  <div class='ocr_page' id='page_1' title='image "/cluster/home/n/w/nwhite01/storage/ocr_20150623/57/hvd.32044054758669/020.png"; bbox 0 0 4138 6186; ppageno 0'>
   <div class='ocr_carea' id='block_1_1' title="bbox 343 322 3622 391">
    <p class='ocr_par' dir='ltr' id='par_1_1' title="bbox 343 322 3622 391">
     <span class='ocr_line' id='line_1_1' title="bbox 343 322 3622 391; baseline 0.007 -22"><span class='ocrx_word' id='word_1_1' title='bbox 343 322 419 381; x_wconf 69' lang='grc'><strong>29</strong></span> <span class='ocrx_word' id='word_1_2' title='bbox 1815 324 2195 382; x_wconf 70' lang='grc' dir='ltr'><strong>ΡΗᾹΞῈΑΤΙΟ.</strong></span> <span class='ocrx_word' id='word_1_3' title='bbox 3554 339 3622 391; x_wconf 72' lang='lat'><strong>&#39;50</strong></span> 
     </span>
    </p>
   </div>
   <div class='ocr_carea' id='block_1_2' title="bbox 335 431 3618 516">
    <p class='ocr_par' dir='ltr' id='par_1_2' title="bbox 335 431 3618 516">
     <span class='ocr_line' id='line_1_2' title="bbox 335 431 3618 516; baseline 0.003 -24"><span class='ocrx_word' id='word_1_4' title='bbox 335 437 655 493; x_wconf 70' lang='lat' dir='ltr'><strong>charactere</strong></span> <span class='ocrx_word' id='word_1_5' title='bbox 677 431 925 486; x_wconf 83' lang='lat' dir='ltr'><strong>Romano</strong></span> <span class='ocrx_word' id='word_1_6' title='bbox 956 432 1202 503; x_wconf 87' lang='lat' dir='ltr'><strong>scriptos,</strong></span> <span class='ocrx_word' id='word_1_7' title='bbox 1237 448 1440 502; x_wconf 86' lang='lat' dir='ltr'><strong>eosque</strong></span> <span class='ocrx_word' id='word_1_8' title='bbox 1469 442 1554 489; x_wconf 92' lang='lat' dir='ltr'><strong>sat</strong></span> <span class='ocrx_word' id='word_1_9' title='bbox 1574 444 1816 503; x_wconf 89' lang='lat' dir='ltr'><strong>veteres;</strong></span> <span class='ocrx_word' id='word_1_10' title='bbox 1839 447 2087 508; x_wconf 74' lang='lat' dir='ltr'><strong>spectant</strong></span> <span class='ocrx_word' id='word_1_11' title='bbox 2107 439 2250 493; x_wconf 88' lang='lat' dir='ltr'><strong>enim</strong></span> <span class='ocrx_word' id='word_1_12' title='bbox 2280 438 2347 493; x_wconf 90' lang='lat' dir='ltr'><strong>ad</strong></span> <span class='ocrx_word' id='word_1_13' title='bbox 2374 454 2427 493; x_wconf 86' lang='lat' dir='ltr'><strong>xt</strong></span> <span class='ocrx_word' id='word_1_14' title='bbox 2456 438 2710 495; x_wconf 62' lang='lat' dir='ltr'><strong>Ecclesiae</strong></span> <span class='ocrx_word' id='word_1_15' title='bbox 2730 440 3003 496; x_wconf 87' lang='lat' dir='ltr'><strong>saeculum.</strong></span> <span class='ocrx_word' id='word_1_16' title='bbox 3031 438 3109 496; x_wconf 82' lang='lat' dir='ltr'><strong>Ex</strong></span> <span class='ocrx_word' id='word_1_17' title='bbox 3138 442 3204 499; x_wconf 90' lang='lat' dir='ltr'><strong>iis</strong></span> <span class='ocrx_word' id='word_1_18' title='bbox 3241 444 3366 512; x_wconf 89' lang='lat' dir='ltr'><strong>quid</strong></span> <span class='ocrx_word' id='word_1_19' title='bbox 3393 462 3618 516; x_wconf 83' lang='lat' dir='ltr'><strong>accepe-</strong></span> 
     </span>
    </p>
   </div>
   <div class='ocr_carea' id='block_1_3' title="bbox 334 523 1472 591">
    <p class='ocr_par' dir='ltr' id='par_1_3' title="bbox 334 523 1472 591">
     <span class='ocr_line' id='line_1_3' title="bbox 334 523 1472 591; baseline -0.004 -9"><span class='ocrx_word' id='word_1_20' title='bbox 334 529 465 591; x_wconf 90' lang='lat' dir='ltr'><strong>rim,</strong></span> <span class='ocrx_word' id='word_1_21' title='bbox 500 526 553 578; x_wconf 92' lang='lat' dir='ltr'><strong>in</strong></span> <span class='ocrx_word' id='word_1_22' title='bbox 579 523 1043 577; x_wconf 90' lang='lat' dir='ltr'><strong>admonitionibus</strong></span> <span class='ocrx_word' id='word_1_23' title='bbox 1069 523 1472 579; x_wconf 82' lang='lat' dir='ltr'><strong>demonstrabo.</strong></span> 
     </span>
    </p>
   </div>
   <div class='ocr_carea' id='block_1_4' title="bbox 406 613 3613 685">
    <p class='ocr_par' dir='ltr' id='par_1_4' title="bbox 406 613 3613 685">
     <span class='ocr_line' id='line_1_4' title="bbox 406 613 3613 685; baseline 0.001 -11"><span class='ocrx_word' id='word_1_24' title='bbox 406 615 595 674; x_wconf 78' lang='lat' dir='ltr'><strong>XVIII.</strong></span> <span class='ocrx_word' id='word_1_25' title='bbox 629 616 799 668; x_wconf 79' lang='lat' dir='ltr'><strong>Auxit</strong></span> <span class='ocrx_word' id='word_1_26' title='bbox 828 614 1086 681; x_wconf 86' lang='lat' dir='ltr'><strong>majorem</strong></span> <span class='ocrx_word' id='word_1_27' title='bbox 1116 614 1169 667; x_wconf 91' lang='lat' dir='ltr'><strong>in</strong></span> <span class='ocrx_word' id='word_1_28' title='bbox 1214 615 1428 669; x_wconf 89' lang='lat' dir='ltr'><strong>modum</strong></span> <span class='ocrx_word' id='word_1_29' title='bbox 1458 613 1915 685; x_wconf 86' lang='lat' dir='ltr'><strong>ampliﬁcavitque</strong></span> <span class='ocrx_word' id='word_1_30' title='bbox 1944 618 2317 672; x_wconf 84' lang='lat' dir='ltr'><strong>collectionem</strong></span> <span class='ocrx_word' id='word_1_31' title='bbox 2343 618 2485 672; x_wconf 88' lang='lat' dir='ltr'><strong>hanc</strong></span> <span class='ocrx_word' id='word_1_32' title='bbox 2519 627 2757 672; x_wconf 90' lang='lat' dir='ltr'><strong>nostram</strong></span> <span class='ocrx_word' id='word_1_33' title='bbox 2779 620 2862 673; x_wconf 89' lang='lat' dir='ltr'><strong>vir</strong></span> <span class='ocrx_word' id='word_1_34' title='bbox 2895 620 3351 677; x_wconf 82' lang='lat' dir='ltr'><strong>eminentissimus</strong></span> <span class='ocrx_word' id='word_1_35' title='bbox 3380 622 3436 677; x_wconf 90' lang='lat' dir='ltr'><strong>S.</strong></span> <span class='ocrx_word' id='word_1_36' title='bbox 3465 624 3527 675; x_wconf 83' lang='lat' dir='ltr'><strong>R.</strong></span> <span class='ocrx_word' id='word_1_37' title='bbox 3554 624 3613 677; x_wconf 86' lang='lat' dir='ltr'><strong>E.</strong></span> 
     </span>
    </p>
   </div>
   <div class='ocr_carea' id='block_1_5' title="bbox 333 704 3619 781">
    <p class='ocr_par' dir='ltr' id='par_1_5' title="bbox 333 704 3619 781">
     <span class='ocr_line' id='line_1_5' title="bbox 333 704 3619 781; baseline 0.001 -18"><span class='ocrx_word' id='word_1_38' title='bbox 333 707 785 763; x_wconf 84' lang='lat' dir='ltr'><strong>bibliothecarius</strong></span> <span class='ocrx_word' id='word_1_39' title='bbox 804 704 1093 760; x_wconf 89' lang='lat' dir='ltr'><strong>cardinalis</strong></span> <span class='ocrx_word' id='word_1_40' title='bbox 1118 705 1185 758; x_wconf 92' lang='lat' dir='ltr'><strong>de</strong></span> <span class='ocrx_word' id='word_1_41' title='bbox 1207 705 1419 759; x_wconf 89' lang='lat' dir='ltr'><strong>Zelada.</strong></span> <span class='ocrx_word' id='word_1_42' title='bbox 1453 705 1501 759; x_wconf 89' lang='lat' dir='ltr'><strong>Is</strong></span> <span class='ocrx_word' id='word_1_43' title='bbox 1522 706 1965 768; x_wconf 56' lang='lat' dir='ltr'><strong>instructissima,</strong></span> <span class='ocrx_word' id='word_1_44' title='bbox 1990 708 2459 775; x_wconf 69' lang='lat' dir='ltr'><strong>refertissimaaque</strong></span> <span class='ocrx_word' id='word_1_45' title='bbox 2478 707 2843 762; x_wconf 89' lang='lat' dir='ltr'><strong>selectissimis</strong></span> <span class='ocrx_word' id='word_1_46' title='bbox 2865 708 3014 762; x_wconf 91' lang='lat' dir='ltr'><strong>libris</strong></span> <span class='ocrx_word' id='word_1_47' title='bbox 3038 709 3372 765; x_wconf 68' lang='lat' dir='ltr'><strong>bibliotheca:</strong></span> <span class='ocrx_word' id='word_1_48' title='bbox 3401 713 3619 781; x_wconf 68' lang='lat' dir='ltr'><strong>privatae</strong></span> 
     </span>
    </p>
   </div>
   <div class='ocr_carea' id='block_1_6' title="bbox 329 800 3619 868">
    <p class='ocr_par' dir='ltr' id='par_1_6' title="bbox 329 800 3619 868">
     <span class='ocr_line' id='line_1_6' title="bbox 329 800 3619 868; baseline -0 -9"><span class='ocrx_word' id='word_1_49' title='bbox 329 817 447 859; x_wconf 71' lang='lat' dir='ltr'><strong>sua:</strong></span> <span class='ocrx_word' id='word_1_50' title='bbox 472 801 714 855; x_wconf 86' lang='lat' dir='ltr'><strong>codicem</strong></span> <span class='ocrx_word' id='word_1_51' title='bbox 739 817 770 853; x_wconf 87' lang='lat' dir='ltr'><strong>x</strong></span> <span class='ocrx_word' id='word_1_52' title='bbox 791 800 973 854; x_wconf 63' lang='grc' dir='ltr'><strong>δίρρυιὶ</strong></span> <span class='ocrx_word' id='word_1_53' title='bbox 1001 800 1464 854; x_wconf 90' lang='lat' dir='ltr'><strong>membranaceum</strong></span> <span class='ocrx_word' id='word_1_54' title='bbox 1498 800 1703 855; x_wconf 71' lang='lat' dir='ltr'><strong>in-l‘olio</strong></span> <span class='ocrx_word' id='word_1_55' title='bbox 1733 816 1960 868; x_wconf 85' lang='lat' dir='ltr'><strong>magno,</strong></span> <span class='ocrx_word' id='word_1_56' title='bbox 1987 802 2087 855; x_wconf 88' lang='lat' dir='ltr'><strong>sibi</strong></span> <span class='ocrx_word' id='word_1_57' title='bbox 2122 801 2264 855; x_wconf 91' lang='lat' dir='ltr'><strong>dono</strong></span> <span class='ocrx_word' id='word_1_58' title='bbox 2292 817 2323 854; x_wconf 85' lang='lat' dir='ltr'><strong>a</strong></span> <span class='ocrx_word' id='word_1_59' title='bbox 2351 802 2625 856; x_wconf 86' lang='lat' dir='ltr'><strong>canonicis</strong></span> <span class='ocrx_word' id='word_1_60' title='bbox 2652 801 2975 855; x_wconf 88' lang='lat' dir='ltr'><strong>cathedralis</strong></span> <span class='ocrx_word' id='word_1_61' title='bbox 3001 803 3242 857; x_wconf 72' lang='lat' dir='ltr'><strong>ecclesia:</strong></span> <span class='ocrx_word' id='word_1_62' title='bbox 3272 803 3619 859; x_wconf 71' lang='lat' dir='ltr'><strong>Urbevetanze</strong></span> 
     </span>
    </p>
   </div>
   <div class='ocr_carea' id='block_1_7' title="bbox 333 890 3618 961">
    <p class='ocr_par' dir='ltr' id='par_1_7' title="bbox 333 890 3618 961">
     <span class='ocr_line' id='line_1_7' title="bbox 333 890 3618 961; baseline 0.001 -16"><span class='ocrx_word' id='word_1_63' title='bbox 333 893 545 956; x_wconf 89' lang='lat' dir='ltr'><strong>datum,</strong></span> <span class='ocrx_word' id='word_1_64' title='bbox 577 905 683 943; x_wconf 90' lang='lat' dir='ltr'><strong>non</strong></span> <span class='ocrx_word' id='word_1_65' title='bbox 708 890 886 944; x_wconf 90' lang='lat' dir='ltr'><strong>solum</strong></span> <span class='ocrx_word' id='word_1_66' title='bbox 916 890 1127 943; x_wconf 88' lang='lat' dir='ltr'><strong>ostendi</strong></span> <span class='ocrx_word' id='word_1_67' title='bbox 1149 890 1298 954; x_wconf 91' lang='lat' dir='ltr'><strong>mihi,</strong></span> <span class='ocrx_word' id='word_1_68' title='bbox 1325 905 1509 944; x_wconf 92' lang='lat' dir='ltr'><strong>verum</strong></span> <span class='ocrx_word' id='word_1_69' title='bbox 1544 892 1705 944; x_wconf 90' lang='lat' dir='ltr'><strong>etiam</strong></span> <span class='ocrx_word' id='word_1_70' title='bbox 1736 891 1967 960; x_wconf 87' lang='lat' dir='ltr'><strong>(gratum</strong></span> <span class='ocrx_word' id='word_1_71' title='bbox 1996 890 2509 957; x_wconf 88' lang='lat' dir='ltr'><strong>beneﬁcentissimo,</strong></span> <span class='ocrx_word' id='word_1_72' title='bbox 2542 894 2852 961; x_wconf 83' lang='lat' dir='ltr'><strong>optimeque</strong></span> <span class='ocrx_word' id='word_1_73' title='bbox 2879 892 2946 945; x_wconf 92' lang='lat' dir='ltr'><strong>de</strong></span> <span class='ocrx_word' id='word_1_74' title='bbox 2992 908 3050 946; x_wconf 92' lang='lat' dir='ltr'><strong>se</strong></span> <span class='ocrx_word' id='word_1_75' title='bbox 3096 895 3290 949; x_wconf 91' lang='lat' dir='ltr'><strong>merito</strong></span> <span class='ocrx_word' id='word_1_76' title='bbox 3320 893 3415 948; x_wconf 86' lang='lat' dir='ltr'><strong>Pio</strong></span> <span class='ocrx_word' id='word_1_77' title='bbox 3462 903 3618 949; x_wconf 89' lang='lat' dir='ltr'><strong>sexto</strong></span> 
     </span>
    </p>
   </div>
   <div class='ocr_carea' id='block_1_8' title="bbox 334 976 3618 1053">
    <p class='ocr_par' dir='ltr' id='par_1_8' title="bbox 334 976 3618 1053">
     <span class='ocr_line' id='line_1_8' title="bbox 334 976 3618 1053; baseline 0.001 -20"><span class='ocrx_word' id='word_1_78' title='bbox 334 978 577 1047; x_wconf 90' lang='lat' dir='ltr'><strong>pontiﬁci</strong></span> <span class='ocrx_word' id='word_1_79' title='bbox 603 978 844 1031; x_wconf 85' lang='lat' dir='ltr'><strong>maximo</strong></span> <span class='ocrx_word' id='word_1_80' title='bbox 873 976 1134 1047; x_wconf 81' lang='lat' dir='ltr'><strong>facturus)</strong></span> <span class='ocrx_word' id='word_1_81' title='bbox 1163 979 1495 1032; x_wconf 82' lang='lat' dir='ltr'><strong>commodari</strong></span> <span class='ocrx_word' id='word_1_82' title='bbox 1516 980 1699 1047; x_wconf 87' lang='lat' dir='ltr'><strong>jussit,</strong></span> <span class='ocrx_word' id='word_1_83' title='bbox 1722 988 1781 1033; x_wconf 92' lang='lat' dir='ltr'><strong>ut</strong></span> <span class='ocrx_word' id='word_1_84' title='bbox 1805 981 1929 1034; x_wconf 90' lang='lat' dir='ltr'><strong>dum</strong></span> <span class='ocrx_word' id='word_1_85' title='bbox 1961 989 2102 1035; x_wconf 89' lang='lat' dir='ltr'><strong>esset</strong></span> <span class='ocrx_word' id='word_1_86' title='bbox 2123 982 2313 1047; x_wconf 84' lang='lat' dir='ltr'><strong>otium,</strong></span> <span class='ocrx_word' id='word_1_87' title='bbox 2336 983 2597 1036; x_wconf 89' lang='lat' dir='ltr'><strong>arbitratu</strong></span> <span class='ocrx_word' id='word_1_88' title='bbox 2625 998 2747 1036; x_wconf 90' lang='lat' dir='ltr'><strong>meo</strong></span> <span class='ocrx_word' id='word_1_89' title='bbox 2768 983 3011 1037; x_wconf 83' lang='lat' dir='ltr'><strong>conferre</strong></span> <span class='ocrx_word' id='word_1_90' title='bbox 3034 984 3208 1052; x_wconf 91' lang='lat' dir='ltr'><strong>ipsum</strong></span> <span class='ocrx_word' id='word_1_91' title='bbox 3230 1000 3350 1039; x_wconf 89' lang='lat' dir='ltr'><strong>cum</strong></span> <span class='ocrx_word' id='word_1_92' title='bbox 3368 985 3618 1053; x_wconf 89' lang='lat' dir='ltr'><strong>exemplo</strong></span> 
     </span>
    </p>
   </div>
   <div class='ocr_carea' id='block_1_9' title="bbox 333 1065 3618 1144">
    <p class='ocr_par' dir='ltr' id='par_1_9' title="bbox 333 1065 3618 1144">
     <span class='ocr_line' id='line_1_9' title="bbox 333 1065 3618 1144; baseline 0.002 -22"><span class='ocrx_word' id='word_1_93' title='bbox 333 1082 558 1136; x_wconf 89' lang='lat' dir='ltr'><strong>operum</strong></span> <span class='ocrx_word' id='word_1_94' title='bbox 589 1065 828 1129; x_wconf 80' lang='lat' dir='ltr'><strong>Maximi,</strong></span> <span class='ocrx_word' id='word_1_95' title='bbox 850 1081 960 1135; x_wconf 90' lang='lat' dir='ltr'><strong>quo</strong></span> <span class='ocrx_word' id='word_1_96' title='bbox 982 1068 1481 1135; x_wconf 15' lang='lat' dir='ltr'><strong>uti‘consueveram,</strong></span> <span class='ocrx_word' id='word_1_97' title='bbox 1511 1084 1749 1137; x_wconf 87' lang='lat' dir='ltr'><strong>possem.</strong></span> <span class='ocrx_word' id='word_1_98' title='bbox 1782 1068 1953 1139; x_wconf 83' lang='lat' dir='ltr'><strong>Hujus</strong></span> <span class='ocrx_word' id='word_1_99' title='bbox 1973 1072 2311 1141; x_wconf 87' lang='lat' dir='ltr'><strong>duorumque</strong></span> <span class='ocrx_word' id='word_1_100' title='bbox 2339 1074 2567 1127; x_wconf 90' lang='lat' dir='ltr'><strong>aliorum</strong></span> <span class='ocrx_word' id='word_1_101' title='bbox 2588 1074 2851 1137; x_wconf 88' lang='lat' dir='ltr'><strong>codicum,</strong></span> <span class='ocrx_word' id='word_1_102' title='bbox 2886 1091 3114 1144; x_wconf 89' lang='lat' dir='ltr'><strong>quorum</strong></span> <span class='ocrx_word' id='word_1_103' title='bbox 3142 1084 3223 1129; x_wconf 88' lang='lat' dir='ltr'><strong>est</strong></span> <span class='ocrx_word' id='word_1_104' title='bbox 3261 1086 3391 1130; x_wconf 65' lang='lat' dir='ltr'><strong>aetas</strong></span> <span class='ocrx_word' id='word_1_105' title='bbox 3421 1075 3618 1129; x_wconf 73' lang='lat' dir='ltr'><strong>smculo</strong></span> 
     </span>
    </p>
   </div>
   <div class='ocr_carea' id='block_1_10' title="bbox 331 1158 3613 1227">
    <p class='ocr_par' dir='ltr' id='par_1_10' title="bbox 331 1158 3613 1227">
     <span class='ocr_line' id='line_1_10' title="bbox 331 1158 3613 1227; baseline 0.001 -14"><span class='ocrx_word' id='word_1_106' title='bbox 331 1158 545 1213; x_wconf 89' lang='lat' dir='ltr'><strong>decimo</strong></span> <span class='ocrx_word' id='word_1_107' title='bbox 574 1166 770 1226; x_wconf 89' lang='lat' dir='ltr'><strong>quarto</strong></span> <span class='ocrx_word' id='word_1_108' title='bbox 802 1158 1092 1225; x_wconf 85' lang='lat' dir='ltr'><strong>antiquior,</strong></span> <span class='ocrx_word' id='word_1_109' title='bbox 1117 1173 1355 1226; x_wconf 88' lang='lat' dir='ltr'><strong>quosque</strong></span> <span class='ocrx_word' id='word_1_110' title='bbox 1392 1159 1516 1212; x_wconf 87' lang='lat' dir='ltr'><strong>item</strong></span> <span class='ocrx_word' id='word_1_111' title='bbox 1537 1159 1666 1213; x_wconf 89' lang='lat' dir='ltr'><strong>mihi</strong></span> <span class='ocrx_word' id='word_1_112' title='bbox 1695 1160 1982 1214; x_wconf 91' lang='lat' dir='ltr'><strong>commodo</strong></span> <span class='ocrx_word' id='word_1_113' title='bbox 2010 1161 2303 1215; x_wconf 82' lang='lat' dir='ltr'><strong>liberaliter</strong></span> <span class='ocrx_word' id='word_1_114' title='bbox 2336 1162 2479 1214; x_wconf 90' lang='lat' dir='ltr'><strong>idem</strong></span> <span class='ocrx_word' id='word_1_115' title='bbox 2509 1162 2965 1217; x_wconf 84' lang='lat' dir='ltr'><strong>eminentissimus</strong></span> <span class='ocrx_word' id='word_1_116' title='bbox 2991 1165 3276 1218; x_wconf 88' lang='lat' dir='ltr'><strong>cardinalis</strong></span> <span class='ocrx_word' id='word_1_117' title='bbox 3304 1164 3479 1227; x_wconf 89' lang='lat' dir='ltr'><strong>dedit;</strong></span> <span class='ocrx_word' id='word_1_118' title='bbox 3512 1164 3613 1217; x_wconf 87' lang='lat' dir='ltr'><strong>ho-</strong></span> 
     </span>
    </p>
   </div>
   <div class='ocr_carea' id='block_1_11' title="bbox 330 1252 3617 1326">
    <p class='ocr_par' dir='ltr' id='par_1_11' title="bbox 330 1252 3617 1326">
     <span class='ocr_line' id='line_1_11' title="bbox 330 1252 3617 1326; baseline 0.001 -20"><span class='ocrx_word' id='word_1_119' title='bbox 330 1268 474 1316; x_wconf 83' lang='lat' dir='ltr'><strong>rum,</strong></span> <span class='ocrx_word' id='word_1_120' title='bbox 501 1253 743 1321; x_wconf 90' lang='lat' dir='ltr'><strong>inquam,</strong></span> <span class='ocrx_word' id='word_1_121' title='bbox 777 1252 1024 1306; x_wconf 86' lang='lat' dir='ltr'><strong>codicum</strong></span> <span class='ocrx_word' id='word_1_122' title='bbox 1046 1254 1310 1322; x_wconf 70' lang='lat' dir='ltr'><strong>prmidio,</strong></span> <span class='ocrx_word' id='word_1_123' title='bbox 1332 1270 1449 1323; x_wconf 71' lang='lat' dir='ltr'><strong>qua:</strong></span> <span class='ocrx_word' id='word_1_124' title='bbox 1479 1255 1616 1307; x_wconf 82' lang='lat' dir='ltr'><strong>facta</strong></span> <span class='ocrx_word' id='word_1_125' title='bbox 1644 1255 1768 1308; x_wconf 92' lang='lat' dir='ltr'><strong>huic</strong></span> <span class='ocrx_word' id='word_1_126' title='bbox 1790 1254 2018 1308; x_wconf 87' lang='lat' dir='ltr'><strong>editioni</strong></span> <span class='ocrx_word' id='word_1_127' title='bbox 2049 1254 2208 1308; x_wconf 77' lang='lat' dir='ltr'><strong>fuerit</strong></span> <span class='ocrx_word' id='word_1_128' title='bbox 2238 1257 2497 1318; x_wconf 87' lang='lat' dir='ltr'><strong>accessio,</strong></span> <span class='ocrx_word' id='word_1_129' title='bbox 2518 1264 2841 1324; x_wconf 88' lang='lat' dir='ltr'><strong>opportune,</strong></span> <span class='ocrx_word' id='word_1_130' title='bbox 2868 1272 2933 1309; x_wconf 91' lang='lat' dir='ltr'><strong>ac</strong></span> <span class='ocrx_word' id='word_1_131' title='bbox 2962 1257 3191 1326; x_wconf 89' lang='lat' dir='ltr'><strong>tempori</strong></span> <span class='ocrx_word' id='word_1_132' title='bbox 3222 1256 3617 1310; x_wconf 86' lang='lat' dir='ltr'><strong>admonitiones</strong></span> 
     </span>
    </p>
   </div>
   <div class='ocr_carea' id='block_1_12' title="bbox 329 1343 3617 1419">
    <p class='ocr_par' dir='ltr' id='par_1_12' title="bbox 329 1343 3617 1419">
     <span class='ocr_line' id='line_1_12' title="bbox 329 1343 3617 1419; baseline 0.003 -24"><span class='ocrx_word' id='word_1_133' title='bbox 329 1343 821 1409; x_wconf 86' lang='lat' dir='ltr'><strong>annotationesque</strong></span> <span class='ocrx_word' id='word_1_134' title='bbox 853 1353 1049 1397; x_wconf 69' lang='lat' dir='ltr'><strong>nostrm</strong></span> <span class='ocrx_word' id='word_1_135' title='bbox 1079 1344 1379 1411; x_wconf 89' lang='lat' dir='ltr'><strong>docebunt;</strong></span> <span class='ocrx_word' id='word_1_136' title='bbox 1413 1346 1601 1419; x_wconf 80' lang='lat' dir='ltr'><strong>[xxvii]</strong></span> <span class='ocrx_word' id='word_1_137' title='bbox 1641 1348 1911 1413; x_wconf 86' lang='lat' dir='ltr'><strong>simulque</strong></span> <span class='ocrx_word' id='word_1_138' title='bbox 1940 1347 2206 1415; x_wconf 81' lang='lat' dir='ltr'><strong>efﬁcient,</strong></span> <span class='ocrx_word' id='word_1_139' title='bbox 2240 1359 2299 1402; x_wconf 90' lang='lat' dir='ltr'><strong>ut</strong></span> <span class='ocrx_word' id='word_1_140' title='bbox 2326 1349 2553 1417; x_wconf 89' lang='lat' dir='ltr'><strong>quisque</strong></span> <span class='ocrx_word' id='word_1_141' title='bbox 2577 1358 2884 1417; x_wconf 89' lang='lat' dir='ltr'><strong>peruoscat,</strong></span> <span class='ocrx_word' id='word_1_142' title='bbox 2916 1364 3078 1417; x_wconf 88' lang='lat' dir='ltr'><strong>quam</strong></span> <span class='ocrx_word' id='word_1_143' title='bbox 3112 1350 3253 1403; x_wconf 87' lang='lat' dir='ltr'><strong>idem</strong></span> <span class='ocrx_word' id='word_1_144' title='bbox 3277 1351 3357 1403; x_wconf 91' lang='lat' dir='ltr'><strong>vir</strong></span> <span class='ocrx_word' id='word_1_145' title='bbox 3374 1366 3617 1404; x_wconf 88' lang='lat' dir='ltr'><strong>summus</strong></span> 
     </span>
    </p>
   </div>
   <div class='ocr_carea' id='block_1_13' title="bbox 330 1432 1539 1490">
    <p class='ocr_par' dir='ltr' id='par_1_13' title="bbox 330 1432 1539 1490">
     <span class='ocr_line' id='line_1_13' title="bbox 330 1432 1539 1490; baseline 0.002 -4"><span class='ocrx_word' id='word_1_146' title='bbox 330 1440 483 1487; x_wconf 88' lang='lat' dir='ltr'><strong>arcte</strong></span> <span class='ocrx_word' id='word_1_147' title='bbox 505 1448 603 1486; x_wconf 92' lang='lat' dir='ltr'><strong>nos</strong></span> <span class='ocrx_word' id='word_1_148' title='bbox 629 1432 730 1485; x_wconf 92' lang='lat' dir='ltr'><strong>sibi</strong></span> <span class='ocrx_word' id='word_1_149' title='bbox 752 1432 1013 1488; x_wconf 87' lang='lat' dir='ltr'><strong>beneﬁcio</strong></span> <span class='ocrx_word' id='word_1_150' title='bbox 1045 1442 1195 1489; x_wconf 90' lang='lat' dir='ltr'><strong>tanto</strong></span> <span class='ocrx_word' id='word_1_151' title='bbox 1222 1436 1539 1490; x_wconf 77' lang='lat' dir='ltr'><strong>devinxerit.</strong></span> 
     </span>
    </p>
   </div>
   <div class='ocr_carea' id='block_1_14' title="bbox 410 1522 3612 1597">
    <p class='ocr_par' dir='ltr' id='par_1_14' title="bbox 410 1522 3612 1597">
     <span class='ocr_line' id='line_1_14' title="bbox 410 1522 3612 1597; baseline 0.002 -20"><span class='ocrx_word' id='word_1_152' title='bbox 410 1522 547 1577; x_wconf 76' lang='lat' dir='ltr'><strong>XIX.</strong></span> <span class='ocrx_word' id='word_1_153' title='bbox 590 1522 902 1579; x_wconf 82' lang='lat' dir='ltr'><strong>Postremus</strong></span> <span class='ocrx_word' id='word_1_154' title='bbox 931 1534 1047 1579; x_wconf 89' lang='lat' dir='ltr'><strong>esto</strong></span> <span class='ocrx_word' id='word_1_155' title='bbox 1085 1526 1253 1580; x_wconf 83' lang='lat' dir='ltr'><strong>codex</strong></span> <span class='ocrx_word' id='word_1_156' title='bbox 1297 1528 1383 1581; x_wconf 85' lang='lat' dir='ltr'><strong>ille</strong></span> <span class='ocrx_word' id='word_1_157' title='bbox 1414 1529 1503 1597; x_wconf 91' lang='lat' dir='ltr'><strong>qui</strong></span> <span class='ocrx_word' id='word_1_158' title='bbox 1535 1527 1916 1595; x_wconf 88' lang='lat' dir='ltr'><strong>Strigoniensis</strong></span> <span class='ocrx_word' id='word_1_159' title='bbox 1944 1528 2199 1582; x_wconf 68' lang='lat' dir='ltr'><strong>Ecclesia:</strong></span> <span class='ocrx_word' id='word_1_160' title='bbox 2229 1527 2356 1581; x_wconf 91' lang='lat' dir='ltr'><strong>olim</strong></span> <span class='ocrx_word' id='word_1_161' title='bbox 2387 1534 2531 1591; x_wconf 90' lang='lat' dir='ltr'><strong>erat;</strong></span> <span class='ocrx_word' id='word_1_162' title='bbox 2560 1528 2758 1595; x_wconf 89' lang='lat' dir='ltr'><strong>quique</strong></span> <span class='ocrx_word' id='word_1_163' title='bbox 2796 1543 2904 1581; x_wconf 91' lang='lat' dir='ltr'><strong>non</strong></span> <span class='ocrx_word' id='word_1_164' title='bbox 2934 1528 3131 1582; x_wconf 91' lang='lat' dir='ltr'><strong>multos</strong></span> <span class='ocrx_word' id='word_1_165' title='bbox 3161 1536 3285 1582; x_wconf 86' lang='lat' dir='ltr'><strong>ante</strong></span> <span class='ocrx_word' id='word_1_166' title='bbox 3314 1529 3412 1582; x_wconf 83' lang='lat' dir='ltr'><strong>ltos</strong></span> <span class='ocrx_word' id='word_1_167' title='bbox 3440 1544 3612 1583; x_wconf 88' lang='lat' dir='ltr'><strong>annos</strong></span> 
     </span>
    </p>
   </div>
   <div class='ocr_carea' id='block_1_15' title="bbox 329 1612 3612 1687">
    <p class='ocr_par' dir='ltr' id='par_1_15' title="bbox 329 1612 3612 1687">
     <span class='ocr_line' id='line_1_15' title="bbox 329 1612 3612 1687; baseline 0.001 -18"><span class='ocrx_word' id='word_1_168' title='bbox 329 1615 388 1669; x_wconf 91' lang='lat' dir='ltr'><strong>in</strong></span> <span class='ocrx_word' id='word_1_169' title='bbox 416 1613 689 1668; x_wconf 86' lang='lat' dir='ltr'><strong>Francisci</strong></span> <span class='ocrx_word' id='word_1_170' title='bbox 716 1612 978 1668; x_wconf 68' lang='lat' dir='ltr'><strong>Carrarice</strong></span> <span class='ocrx_word' id='word_1_171' title='bbox 1007 1617 1316 1685; x_wconf 89' lang='lat' dir='ltr'><strong>amplissimi</strong></span> <span class='ocrx_word' id='word_1_172' title='bbox 1347 1619 1746 1685; x_wconf 87' lang='lat' dir='ltr'><strong>doctissimique</strong></span> <span class='ocrx_word' id='word_1_173' title='bbox 1773 1618 2032 1686; x_wconf 67' lang='lat' dir='ltr'><strong>praesulis,</strong></span> <span class='ocrx_word' id='word_1_174' title='bbox 2064 1618 2156 1686; x_wconf 88' lang='lat' dir='ltr'><strong>qui</strong></span> <span class='ocrx_word' id='word_1_175' title='bbox 2184 1624 2266 1671; x_wconf 92' lang='lat' dir='ltr'><strong>est</strong></span> <span class='ocrx_word' id='word_1_176' title='bbox 2294 1633 2429 1671; x_wconf 88' lang='lat' dir='ltr'><strong>sacr.</strong></span> <span class='ocrx_word' id='word_1_177' title='bbox 2464 1631 2715 1684; x_wconf 86' lang='lat' dir='ltr'><strong>congreg.</strong></span> <span class='ocrx_word' id='word_1_178' title='bbox 2740 1619 2948 1672; x_wconf 90' lang='lat' dir='ltr'><strong>concilii</strong></span> <span class='ocrx_word' id='word_1_179' title='bbox 2980 1634 3009 1672; x_wconf 92' lang='lat' dir='ltr'><strong>a</strong></span> <span class='ocrx_word' id='word_1_180' title='bbox 3031 1617 3265 1672; x_wconf 91' lang='lat' dir='ltr'><strong>Secretis</strong></span> <span class='ocrx_word' id='word_1_181' title='bbox 3290 1627 3612 1687; x_wconf 86' lang='lat' dir='ltr'><strong>potestatem</strong></span> 
     </span>
    </p>
   </div>
   <div class='ocr_carea' id='block_1_16' title="bbox 331 1704 3616 1777">
    <p class='ocr_par' dir='ltr' id='par_1_16' title="bbox 331 1704 3616 1777">
     <span class='ocr_line' id='line_1_16' title="bbox 331 1704 3616 1777; baseline 0.001 -17"><span class='ocrx_word' id='word_1_182' title='bbox 331 1706 503 1760; x_wconf 86' lang='lat' dir='ltr'><strong>venit.</strong></span> <span class='ocrx_word' id='word_1_183' title='bbox 544 1704 589 1756; x_wconf 83' lang='grc' dir='ltr'>Ε</span> <span class='ocrx_word' id='word_1_184' title='bbox 615 1705 940 1759; x_wconf 87' lang='lat' dir='ltr'><strong>membranis</strong></span> <span class='ocrx_word' id='word_1_185' title='bbox 986 1714 1197 1761; x_wconf 90' lang='lat' dir='ltr'><strong>constat</strong></span> <span class='ocrx_word' id='word_1_186' title='bbox 1242 1708 1400 1777; x_wconf 90' lang='lat' dir='ltr'><strong>plane</strong></span> <span class='ocrx_word' id='word_1_187' title='bbox 1442 1708 1699 1762; x_wconf 87' lang='lat' dir='ltr'><strong>candidis.</strong></span> <span class='ocrx_word' id='word_1_188' title='bbox 1760 1707 2079 1761; x_wconf 88' lang='lat' dir='ltr'><strong>Litterarum</strong></span> <span class='ocrx_word' id='word_1_189' title='bbox 2127 1709 2435 1761; x_wconf 85' lang='lat' dir='ltr'><strong>charactere</strong></span> <span class='ocrx_word' id='word_1_190' title='bbox 2472 1708 2607 1760; x_wconf 92' lang='lat' dir='ltr'><strong>mire</strong></span> <span class='ocrx_word' id='word_1_191' title='bbox 2646 1707 2813 1760; x_wconf 91' lang='lat' dir='ltr'><strong>nitido</strong></span> <span class='ocrx_word' id='word_1_192' title='bbox 2843 1716 3005 1773; x_wconf 90' lang='lat' dir='ltr'><strong>atque</strong></span> <span class='ocrx_word' id='word_1_193' title='bbox 3035 1707 3289 1772; x_wconf 81' lang='lat' dir='ltr'><strong>eleganti,</strong></span> <span class='ocrx_word' id='word_1_194' title='bbox 3318 1708 3469 1761; x_wconf 91' lang='lat' dir='ltr'><strong>initio</strong></span> <span class='ocrx_word' id='word_1_195' title='bbox 3500 1707 3616 1762; x_wconf 82' lang='lat' dir='ltr'><strong>fere</strong></span> 
     </span>
    </p>
   </div>
   <div class='ocr_carea' id='block_1_17' title="bbox 335 1797 3611 1869">
    <p class='ocr_par' dir='ltr' id='par_1_17' title="bbox 335 1797 3611 1869">
     <span class='ocr_line' id='line_1_17' title="bbox 335 1797 3611 1869; baseline -0 -16"><span class='ocrx_word' id='word_1_196' title='bbox 335 1798 522 1853; x_wconf 70' lang='lat' dir='ltr'><strong>smculi</strong></span> <span class='ocrx_word' id='word_1_197' title='bbox 553 1797 797 1852; x_wconf 84' lang='lat' dir='ltr'><strong>Ecclesiae</strong></span> <span class='ocrx_word' id='word_1_198' title='bbox 842 1798 978 1852; x_wconf 85' lang='lat' dir='ltr'><strong>sexti</strong></span> <span class='ocrx_word' id='word_1_199' title='bbox 1027 1814 1091 1853; x_wconf 90' lang='lat' dir='ltr'><strong>ac</strong></span> <span class='ocrx_word' id='word_1_200' title='bbox 1135 1799 1327 1853; x_wconf 91' lang='lat' dir='ltr'><strong>decimi</strong></span> <span class='ocrx_word' id='word_1_201' title='bbox 1374 1801 1603 1869; x_wconf 90' lang='lat' dir='ltr'><strong>scriptus</strong></span> <span class='ocrx_word' id='word_1_202' title='bbox 1652 1799 1774 1864; x_wconf 83' lang='lat' dir='ltr'><strong>fuit;</strong></span> <span class='ocrx_word' id='word_1_203' title='bbox 1808 1808 1968 1868; x_wconf 91' lang='lat' dir='ltr'><strong>atque</strong></span> <span class='ocrx_word' id='word_1_204' title='bbox 1996 1815 2025 1852; x_wconf 93' lang='lat' dir='ltr'><strong>a</strong></span> <span class='ocrx_word' id='word_1_205' title='bbox 2053 1799 2257 1852; x_wconf 86' lang='lat' dir='ltr'><strong>Joanne</strong></span> <span class='ocrx_word' id='word_1_206' title='bbox 2287 1799 2617 1853; x_wconf 90' lang='lat' dir='ltr'><strong>Boccardino</strong></span> <span class='ocrx_word' id='word_1_207' title='bbox 2647 1799 2957 1851; x_wconf 87' lang='lat' dir='ltr'><strong>Florentino</strong></span> <span class='ocrx_word' id='word_1_208' title='bbox 2987 1798 3103 1852; x_wconf 90' lang='lat' dir='ltr'><strong>cive</strong></span> <span class='ocrx_word' id='word_1_209' title='bbox 3132 1806 3357 1853; x_wconf 86' lang='lat' dir='ltr'><strong>ornatus</strong></span> <span class='ocrx_word' id='word_1_210' title='bbox 3382 1799 3611 1867; x_wconf 87' lang='lat' dir='ltr'><strong>picturis</strong></span> 
     </span>
    </p>
   </div>
   <div class='ocr_carea' id='block_1_18' title="bbox 329 1885 3609 1958">
    <p class='ocr_par' dir='ltr' id='par_1_18' title="bbox 329 1885 3609 1958">
     <span class='ocr_line' id='line_1_18' title="bbox 329 1885 3609 1958; baseline 0.001 -19"><span class='ocrx_word' id='word_1_211' title='bbox 329 1885 549 1939; x_wconf 86' lang='lat' dir='ltr'><strong>rubenti</strong></span> <span class='ocrx_word' id='word_1_212' title='bbox 596 1886 759 1939; x_wconf 88' lang='lat' dir='ltr'><strong>minio</strong></span> <span class='ocrx_word' id='word_1_213' title='bbox 807 1886 1058 1953; x_wconf 82' lang='lat' dir='ltr'><strong>fulvoque</strong></span> <span class='ocrx_word' id='word_1_214' title='bbox 1104 1902 1236 1941; x_wconf 90' lang='lat' dir='ltr'><strong>auro</strong></span> <span class='ocrx_word' id='word_1_215' title='bbox 1285 1889 1497 1955; x_wconf 80' lang='lat' dir='ltr'><strong>egregie</strong></span> <span class='ocrx_word' id='word_1_216' title='bbox 1539 1890 1794 1953; x_wconf 84' lang='lat' dir='ltr'><strong>variatis,</strong></span> <span class='ocrx_word' id='word_1_217' title='bbox 1827 1888 2355 1958; x_wconf 90' lang='lat' dir='ltr'><strong>exprimentibusque</strong></span> <span class='ocrx_word' id='word_1_218' title='bbox 2400 1889 2667 1957; x_wconf 66' lang='lat' dir='ltr'><strong>praecipua</strong></span> <span class='ocrx_word' id='word_1_219' title='bbox 2704 1889 3005 1941; x_wconf 72' lang='lat' dir='ltr'><strong>christiana:</strong></span> <span class='ocrx_word' id='word_1_220' title='bbox 3034 1888 3304 1955; x_wconf 83' lang='lat' dir='ltr'><strong>religionis</strong></span> <span class='ocrx_word' id='word_1_221' title='bbox 3334 1890 3609 1958; x_wconf 81' lang='lat' dir='ltr'><strong>mysteria.</strong></span> 
     </span>
    </p>
   </div>
   <div class='ocr_carea' id='block_1_19' title="bbox 327 1972 3607 2049">
    <p class='ocr_par' dir='ltr' id='par_1_19' title="bbox 327 1972 3607 2049">
     <span class='ocr_line' id='line_1_19' title="bbox 327 1972 3607 2049; baseline 0.002 -24"><span class='ocrx_word' id='word_1_222' title='bbox 327 1972 446 2026; x_wconf 89' lang='lat' dir='ltr'><strong>.Iam</strong></span> <span class='ocrx_word' id='word_1_223' title='bbox 475 1987 607 2027; x_wconf 85' lang='lat' dir='ltr'><strong>vero</strong></span> <span class='ocrx_word' id='word_1_224' title='bbox 659 1972 775 2040; x_wconf 89' lang='lat' dir='ltr'><strong>ejus</strong></span> <span class='ocrx_word' id='word_1_225' title='bbox 819 1974 1040 2041; x_wconf 90' lang='lat' dir='ltr'><strong>pictoris</strong></span> <span class='ocrx_word' id='word_1_226' title='bbox 1086 1975 1409 2049; x_wconf 75' lang='lat' dir='ltr'><strong>singularem</strong></span> <span class='ocrx_word' id='word_1_227' title='bbox 1458 1976 1621 2031; x_wconf 81' lang='lat' dir='ltr'><strong>fuisse</strong></span> <span class='ocrx_word' id='word_1_228' title='bbox 1668 1977 1771 2031; x_wconf 92' lang='lat' dir='ltr'><strong>boc</strong></span> <span class='ocrx_word' id='word_1_229' title='bbox 1814 1979 1866 2031; x_wconf 89' lang='lat' dir='ltr'><strong>in</strong></span> <span class='ocrx_word' id='word_1_230' title='bbox 1896 1990 2093 2045; x_wconf 80' lang='lat' dir='ltr'><strong>genere</strong></span> <span class='ocrx_word' id='word_1_231' title='bbox 2121 1976 2449 2041; x_wconf 82' lang='lat' dir='ltr'><strong>facultatem,</strong></span> <span class='ocrx_word' id='word_1_232' title='bbox 2483 1993 2589 2029; x_wconf 90' lang='lat' dir='ltr'><strong>non</strong></span> <span class='ocrx_word' id='word_1_233' title='bbox 2621 1977 2665 2030; x_wconf 89' lang='lat' dir='ltr'><strong>is</strong></span> <span class='ocrx_word' id='word_1_234' title='bbox 2694 1977 2865 2030; x_wconf 90' lang='lat' dir='ltr'><strong>solum</strong></span> <span class='ocrx_word' id='word_1_235' title='bbox 2896 1976 3085 2041; x_wconf 84' lang='lat' dir='ltr'><strong>codex,</strong></span> <span class='ocrx_word' id='word_1_236' title='bbox 3118 1977 3210 2030; x_wconf 87' lang='lat' dir='ltr'><strong>sed</strong></span> <span class='ocrx_word' id='word_1_237' title='bbox 3237 1977 3417 2045; x_wconf 87' lang='lat' dir='ltr'><strong>plures</strong></span> <span class='ocrx_word' id='word_1_238' title='bbox 3445 1980 3607 2031; x_wconf 90' lang='lat' dir='ltr'><strong>etiam</strong></span> 
     </span>
    </p>
   </div>
   <div class='ocr_carea' id='block_1_20' title="bbox 327 2063 3607 2140">
    <p class='ocr_par' dir='ltr' id='par_1_20' title="bbox 327 2063 3607 2140">
     <span class='ocr_line' id='line_1_20' title="bbox 327 2063 3607 2140; baseline 0.002 -20"><span class='ocrx_word' id='word_1_239' title='bbox 327 2066 664 2120; x_wconf 73' lang='lat' dir='ltr'><strong>bibliotheca:</strong></span> <span class='ocrx_word' id='word_1_240' title='bbox 694 2063 1067 2118; x_wconf 70' lang='lat' dir='ltr'><strong>Laurentinum</strong></span> <span class='ocrx_word' id='word_1_241' title='bbox 1095 2065 1436 2130; x_wconf 72' lang='lat' dir='ltr'><strong>Florentium,</strong></span> <span class='ocrx_word' id='word_1_242' title='bbox 1471 2069 1715 2139; x_wconf 89' lang='lat' dir='ltr'><strong>librique,</strong></span> <span class='ocrx_word' id='word_1_243' title='bbox 1762 2088 1897 2140; x_wconf 89' lang='lat' dir='ltr'><strong>quos</strong></span> <span class='ocrx_word' id='word_1_244' title='bbox 1932 2072 2180 2126; x_wconf 90' lang='lat' dir='ltr'><strong>chorales</strong></span> <span class='ocrx_word' id='word_1_245' title='bbox 2224 2078 2433 2133; x_wconf 89' lang='lat' dir='ltr'><strong>vocant,</strong></span> <span class='ocrx_word' id='word_1_246' title='bbox 2480 2070 2944 2123; x_wconf 88' lang='lat' dir='ltr'><strong>Benedictinorum</strong></span> <span class='ocrx_word' id='word_1_247' title='bbox 2981 2070 3154 2122; x_wconf 86' lang='lat' dir='ltr'><strong>sancti</strong></span> <span class='ocrx_word' id='word_1_248' title='bbox 3194 2068 3337 2121; x_wconf 87' lang='lat' dir='ltr'><strong>Petri</strong></span> <span class='ocrx_word' id='word_1_249' title='bbox 3374 2068 3607 2125; x_wconf 77' lang='lat' dir='ltr'><strong>Perusia)</strong></span> 
     </span>
    </p>
   </div>
   <div class='ocr_carea' id='block_1_21' title="bbox 325 2156 3608 2231">
    <p class='ocr_par' dir='ltr' id='par_1_21' title="bbox 325 2156 3608 2231">
     <span class='ocr_line' id='line_1_21' title="bbox 325 2156 3608 2231; baseline 0.001 -22"><span class='ocrx_word' id='word_1_250' title='bbox 325 2156 719 2211; x_wconf 83' lang='lat' dir='ltr'><strong>demonstrant.</strong></span> <span class='ocrx_word' id='word_1_251' title='bbox 764 2157 945 2211; x_wconf 79' lang='lat' dir='ltr'><strong>Redeo</strong></span> <span class='ocrx_word' id='word_1_252' title='bbox 988 2158 1055 2210; x_wconf 85' lang='lat' dir='ltr'><strong>ad</strong></span> <span class='ocrx_word' id='word_1_253' title='bbox 1091 2156 1469 2213; x_wconf 88' lang='lat' dir='ltr'><strong>Carrarianum</strong></span> <span class='ocrx_word' id='word_1_254' title='bbox 1498 2162 1736 2217; x_wconf 85' lang='lat' dir='ltr'><strong>codicem</strong></span> <span class='ocrx_word' id='word_1_255' title='bbox 1764 2178 1872 2230; x_wconf 90' lang='lat' dir='ltr'><strong>quo</strong></span> <span class='ocrx_word' id='word_1_256' title='bbox 1903 2163 2222 2217; x_wconf 85' lang='lat' dir='ltr'><strong>Breviarium</strong></span> <span class='ocrx_word' id='word_1_257' title='bbox 2251 2161 2557 2214; x_wconf 90' lang='lat' dir='ltr'><strong>continetur</strong></span> <span class='ocrx_word' id='word_1_258' title='bbox 2585 2158 2835 2231; x_wconf 72' lang='lat' dir='ltr'><strong>Ecclesia:</strong></span> <span class='ocrx_word' id='word_1_259' title='bbox 2865 2158 3265 2224; x_wconf 89' lang='lat' dir='ltr'><strong>Strigoniensis.</strong></span> <span class='ocrx_word' id='word_1_260' title='bbox 3318 2157 3451 2211; x_wconf 84' lang='lat' dir='ltr'><strong>Eum</strong></span> <span class='ocrx_word' id='word_1_261' title='bbox 3482 2176 3608 2213; x_wconf 90' lang='lat' dir='ltr'><strong>cum</strong></span> 
     </span>
    </p>
   </div>
   <div class='ocr_carea' id='block_1_22' title="bbox 328 2250 3603 2323">
    <p class='ocr_par' dir='ltr' id='par_1_22' title="bbox 328 2250 3603 2323">
     <span class='ocr_line' id='line_1_22' title="bbox 328 2250 3603 2323; baseline 0 -18"><span class='ocrx_word' id='word_1_262' title='bbox 328 2250 728 2319; x_wconf 83' lang='lat' dir='ltr'><strong>pervolverem,</strong></span> <span class='ocrx_word' id='word_1_263' title='bbox 761 2250 923 2304; x_wconf 91' lang='lat' dir='ltr'><strong>incidi</strong></span> <span class='ocrx_word' id='word_1_264' title='bbox 951 2251 1003 2304; x_wconf 92' lang='lat' dir='ltr'><strong>in</strong></span> <span class='ocrx_word' id='word_1_265' title='bbox 1034 2250 1279 2305; x_wconf 87' lang='lat' dir='ltr'><strong>homilias</strong></span> <span class='ocrx_word' id='word_1_266' title='bbox 1306 2254 1479 2307; x_wconf 89' lang='lat' dir='ltr'><strong>sancti</strong></span> <span class='ocrx_word' id='word_1_267' title='bbox 1506 2253 1719 2308; x_wconf 85' lang='lat' dir='ltr'><strong>Maximi</strong></span> <span class='ocrx_word' id='word_1_268' title='bbox 1751 2257 1969 2309; x_wconf 88' lang='lat' dir='ltr'><strong>omnino</strong></span> <span class='ocrx_word' id='word_1_269' title='bbox 1997 2263 2221 2323; x_wconf 89' lang='lat' dir='ltr'><strong>septem,</strong></span> <span class='ocrx_word' id='word_1_270' title='bbox 2254 2267 2372 2320; x_wconf 83' lang='lat' dir='ltr'><strong>quae</strong></span> <span class='ocrx_word' id='word_1_271' title='bbox 2401 2250 2696 2317; x_wconf 89' lang='lat' dir='ltr'><strong>cujusmodi</strong></span> <span class='ocrx_word' id='word_1_272' title='bbox 2726 2251 2850 2315; x_wconf 88' lang='lat' dir='ltr'><strong>sint,</strong></span> <span class='ocrx_word' id='word_1_273' title='bbox 2877 2267 3115 2321; x_wconf 90' lang='lat' dir='ltr'><strong>quasque</strong></span> <span class='ocrx_word' id='word_1_274' title='bbox 3143 2253 3398 2306; x_wconf 73' lang='lat' dir='ltr'><strong>variantes</strong></span> <span class='ocrx_word' id='word_1_275' title='bbox 3429 2252 3603 2305; x_wconf 87' lang='lat' dir='ltr'><strong>lectio-</strong></span> 
     </span>
    </p>
   </div>
   <div class='ocr_carea' id='block_1_23' title="bbox 326 2339 3603 2409">
    <p class='ocr_par' dir='ltr' id='par_1_23' title="bbox 326 2339 3603 2409">
     <span class='ocr_line' id='line_1_23' title="bbox 326 2339 3603 2409; baseline 0.001 -17"><span class='ocrx_word' id='word_1_276' title='bbox 326 2353 421 2393; x_wconf 85' lang='lat' dir='ltr'><strong>nes</strong></span> <span class='ocrx_word' id='word_1_277' title='bbox 449 2339 741 2392; x_wconf 84' lang='lat' dir='ltr'><strong>exhibeant</strong></span> <span class='ocrx_word' id='word_1_278' title='bbox 764 2378 779 2401; x_wconf 89' lang='lat'><strong>,</strong></span> <span class='ocrx_word' id='word_1_279' title='bbox 812 2339 921 2392; x_wconf 87' lang='lat' dir='ltr'><strong>suis</strong></span> <span class='ocrx_word' id='word_1_280' title='bbox 950 2347 1033 2392; x_wconf 90' lang='lat' dir='ltr'><strong>est</strong></span> <span class='ocrx_word' id='word_1_281' title='bbox 1062 2339 1195 2393; x_wconf 91' lang='lat' dir='ltr'><strong>locis</strong></span> <span class='ocrx_word' id='word_1_282' title='bbox 1242 2342 1559 2409; x_wconf 79' lang='lat' dir='ltr'><strong>tempestive</strong></span> <span class='ocrx_word' id='word_1_283' title='bbox 1616 2358 1647 2395; x_wconf 94' lang='lat' dir='ltr'><strong>a</strong></span> <span class='ocrx_word' id='word_1_284' title='bbox 1695 2344 1851 2397; x_wconf 88' lang='lat' dir='ltr'><strong>nobis</strong></span> <span class='ocrx_word' id='word_1_285' title='bbox 1879 2341 2329 2395; x_wconf 89' lang='lat' dir='ltr'><strong>animadversum.</strong></span> <span class='ocrx_word' id='word_1_286' title='bbox 2366 2340 2537 2406; x_wconf 85' lang='lat' dir='ltr'><strong>Atque</strong></span> <span class='ocrx_word' id='word_1_287' title='bbox 2568 2340 2652 2393; x_wconf 91' lang='lat' dir='ltr'><strong>hic</strong></span> <span class='ocrx_word' id='word_1_288' title='bbox 2680 2354 2799 2406; x_wconf 91' lang='lat' dir='ltr'><strong>ego,</strong></span> <span class='ocrx_word' id='word_1_289' title='bbox 2834 2349 2891 2393; x_wconf 93' lang='lat' dir='ltr'><strong>ut</strong></span> <span class='ocrx_word' id='word_1_290' title='bbox 2920 2355 3017 2409; x_wconf 90' lang='lat' dir='ltr'><strong>par</strong></span> <span class='ocrx_word' id='word_1_291' title='bbox 3048 2349 3209 2403; x_wconf 91' lang='lat' dir='ltr'><strong>esset,</strong></span> <span class='ocrx_word' id='word_1_292' title='bbox 3242 2349 3407 2408; x_wconf 89' lang='lat' dir='ltr'><strong>utque</strong></span> <span class='ocrx_word' id='word_1_293' title='bbox 3436 2341 3603 2395; x_wconf 89' lang='lat' dir='ltr'><strong>debe-</strong></span> 
     </span>
    </p>
   </div>
   <div class='ocr_carea' id='block_1_24' title="bbox 328 2416 3600 2515">
    <p class='ocr_par' dir='ltr' id='par_1_24' title="bbox 328 2416 3600 2515">
     <span class='ocr_line' id='line_1_24' title="bbox 328 2416 3600 2515; baseline 0 -30"><span class='ocrx_word' id='word_1_294' title='bbox 328 2444 445 2486; x_wconf 85' lang='lat' dir='ltr'><strong>rem</strong></span> <span class='ocrx_word' id='word_1_295' title='bbox 471 2471 485 2495; x_wconf 94' lang='lat'><strong>,</strong></span> <span class='ocrx_word' id='word_1_296' title='bbox 534 2431 599 2484; x_wconf 91' lang='lat' dir='ltr'><strong>de</strong></span> <span class='ocrx_word' id='word_1_297' title='bbox 646 2431 831 2485; x_wconf 90' lang='lat' dir='ltr'><strong>multis</strong></span> <span class='ocrx_word' id='word_1_298' title='bbox 878 2432 1189 2500; x_wconf 84' lang='lat' dir='ltr'><strong>magnisque</strong></span> <span class='ocrx_word' id='word_1_299' title='bbox 1234 2431 1511 2487; x_wconf 89' lang='lat' dir='ltr'><strong>beneﬁciis</strong></span> <span class='ocrx_word' id='word_1_300' title='bbox 1557 2448 1587 2486; x_wconf 92' lang='lat' dir='ltr'><strong>a</strong></span> <span class='ocrx_word' id='word_1_301' title='bbox 1634 2416 1919 2507; x_wconf 54' lang='lat' dir='ltr'><strong>Francich</strong></span> <span class='ocrx_word' id='word_1_302' title='bbox 1962 2430 2229 2515; x_wconf 51' lang='lat' dir='ltr'><strong>Carraria&#39;</strong></span> <span class='ocrx_word' id='word_1_303' title='bbox 2260 2431 2488 2515; x_wconf 53' lang='lat' dir='ltr'><strong>praesule</strong></span> <span class='ocrx_word' id='word_1_304' title='bbox 2536 2431 2608 2513; x_wconf 24' lang='lat' dir='ltr'><strong>in”</strong></span> <span class='ocrx_word' id='word_1_305' title='bbox 2634 2430 2978 2515; x_wconf 37' lang='lat' dir='ltr'><strong>me~collatis,</strong></span> <span class='ocrx_word' id='word_1_306' title='bbox 3009 2429 3184 2498; x_wconf 86' lang='lat' dir='ltr'><strong>deque</strong></span> <span class='ocrx_word' id='word_1_307' title='bbox 3211 2430 3329 2497; x_wconf 87' lang='lat' dir='ltr'><strong>ejus</strong></span> <span class='ocrx_word' id='word_1_308' title='bbox 3358 2431 3600 2487; x_wconf 89' lang='lat' dir='ltr'><strong>laudibus</strong></span> 
     </span>
    </p>
   </div>
   <div class='ocr_carea' id='block_1_25' title="bbox 333 2499 3598 2601">
    <p class='ocr_par' dir='ltr' id='par_1_25' title="bbox 333 2499 3598 2601">
     <span class='ocr_line' id='line_1_25' title="bbox 333 2499 3598 2601; baseline -0.001 -26"><span class='ocrx_word' id='word_1_309' title='bbox 333 2523 552 2590; x_wconf 88' lang='lat' dir='ltr'><strong>copiose</strong></span> <span class='ocrx_word' id='word_1_310' title='bbox 580 2521 812 2575; x_wconf 85' lang='lat' dir='ltr'><strong>dicerem</strong></span> <span class='ocrx_word' id='word_1_311' title='bbox 839 2561 853 2585; x_wconf 96' lang='lat'><strong>,</strong></span> <span class='ocrx_word' id='word_1_312' title='bbox 884 2522 983 2574; x_wconf 91' lang='lat' dir='ltr'><strong>nisi</strong></span> <span class='ocrx_word' id='word_1_313' title='bbox 1013 2520 1251 2589; x_wconf 89' lang='lat' dir='ltr'><strong>ejusdem</strong></span> <span class='ocrx_word' id='word_1_314' title='bbox 1281 2522 1538 2575; x_wconf 85' lang='lat' dir='ltr'><strong>modestia</strong></span> <span class='ocrx_word' id='word_1_315' title='bbox 1570 2515 1878 2591; x_wconf 78' lang='lat' dir='ltr'><strong>impedirer,</strong></span> <span class='ocrx_word' id='word_1_316' title='bbox 1909 2499 2112 2583; x_wconf 33' lang='lat' dir='ltr'><strong>acinis;</strong></span> <span class='ocrx_word' id='word_1_317' title='bbox 2133 2510 2247 2594; x_wconf 44' lang='lat' dir='ltr'><strong>limit.</strong></span> <span class='ocrx_word' id='word_1_318' title='bbox 2266 2499 2499 2601; x_wconf 60' lang='lat' dir='ltr'><strong>vererer,</strong></span> <span class='ocrx_word' id='word_1_319' title='bbox 2527 2499 2750 2601; x_wconf 46' lang='lat' dir='ltr'><strong>hebeni</strong></span> <span class='ocrx_word' id='word_1_320' title='bbox 2779 2503 2911 2601; x_wconf 43' lang='lat' dir='ltr'><strong>Itoni</strong></span> <span class='ocrx_word' id='word_1_321' title='bbox 2941 2519 3039 2573; x_wconf 89' lang='lat' dir='ltr'><strong>viri</strong></span> <span class='ocrx_word' id='word_1_322' title='bbox 3068 2518 3394 2589; x_wconf 88' lang='lat' dir='ltr'><strong>ampliﬁcare</strong></span> <span class='ocrx_word' id='word_1_323' title='bbox 3421 2520 3598 2585; x_wconf 80' lang='lat' dir='ltr'><strong>velim,</strong></span> 
     </span>
    </p>
   </div>
   <div class='ocr_carea' id='block_1_26' title="bbox 328 2586 2877 2687">
    <p class='ocr_par' dir='ltr' id='par_1_26' title="bbox 328 2586 2877 2687">
     <span class='ocr_line' id='line_1_26' title="bbox 328 2586 2877 2687; baseline -0.001 -25"><span class='ocrx_word' id='word_1_324' title='bbox 328 2610 566 2663; x_wconf 88' lang='lat' dir='ltr'><strong>minuam</strong></span> <span class='ocrx_word' id='word_1_325' title='bbox 595 2609 775 2678; x_wconf 88' lang='lat' dir='ltr'><strong>potius</strong></span> <span class='ocrx_word' id='word_1_326' title='bbox 800 2609 1045 2676; x_wconf 79' lang='lat' dir='ltr'><strong>gloriam.</strong></span> <span class='ocrx_word' id='word_1_327' title='bbox 1086 2607 1204 2661; x_wconf 82' lang='lat' dir='ltr'><strong>Jam</strong></span> <span class='ocrx_word' id='word_1_328' title='bbox 1233 2610 1300 2662; x_wconf 91' lang='lat' dir='ltr'><strong>de</strong></span> <span class='ocrx_word' id='word_1_329' title='bbox 1330 2609 1887 2687; x_wconf 69' lang='lat' dir='ltr'><strong>Romaniscodicibus</strong></span> <span class='ocrx_word' id='word_1_330' title='bbox 1916 2616 2015 2674; x_wconf 89' lang='lat' dir='ltr'><strong>est,</strong></span> <span class='ocrx_word' id='word_1_331' title='bbox 2048 2618 2107 2662; x_wconf 92' lang='lat' dir='ltr'><strong>ut</strong></span> <span class='ocrx_word' id='word_1_332' title='bbox 2129 2586 2380 2672; x_wconf 69' lang='lat' dir='ltr'><strong>arbitror,</strong></span> <span class='ocrx_word' id='word_1_333' title='bbox 2412 2595 2612 2661; x_wconf 76' lang='lat' dir='ltr'><strong>dic&#39;tiim</strong></span> <span class='ocrx_word' id='word_1_334' title='bbox 2642 2586 2790 2661; x_wconf 62' lang='lat' dir='ltr'><strong>satis.</strong></span> 
     </span>
    </p>
   </div>
   <div class='ocr_carea' id='block_1_27' title="bbox 396 2680 3596 2781">
    <p class='ocr_par' dir='ltr' id='par_1_27' title="bbox 396 2680 3596 2781">
     <span class='ocr_line' id='line_1_27' title="bbox 396 2680 3596 2781; baseline 0.001 -29"><span class='ocrx_word' id='word_1_335' title='bbox 396 2698 512 2752; x_wconf 76' lang='lat' dir='ltr'><strong>XX.</strong></span> <span class='ocrx_word' id='word_1_336' title='bbox 557 2699 708 2753; x_wconf 81' lang='lat' dir='ltr'><strong>Nunc</strong></span> <span class='ocrx_word' id='word_1_337' title='bbox 751 2697 1065 2768; x_wconf 88' lang='lat' dir='ltr'><strong>progrediar</strong></span> <span class='ocrx_word' id='word_1_338' title='bbox 1112 2698 1359 2766; x_wconf 82' lang='lat' dir='ltr'><strong>longius,</strong></span> <span class='ocrx_word' id='word_1_339' title='bbox 1409 2680 1939 2781; x_wconf 42' lang='grc' dir='ltr'><strong>ᾱεᾳυέξήιίξίθςελξηρ,</strong></span> <span class='ocrx_word' id='word_1_340' title='bbox 1964 2698 2089 2781; x_wconf 54' lang='lat' dir='ltr'><strong>qui</strong></span> <span class='ocrx_word' id='word_1_341' title='bbox 2116 2697 2175 2767; x_wconf 49' lang='lat' dir='ltr'><strong>in,</strong></span> <span class='ocrx_word' id='word_1_342' title='bbox 2209 2696 2557 2781; x_wconf 57' lang='lat' dir='ltr'><strong>bibliothecis</strong></span> <span class='ocrx_word' id='word_1_343' title='bbox 2586 2696 2934 2781; x_wconf 26' lang='lat' dir='ltr'><strong>tabulariisve.</strong></span> <span class='ocrx_word' id='word_1_344' title='bbox 2959 2699 3406 2753; x_wconf 88' lang='lat' dir='ltr'><strong>monasteriorum</strong></span> <span class='ocrx_word' id='word_1_345' title='bbox 3435 2708 3596 2769; x_wconf 87' lang='lat' dir='ltr'><strong>atque</strong></span> 
     </span>
    </p>
   </div>
   <div class='ocr_carea' id='block_1_28' title="bbox 324 2771 3595 2871">
    <p class='ocr_par' dir='ltr' id='par_1_28' title="bbox 324 2771 3595 2871">
     <span class='ocr_line' id='line_1_28' title="bbox 324 2771 3595 2871; baseline -0.001 -24"><span class='ocrx_word' id='word_1_346' title='bbox 324 2793 534 2847; x_wconf 88' lang='lat' dir='ltr'><strong>urbium</strong></span> <span class='ocrx_word' id='word_1_347' title='bbox 582 2800 795 2847; x_wconf 85' lang='lat' dir='ltr'><strong>exstant</strong></span> <span class='ocrx_word' id='word_1_348' title='bbox 842 2791 1129 2861; x_wconf 64' lang='lat' dir='ltr'><strong>pontiﬁcis:</strong></span> <span class='ocrx_word' id='word_1_349' title='bbox 1181 2791 1418 2845; x_wconf 91' lang='lat' dir='ltr'><strong>ditionis.</strong></span> <span class='ocrx_word' id='word_1_350' title='bbox 1479 2771 1750 2859; x_wconf 81' lang='lat' dir='ltr'><strong>Principio</strong></span> <span class='ocrx_word' id='word_1_351' title='bbox 1796 2771 2217 2860; x_wconf 59' lang='lat' dir='ltr'><strong>vetustissimum</strong></span> <span class='ocrx_word' id='word_1_352' title='bbox 2264 2775 2647 2871; x_wconf 42' lang='lat' dir='ltr'><strong>moi‘ias‘teriﬁzri</strong></span> <span class='ocrx_word' id='word_1_353' title='bbox 2694 2771 3046 2867; x_wconf 27' lang='lat' dir='ltr'><strong>Siibﬂlandehse,</strong></span> <span class='ocrx_word' id='word_1_354' title='bbox 3080 2802 3111 2841; x_wconf 95' lang='lat' dir='ltr'><strong>e</strong></span> <span class='ocrx_word' id='word_1_355' title='bbox 3139 2788 3429 2861; x_wconf 88' lang='lat' dir='ltr'><strong>codicibus,</strong></span> <span class='ocrx_word' id='word_1_356' title='bbox 3461 2806 3595 2858; x_wconf 87' lang='lat' dir='ltr'><strong>quos</strong></span> 
     </span>
    </p>
   </div>
   <div class='ocr_carea' id='block_1_29' title="bbox 322 2866 3593 2951">
    <p class='ocr_par' dir='ltr' id='par_1_29' title="bbox 322 2866 3593 2951">
     <span class='ocr_line' id='line_1_29' title="bbox 322 2866 3593 2951; baseline -0.001 -14"><span class='ocrx_word' id='word_1_357' title='bbox 322 2898 443 2937; x_wconf 87' lang='lat' dir='ltr'><strong>esse</strong></span> <span class='ocrx_word' id='word_1_358' title='bbox 490 2882 594 2951; x_wconf 87' lang='lat' dir='ltr'><strong>ipsi</strong></span> <span class='ocrx_word' id='word_1_359' title='bbox 640 2882 875 2949; x_wconf 88' lang='lat' dir='ltr'><strong>reliquos</strong></span> <span class='ocrx_word' id='word_1_360' title='bbox 920 2896 1077 2950; x_wconf 90' lang='lat' dir='ltr'><strong>passa</strong></span> <span class='ocrx_word' id='word_1_361' title='bbox 1124 2888 1206 2935; x_wconf 90' lang='lat' dir='ltr'><strong>est</strong></span> <span class='ocrx_word' id='word_1_362' title='bbox 1253 2883 1389 2934; x_wconf 86' lang='lat' dir='ltr'><strong>edax</strong></span> <span class='ocrx_word' id='word_1_363' title='bbox 1437 2881 1766 2949; x_wconf 87' lang='lat' dir='ltr'><strong>antiquitas,</strong></span> <span class='ocrx_word' id='word_1_364' title='bbox 1820 2878 2077 2933; x_wconf 91' lang='lat' dir='ltr'><strong>nonnulla</strong></span> <span class='ocrx_word' id='word_1_365' title='bbox 2127 2878 2283 2933; x_wconf 82' lang='lat' dir='ltr'><strong>nobis</strong></span> <span class='ocrx_word' id='word_1_366' title='bbox 2324 2866 2743 2947; x_wconf 71' lang='lat' dir='ltr'><strong>suppeditavit,&quot;</strong></span> <span class='ocrx_word' id='word_1_367' title='bbox 2771 2866 2891 2945; x_wconf 72' lang='lat' dir='ltr'><strong>quae</strong></span> <span class='ocrx_word' id='word_1_368' title='bbox 2918 2868 3096 2947; x_wconf 68' lang='lat' dir='ltr'><strong>qualia</strong></span> <span class='ocrx_word' id='word_1_369' title='bbox 3127 2880 3250 2944; x_wconf 91' lang='lat' dir='ltr'><strong>sint,</strong></span> <span class='ocrx_word' id='word_1_370' title='bbox 3279 2895 3518 2948; x_wconf 89' lang='lat' dir='ltr'><strong>quasque</strong></span> <span class='ocrx_word' id='word_1_371' title='bbox 3540 2882 3593 2935; x_wconf 92' lang='lat' dir='ltr'><strong>in</strong></span> 
     </span>
    </p>
   </div>
   <div class='ocr_carea' id='block_1_30' title="bbox 326 2967 3591 3039">
    <p class='ocr_par' dir='ltr' id='par_1_30' title="bbox 326 2967 3591 3039">
     <span class='ocr_line' id='line_1_30' title="bbox 326 2967 3591 3039; baseline -0.001 -12"><span class='ocrx_word' id='word_1_372' title='bbox 326 2972 624 3027; x_wconf 87' lang='lat' dir='ltr'><strong>editionem</strong></span> <span class='ocrx_word' id='word_1_373' title='bbox 670 2972 809 3025; x_wconf 89' lang='lat' dir='ltr'><strong>hanc</strong></span> <span class='ocrx_word' id='word_1_374' title='bbox 855 2986 1077 3039; x_wconf 84' lang='lat' dir='ltr'><strong>Operum</strong></span> <span class='ocrx_word' id='word_1_375' title='bbox 1121 2971 1293 3025; x_wconf 90' lang='lat' dir='ltr'><strong>sancti</strong></span> <span class='ocrx_word' id='word_1_376' title='bbox 1338 2969 1555 3023; x_wconf 80' lang='lat' dir='ltr'><strong>Maximi</strong></span> <span class='ocrx_word' id='word_1_377' title='bbox 1601 2970 1878 3023; x_wconf 88' lang='lat' dir='ltr'><strong>intulerint</strong></span> <span class='ocrx_word' id='word_1_378' title='bbox 1920 2969 2195 3033; x_wconf 85' lang='lat' dir='ltr'><strong>utilitates,</strong></span> <span class='ocrx_word' id='word_1_379' title='bbox 2225 2969 2279 3022; x_wconf 92' lang='lat' dir='ltr'><strong>in</strong></span> <span class='ocrx_word' id='word_1_380' title='bbox 2308 2967 2763 3023; x_wconf 91' lang='lat' dir='ltr'><strong>admonitionibus</strong></span> <span class='ocrx_word' id='word_1_381' title='bbox 2791 2983 3078 3036; x_wconf 86' lang='lat' dir='ltr'><strong>exponam,</strong></span> <span class='ocrx_word' id='word_1_382' title='bbox 3104 2977 3161 3022; x_wconf 93' lang='lat' dir='ltr'><strong>ut</strong></span> <span class='ocrx_word' id='word_1_383' title='bbox 3191 2971 3326 3023; x_wconf 90' lang='lat' dir='ltr'><strong>ratio</strong></span> <span class='ocrx_word' id='word_1_384' title='bbox 3355 2972 3591 3039; x_wconf 53' lang='lat' dir='ltr'><strong>pustula.</strong></span> 
     </span>
    </p>
   </div>
   <div class='ocr_carea' id='block_1_31' title="bbox 322 3058 3590 3130">
    <p class='ocr_par' dir='ltr' id='par_1_31' title="bbox 322 3058 3590 3130">
     <span class='ocr_line' id='line_1_31' title="bbox 322 3058 3590 3130; baseline 0.001 -15"><span class='ocrx_word' id='word_1_385' title='bbox 322 3062 497 3126; x_wconf 89' lang='lat' dir='ltr'><strong>verit,</strong></span> <span class='ocrx_word' id='word_1_386' title='bbox 530 3060 833 3129; x_wconf 81' lang='lat' dir='ltr'><strong>diligenter.</strong></span> <span class='ocrx_word' id='word_1_387' title='bbox 874 3061 950 3115; x_wconf 92' lang='lat' dir='ltr'><strong>De</strong></span> <span class='ocrx_word' id='word_1_388' title='bbox 977 3059 1248 3114; x_wconf 81' lang='lat' dir='ltr'><strong>Farfensis</strong></span> <span class='ocrx_word' id='word_1_389' title='bbox 1277 3060 1450 3130; x_wconf 87' lang='lat' dir='ltr'><strong>prisca</strong></span> <span class='ocrx_word' id='word_1_390' title='bbox 1477 3060 1606 3114; x_wconf 89' lang='lat' dir='ltr'><strong>item</strong></span> <span class='ocrx_word' id='word_1_391' title='bbox 1634 3068 1901 3114; x_wconf 83' lang='lat' dir='ltr'><strong>vetustate</strong></span> <span class='ocrx_word' id='word_1_392' title='bbox 1930 3060 2141 3125; x_wconf 87' lang='lat' dir='ltr'><strong>nobilis,</strong></span> <span class='ocrx_word' id='word_1_393' title='bbox 2173 3066 2358 3127; x_wconf 90' lang='lat' dir='ltr'><strong>totque</strong></span> <span class='ocrx_word' id='word_1_394' title='bbox 2388 3074 2495 3113; x_wconf 90' lang='lat' dir='ltr'><strong>non</strong></span> <span class='ocrx_word' id='word_1_395' title='bbox 2517 3058 2849 3128; x_wconf 85' lang='lat' dir='ltr'><strong>privatorum</strong></span> <span class='ocrx_word' id='word_1_396' title='bbox 2869 3059 3051 3124; x_wconf 91' lang='lat' dir='ltr'><strong>modo,</strong></span> <span class='ocrx_word' id='word_1_397' title='bbox 3083 3060 3177 3114; x_wconf 90' lang='lat' dir='ltr'><strong>sed</strong></span> <span class='ocrx_word' id='word_1_398' title='bbox 3206 3062 3590 3129; x_wconf 79' lang='lat' dir='ltr'><strong>imperatorum</strong></span> 
     </span>
    </p>
   </div>
   <div class='ocr_carea' id='block_1_32' title="bbox 323 3147 3586 3222">
    <p class='ocr_par' dir='ltr' id='par_1_32' title="bbox 323 3147 3586 3222">
     <span class='ocr_line' id='line_1_32' title="bbox 323 3147 3586 3222; baseline 0 -15"><span class='ocrx_word' id='word_1_399' title='bbox 323 3153 485 3208; x_wconf 84' lang='lat' dir='ltr'><strong>etiam</strong></span> <span class='ocrx_word' id='word_1_400' title='bbox 509 3191 527 3218; x_wconf 92' lang='lat'><strong>,</strong></span> <span class='ocrx_word' id='word_1_401' title='bbox 554 3161 715 3221; x_wconf 89' lang='lat' dir='ltr'><strong>atque</strong></span> <span class='ocrx_word' id='word_1_402' title='bbox 742 3152 1054 3222; x_wconf 86' lang='lat' dir='ltr'><strong>pontiﬁcum</strong></span> <span class='ocrx_word' id='word_1_403' title='bbox 1099 3167 1347 3207; x_wconf 89' lang='lat' dir='ltr'><strong>sermone</strong></span> <span class='ocrx_word' id='word_1_404' title='bbox 1373 3151 1726 3221; x_wconf 90' lang='lat' dir='ltr'><strong>percelebrati</strong></span> <span class='ocrx_word' id='word_1_405' title='bbox 1776 3150 2088 3203; x_wconf 90' lang='lat' dir='ltr'><strong>monasterii</strong></span> <span class='ocrx_word' id='word_1_406' title='bbox 2117 3148 2392 3203; x_wconf 90' lang='lat' dir='ltr'><strong>codicibus</strong></span> <span class='ocrx_word' id='word_1_407' title='bbox 2422 3165 2530 3202; x_wconf 92' lang='lat' dir='ltr'><strong>non</strong></span> <span class='ocrx_word' id='word_1_408' title='bbox 2556 3148 2725 3201; x_wconf 90' lang='lat' dir='ltr'><strong>multo</strong></span> <span class='ocrx_word' id='word_1_409' title='bbox 2755 3147 2964 3216; x_wconf 83' lang='lat' dir='ltr'><strong>longior</strong></span> <span class='ocrx_word' id='word_1_410' title='bbox 2991 3159 3175 3203; x_wconf 89' lang='lat' dir='ltr'><strong>nostra</strong></span> <span class='ocrx_word' id='word_1_411' title='bbox 3203 3150 3459 3221; x_wconf 90' lang='lat' dir='ltr'><strong>deinceps</strong></span> <span class='ocrx_word' id='word_1_412' title='bbox 3489 3167 3586 3208; x_wconf 78' lang='lat' dir='ltr'><strong>erit</strong></span> 
     </span>
    </p>
   </div>
   <div class='ocr_carea' id='block_1_33' title="bbox 319 3240 3585 3313">
    <p class='ocr_par' dir='ltr' id='par_1_33' title="bbox 319 3240 3585 3313">
     <span class='ocr_line' id='line_1_33' title="bbox 319 3240 3585 3313; baseline -0.002 -10"><span class='ocrx_word' id='word_1_413' title='bbox 319 3247 517 3303; x_wconf 88' lang='lat' dir='ltr'><strong>oratio.</strong></span> <span class='ocrx_word' id='word_1_414' title='bbox 576 3245 805 3300; x_wconf 86' lang='lat' dir='ltr'><strong>Exstant</strong></span> <span class='ocrx_word' id='word_1_415' title='bbox 849 3245 904 3299; x_wconf 90' lang='lat' dir='ltr'><strong>in</strong></span> <span class='ocrx_word' id='word_1_416' title='bbox 950 3244 1108 3313; x_wconf 88' lang='lat' dir='ltr'><strong>hujus</strong></span> <span class='ocrx_word' id='word_1_417' title='bbox 1156 3244 1444 3308; x_wconf 89' lang='lat' dir='ltr'><strong>tabulario,</strong></span> <span class='ocrx_word' id='word_1_418' title='bbox 1492 3242 1637 3311; x_wconf 89' lang='lat' dir='ltr'><strong>quod</strong></span> <span class='ocrx_word' id='word_1_419' title='bbox 1682 3242 2005 3295; x_wconf 82' lang='lat' dir='ltr'><strong>Muratorius</strong></span> <span class='ocrx_word' id='word_1_420' title='bbox 2048 3241 2246 3309; x_wconf 89' lang='lat' dir='ltr'><strong>aliique</strong></span> <span class='ocrx_word' id='word_1_421' title='bbox 2291 3240 2588 3295; x_wconf 87' lang='lat' dir='ltr'><strong>doctissimi</strong></span> <span class='ocrx_word' id='word_1_422' title='bbox 2637 3240 2738 3293; x_wconf 89' lang='lat' dir='ltr'><strong>viri</strong></span> <span class='ocrx_word' id='word_1_423' title='bbox 2784 3242 3062 3309; x_wconf 83' lang='lat' dir='ltr'><strong>permagni</strong></span> <span class='ocrx_word' id='word_1_424' title='bbox 3091 3244 3285 3297; x_wconf 88' lang='lat' dir='ltr'><strong>merito</strong></span> <span class='ocrx_word' id='word_1_425' title='bbox 3306 3244 3585 3307; x_wconf 78' lang='lat' dir='ltr'><strong>fecerunt;</strong></span> 
     </span>
    </p>
   </div>
   <div class='ocr_carea' id='block_1_34' title="bbox 317 3337 3585 3409">
    <p class='ocr_par' dir='ltr' id='par_1_34' title="bbox 317 3337 3585 3409">
     <span class='ocr_line' id='line_1_34' title="bbox 317 3337 3585 3409; baseline -0.001 -13"><span class='ocrx_word' id='word_1_426' title='bbox 317 3348 568 3405; x_wconf 87' lang='lat' dir='ltr'><strong>exstant,</strong></span> <span class='ocrx_word' id='word_1_427' title='bbox 619 3341 836 3409; x_wconf 88' lang='lat' dir='ltr'><strong>inquam</strong></span> <span class='ocrx_word' id='word_1_428' title='bbox 865 3380 880 3405; x_wconf 93' lang='lat'><strong>,</strong></span> <span class='ocrx_word' id='word_1_429' title='bbox 934 3340 986 3393; x_wconf 89' lang='lat' dir='ltr'><strong>in</strong></span> <span class='ocrx_word' id='word_1_430' title='bbox 1036 3339 1197 3408; x_wconf 88' lang='lat' dir='ltr'><strong>hujus</strong></span> <span class='ocrx_word' id='word_1_431' title='bbox 1244 3338 1510 3393; x_wconf 81' lang='lat' dir='ltr'><strong>tabulario</strong></span> <span class='ocrx_word' id='word_1_432' title='bbox 1533 3377 1547 3402; x_wconf 90' lang='lat'><strong>,</strong></span> <span class='ocrx_word' id='word_1_433' title='bbox 1598 3346 1792 3407; x_wconf 73' lang='lat' dir='ltr'><strong>prmter</strong></span> <span class='ocrx_word' id='word_1_434' title='bbox 1818 3346 2063 3403; x_wconf 74' lang='lat' dir='ltr'><strong>cmteros,</strong></span> <span class='ocrx_word' id='word_1_435' title='bbox 2096 3337 2388 3391; x_wconf 89' lang='lat' dir='ltr'><strong>homiliarii</strong></span> <span class='ocrx_word' id='word_1_436' title='bbox 2412 3337 2519 3392; x_wconf 91' lang='lat' dir='ltr'><strong>duo</strong></span> <span class='ocrx_word' id='word_1_437' title='bbox 2549 3338 2849 3391; x_wconf 87' lang='lat' dir='ltr'><strong>litterarum</strong></span> <span class='ocrx_word' id='word_1_438' title='bbox 2877 3337 3278 3391; x_wconf 88' lang='lat' dir='ltr'><strong>characteribus</strong></span> <span class='ocrx_word' id='word_1_439' title='bbox 3306 3340 3585 3404; x_wconf 80' lang='lat' dir='ltr'><strong>Romanis,</strong></span> 
     </span>
    </p>
   </div>
   <div class='ocr_carea' id='block_1_35' title="bbox 318 3426 3586 3498">
    <p class='ocr_par' dir='ltr' id='par_1_35' title="bbox 318 3426 3586 3498">
     <span class='ocr_line' id='line_1_35' title="bbox 318 3426 3586 3498; baseline 0 -14"><span class='ocrx_word' id='word_1_440' title='bbox 318 3430 593 3498; x_wconf 86' lang='lat' dir='ltr'><strong>diligentia</strong></span> <span class='ocrx_word' id='word_1_441' title='bbox 622 3429 899 3496; x_wconf 90' lang='lat' dir='ltr'><strong>singulari,</strong></span> <span class='ocrx_word' id='word_1_442' title='bbox 928 3429 1211 3497; x_wconf 85' lang='lat' dir='ltr'><strong>elegantia,</strong></span> <span class='ocrx_word' id='word_1_443' title='bbox 1246 3430 1419 3483; x_wconf 89' lang='lat' dir='ltr'><strong>nitore</strong></span> <span class='ocrx_word' id='word_1_444' title='bbox 1443 3429 1648 3497; x_wconf 91' lang='lat' dir='ltr'><strong>scripti.</strong></span> <span class='ocrx_word' id='word_1_445' title='bbox 1689 3428 1800 3483; x_wconf 88' lang='lat' dir='ltr'><strong>llos</strong></span> <span class='ocrx_word' id='word_1_446' title='bbox 1825 3428 2276 3483; x_wconf 88' lang='lat' dir='ltr'><strong>eminentissimus</strong></span> <span class='ocrx_word' id='word_1_447' title='bbox 2306 3428 2386 3480; x_wconf 89' lang='lat' dir='ltr'><strong>vir</strong></span> <span class='ocrx_word' id='word_1_448' title='bbox 2414 3426 2470 3480; x_wconf 93' lang='lat' dir='ltr'><strong>S.</strong></span> <span class='ocrx_word' id='word_1_449' title='bbox 2502 3426 2568 3479; x_wconf 73' lang='grc' dir='ltr'><strong>Β.</strong></span> <span class='ocrx_word' id='word_1_450' title='bbox 2600 3426 2661 3478; x_wconf 85' lang='grc' dir='ltr'><strong>Ε.</strong></span> <span class='ocrx_word' id='word_1_451' title='bbox 2694 3426 2979 3481; x_wconf 89' lang='lat' dir='ltr'><strong>cardinalis</strong></span> <span class='ocrx_word' id='word_1_452' title='bbox 3009 3426 3383 3483; x_wconf 83' lang='lat' dir='ltr'><strong>Taniburinius</strong></span> <span class='ocrx_word' id='word_1_453' title='bbox 3411 3430 3586 3488; x_wconf 67' lang='lat' dir='ltr'><strong>sarculi</strong></span> 
     </span>
    </p>
   </div>
   <div class='ocr_carea' id='block_1_36' title="bbox 316 3516 3584 3588">
    <p class='ocr_par' dir='ltr' id='par_1_36' title="bbox 316 3516 3584 3588">
     <span class='ocr_line' id='line_1_36' title="bbox 316 3516 3584 3588; baseline 0.002 -13"><span class='ocrx_word' id='word_1_454' title='bbox 316 3534 442 3575; x_wconf 86' lang='lat' dir='ltr'><strong>esse</strong></span> <span class='ocrx_word' id='word_1_455' title='bbox 484 3537 539 3574; x_wconf 84' lang='lat' dir='ltr'><strong>xt</strong></span> <span class='ocrx_word' id='word_1_456' title='bbox 580 3520 877 3588; x_wconf 90' lang='lat' dir='ltr'><strong>judicavit,</strong></span> <span class='ocrx_word' id='word_1_457' title='bbox 928 3520 1014 3574; x_wconf 87' lang='lat' dir='ltr'><strong>cui</strong></span> <span class='ocrx_word' id='word_1_458' title='bbox 1059 3520 1202 3573; x_wconf 89' lang='lat' dir='ltr'><strong>nulla</strong></span> <span class='ocrx_word' id='word_1_459' title='bbox 1248 3529 1331 3574; x_wconf 90' lang='lat' dir='ltr'><strong>est</strong></span> <span class='ocrx_word' id='word_1_460' title='bbox 1376 3536 1534 3574; x_wconf 89' lang='lat' dir='ltr'><strong>causa</strong></span> <span class='ocrx_word' id='word_1_461' title='bbox 1561 3561 1576 3585; x_wconf 91' lang='lat'><strong>,</strong></span> <span class='ocrx_word' id='word_1_462' title='bbox 1623 3536 1719 3575; x_wconf 90' lang='lat' dir='ltr'><strong>cur</strong></span> <span class='ocrx_word' id='word_1_463' title='bbox 1749 3535 1854 3574; x_wconf 88' lang='lat' dir='ltr'><strong>non</strong></span> <span class='ocrx_word' id='word_1_464' title='bbox 1902 3521 2248 3574; x_wconf 81' lang='lat' dir='ltr'><strong>vehementer</strong></span> <span class='ocrx_word' id='word_1_465' title='bbox 2276 3517 2555 3572; x_wconf 86' lang='lat' dir='ltr'><strong>assentiar.</strong></span> <span class='ocrx_word' id='word_1_466' title='bbox 2598 3516 2655 3569; x_wconf 92' lang='lat' dir='ltr'><strong>In</strong></span> <span class='ocrx_word' id='word_1_467' title='bbox 2685 3517 2871 3571; x_wconf 92' lang='lat' dir='ltr'><strong>iisdem</strong></span> <span class='ocrx_word' id='word_1_468' title='bbox 2898 3518 3145 3572; x_wconf 90' lang='lat' dir='ltr'><strong>homilias</strong></span> <span class='ocrx_word' id='word_1_469' title='bbox 3170 3521 3341 3573; x_wconf 88' lang='lat' dir='ltr'><strong>sancti</strong></span> <span class='ocrx_word' id='word_1_470' title='bbox 3370 3522 3584 3581; x_wconf 84' lang='lat' dir='ltr'><strong>Maximi</strong></span> 
     </span>
    </p>
   </div>
   <div class='ocr_carea' id='block_1_37' title="bbox 315 3608 3581 3683">
    <p class='ocr_par' dir='ltr' id='par_1_37' title="bbox 315 3608 3581 3683">
     <span class='ocr_line' id='line_1_37' title="bbox 315 3608 3581 3683; baseline 0 -18"><span class='ocrx_word' id='word_1_471' title='bbox 315 3627 515 3666; x_wconf 89' lang='lat' dir='ltr'><strong>nomen</strong></span> <span class='ocrx_word' id='word_1_472' title='bbox 544 3613 889 3681; x_wconf 66' lang='lat' dir='ltr'><strong>prteferentes</strong></span> <span class='ocrx_word' id='word_1_473' title='bbox 914 3612 1318 3681; x_wconf 90' lang='lat' dir='ltr'><strong>quatuordecim</strong></span> <span class='ocrx_word' id='word_1_474' title='bbox 1348 3613 1566 3678; x_wconf 70' lang='lat' dir='ltr'><strong>offendi,</strong></span> <span class='ocrx_word' id='word_1_475' title='bbox 1598 3629 1732 3681; x_wconf 89' lang='lat' dir='ltr'><strong>quas</strong></span> <span class='ocrx_word' id='word_1_476' title='bbox 1762 3614 1900 3683; x_wconf 88' lang='lat' dir='ltr'><strong>typis</strong></span> <span class='ocrx_word' id='word_1_477' title='bbox 1923 3612 2127 3681; x_wconf 91' lang='lat' dir='ltr'><strong>jamdiu</strong></span> <span class='ocrx_word' id='word_1_478' title='bbox 2158 3626 2384 3665; x_wconf 86' lang='lat' dir='ltr'><strong>excusas</strong></span> <span class='ocrx_word' id='word_1_479' title='bbox 2411 3625 2474 3663; x_wconf 89' lang='lat' dir='ltr'><strong>ac</strong></span> <span class='ocrx_word' id='word_1_480' title='bbox 2496 3609 2794 3678; x_wconf 89' lang='lat' dir='ltr'><strong>publicatas</strong></span> <span class='ocrx_word' id='word_1_481' title='bbox 2822 3608 3053 3663; x_wconf 86' lang='lat' dir='ltr'><strong>Maximo</strong></span> <span class='ocrx_word' id='word_1_482' title='bbox 3082 3619 3230 3663; x_wconf 91' lang='lat' dir='ltr'><strong>certe</strong></span> <span class='ocrx_word' id='word_1_483' title='bbox 3259 3611 3358 3677; x_wconf 87' lang='lat' dir='ltr'><strong>ipsi</strong></span> <span class='ocrx_word' id='word_1_484' title='bbox 3388 3614 3581 3666; x_wconf 91' lang='lat' dir='ltr'><strong>ascribi</strong></span> 
     </span>
    </p>
   </div>
   <div class='ocr_carea' id='block_1_38' title="bbox 313 3695 3581 3770">
    <p class='ocr_par' dir='ltr' id='par_1_38' title="bbox 313 3695 3581 3770">
     <span class='ocr_line' id='line_1_38' title="bbox 313 3695 3581 3770; baseline 0 -14"><span class='ocrx_word' id='word_1_485' title='bbox 313 3710 597 3770; x_wconf 88' lang='lat' dir='ltr'><strong>oportere,</strong></span> <span class='ocrx_word' id='word_1_486' title='bbox 647 3702 814 3756; x_wconf 89' lang='lat' dir='ltr'><strong>el&#39;licit</strong></span> <span class='ocrx_word' id='word_1_487' title='bbox 858 3710 1018 3769; x_wconf 90' lang='lat' dir='ltr'><strong>atque</strong></span> <span class='ocrx_word' id='word_1_488' title='bbox 1065 3700 1348 3756; x_wconf 90' lang='lat' dir='ltr'><strong>conﬁrmat</strong></span> <span class='ocrx_word' id='word_1_489' title='bbox 1396 3711 1502 3755; x_wconf 90' lang='lat' dir='ltr'><strong>tam</strong></span> <span class='ocrx_word' id='word_1_490' title='bbox 1550 3703 1830 3756; x_wconf 87' lang='lat' dir='ltr'><strong>illustrium</strong></span> <span class='ocrx_word' id='word_1_491' title='bbox 1878 3708 2345 3754; x_wconf 86' lang='lat' dir='ltr'><strong>monumentorum</strong></span> <span class='ocrx_word' id='word_1_492' title='bbox 2392 3705 2632 3752; x_wconf 87' lang='lat' dir='ltr'><strong>vetustas</strong></span> <span class='ocrx_word' id='word_1_493' title='bbox 2663 3704 2717 3750; x_wconf 90' lang='lat' dir='ltr'><strong>et</strong></span> <span class='ocrx_word' id='word_1_494' title='bbox 2760 3696 3070 3751; x_wconf 89' lang='lat' dir='ltr'><strong>auctoritas.</strong></span> <span class='ocrx_word' id='word_1_495' title='bbox 3115 3695 3191 3750; x_wconf 86' lang='lat' dir='ltr'><strong>Ac</strong></span> <span class='ocrx_word' id='word_1_496' title='bbox 3219 3696 3286 3751; x_wconf 89' lang='lat' dir='ltr'><strong>de</strong></span> <span class='ocrx_word' id='word_1_497' title='bbox 3316 3697 3581 3757; x_wconf 85' lang='lat' dir='ltr'><strong>Farfensis</strong></span> 
     </span>
    </p>
   </div>
   <div class='ocr_carea' id='block_1_39' title="bbox 312 3786 3581 3858">
    <p class='ocr_par' dir='ltr' id='par_1_39' title="bbox 312 3786 3581 3858">
     <span class='ocr_line' id='line_1_39' title="bbox 312 3786 3581 3858; baseline 0.002 -16"><span class='ocrx_word' id='word_1_498' title='bbox 312 3790 533 3857; x_wconf 85' lang='lat' dir='ltr'><strong>quidem</strong></span> <span class='ocrx_word' id='word_1_499' title='bbox 560 3790 875 3844; x_wconf 87' lang='lat' dir='ltr'><strong>monasterii</strong></span> <span class='ocrx_word' id='word_1_500' title='bbox 900 3790 1193 3854; x_wconf 85' lang='lat' dir='ltr'><strong>codicibus,</strong></span> <span class='ocrx_word' id='word_1_501' title='bbox 1240 3790 1415 3858; x_wconf 90' lang='lat' dir='ltr'><strong>deque</strong></span> <span class='ocrx_word' id='word_1_502' title='bbox 1441 3792 1675 3845; x_wconf 89' lang='lat' dir='ltr'><strong>bomiliis</strong></span> <span class='ocrx_word' id='word_1_503' title='bbox 1700 3790 1916 3843; x_wconf 83' lang='lat' dir='ltr'><strong>Maximi</strong></span> <span class='ocrx_word' id='word_1_504' title='bbox 1956 3805 2075 3858; x_wconf 77' lang='lat' dir='ltr'><strong>qua:</strong></span> <span class='ocrx_word' id='word_1_505' title='bbox 2103 3788 2206 3841; x_wconf 90' lang='lat' dir='ltr'><strong>illis</strong></span> <span class='ocrx_word' id='word_1_506' title='bbox 2226 3786 2754 3855; x_wconf 86' lang='lat' dir='ltr'><strong>comprehenduntur</strong></span> <span class='ocrx_word' id='word_1_507' title='bbox 2771 3824 2785 3850; x_wconf 94' lang='lat'><strong>,</strong></span> <span class='ocrx_word' id='word_1_508' title='bbox 2825 3786 2975 3838; x_wconf 91' lang='lat' dir='ltr'><strong>alias.</strong></span> <span class='ocrx_word' id='word_1_509' title='bbox 3018 3786 3425 3844; x_wconf 86' lang='lat' dir='ltr'><strong>Beneventanus</strong></span> <span class='ocrx_word' id='word_1_510' title='bbox 3450 3792 3581 3848; x_wconf 88' lang='lat' dir='ltr'><strong>vidit</strong></span> 
     </span>
    </p>
   </div>
   <div class='ocr_carea' id='block_1_40' title="bbox 307 3876 3580 3950">
    <p class='ocr_par' dir='ltr' id='par_1_40' title="bbox 307 3876 3580 3950">
     <span class='ocr_line' id='line_1_40' title="bbox 307 3876 3580 3950; baseline 0.001 -15"><span class='ocrx_word' id='word_1_511' title='bbox 307 3880 619 3950; x_wconf 70' lang='lat' dir='ltr'><strong>Stephanus</strong></span> <span class='ocrx_word' id='word_1_512' title='bbox 655 3881 845 3949; x_wconf 86' lang='lat' dir='ltr'><strong>Borgia</strong></span> <span class='ocrx_word' id='word_1_513' title='bbox 885 3882 1077 3950; x_wconf 65' lang='lat' dir='ltr'><strong>praesul</strong></span> <span class='ocrx_word' id='word_1_514' title='bbox 1117 3897 1238 3935; x_wconf 92' lang='lat' dir='ltr'><strong>cum</strong></span> <span class='ocrx_word' id='word_1_515' title='bbox 1264 3881 1519 3949; x_wconf 90' lang='lat' dir='ltr'><strong>dignitate</strong></span> <span class='ocrx_word' id='word_1_516' title='bbox 1542 3924 1556 3948; x_wconf 89' lang='lat'><strong>,</strong></span> <span class='ocrx_word' id='word_1_517' title='bbox 1609 3890 1720 3935; x_wconf 92' lang='lat' dir='ltr'><strong>tum</strong></span> <span class='ocrx_word' id='word_1_518' title='bbox 1751 3894 1943 3947; x_wconf 85' lang='lat' dir='ltr'><strong>magno</strong></span> <span class='ocrx_word' id='word_1_519' title='bbox 1974 3879 2206 3947; x_wconf 82' lang='lat' dir='ltr'><strong>ingenio,</strong></span> <span class='ocrx_word' id='word_1_520' title='bbox 2256 3891 2450 3945; x_wconf 87' lang='lat' dir='ltr'><strong>magno</strong></span> <span class='ocrx_word' id='word_1_521' title='bbox 2478 3876 2652 3930; x_wconf 90' lang='lat' dir='ltr'><strong>studio</strong></span> <span class='ocrx_word' id='word_1_522' title='bbox 2683 3877 2875 3929; x_wconf 90' lang='lat' dir='ltr'><strong>artium</strong></span> <span class='ocrx_word' id='word_1_523' title='bbox 2907 3877 3250 3947; x_wconf 89' lang='lat' dir='ltr'><strong>optimarum,</strong></span> <span class='ocrx_word' id='word_1_524' title='bbox 3285 3896 3347 3934; x_wconf 88' lang='lat' dir='ltr'><strong>ac</strong></span> <span class='ocrx_word' id='word_1_525' title='bbox 3375 3881 3580 3938; x_wconf 88' lang='lat' dir='ltr'><strong>liberali</strong></span> 
     </span>
    </p>
   </div>
   <div class='ocr_carea' id='block_1_41' title="bbox 306 3966 3580 4043">
    <p class='ocr_par' dir='ltr' id='par_1_41' title="bbox 306 3966 3580 4043">
     <span class='ocr_line' id='line_1_41' title="bbox 306 3966 3580 4043; baseline 0.002 -20"><span class='ocrx_word' id='word_1_526' title='bbox 306 3970 578 4039; x_wconf 85' lang='lat' dir='ltr'><strong>dignaque</strong></span> <span class='ocrx_word' id='word_1_527' title='bbox 623 3971 837 4026; x_wconf 91' lang='lat' dir='ltr'><strong>homine</strong></span> <span class='ocrx_word' id='word_1_528' title='bbox 884 3971 1051 4024; x_wconf 91' lang='lat' dir='ltr'><strong>nobili</strong></span> <span class='ocrx_word' id='word_1_529' title='bbox 1098 3971 1374 4035; x_wconf 85' lang='lat' dir='ltr'><strong>doctrina,</strong></span> <span class='ocrx_word' id='word_1_530' title='bbox 1423 3972 1830 4038; x_wconf 89' lang='lat' dir='ltr'><strong>eruditioneque</strong></span> <span class='ocrx_word' id='word_1_531' title='bbox 1871 3968 2112 4041; x_wconf 84' lang='lat' dir='ltr'><strong>[xxvm]</strong></span> <span class='ocrx_word' id='word_1_532' title='bbox 2161 3977 2451 4036; x_wconf 72' lang='lat' dir='ltr'><strong>prmstans;</strong></span> <span class='ocrx_word' id='word_1_533' title='bbox 2500 3966 2731 4034; x_wconf 89' lang='lat' dir='ltr'><strong>indeque</strong></span> <span class='ocrx_word' id='word_1_534' title='bbox 2759 3968 2923 4021; x_wconf 90' lang='lat' dir='ltr'><strong>multa</strong></span> <span class='ocrx_word' id='word_1_535' title='bbox 2955 3971 3236 4038; x_wconf 87' lang='lat' dir='ltr'><strong>expressit,</strong></span> <span class='ocrx_word' id='word_1_536' title='bbox 3268 3988 3580 4043; x_wconf 83' lang='lat' dir='ltr'><strong>mecumque</strong></span> 
     </span>
    </p>
   </div>
   <div class='ocr_carea' id='block_1_42' title="bbox 311 4048 3578 4133">
    <p class='ocr_par' dir='ltr' id='par_1_42' title="bbox 311 4048 3578 4133">
     <span class='ocr_line' id='line_1_42' title="bbox 311 4048 3578 4133; baseline 0.003 -20"><span class='ocrx_word' id='word_1_537' title='bbox 311 4062 558 4129; x_wconf 86' lang='lat' dir='ltr'><strong>(summa</strong></span> <span class='ocrx_word' id='word_1_538' title='bbox 601 4060 678 4114; x_wconf 87' lang='lat' dir='ltr'><strong>Pii</strong></span> <span class='ocrx_word' id='word_1_539' title='bbox 706 4065 841 4116; x_wconf 87' lang='lat' dir='ltr'><strong>sexti</strong></span> <span class='ocrx_word' id='word_1_540' title='bbox 871 4048 1088 4116; x_wconf 71' lang='lat' dir='ltr'><strong>Maximi</strong></span> <span class='ocrx_word' id='word_1_541' title='bbox 1129 4063 1614 4132; x_wconf 88' lang='lat' dir='ltr'><strong>sapientissimique</strong></span> <span class='ocrx_word' id='word_1_542' title='bbox 1657 4062 1925 4131; x_wconf 87' lang='lat' dir='ltr'><strong>pontiﬁcis</strong></span> <span class='ocrx_word' id='word_1_543' title='bbox 1971 4060 2268 4129; x_wconf 87' lang='lat' dir='ltr'><strong>voluntate)</strong></span> <span class='ocrx_word' id='word_1_544' title='bbox 2318 4059 2769 4114; x_wconf 89' lang='lat' dir='ltr'><strong>communicavit:</strong></span> <span class='ocrx_word' id='word_1_545' title='bbox 2801 4075 2919 4128; x_wconf 70' lang='lat' dir='ltr'><strong>qum</strong></span> <span class='ocrx_word' id='word_1_546' title='bbox 2947 4064 3133 4130; x_wconf 87' lang='lat' dir='ltr'><strong>quanti</strong></span> <span class='ocrx_word' id='word_1_547' title='bbox 3162 4065 3301 4133; x_wconf 88' lang='lat' dir='ltr'><strong>sint,</strong></span> <span class='ocrx_word' id='word_1_548' title='bbox 3335 4066 3578 4123; x_wconf 73' lang='lat' dir='ltr'><strong>admoni-</strong></span> 
     </span>
    </p>
   </div>
   <div class='ocr_carea' id='block_1_43' title="bbox 309 4152 2069 4224">
    <p class='ocr_par' dir='ltr' id='par_1_43' title="bbox 309 4152 2069 4224">
     <span class='ocr_line' id='line_1_43' title="bbox 309 4152 2069 4224; baseline -0.001 -19"><span class='ocrx_word' id='word_1_549' title='bbox 309 4152 483 4206; x_wconf 87' lang='lat' dir='ltr'><strong>tiones</strong></span> <span class='ocrx_word' id='word_1_550' title='bbox 512 4153 638 4221; x_wconf 71' lang='lat' dir='ltr'><strong>ipsa:</strong></span> <span class='ocrx_word' id='word_1_551' title='bbox 666 4161 863 4207; x_wconf 72' lang='lat' dir='ltr'><strong>nostra:</strong></span> <span class='ocrx_word' id='word_1_552' title='bbox 892 4156 1374 4223; x_wconf 88' lang='lat' dir='ltr'><strong>annotationesque</strong></span> <span class='ocrx_word' id='word_1_553' title='bbox 1400 4154 1654 4224; x_wconf 91' lang='lat' dir='ltr'><strong>pandent,</strong></span> <span class='ocrx_word' id='word_1_554' title='bbox 1688 4152 1781 4206; x_wconf 92' lang='lat' dir='ltr'><strong>sed</strong></span> <span class='ocrx_word' id='word_1_555' title='bbox 1810 4160 2069 4221; x_wconf 84' lang='lat' dir='ltr'><strong>tempore.</strong></span> 
     </span>
    </p>
   </div>
   <div class='ocr_carea' id='block_1_44' title="bbox 374 4238 3575 4310">
    <p class='ocr_par' dir='ltr' id='par_1_44' title="bbox 374 4238 3575 4310">
     <span class='ocr_line' id='line_1_44' title="bbox 374 4238 3575 4310; baseline 0.002 -16"><span class='ocrx_word' id='word_1_556' title='bbox 374 4240 516 4294; x_wconf 76' lang='lat' dir='ltr'><strong>XXI.</strong></span> <span class='ocrx_word' id='word_1_557' title='bbox 559 4241 741 4310; x_wconf 88' lang='lat' dir='ltr'><strong>Longe</strong></span> <span class='ocrx_word' id='word_1_558' title='bbox 768 4244 974 4297; x_wconf 76' lang='lat' dir='ltr'><strong>caeteris</strong></span> <span class='ocrx_word' id='word_1_559' title='bbox 1019 4245 1470 4299; x_wconf 88' lang='lat' dir='ltr'><strong>monasteriorum</strong></span> <span class='ocrx_word' id='word_1_560' title='bbox 1518 4242 1830 4304; x_wconf 88' lang='lat' dir='ltr'><strong>tabulariis,</strong></span> <span class='ocrx_word' id='word_1_561' title='bbox 1882 4248 1939 4293; x_wconf 90' lang='lat' dir='ltr'><strong>ut</strong></span> <span class='ocrx_word' id='word_1_562' title='bbox 1986 4240 2335 4309; x_wconf 79' lang='lat' dir='ltr'><strong>amplitudine</strong></span> <span class='ocrx_word' id='word_1_563' title='bbox 2376 4238 2515 4301; x_wconf 90' lang='lat' dir='ltr'><strong>loci,</strong></span> <span class='ocrx_word' id='word_1_564' title='bbox 2558 4238 2629 4290; x_wconf 89' lang='lat' dir='ltr'><strong>ita</strong></span> <span class='ocrx_word' id='word_1_565' title='bbox 2666 4239 3004 4307; x_wconf 52' lang='lat' dir='ltr'><strong>praestantia,</strong></span> <span class='ocrx_word' id='word_1_566' title='bbox 3038 4242 3303 4310; x_wconf 88' lang='lat' dir='ltr'><strong>copiaque</strong></span> <span class='ocrx_word' id='word_1_567' title='bbox 3330 4243 3575 4300; x_wconf 89' lang='lat' dir='ltr'><strong>codicum</strong></span> 
     </span>
    </p>
   </div>
   <div class='ocr_carea' id='block_1_45' title="bbox 303 4326 3573 4402">
    <p class='ocr_par' dir='ltr' id='par_1_45' title="bbox 303 4326 3573 4402">
     <span class='ocr_line' id='line_1_45' title="bbox 303 4326 3573 4402; baseline 0 -16"><span class='ocrx_word' id='word_1_568' title='bbox 303 4333 575 4387; x_wconf 84' lang='lat' dir='ltr'><strong>antecedit</strong></span> <span class='ocrx_word' id='word_1_569' title='bbox 603 4334 731 4388; x_wconf 91' lang='lat' dir='ltr'><strong>illud</strong></span> <span class='ocrx_word' id='word_1_570' title='bbox 755 4375 770 4400; x_wconf 91' lang='lat'><strong>,</strong></span> <span class='ocrx_word' id='word_1_571' title='bbox 820 4333 964 4402; x_wconf 90' lang='lat' dir='ltr'><strong>quod</strong></span> <span class='ocrx_word' id='word_1_572' title='bbox 1010 4334 1066 4387; x_wconf 90' lang='lat' dir='ltr'><strong>in</strong></span> <span class='ocrx_word' id='word_1_573' title='bbox 1114 4335 1362 4389; x_wconf 71' lang='lat' dir='ltr'><strong>emnobio</strong></span> <span class='ocrx_word' id='word_1_574' title='bbox 1412 4341 1494 4387; x_wconf 89' lang='lat' dir='ltr'><strong>est</strong></span> <span class='ocrx_word' id='word_1_575' title='bbox 1539 4331 1848 4397; x_wconf 89' lang='lat' dir='ltr'><strong>Casinensi;</strong></span> <span class='ocrx_word' id='word_1_576' title='bbox 1880 4348 1988 4401; x_wconf 88' lang='lat' dir='ltr'><strong>quo</strong></span> <span class='ocrx_word' id='word_1_577' title='bbox 2018 4346 2085 4384; x_wconf 85' lang='lat' dir='ltr'><strong>ex</strong></span> <span class='ocrx_word' id='word_1_578' title='bbox 2111 4327 2357 4384; x_wconf 89' lang='lat' dir='ltr'><strong>coenobio</strong></span> <span class='ocrx_word' id='word_1_579' title='bbox 2387 4327 2699 4396; x_wconf 73' lang='lat' dir='ltr'><strong>pneclaram</strong></span> <span class='ocrx_word' id='word_1_580' title='bbox 2729 4326 2990 4395; x_wconf 88' lang='lat' dir='ltr'><strong>originem</strong></span> <span class='ocrx_word' id='word_1_581' title='bbox 3010 4367 3024 4391; x_wconf 91' lang='lat'><strong>,</strong></span> <span class='ocrx_word' id='word_1_582' title='bbox 3060 4330 3347 4397; x_wconf 87' lang='lat' dir='ltr'><strong>nobileque</strong></span> <span class='ocrx_word' id='word_1_583' title='bbox 3377 4347 3573 4387; x_wconf 89' lang='lat' dir='ltr'><strong>nomen</strong></span> 
     </span>
    </p>
   </div>
   <div class='ocr_carea' id='block_1_46' title="bbox 302 4417 3566 4492">
    <p class='ocr_par' dir='ltr' id='par_1_46' title="bbox 302 4417 3566 4492">
     <span class='ocr_line' id='line_1_46' title="bbox 302 4417 3566 4492; baseline -0.001 -16"><span class='ocrx_word' id='word_1_584' title='bbox 302 4423 573 4492; x_wconf 69' lang='lat' dir='ltr'><strong>prmcipua</strong></span> <span class='ocrx_word' id='word_1_585' title='bbox 619 4425 965 4492; x_wconf 86' lang='lat' dir='ltr'><strong>congregatio</strong></span> <span class='ocrx_word' id='word_1_586' title='bbox 1009 4425 1393 4479; x_wconf 90' lang='lat' dir='ltr'><strong>monachorum</strong></span> <span class='ocrx_word' id='word_1_587' title='bbox 1442 4423 1911 4477; x_wconf 91' lang='lat' dir='ltr'><strong>Benedictinorum</strong></span> <span class='ocrx_word' id='word_1_588' title='bbox 1953 4421 2122 4475; x_wconf 82' lang='lat' dir='ltr'><strong>duxit.</strong></span> <span class='ocrx_word' id='word_1_589' title='bbox 2183 4418 2348 4488; x_wconf 87' lang='lat' dir='ltr'><strong>Cujus</strong></span> <span class='ocrx_word' id='word_1_590' title='bbox 2377 4418 2592 4486; x_wconf 90' lang='lat' dir='ltr'><strong>quidem</strong></span> <span class='ocrx_word' id='word_1_591' title='bbox 2620 4417 2813 4471; x_wconf 90' lang='lat' dir='ltr'><strong>decora</strong></span> <span class='ocrx_word' id='word_1_592' title='bbox 2838 4458 2850 4481; x_wconf 93' lang='lat'><strong>,</strong></span> <span class='ocrx_word' id='word_1_593' title='bbox 2886 4431 2953 4470; x_wconf 90' lang='lat' dir='ltr'><strong>ne</strong></span> <span class='ocrx_word' id='word_1_594' title='bbox 2983 4418 3224 4485; x_wconf 90' lang='lat' dir='ltr'><strong>pluribus</strong></span> <span class='ocrx_word' id='word_1_595' title='bbox 3253 4434 3566 4489; x_wconf 84' lang='lat' dir='ltr'><strong>persequar,</strong></span> 
     </span>
    </p>
   </div>
   <div class='ocr_carea' id='block_1_47' title="bbox 302 4506 3569 4583">
    <p class='ocr_par' dir='ltr' id='par_1_47' title="bbox 302 4506 3569 4583">
     <span class='ocr_line' id='line_1_47' title="bbox 302 4506 3569 4583; baseline 0.001 -21"><span class='ocrx_word' id='word_1_596' title='bbox 302 4524 468 4577; x_wconf 89' lang='lat' dir='ltr'><strong>quam</strong></span> <span class='ocrx_word' id='word_1_597' title='bbox 496 4518 551 4565; x_wconf 90' lang='lat' dir='ltr'><strong>et</strong></span> <span class='ocrx_word' id='word_1_598' title='bbox 579 4511 759 4574; x_wconf 89' lang='lat' dir='ltr'><strong>velim,</strong></span> <span class='ocrx_word' id='word_1_599' title='bbox 791 4521 847 4566; x_wconf 91' lang='lat' dir='ltr'><strong>et</strong></span> <span class='ocrx_word' id='word_1_600' title='bbox 873 4528 1000 4567; x_wconf 88' lang='lat' dir='ltr'><strong>vero</strong></span> <span class='ocrx_word' id='word_1_601' title='bbox 1030 4513 1250 4583; x_wconf 88' lang='lat' dir='ltr'><strong>possim,</strong></span> <span class='ocrx_word' id='word_1_602' title='bbox 1281 4513 1518 4567; x_wconf 83' lang='lat' dir='ltr'><strong>deterret</strong></span> <span class='ocrx_word' id='word_1_603' title='bbox 1545 4528 1630 4566; x_wconf 90' lang='lat' dir='ltr'><strong>me</strong></span> <span class='ocrx_word' id='word_1_604' title='bbox 1659 4512 1837 4579; x_wconf 87' lang='lat' dir='ltr'><strong>magni</strong></span> <span class='ocrx_word' id='word_1_605' title='bbox 1878 4511 2111 4564; x_wconf 89' lang='lat' dir='ltr'><strong>nominis</strong></span> <span class='ocrx_word' id='word_1_606' title='bbox 2138 4510 2458 4578; x_wconf 89' lang='lat' dir='ltr'><strong>scriptorum</strong></span> <span class='ocrx_word' id='word_1_607' title='bbox 2495 4506 2785 4562; x_wconf 90' lang='lat' dir='ltr'><strong>Christiani</strong></span> <span class='ocrx_word' id='word_1_608' title='bbox 2814 4507 2981 4578; x_wconf 88' lang='lat' dir='ltr'><strong>Lupi,</strong></span> <span class='ocrx_word' id='word_1_609' title='bbox 3006 4507 3229 4563; x_wconf 86' lang='lat' dir='ltr'><strong>Joannis</strong></span> <span class='ocrx_word' id='word_1_610' title='bbox 3258 4508 3569 4578; x_wconf 88' lang='lat' dir='ltr'><strong>Mabillonii,</strong></span> 
     </span>
    </p>
   </div>
   <div class='ocr_carea' id='block_1_48' title="bbox 302 4597 3565 4669">
    <p class='ocr_par' dir='ltr' id='par_1_48' title="bbox 302 4597 3565 4669">
     <span class='ocr_line' id='line_1_48' title="bbox 302 4597 3565 4669; baseline 0.001 -18"><span class='ocrx_word' id='word_1_611' title='bbox 302 4598 561 4652; x_wconf 87' lang='lat' dir='ltr'><strong>Bernardi</strong></span> <span class='ocrx_word' id='word_1_612' title='bbox 608 4600 973 4655; x_wconf 79' lang='lat' dir='ltr'><strong>Montfauconi</strong></span> <span class='ocrx_word' id='word_1_613' title='bbox 997 4642 1011 4666; x_wconf 92' lang='lat'><strong>,</strong></span> <span class='ocrx_word' id='word_1_614' title='bbox 1054 4602 1387 4669; x_wconf 90' lang='lat' dir='ltr'><strong>aliorumque</strong></span> <span class='ocrx_word' id='word_1_615' title='bbox 1427 4602 1753 4656; x_wconf 89' lang='lat' dir='ltr'><strong>existimatio</strong></span> <span class='ocrx_word' id='word_1_616' title='bbox 1802 4608 1964 4668; x_wconf 88' lang='lat' dir='ltr'><strong>atque</strong></span> <span class='ocrx_word' id='word_1_617' title='bbox 2013 4598 2296 4653; x_wconf 89' lang='lat' dir='ltr'><strong>celebritas</strong></span> <span class='ocrx_word' id='word_1_618' title='bbox 2322 4638 2335 4662; x_wconf 96' lang='lat'><strong>,</strong></span> <span class='ocrx_word' id='word_1_619' title='bbox 2385 4598 2475 4667; x_wconf 91' lang='lat' dir='ltr'><strong>qui</strong></span> <span class='ocrx_word' id='word_1_620' title='bbox 2523 4612 2585 4651; x_wconf 92' lang='lat' dir='ltr'><strong>ea</strong></span> <span class='ocrx_word' id='word_1_621' title='bbox 2620 4597 2698 4651; x_wconf 90' lang='lat' dir='ltr'><strong>sic</strong></span> <span class='ocrx_word' id='word_1_622' title='bbox 2727 4598 2972 4652; x_wconf 92' lang='lat' dir='ltr'><strong>oratione</strong></span> <span class='ocrx_word' id='word_1_623' title='bbox 3012 4599 3361 4663; x_wconf 85' lang='lat' dir='ltr'><strong>illustrarunt,</strong></span> <span class='ocrx_word' id='word_1_624' title='bbox 3396 4607 3451 4652; x_wconf 93' lang='lat' dir='ltr'><strong>ut</strong></span> <span class='ocrx_word' id='word_1_625' title='bbox 3479 4601 3565 4668; x_wconf 89' lang='lat' dir='ltr'><strong>qui</strong></span> 
     </span>
    </p>
   </div>
   <div class='ocr_carea' id='block_1_49' title="bbox 299 4688 3568 4762">
    <p class='ocr_par' dir='ltr' id='par_1_49' title="bbox 299 4688 3568 4762">
     <span class='ocr_line' id='line_1_49' title="bbox 299 4688 3568 4762; baseline 0 -18"><span class='ocrx_word' id='word_1_626' title='bbox 299 4704 517 4745; x_wconf 83' lang='lat' dir='ltr'><strong>rursum</strong></span> <span class='ocrx_word' id='word_1_627' title='bbox 546 4691 614 4744; x_wconf 92' lang='lat' dir='ltr'><strong>de</strong></span> <span class='ocrx_word' id='word_1_628' title='bbox 636 4691 700 4745; x_wconf 90' lang='lat' dir='ltr'><strong>iis</strong></span> <span class='ocrx_word' id='word_1_629' title='bbox 729 4706 887 4760; x_wconf 88' lang='lat' dir='ltr'><strong>agere</strong></span> <span class='ocrx_word' id='word_1_630' title='bbox 918 4692 1226 4757; x_wconf 91' lang='lat' dir='ltr'><strong>instituerit,</strong></span> <span class='ocrx_word' id='word_1_631' title='bbox 1256 4693 1302 4746; x_wconf 91' lang='lat' dir='ltr'><strong>is</strong></span> <span class='ocrx_word' id='word_1_632' title='bbox 1325 4700 1519 4762; x_wconf 75' lang='lat' dir='ltr'><strong>Sparta:</strong></span> <span class='ocrx_word' id='word_1_633' title='bbox 1542 4694 1755 4761; x_wconf 88' lang='lat' dir='ltr'><strong>egregie</strong></span> <span class='ocrx_word' id='word_1_634' title='bbox 1775 4700 2052 4746; x_wconf 78' lang='lat' dir='ltr'><strong>exornatae</strong></span> <span class='ocrx_word' id='word_1_635' title='bbox 2083 4707 2189 4744; x_wconf 90' lang='lat' dir='ltr'><strong>non</strong></span> <span class='ocrx_word' id='word_1_636' title='bbox 2216 4697 2325 4742; x_wconf 90' lang='lat' dir='ltr'><strong>tam</strong></span> <span class='ocrx_word' id='word_1_637' title='bbox 2355 4688 2646 4757; x_wconf 88' lang='lat' dir='ltr'><strong>quidquam</strong></span> <span class='ocrx_word' id='word_1_638' title='bbox 2677 4688 2871 4742; x_wconf 90' lang='lat' dir='ltr'><strong>addere</strong></span> <span class='ocrx_word' id='word_1_639' title='bbox 2900 4696 3335 4742; x_wconf 88' lang='lat' dir='ltr'><strong>ornamentorum</strong></span> <span class='ocrx_word' id='word_1_640' title='bbox 3362 4727 3375 4750; x_wconf 96' lang='lat'><strong>,</strong></span> <span class='ocrx_word' id='word_1_641' title='bbox 3406 4704 3568 4757; x_wconf 90' lang='lat' dir='ltr'><strong>quam</strong></span> 
     </span>
    </p>
   </div>
   <div class='ocr_carea' id='block_1_50' title="bbox 295 4779 3571 4853">
    <p class='ocr_par' dir='ltr' id='par_1_50' title="bbox 295 4779 3571 4853">
     <span class='ocr_line' id='line_1_50' title="bbox 295 4779 3571 4853; baseline 0 -18"><span class='ocrx_word' id='word_1_642' title='bbox 295 4781 586 4837; x_wconf 87' lang='lat' dir='ltr'><strong>detrahere</strong></span> <span class='ocrx_word' id='word_1_643' title='bbox 634 4784 771 4837; x_wconf 86' lang='lat' dir='ltr'><strong>velle</strong></span> <span class='ocrx_word' id='word_1_644' title='bbox 821 4783 1085 4838; x_wconf 88' lang='lat' dir='ltr'><strong>videatur.</strong></span> <span class='ocrx_word' id='word_1_645' title='bbox 1138 4784 1322 4853; x_wconf 90' lang='lat' dir='ltr'><strong>Itaque</strong></span> <span class='ocrx_word' id='word_1_646' title='bbox 1367 4785 1429 4839; x_wconf 91' lang='lat' dir='ltr'><strong>iis</strong></span> <span class='ocrx_word' id='word_1_647' title='bbox 1476 4792 1682 4837; x_wconf 87' lang='lat' dir='ltr'><strong>tantum</strong></span> <span class='ocrx_word' id='word_1_648' title='bbox 1730 4784 2006 4837; x_wconf 90' lang='lat' dir='ltr'><strong>codicibus</strong></span> <span class='ocrx_word' id='word_1_649' title='bbox 2052 4782 2166 4851; x_wconf 87' lang='lat' dir='ltr'><strong>ejus</strong></span> <span class='ocrx_word' id='word_1_650' title='bbox 2214 4780 2463 4835; x_wconf 90' lang='lat' dir='ltr'><strong>tabularii</strong></span> <span class='ocrx_word' id='word_1_651' title='bbox 2508 4787 2791 4834; x_wconf 85' lang='lat' dir='ltr'><strong>contentus</strong></span> <span class='ocrx_word' id='word_1_652' title='bbox 2820 4794 2933 4839; x_wconf 88' lang='lat' dir='ltr'><strong>ero,</strong></span> <span class='ocrx_word' id='word_1_653' title='bbox 2968 4779 3021 4831; x_wconf 91' lang='lat' dir='ltr'><strong>in</strong></span> <span class='ocrx_word' id='word_1_654' title='bbox 3052 4779 3244 4846; x_wconf 88' lang='lat' dir='ltr'><strong>quibus</strong></span> <span class='ocrx_word' id='word_1_655' title='bbox 3274 4780 3340 4833; x_wconf 88' lang='lat' dir='ltr'><strong>sit</strong></span> <span class='ocrx_word' id='word_1_656' title='bbox 3370 4780 3571 4849; x_wconf 86' lang='lat' dir='ltr'><strong>aliquid</strong></span> 
     </span>
    </p>
   </div>
   <div class='ocr_carea' id='block_1_51' title="bbox 292 4867 3567 4944">
    <p class='ocr_par' dir='ltr' id='par_1_51' title="bbox 292 4867 3567 4944">
     <span class='ocr_line' id='line_1_51' title="bbox 292 4867 3567 4944; baseline 0 -17"><span class='ocrx_word' id='word_1_657' title='bbox 292 4874 445 4942; x_wconf 86' lang='lat' dir='ltr'><strong>quod</strong></span> <span class='ocrx_word' id='word_1_658' title='bbox 494 4874 561 4927; x_wconf 92' lang='lat' dir='ltr'><strong>ad</strong></span> <span class='ocrx_word' id='word_1_659' title='bbox 608 4876 906 4941; x_wconf 87' lang='lat' dir='ltr'><strong>augendam</strong></span> <span class='ocrx_word' id='word_1_660' title='bbox 932 4914 948 4939; x_wconf 95' lang='lat'><strong>,</strong></span> <span class='ocrx_word' id='word_1_661' title='bbox 995 4875 1462 4944; x_wconf 87' lang='lat' dir='ltr'><strong>ampliﬁcandam,</strong></span> <span class='ocrx_word' id='word_1_662' title='bbox 1512 4874 1890 4944; x_wconf 89' lang='lat' dir='ltr'><strong>perﬁciendam</strong></span> <span class='ocrx_word' id='word_1_663' title='bbox 1933 4873 2223 4927; x_wconf 91' lang='lat' dir='ltr'><strong>editionem</strong></span> <span class='ocrx_word' id='word_1_664' title='bbox 2274 4887 2499 4941; x_wconf 90' lang='lat' dir='ltr'><strong>operum</strong></span> <span class='ocrx_word' id='word_1_665' title='bbox 2542 4870 2757 4923; x_wconf 86' lang='lat' dir='ltr'><strong>Maximi</strong></span> <span class='ocrx_word' id='word_1_666' title='bbox 2792 4868 3051 4923; x_wconf 79' lang='lat' dir='ltr'><strong>conferat.</strong></span> <span class='ocrx_word' id='word_1_667' title='bbox 3111 4867 3344 4923; x_wconf 88' lang='lat' dir='ltr'><strong>Primum</strong></span> <span class='ocrx_word' id='word_1_668' title='bbox 3388 4879 3567 4927; x_wconf 88' lang='lat' dir='ltr'><strong>autem</strong></span> 
     </span>
    </p>
   </div>
   <div class='ocr_carea' id='block_1_52' title="bbox 291 4959 3566 5036">
    <p class='ocr_par' dir='ltr' id='par_1_52' title="bbox 291 4959 3566 5036">
     <span class='ocr_line' id='line_1_52' title="bbox 291 4959 3566 5036; baseline 0 -17"><span class='ocrx_word' id='word_1_669' title='bbox 291 4967 535 5020; x_wconf 86' lang='lat' dir='ltr'><strong>omnium</strong></span> <span class='ocrx_word' id='word_1_670' title='bbox 564 4968 668 5021; x_wconf 89' lang='lat' dir='ltr'><strong>hoc</strong></span> <span class='ocrx_word' id='word_1_671' title='bbox 705 4969 880 5021; x_wconf 90' lang='lat' dir='ltr'><strong>sciant</strong></span> <span class='ocrx_word' id='word_1_672' title='bbox 920 4967 1169 5032; x_wconf 89' lang='lat' dir='ltr'><strong>lectores,</strong></span> <span class='ocrx_word' id='word_1_673' title='bbox 1204 4968 1326 5021; x_wconf 89' lang='lat' dir='ltr'><strong>volo</strong></span> <span class='ocrx_word' id='word_1_674' title='bbox 1352 4986 1365 5021; x_wconf 73' lang='grc' dir='ltr'>ε</span> <span class='ocrx_word' id='word_1_675' title='bbox 1392 4967 1699 5036; x_wconf 67' lang='lat' dir='ltr'><strong>praefectum</strong></span> <span class='ocrx_word' id='word_1_676' title='bbox 1732 4966 1779 5019; x_wconf 91' lang='lat' dir='ltr'><strong>ei</strong></span> <span class='ocrx_word' id='word_1_677' title='bbox 1814 4965 2075 5018; x_wconf 91' lang='lat' dir='ltr'><strong>tabulario</strong></span> <span class='ocrx_word' id='word_1_678' title='bbox 2105 4962 2166 5015; x_wconf 86' lang='lat' dir='ltr'><strong>P.</strong></span> <span class='ocrx_word' id='word_1_679' title='bbox 2200 4963 2260 5016; x_wconf 88' lang='lat' dir='ltr'><strong>D.</strong></span> <span class='ocrx_word' id='word_1_680' title='bbox 2286 4961 2559 5018; x_wconf 85' lang='lat' dir='ltr'><strong>Placidum</strong></span> <span class='ocrx_word' id='word_1_681' title='bbox 2588 4960 2916 5015; x_wconf 87' lang='lat' dir='ltr'><strong>Fedcricium</strong></span> <span class='ocrx_word' id='word_1_682' title='bbox 2947 4959 3129 5029; x_wconf 79' lang='lat' dir='ltr'><strong>inclyti</strong></span> <span class='ocrx_word' id='word_1_683' title='bbox 3159 4961 3360 5017; x_wconf 90' lang='lat' dir='ltr'><strong>ordinis</strong></span> <span class='ocrx_word' id='word_1_684' title='bbox 3386 4963 3566 5020; x_wconf 82' lang='lat' dir='ltr'><strong>Sancti</strong></span> 
     </span>
    </p>
   </div>
   <div class='ocr_carea' id='block_1_53' title="bbox 291 5050 3564 5128">
    <p class='ocr_par' dir='ltr' id='par_1_53' title="bbox 291 5050 3564 5128">
     <span class='ocr_line' id='line_1_53' title="bbox 291 5050 3564 5128; baseline 0 -17"><span class='ocrx_word' id='word_1_685' title='bbox 291 5056 571 5112; x_wconf 82' lang='lat' dir='ltr'><strong>Benedicti</strong></span> <span class='ocrx_word' id='word_1_686' title='bbox 616 5051 936 5113; x_wconf 75' lang='lat' dir='ltr'><strong>monadhum</strong></span> <span class='ocrx_word' id='word_1_687' title='bbox 984 5060 1251 5128; x_wconf 89' lang='lat' dir='ltr'><strong>exquisita</strong></span> <span class='ocrx_word' id='word_1_688' title='bbox 1290 5060 1591 5113; x_wconf 88' lang='lat' dir='ltr'><strong>eruditione</strong></span> <span class='ocrx_word' id='word_1_689' title='bbox 1614 5099 1628 5123; x_wconf 96' lang='lat'><strong>,</strong></span> <span class='ocrx_word' id='word_1_690' title='bbox 1661 5050 2023 5126; x_wconf 83' lang='lat' dir='ltr'><strong>singularique</strong></span> <span class='ocrx_word' id='word_1_691' title='bbox 2052 5057 2249 5111; x_wconf 77' lang='lat' dir='ltr'><strong>critica:</strong></span> <span class='ocrx_word' id='word_1_692' title='bbox 2279 5057 2407 5110; x_wconf 90' lang='lat' dir='ltr'><strong>artis</strong></span> <span class='ocrx_word' id='word_1_693' title='bbox 2433 5055 2621 5125; x_wconf 89' lang='lat' dir='ltr'><strong>peritia</strong></span> <span class='ocrx_word' id='word_1_694' title='bbox 2652 5052 3070 5122; x_wconf 57' lang='lat' dir='ltr'><strong>praecellentem,</strong></span> <span class='ocrx_word' id='word_1_695' title='bbox 3104 5054 3284 5107; x_wconf 91' lang='lat' dir='ltr'><strong>statim</strong></span> <span class='ocrx_word' id='word_1_696' title='bbox 3312 5064 3472 5126; x_wconf 89' lang='lat' dir='ltr'><strong>atque</strong></span> <span class='ocrx_word' id='word_1_697' title='bbox 3500 5072 3564 5111; x_wconf 87' lang='lat' dir='ltr'><strong>ex</strong></span> 
     </span>
    </p>
   </div>
   <div class='ocr_carea' id='block_1_54' title="bbox 293 5144 3564 5221">
    <p class='ocr_par' dir='ltr' id='par_1_54' title="bbox 293 5144 3564 5221">
     <span class='ocr_line' id='line_1_54' title="bbox 293 5144 3564 5221; baseline 0.002 -19"><span class='ocrx_word' id='word_1_698' title='bbox 293 5147 575 5217; x_wconf 86' lang='lat' dir='ltr'><strong>Stephano</strong></span> <span class='ocrx_word' id='word_1_699' title='bbox 615 5149 807 5217; x_wconf 88' lang='lat' dir='ltr'><strong>Borgia</strong></span> <span class='ocrx_word' id='word_1_700' title='bbox 856 5152 1081 5221; x_wconf 70' lang='lat' dir='ltr'><strong>prmsule</strong></span> <span class='ocrx_word' id='word_1_701' title='bbox 1103 5192 1117 5217; x_wconf 96' lang='lat'><strong>,</strong></span> <span class='ocrx_word' id='word_1_702' title='bbox 1167 5166 1326 5219; x_wconf 87' lang='lat' dir='ltr'><strong>quem</strong></span> <span class='ocrx_word' id='word_1_703' title='bbox 1374 5166 1584 5206; x_wconf 84' lang='lat' dir='ltr'><strong>rursum</strong></span> <span class='ocrx_word' id='word_1_704' title='bbox 1612 5152 1833 5206; x_wconf 87' lang='lat' dir='ltr'><strong>honoris</strong></span> <span class='ocrx_word' id='word_1_705' title='bbox 1861 5165 2022 5205; x_wconf 87' lang='lat' dir='ltr'><strong>causa</strong></span> <span class='ocrx_word' id='word_1_706' title='bbox 2053 5151 2291 5214; x_wconf 89' lang='lat' dir='ltr'><strong>nomino,</strong></span> <span class='ocrx_word' id='word_1_707' title='bbox 2324 5148 2614 5211; x_wconf 86' lang='lat' dir='ltr'><strong>intellexit,</strong></span> <span class='ocrx_word' id='word_1_708' title='bbox 2643 5161 2761 5200; x_wconf 87' lang='lat' dir='ltr'><strong>esse</strong></span> <span class='ocrx_word' id='word_1_709' title='bbox 2791 5144 2886 5199; x_wconf 84' lang='lat' dir='ltr'><strong>Pio</strong></span> <span class='ocrx_word' id='word_1_710' title='bbox 2916 5155 3071 5201; x_wconf 87' lang='lat' dir='ltr'><strong>sexto</strong></span> <span class='ocrx_word' id='word_1_711' title='bbox 3100 5146 3386 5205; x_wconf 88' lang='lat' dir='ltr'><strong>Christiani</strong></span> <span class='ocrx_word' id='word_1_712' title='bbox 3418 5152 3564 5208; x_wconf 88' lang='lat' dir='ltr'><strong>orbis</strong></span> 
     </span>
    </p>
   </div>
   <div class='ocr_carea' id='block_1_55' title="bbox 290 5236 3562 5309">
    <p class='ocr_par' dir='ltr' id='par_1_55' title="bbox 290 5236 3562 5309">
     <span class='ocr_line' id='line_1_55' title="bbox 290 5236 3562 5309; baseline 0.002 -19"><span class='ocrx_word' id='word_1_713' title='bbox 290 5238 536 5292; x_wconf 82' lang='lat' dir='ltr'><strong>universi</strong></span> <span class='ocrx_word' id='word_1_714' title='bbox 564 5240 804 5308; x_wconf 86' lang='lat' dir='ltr'><strong>pontiﬁci</strong></span> <span class='ocrx_word' id='word_1_715' title='bbox 844 5242 1191 5296; x_wconf 87' lang='lat' dir='ltr'><strong>vehementer</strong></span> <span class='ocrx_word' id='word_1_716' title='bbox 1237 5242 1383 5295; x_wconf 91' lang='lat' dir='ltr'><strong>cordi</strong></span> <span class='ocrx_word' id='word_1_717' title='bbox 1409 5280 1423 5304; x_wconf 91' lang='lat'><strong>,</strong></span> <span class='ocrx_word' id='word_1_718' title='bbox 1472 5248 1530 5294; x_wconf 90' lang='lat' dir='ltr'><strong>ut</strong></span> <span class='ocrx_word' id='word_1_719' title='bbox 1557 5241 1789 5295; x_wconf 73' lang='lat' dir='ltr'><strong>humilia:</strong></span> <span class='ocrx_word' id='word_1_720' title='bbox 1818 5255 2201 5309; x_wconf 91' lang='lat' dir='ltr'><strong>sermonesque</strong></span> <span class='ocrx_word' id='word_1_721' title='bbox 2240 5241 2410 5294; x_wconf 88' lang='lat' dir='ltr'><strong>sancti</strong></span> <span class='ocrx_word' id='word_1_722' title='bbox 2444 5237 2658 5291; x_wconf 86' lang='lat' dir='ltr'><strong>Maximi</strong></span> <span class='ocrx_word' id='word_1_723' title='bbox 2687 5236 2925 5306; x_wconf 89' lang='lat' dir='ltr'><strong>episcopi</strong></span> <span class='ocrx_word' id='word_1_724' title='bbox 2956 5236 3299 5295; x_wconf 86' lang='lat' dir='ltr'><strong>Taurinensis</strong></span> <span class='ocrx_word' id='word_1_725' title='bbox 3326 5243 3562 5298; x_wconf 85' lang='lat' dir='ltr'><strong>studiose</strong></span> 
     </span>
    </p>
   </div>
   <div class='ocr_carea' id='block_1_56' title="bbox 284 5327 3562 5403">
    <p class='ocr_par' dir='ltr' id='par_1_56' title="bbox 284 5327 3562 5403">
     <span class='ocr_line' id='line_1_56' title="bbox 284 5327 3562 5403; baseline 0.001 -18"><span class='ocrx_word' id='word_1_726' title='bbox 284 5330 700 5399; x_wconf 88' lang='lat' dir='ltr'><strong>colligerentur,</strong></span> <span class='ocrx_word' id='word_1_727' title='bbox 752 5333 912 5400; x_wconf 88' lang='lat' dir='ltr'><strong>inque</strong></span> <span class='ocrx_word' id='word_1_728' title='bbox 957 5334 1223 5403; x_wconf 88' lang='lat' dir='ltr'><strong>publicam</strong></span> <span class='ocrx_word' id='word_1_729' title='bbox 1273 5334 1445 5387; x_wconf 82' lang='lat' dir='ltr'><strong>lucem</strong></span> <span class='ocrx_word' id='word_1_730' title='bbox 1494 5348 1705 5386; x_wconf 89' lang='lat' dir='ltr'><strong>rursum</strong></span> <span class='ocrx_word' id='word_1_731' title='bbox 1754 5332 2148 5395; x_wconf 82' lang='lat' dir='ltr'><strong>emitterentur,</strong></span> <span class='ocrx_word' id='word_1_732' title='bbox 2197 5346 2354 5400; x_wconf 89' lang='lat' dir='ltr'><strong>quam</strong></span> <span class='ocrx_word' id='word_1_733' title='bbox 2409 5327 2522 5382; x_wconf 90' lang='lat' dir='ltr'><strong>ﬁeri</strong></span> <span class='ocrx_word' id='word_1_734' title='bbox 2550 5327 2807 5396; x_wconf 88' lang='lat' dir='ltr'><strong>castigate</strong></span> <span class='ocrx_word' id='word_1_735' title='bbox 2838 5337 3047 5399; x_wconf 92' lang='lat' dir='ltr'><strong>posset;</strong></span> <span class='ocrx_word' id='word_1_736' title='bbox 3082 5332 3213 5385; x_wconf 89' lang='lat' dir='ltr'><strong>nihil</strong></span> <span class='ocrx_word' id='word_1_737' title='bbox 3242 5341 3347 5385; x_wconf 90' lang='lat' dir='ltr'><strong>tam</strong></span> <span class='ocrx_word' id='word_1_738' title='bbox 3375 5333 3562 5387; x_wconf 89' lang='lat' dir='ltr'><strong>habuit</strong></span> 
     </span>
    </p>
   </div>
   <div class='ocr_carea' id='block_1_57' title="bbox 280 5418 3559 5493">
    <p class='ocr_par' dir='ltr' id='par_1_57' title="bbox 280 5418 3559 5493">
     <span class='ocr_line' id='line_1_57' title="bbox 280 5418 3559 5493; baseline 0.001 -17"><span class='ocrx_word' id='word_1_739' title='bbox 280 5422 463 5493; x_wconf 89' lang='lat' dir='ltr'><strong>pensi,</strong></span> <span class='ocrx_word' id='word_1_740' title='bbox 495 5437 658 5490; x_wconf 89' lang='lat' dir='ltr'><strong>quam</strong></span> <span class='ocrx_word' id='word_1_741' title='bbox 686 5431 744 5476; x_wconf 92' lang='lat' dir='ltr'><strong>ut</strong></span> <span class='ocrx_word' id='word_1_742' title='bbox 772 5424 914 5477; x_wconf 89' lang='lat' dir='ltr'><strong>omni</strong></span> <span class='ocrx_word' id='word_1_743' title='bbox 944 5424 1234 5491; x_wconf 86' lang='lat' dir='ltr'><strong>diligentia,</strong></span> <span class='ocrx_word' id='word_1_744' title='bbox 1270 5424 1469 5487; x_wconf 89' lang='lat' dir='ltr'><strong>labore,</strong></span> <span class='ocrx_word' id='word_1_745' title='bbox 1499 5438 1661 5493; x_wconf 83' lang='lat' dir='ltr'><strong>opera</strong></span> <span class='ocrx_word' id='word_1_746' title='bbox 1685 5463 1699 5488; x_wconf 98' lang='lat'><strong>,</strong></span> <span class='ocrx_word' id='word_1_747' title='bbox 1725 5423 1937 5477; x_wconf 87' lang='lat' dir='ltr'><strong>codices</strong></span> <span class='ocrx_word' id='word_1_748' title='bbox 1965 5421 2197 5476; x_wconf 90' lang='lat' dir='ltr'><strong>creditos</strong></span> <span class='ocrx_word' id='word_1_749' title='bbox 2227 5435 2367 5475; x_wconf 77' lang='lat' dir='ltr'><strong>cura:</strong></span> <span class='ocrx_word' id='word_1_750' title='bbox 2398 5418 2625 5489; x_wconf 85' lang='lat' dir='ltr'><strong>ﬁdeique</strong></span> <span class='ocrx_word' id='word_1_751' title='bbox 2653 5434 2763 5474; x_wconf 68' lang='lat' dir='ltr'><strong>sua:</strong></span> <span class='ocrx_word' id='word_1_752' title='bbox 2786 5421 3171 5487; x_wconf 87' lang='lat' dir='ltr'><strong>pervolutaret,</strong></span> <span class='ocrx_word' id='word_1_753' title='bbox 3207 5431 3368 5492; x_wconf 88' lang='lat' dir='ltr'><strong>atque</strong></span> <span class='ocrx_word' id='word_1_754' title='bbox 3396 5439 3463 5477; x_wconf 87' lang='lat' dir='ltr'><strong>ex</strong></span> <span class='ocrx_word' id='word_1_755' title='bbox 3493 5425 3559 5480; x_wconf 90' lang='lat' dir='ltr'><strong>iis</strong></span> 
     </span>
    </p>
   </div>
   <div class='ocr_carea' id='block_1_58' title="bbox 278 5510 3558 5584">
    <p class='ocr_par' dir='ltr' id='par_1_58' title="bbox 278 5510 3558 5584">
     <span class='ocr_line' id='line_1_58' title="bbox 278 5510 3558 5584; baseline 0.001 -16"><span class='ocrx_word' id='word_1_756' title='bbox 278 5523 337 5568; x_wconf 92' lang='lat' dir='ltr'><strong>et</strong></span> <span class='ocrx_word' id='word_1_757' title='bbox 367 5514 615 5584; x_wconf 87' lang='lat' dir='ltr'><strong>pluribus</strong></span> <span class='ocrx_word' id='word_1_758' title='bbox 659 5531 881 5570; x_wconf 92' lang='lat' dir='ltr'><strong>numero</strong></span> <span class='ocrx_word' id='word_1_759' title='bbox 912 5524 965 5569; x_wconf 89' lang='lat' dir='ltr'><strong>et</strong></span> <span class='ocrx_word' id='word_1_760' title='bbox 1003 5522 1267 5569; x_wconf 88' lang='lat' dir='ltr'><strong>vetustate</strong></span> <span class='ocrx_word' id='word_1_761' title='bbox 1297 5516 1709 5584; x_wconf 87' lang='lat' dir='ltr'><strong>integritateque</strong></span> <span class='ocrx_word' id='word_1_762' title='bbox 1754 5514 2051 5581; x_wconf 88' lang='lat' dir='ltr'><strong>insignibus</strong></span> <span class='ocrx_word' id='word_1_763' title='bbox 2080 5514 2244 5566; x_wconf 89' lang='lat' dir='ltr'><strong>multa</strong></span> <span class='ocrx_word' id='word_1_764' title='bbox 2272 5520 2560 5581; x_wconf 89' lang='lat' dir='ltr'><strong>promeret,</strong></span> <span class='ocrx_word' id='word_1_765' title='bbox 2595 5527 2765 5581; x_wconf 88' lang='lat' dir='ltr'><strong>eaque</strong></span> <span class='ocrx_word' id='word_1_766' title='bbox 2795 5510 3063 5582; x_wconf 83' lang='lat' dir='ltr'><strong>pontiﬁcis</strong></span> <span class='ocrx_word' id='word_1_767' title='bbox 3084 5514 3322 5582; x_wconf 88' lang='lat' dir='ltr'><strong>ejusdem</strong></span> <span class='ocrx_word' id='word_1_768' title='bbox 3352 5520 3558 5572; x_wconf 88' lang='lat' dir='ltr'><strong>nounui</strong></span> 
     </span>
    </p>
   </div>
   <div class='ocr_carea' id='block_1_59' title="bbox 275 5602 3557 5676">
    <p class='ocr_par' dir='ltr' id='par_1_59' title="bbox 275 5602 3557 5676">
     <span class='ocr_line' id='line_1_59' title="bbox 275 5602 3557 5676; baseline 0.001 -17"><span class='ocrx_word' id='word_1_769' title='bbox 275 5619 347 5659; x_wconf 85' lang='lat' dir='ltr'><strong>ac</strong></span> <span class='ocrx_word' id='word_1_770' title='bbox 379 5603 651 5672; x_wconf 86' lang='lat' dir='ltr'><strong>majestati</strong></span> <span class='ocrx_word' id='word_1_771' title='bbox 681 5604 857 5658; x_wconf 91' lang='lat' dir='ltr'><strong>dicata</strong></span> <span class='ocrx_word' id='word_1_772' title='bbox 882 5643 896 5667; x_wconf 95' lang='lat'><strong>,</strong></span> <span class='ocrx_word' id='word_1_773' title='bbox 946 5603 1172 5658; x_wconf 78' lang='lat' dir='ltr'><strong>Romam</strong></span> <span class='ocrx_word' id='word_1_774' title='bbox 1218 5605 1335 5658; x_wconf 90' lang='lat' dir='ltr'><strong>usui</strong></span> <span class='ocrx_word' id='word_1_775' title='bbox 1384 5605 1538 5659; x_wconf 91' lang='lat' dir='ltr'><strong>nobis</strong></span> <span class='ocrx_word' id='word_1_776' title='bbox 1580 5604 1758 5658; x_wconf 79' lang='lat' dir='ltr'><strong>futura</strong></span> <span class='ocrx_word' id='word_1_777' title='bbox 1807 5604 2212 5658; x_wconf 88' lang='lat' dir='ltr'><strong>transmitteret.</strong></span> <span class='ocrx_word' id='word_1_778' title='bbox 2257 5602 2381 5657; x_wconf 70' lang='lat' dir='ltr'><strong>Hazc</strong></span> <span class='ocrx_word' id='word_1_779' title='bbox 2426 5604 2513 5658; x_wconf 89' lang='lat' dir='ltr'><strong>ubi</strong></span> <span class='ocrx_word' id='word_1_780' title='bbox 2542 5603 2747 5657; x_wconf 90' lang='lat' dir='ltr'><strong>reddita</strong></span> <span class='ocrx_word' id='word_1_781' title='bbox 2778 5603 3017 5671; x_wconf 90' lang='lat' dir='ltr'><strong>pontiﬁci</strong></span> <span class='ocrx_word' id='word_1_782' title='bbox 3050 5604 3195 5660; x_wconf 79' lang='lat' dir='ltr'><strong>fuere</strong></span> <span class='ocrx_word' id='word_1_783' title='bbox 3218 5645 3231 5668; x_wconf 90' lang='lat'><strong>,</strong></span> <span class='ocrx_word' id='word_1_784' title='bbox 3283 5608 3432 5675; x_wconf 87' lang='lat' dir='ltr'><strong>isque</strong></span> <span class='ocrx_word' id='word_1_785' title='bbox 3459 5624 3557 5676; x_wconf 87' lang='lat' dir='ltr'><strong>pro</strong></span> 
     </span>
    </p>
   </div>
   <div class='ocr_carea' id='block_1_60' title="bbox 281 5691 3552 5767">
    <p class='ocr_par' dir='ltr' id='par_1_60' title="bbox 281 5691 3552 5767">
     <span class='ocr_line' id='line_1_60' title="bbox 281 5691 3552 5767; baseline 0.001 -20"><span class='ocrx_word' id='word_1_786' title='bbox 281 5691 581 5761; x_wconf 84' lang='lat' dir='ltr'><strong>sapientia,</strong></span> <span class='ocrx_word' id='word_1_787' title='bbox 613 5693 1052 5764; x_wconf 87' lang='lat' dir='ltr'><strong>perspicaciaque</strong></span> <span class='ocrx_word' id='word_1_788' title='bbox 1082 5709 1284 5747; x_wconf 90' lang='lat' dir='ltr'><strong>summa</strong></span> <span class='ocrx_word' id='word_1_789' title='bbox 1314 5711 1409 5749; x_wconf 92' lang='lat' dir='ltr'><strong>sua</strong></span> <span class='ocrx_word' id='word_1_790' title='bbox 1440 5694 1840 5758; x_wconf 87' lang='lat' dir='ltr'><strong>animadvertit,</strong></span> <span class='ocrx_word' id='word_1_791' title='bbox 1872 5707 2096 5763; x_wconf 87' lang='lat' dir='ltr'><strong>magnas</strong></span> <span class='ocrx_word' id='word_1_792' title='bbox 2128 5692 2301 5748; x_wconf 90' lang='lat' dir='ltr'><strong>inesse</strong></span> <span class='ocrx_word' id='word_1_793' title='bbox 2334 5691 2715 5750; x_wconf 85' lang='lat' dir='ltr'><strong>Casinensibus</strong></span> <span class='ocrx_word' id='word_1_794' title='bbox 2740 5695 3101 5752; x_wconf 89' lang='lat' dir='ltr'><strong>monumentis</strong></span> <span class='ocrx_word' id='word_1_795' title='bbox 3126 5698 3552 5767; x_wconf 79' lang='lat' dir='ltr'><strong>opportunitates</strong></span> 
     </span>
    </p>
   </div>
  </div>
