4138 6186
491 353 553 410 3i
1942 351 2125 408 PMB]

2134 350 2324 406 ‘ATIO.
3692 360 3768 421 δε

490 477 548 524 et
595 469 663 523 ad
708 469 961 538 opuscula
1007 469 1249 538 quasdam
1297 467 1612 524 vindicanda
1653 475 1813 538 atque
1858 467 2224 522 confirmanda
2272 464 2535 530 Maximo;
2579 471 2634 518 et
2679 462 2745 516 ad
2775 463 3152 519 collectionem
3197 466 3335 521 hanc
3374 475 3614 524 nostram
3653 489 3762 530 non

491 556 855 614 exornandam
883 557 1064 622 modo,
1096 557 1190 612 sed
1220 557 1382 613 etiam
1411 557 1735 627 augendam;
1765 567 1824 612 ut
1847 573 2009 628 quam
2038 558 2272 627 primum
2303 571 2541 626 possem,
2581 564 2743 623 atque
2773 555 2980 619 liceret,
3008 555 3260 610 Casinum
3289 566 3548 627 peterem,
3581 577 3758 633 eoque

489 649 795 718 exemplum
844 665 1066 719 operum
1109 650 1280 704 sancti
1324 649 1563 718 ejusdem
1611 649 1956 706 Taurineusis
1984 649 2246 720 prmsulis,
2297 663 2404 717 quo
2427 647 2504 700 uti
2539 662 2945 713 consueveram,
2975 664 3184 702 mecum
3215 660 3570 720 asportarem,
3602 662 3764 726 atque

490 740 617 794 illud
663 755 786 794 cum
831 739 947 807 ejus
990 741 1238 794 tabularii
1286 741 1560 796 codicibus
1601 749 1852 795 accurate
1899 739 2204 796 conferrem
2229 781 2244 804 ,
2297 737 2601 807 imperavit.
2645 735 2805 790 Parui
2835 736 3084 804 equidem
3114 747 3172 791 ut
3197 739 3445 809 principi,
3479 752 3766 813 promptus

490 839 651 898 atque
679 831 876 896 alacer,
910 841 967 884 ut
993 847 1090 900 pro
1115 831 1346 885 Maximo
1378 832 1688 902 imperanti,
1721 832 1915 886 libens.
1956 830 2034 885 Ad
2075 829 2356 884 Casinates
2385 843 2506 883 cum
2531 826 2796 912 venissem
2814 867 2829 892 ,
2861 827 3147 895 omniaque
3176 831 3620 898 pervestigassem
3648 849 3768 902 quze

490 923 735 977 instituto
775 923 888 991 jam
931 923 1083 992 operi
1129 924 1430 978 conducere
1471 939 1631 993 posse
1677 924 2006 987 viderentur,
2049 938 2112 976 ac
2140 937 2234 976 eos
2262 921 2476 975 codices
2503 917 2863 988 seposuissem
2892 933 3029 986 quos
3052 935 3435 988 prospexeram
3466 923 3597 976 mihi
3626 939 3768 994 saepe

490 1026 554 1065 ac
577 1013 799 1065 multum
823 1026 887 1065 ex
921 1028 1017 1065 usu
1041 1011 1176 1078 fore,
1208 1028 1589 1082 rogassemque
1611 1029 1774 1082 porro
1797 1015 2091 1067 monachos
2113 1021 2171 1066 ut
2192 1014 2290 1081 ipsi
2320 1013 2451 1065 mihi
2473 1010 2692 1065 eosdem
2723 1009 2937 1064 codices
2969 1009 3038 1062 ad
3065 1011 3366 1078 exemplum
3392 1012 3537 1079 quod
3567 1015 3765 1070 attule-

492 1118 604 1156 ram
650 1103 865 1168 exigere
910 1103 1137 1167 volenti,
1188 1105 1377 1158 adesse
1422 1119 1489 1158 ne
1533 1116 1914 1171 gravarentur;
1966 1104 2123 1158 facile
2165 1103 2305 1172 (qua:
2334 1102 2544 1156 illorum
2585 1115 2712 1168 erga
2741 1115 2828 1154 me
2856 1100 3230 1154 benevolentia
3276 1103 3609 1171 comitasque
3642 1103 3762 1173 fuit)

494 1193 814 1261 impetravi,
863 1200 921 1246 ut
968 1193 1150 1262 plures
1192 1193 1284 1261 qui
1331 1193 1718 1248 hisce‘studiis
1764 1193 2164 1248 delectarentur
2211 1200 2498 1258 essentque
2540 1191 2592 1243 in
2624 1188 2842 1242 Patrum
2871 1188 3128 1258 operibus
3153 1189 3519 1258 doctrinisque
3542 1195 3762 1259 versati,

491 1280 646 1350 [xxix
671 1279 681 1350 Ι
715 1296 864 1335 suam
907 1282 1060 1335 nobis
1088 1297 1308 1350 operam
1337 1281 1737 1350 pollicerentur.
1762 1282 1819 1334 In
1849 1283 2037 1335 horum
2080 1279 2178 1334 fuit
2212 1296 2436 1334 numero
2466 1279 2527 1333 P.
2560 1280 2622 1333 D.
2652 1277 2908 1334 Claudius
2937 1278 3276 1334 Trevisanius
3304 1283 3600 1336 monachus
3626 1299 3765 1352 pra:-

489 1375 638 1424 stans
680 1363 916 1422 historias
961 1368 1428 1437 doctrinarumque
1477 1369 1962 1424 ecclesiasticarum
2009 1367 2282 1422 facultate.
2342 1368 2511 1436 Hujus
2536 1368 2908 1436 sodaliumque
2940 1369 3170 1438 (aberat
3207 1377 3386 1423 autem
3417 1369 3766 1447 Federicius)

489 1460 812 1529 atljumentis
857 1476 977 1514 cum
1029 1476 1096 1514 ex
1148 1463 1513 1529 manuscripto
1560 1462 1808 1529 exemplo
1838 1477 1958 1516 meo
1985 1470 2098 1515 tres
2125 1470 2426 1530 quatuorve
2455 1463 2673 1516 codices
2702 1479 2810 1516 uno
2838 1473 3080 1532 tempore
3103 1466 3530 1531 aestimarentur;
3562 1473 3768 1520 tantum

491 1549 615 1602 inde
643 1549 759 1616 cepi
791 1549 1037 1602 utilitatis
1059 1590 1072 1612 ,
1123 1559 1181 1602 ut
1228 1549 1477 1603 homilias
1524 1565 1910 1618 sermonesque
1955 1555 2263 1620 sexaginta,
2309 1569 2414 1607 non
2446 1553 2606 1608 modo
2636 1555 2766 1607 satis
2801 1562 2918 1608 tuto
2949 1555 3182 1610 tribucre
3206 1555 3458 1622 Maximo,
3487 1557 3581 1612 sed
3609 1558 3766 1612 etiam

489 1653 628 1692 nova
659 1640 990 1691 variantium'
1011 1639 1163 1694 bonae
1203 1641 1365 1710 frugis
1406 1642 1696 1696 lectionum
1723 1644 1842 1697 luce
1873 1643 2138 1698 illustrare
2165 1660 2252 1700 me
2280 1645 2540 1712 majorem
2573 1646 2624 1698 in
2654 1645 2870 1700 modum
2899 1661 3059 1714 posse
3087 1645 3438 1702 conﬁderem.
3493 1647 3610 1702 lloc
3637 1663 3767 1702 vero

491 1731 544 1784 in
572 1730 757 1784 iisdem
809 1731 1084 1786 codicibus
1134 1734 1410 1788 notatione
1447 1735 1606 1804 plane
1634 1734 1848 1802 dignum
1879 1737 2232 1791 animadverti
2257 1755 2269 1790 :
2302 1752 2396 1792 eos
2425 1737 2742 1808 plerumque
2772 1739 2842 1791 ita
2873 1753 3170 1807 congruere
3200 1754 3321 1794 cum
3351 1739 3641 1803 Vaticanis,
3676 1740 3764 1795 vix

491 1830 551 1876 ut
579 1823 631 1876 in
660 1823 724 1876 iis
765 1823 1056 1891 quidquam
1101 1823 1431 1894 deprehendi
1479 1835 1641 1896 queat
1670 1827 1948 1882 dissimile.
1989 1829 2121 1882 Illud
2154 1811 2459 1891 notabilius,
2491 1829 2635 1898 quod
2666 1829 2884 1882 homilia
2914 1829 2977 1882 de
3006 1829 3322 1901 Evangelica
3368 1830 3684 1894 Piscatioue,
3717 1837 3770 1884 ct

491 1923 715 1984 quartus
761 1931 823 1968 ac
871 1917 1294 1984 scptuagesimus
1343 1934 1520 1973 sermo
1545 1959 1560 1983 ,
1589 1921 1681 1988 qui
1728 1928 1808 1974 est
1837 1920 1900 1972 (lc
1932 1919 2118 1974 Natali
2160 1922 2327 1974 sancti
2367 1920 2659 1984 Laurentii,
2685 1935 2806 1973 cum
2835 1921 3029 1974 ascribi
3057 1919 3308 1985 Maximo,
3345 1921 3443 1975 nisi
3469 1922 3582 1976 sola
3615 1921 3771 1974 unius

492 2007 692 2060 codicis
739 2006 1111 2062 Laurentianzc
1153 2008 1401 2064 Medicea:
1431 2011 1764 2067 bibliothecae
1793 2013 2101 2082 rpigraphe,
2134 2013 2450 2081 nequirent;
2483 2020 2594 2066 tum
2622 2013 2970 2081 inscriptione
2997 2014 3196 2067 codicis
3225 2013 3444 2067 alterius
3467 2012 3771 2068 Casinensis

493 2097 706 2165 optimm
737 2106 874 2151 notae
905 2098 1099 2154 factum
1130 2109 1228 2164 est,
1256 2110 1363 2155 uta
1388 2104 1540 2157 nobis
1567 2105 1740 2158 eidem
1768 2113 1952 2160 sancto
1973 2107 2199 2160 antistiti
2230 2105 2465 2161 firmiore
2495 2107 2894 2162 asseveratione
2920 2107 3358 2160 attribuerentur.
3424 2105 3559 2160 Nolo
3589 2113 3768 2160 autem

493 2189 770 2256 quisquam
820 2190 1060 2257 miretur,
1093 2207 1368 2248 sermones
1415 2195 1636 2262 aliquot,
1687 2197 1779 2265 qui
1807 2197 1858 2250 in
1885 2198 2203 2265 quibusdam
2229 2196 2534 2252 Casinensis
2561 2198 2791 2253 cmnobii
2827 2198 3099 2252 codicibus
3129 2197 3369 2266 inscripti
3398 2205 3575 2252 essent
3601 2200 3771 2256 sancti

495 2279 710 2334 Maximi
759 2284 975 2337 nomine
993 2325 1008 2348 ,
1060 2285 1288 2354 rejectos
1335 2302 1364 2340 a
1395 2288 1548 2342 nobis
1576 2288 1736 2344 fuisse
1767 2290 1821 2344 in
1849 2291 2218 2359 appendicem.
2251 2290 2384 2344 Nam
2413 2307 2533 2345 cum
2561 2292 2629 2345 ab
2657 2290 2903 2344 oratione
2931 2305 2994 2344 ac
3019 2289 3159 2360 stylo
3188 2289 3404 2342 Maximi
3433 2289 3591 2356 longe
3621 2288 3769 2357 ipsos

495 2367 686 2424 abesse
717 2372 1074 2438 perspicerem
1099 2414 1114 2436 ,
1165 2375 1557 2442 adjungendam
1606 2382 1980 2435 auctoritatem
2030 2398 2092 2437 ac
2121 2381 2278 2436 tidem
2309 2382 2374 2436 iis
2401 2381 2678 2436 codicibus
2707 2397 2812 2434 non
2842 2381 3044 2450 putavi,
3075 2395 3212 2448 quos
3238 2379 3432 2434 scirem
3459 2379 3523 2433 iis
3551 2389 3766 2448 tempo-

496 2460 643 2512 ribus
683 2459 845 2513 fuisse
889 2462 1230 2529 perscriptus,
1261 2464 1455 2546 quibps
1479 2465 1615 2554 niihil:
1638 2466 2053 2554 vigebatﬁginus
2080 2471 2262 2554 quam;
2502 2469 2638 2523 artis
2658 2469 2871 2538 peritia.
2913 2467 3099 2536 Neque
3125 2481 3256 2522 vero
3286 2466 3388 2520 illa:
3416 2465 3610 2529 solum,
3639 2479 3776 2534 quas

497 2553 741 2648 proxime
787 2558 1203 2610 commemoravi
1227 2599 1240 2621 ,
1276 2544 1624 2648 .ἦῖνο
1640 2544 2131 2648 ρέςιξιξιίῃῇῐέιῖυιὶ

2139 2544 2527 2620 ,ὶᾶιῐθόιίοῑιειη
2555 2581 2622 2619 ex
2651 2567 3069 2634 congregatione
3097 2563 3485 2618 monachorum
3514 2560 3773 2614 Casinen-

502 2643 640 2695 sium
671 2652 1053 2711 permanarunt
1083 2633 1380 2712 utilitates;
1403 2639 1566 2702 nimio
1594 2633 1894 2704 aucté'illa:
1921 2652 2136 2720 quidem
2165 2661 2542 2738 protensaeque
2559 2653 2734 2728 .fuere
2763 2633 2922 2709 latius
2949 2670 3076 2709 cura
3105 2653 3490 2722 diligentiaque
3517 2667 3773 2709 reveren-

499 2731 704 2831 dissimi
829 2732 889 2831 υς
925 2733 1451 2831 1)οιηίιιὶςὶ.[ᾋι;ἰιιξιεζ
1476 2739 1578 2831 qui:
1597 2739 1868 2831 tuqqejus
1895 2741 2133 2831 cppggéé

2138 2726 2816 2831 aliipjs'gabt'mis'generalis
2844 2754 2980 2799 erat.
3039 2744 3089 2802 Is
3115 2746 3257 2800 enim
3282 2785 3296 2810 ,
3327 2760 3450 2799 cum
3477 2759 3545 2798 ex
3573 2744 3717 2800 edito
3744 2761 3772 2802 a

500 2822 792 2919 Muratorio
816 2824 891 2896 (τι)
918 2827 1097 2919 smculi
1121 2844 1151 2880 x
1722 2814 2077 2911 aiiiiqui'san'e
2103 2814 2411 2891 ἆξὖόῑέὺὲῒέ
2434 2814 2744 2892 dieidem
2767 2838 3043 2893 Bobiensis
3069 2836 3250 2892 Sancti
3269 2837 3586 2891 Columbani
3611 2837 3776 2906 (quod

501 2916 884 2969 monasterium
917 2916 967 2968 in
999 2931 1064 2970 eo
1094 2905 2083 2992 tmv'tu'est'ducatus'Mediolanensis,
2116 2927 2207 2995 qui
2235 2935 2358 2980 ante
2387 2928 2549 2982 hosce
2578 2945 2684 2983 non
2714 2929 2912 2983 multos
2938 2944 3110 2984 annos
3150 2929 3203 2982 in
3232 2928 3492 3010 ditionem
3519 2927 3777 2984 Sardinia:

501 3012 643 3079 regis
672 3012 835 3079 venit)
865 3049 879 3073 ,
914 3013 958 3065 is
982 3053 996 3077 ,
1047 3013 1263 3082 inquam
1286 3055 1300 3079 ,
1351 3030 1472 3069 cum
1517 3033 1584 3071 ex
1613 3034 1678 3073 eo
1720 3019 1893 3074 indice
1922 3032 2209 3090 cognosset
2239 3024 2289 3077 in
2317 3025 2628 3078 monasterii
2658 3024 2897 3092 ejusdem
2925 3025 3249 3080 bibliotheca
3279 3024 3490 3080 codices
3515 3024 3775 3094 quosdam

502 3102 664 3158 fuisse
710 3104 903 3172 quibus
952 3107 1206 3176 opuscula
1257 3109 1429 3162 sancti
1480 3111 1648 3164 nostri
1679 3111 1983 3168 Taurinatis
2031 3117 2268 3184 episcopi
2309 3116 2736 3178 continerentur,
2770 3116 2948 3170 abbati
2978 3115 3230 3170 Bobiensi
3271 3115 3561 3178 mandavit,
3615 3117 3684 3186 ut,‘
3708 3115 3775 3169 de

503 3195 776 3250 codicibus
819 3196 1005 3251 iisdem
1051 3207 1402 3266 cognosceret
1447 3210 1502 3255 et
1549 3201 1616 3254 ad
1662 3217 1720 3256 se
1768 3203 2009 3259 referret.
2072 3206 2250 3260 Gessit
2297 3208 2341 3261 is
2392 3208 2648 3262 continuo
2677 3207 2894 3260 Favillre
2925 3222 3152 3272 morem,
3183 3207 3276 3261 sed
3304 3223 3425 3262 cum
3456 3205 3773 3276 inquirendo

503 3285 720 3341 codices
770 3303 876 3341 non
921 3290 1242 3357 reperissct,
1292 3300 1456 3359 atque
1500 3293 1553 3346 in
1601 3309 1720 3348 eam
1765 3295 1990 3364 proinde
2039 3299 2356 3353 sententiam
2405 3299 2670 3362 venisset,
2705 3306 2762 3352 ut
2792 3299 2874 3352 vel
2903 3313 2998 3353 eos
3026 3298 3242 3367 penitus
3268 3299 3508 3368 periisse,
3539 3297 3626 3351 vel
3653 3296 3775 3351 inde

505 3376 745 3431 sublatos
767 3417 780 3440 ,
826 3378 1039 3447 alioque
1069 3388 1371 3448 aSportatos
1395 3421 1410 3443 ,
1464 3383 1517 3436 in
1548 3384 1729 3438 abdito
1759 3387 2011 3455 quopiam
2039 3396 2133 3442 aut
2162 3389 2431 3442 tabulario
2459 3398 2552 3443 aut
2581 3388 3015 3459 bibliophylacio,
3047 3389 3193 3443 velut
3223 3389 3275 3442 in
3309 3389 3572 3450 tenebris,
3592 3387 3774 3455 jacere

505 3469 845 3534 existimarit,
875 3469 1129 3524 Favillam
1161 3471 1330 3539 ipsum
1361 3488 1458 3541 per
1487 3473 1692 3528 litteras
1720 3478 2006 3533 certiorem
2036 3478 2161 3533 fecit
2185 3518 2199 3543 ,
2251 3479 2445 3534 frustra
2475 3479 2720 3534 codicum
2751 3479 3060 3533 corumdem
3104 3478 3582 3548 perquirendorum
3612 3475 3680 3530 ab
3718 3491 3774 3530 se

509 3560 726 3628 suisque
772 3559 936 3615 fuisse
985 3561 1220 3614 laborem
1267 3573 1592 3633 susceptum.
1654 3564 1768 3620 Hoc
1812 3575 1990 3622 autem
2039 3569 2176 3622 scire
2223 3584 2320 3622 se:
2353 3570 2406 3622 in
2437 3569 2501 3622 iis
2524 3609 2538 3633 ,
2589 3569 2680 3636 qui
2711 3568 2885 3621 adhuc
2914 3569 2969 3621 in
2995 3570 3323 3622 monasterio
3353 3584 3452 3621 suo
3482 3574 3788 3628 exstarent,

508 3653 781 3707 codicibus
808 3669 1084 3708 scrmones
1111 3671 1229 3708 esse
1260 3655 1504 3711 inventos
1529 3666 1652 3712 octo
1681 3658 1849 3712 sancti
1879 3657 2095 3711 Maximi
2125 3659 2407 3727 insignitos
2436 3658 2670 3720 nomine,
2703 3671 2839 3724 quos
2866 3656 3096 3710 exscribi
3121 3695 3135 3720 ,
3165 3656 3298 3725 ipse,
3342 3655 3679 3724 Romamque
3709 3655 3786 3709 ad.

513 3760 608 3799 nos
636 3744 775 3796 mitti
805 3746 1028 3798 curavit.
1073 3744 1176 3798 Sed
1202 3747 1393 3799 horum
1420 3748 1636 3813 quidem
1666 3762 1997 3813 sermonum,
2028 3762 2150 3802 cum
2180 3748 2372 3802 redditi
2416 3744 2592 3818 [xxx]
2627 3747 2779 3799 nobis
2807 3747 3032 3800 fuissent
3071 3746 3326 3811 quinque,
3361 3746 3460 3798 hos
3482 3745 3688 3812 jamdiu
3721 3747 3775 3798 in

513 3835 683 3888 lucem
714 3833 877 3888 fuisse
924 3835 1163 3902 prolatos
1209 3835 1692 3902 deprehendimus;
1725 3845 1952 3888 ceteros
1975 3873 1990 3896 ,
2040 3852 2267 3901 quorum
2298 3845 2380 3890 est
2409 3837 2556 3903 prior
2585 3844 2646 3886 de
2676 3833 2964 3889 Nativitate
2991 3832 3222 3898 Domini,
3252 3833 3391 3886 alter
3412 3849 3477 3888 ac
3503 3836 3694 3889 tertius
3717 3833 3779 3887 de

515 3921 774 3976 Laudibus
804 3923 966 3975 beata:
995 3921 1184 3974 Maria:
1224 3921 1473 3991 Virginis,
1505 3920 1649 3988 quod
1672 3921 1741 3974 ob
1767 3922 2065 3976 siccitatem
2104 3922 2563 3990 humilitatemque
2588 3921 2849 3976 orationis
2892 3922 3092 3989 indigni
3120 3930 3336 3976 oratore
3385 3931 3535 3979 tanto
3575 3932 3773 3984 essent,

514 4012 800 4082 rejccimus
848 4011 899 4064 in
948 4010 1300 4079 appendicem
1348 4024 1573 4079 operum
1620 4010 1944 4079 spuriorum.
1989 4009 2162 4079 Atque
2189 4013 2304 4066 haec
2330 4011 2396 4066 dc
2428 4011 2780 4065 Bobiensibus
2809 4010 3083 4065 codicibus
3109 4009 3249 4066 dicta
3280 4019 3460 4074 sunto,
3493 4011 3560 4066 de
3586 4013 3778 4082 quibus

513 4121 672 4174 agere
699 4107 1157 4176 prmtermisissem
1183 4145 1198 4169 ,
1245 4106 1347 4160 nisi
1377 4106 1761 4160 monachorum
1789 4103 2162 4161 Casinensium
2190 4107 2244 4160 in
2275 4107 2412 4160 hanc
2450 4104 2739 4160 editionem
2768 4105 2957 4159 merita
2986 4093 3297 4173 priedicanti
3327 4105 3458 4158 mihi
3487 4105 3539 4158 in
3569 4119 3779 4159 memo-

515 4199 648 4252 riam
678 4197 980 4252 rediissent.

588 4307 740 4362 XXII.
786 4307 914 4364 Post
939 4309 1153 4364 codices
1180 4308 1499 4364 Casincnses
1528 4309 1766 4380 postulat
1793 4308 1950 4374 ratio,
1984 4320 2042 4364 ut
2071 4309 2306 4378 reliquos
2333 4323 2656 4378 memorem,
2684 4309 2772 4377 qui
2807 4308 2858 4362 in
2888 4307 3228 4362 bibliothecis
3255 4306 3593 4377 Neapolitani
3624 4308 3771 4377 regni

516 4410 813 4466 servantur,
864 4402 1125 4470 nobisque
1174 4400 1371 4468 aliquid
1418 4401 1536 4469 opis
1581 4409 1742 4470 atque
1770 4399 2060 4468 adjmnenti
2088 4399 2154 4453 ad
2182 4400 2556 4454 collectionem
2587 4414 2810 4468 operum
2845 4398 3069 4451 Maximi
3097 4397 3464 4453 adornaudam
3494 4396 3779 4468 perﬁcien-

517 4493 746 4563 damque
793 4493 1108 4546 attulerunt.
1169 4491 1410 4546 Otferunt
1454 4503 1632 4548 autem
1679 4508 1800 4547 sese
1851 4493 2004 4547 nobis
2051 4493 2232 4562 priore
2282 4495 2401 4549 loco
2448 4494 2482 4548 ii
2511 4509 2649 4562 quos
2678 4493 2730 4546 in
2758 4492 3082 4547 bibliotheca
3112 4489 3309 4544 Montis
3335 4487 3528 4544 Oliveti
3556 4489 3779 4557 Neapoli

518 4583 719 4651 reperit
738 4580 970 4648 Angelus
999 4579 1164 4633 Maria
1195 4579 1503 4646 Bandinius,
1537 4595 1697 4650 quem
1727 4597 1812 4635 me
1836 4597 1994 4650 supra
2025 4581 2330 4635 nominasse
2359 4582 2597 4636 memini.
2640 4581 2777 4636 Sunt
2806 4580 2880 4635 illi
2910 4579 3126 4648 quidem
3159 4593 3379 4632 numero
3413 4587 3519 4632 tres
3544 4619 3558 4643 ,
3589 4577 3779 4631 iidem-

519 4688 623 4742 que
651 4671 956 4727 homiliarii.
999 4670 1288 4724 Continent
1317 4672 1524 4740 aliquot
1552 4674 1825 4728 orationes
1855 4673 2087 4727 Maximo
2133 4675 2436 4728 attributas.
2488 4673 2686 4727 Harum
2716 4673 2969 4742 quinque,
3000 4669 3142 4738 quod
3169 4670 3380 4738 scripta:
3413 4670 3588 4724 minus
3615 4669 3782 4739 polite

519 4764 798 4831 minusque
825 4763 892 4816 ad
940 4759 1155 4814 Maximi
1185 4762 1380 4831 stylum
1433 4769 1570 4829 apta:
1609 4763 1752 4828 sint,
1803 4765 1854 4816 in
1904 4763 2131 4818 classem
2158 4763 2442 4832 rejecimus
2484 4764 2771 4818 nothorum
2798 4762 3196 4832 opuSCulorum.
3239 4759 3295 4814 ln
3324 4776 3508 4815 eorum
3537 4760 3781 4815 codicum

523 4868 630 4905 uno
658 4852 703 4903 is
731 4861 906 4906 exstat
934 4867 1129 4917 sermo,
1155 4851 1307 4918 cujus
1328 4851 1434 4905 hoc
1455 4859 1537 4905 est
1564 4852 1771 4905 initium
1800 4871 1811 4904 :
1845 4853 1996 4922 Swpe
2023 4856 2317 4908 intimatum
2346 4865 2422 4908 est
2449 4853 2653 4906 auribus
2679 4855 2876 4917 vestris,
2903 4853 3111 4921 fratres,
3145 4859 3250 4905 etc.
3315 4849 3411 4904 Est
3439 4851 3578 4903 idem
3607 4847 3781 4902 codex

523 4946 966 5004 membranaceus
1013 4947 1229 5002 in-folio
1278 4947 1530 5012 maximo,
1582 4947 1896 5001 charactere
1940 4948 2186 5002 Romano
2232 4955 2518 5010 cxaratus,
2563 4946 2900 5015 pertinetque
2923 4945 2990 4999 ad
3022 4962 3073 5000 ιι
3102 4943 3376 5000 εωουιιιιη.
3419 4942 3596 5005 Quare
3626 4938 3783 5006 hujus

524 5037 650 5090 item
681 5037 914 5091 subsidio
947 5037 1148 5092 ﬁrmius
1177 5038 1397 5092 Maximi
1426 5037 1564 5092 idem
1595 5052 1773 5091 sermo
1802 5052 1922 5092 esse
1951 5038 2330 5092 constituetur.
2373 5037 2512 5091 lluic
2540 5037 2714 5106 primo
2742 5036 2916 5090 codici
2946 5036 3232 5106 persimilis
3260 5041 3344 5128 est
3371 5032 3522 5084 alter.
3569 5029 3782 5083 Tertius

524 5137 606 5182 cst
632 5128 944 5182 chartaceus
973 5130 1024 5182 in
1057 5130 1186 5185 folio
1214 5131 1430 5196 minori,
1459 5146 1579 5185 δίης.
1615 5146 1703 5183 xlv
1733 5129 2020 5193 recentior,
2053 5129 2139 5183 cui
2167 5136 2251 5183 est
2277 5143 2456 5183 sermo
2485 5129 2576 5182 ille
2606 5127 2837 5182 insertus
2863 5145 2875 5178 :
2900 5127 2966 5180 de
2991 5127 3222 5180 Adventu
3253 5120 3482 5186 D'omini,
3511 5120 3600 5189 qui
3630 5120 3784 5174 initio

525 5220 603 5274 sic
629 5219 790 5272 habet
817 5237 828 5270 :
867 5217 1105 5288 Propitia
1151 5221 1456 5286 Divinitate,
1509 5221 1708 5289 quique
1751 5219 1854 5272 etsi
1903 5219 1954 5272 in
2002 5219 2106 5273 hoc
2132 5219 2246 5287 ipso
2275 5218 2480 5282 codice,
2512 5218 2748 5281 Maximi,
2782 5219 2834 5271 in
2865 5219 2984 5273 aliis
3014 5226 3189 5269 tamen
3220 5214 3360 5268 haud
3391 5214 3593 5283 paucis,
3626 5213 3785 5268 editis

525 5309 839 5381 prmsertim,
887 5308 1152 5362 Ambrosii
1200 5325 1394 5364 nomen
1440 5311 1672 5381 prmfert.
1717 5307 1832 5363 Utri
1875 5317 2054 5362 autem
2102 5310 2293 5362 horum
2335 5317 2644 5362 sanctorum
2701 5308 3000 5362 antistitum
3053 5305 3363 5360 tribuendus
3407 5305 3498 5367 sit,
3541 5305 3784 5374 judicent

528 5400 812 5469 sapientes.
875 5399 1132 5469 Equidem
1179 5415 1369 5455 vereor
1397 5417 1464 5456 ne
1493 5418 1714 5472 prorsus
1738 5399 1932 5455 neutri.
1973 5397 2078 5453 Sed
2135 5415 2204 5454 ne
2251 5398 2378 5470 quid
2409 5399 2583 5466 egisse
2611 5405 2812 5452 temere
2840 5396 3068 5461 viderer,
3095 5395 3148 5450 in
3188 5395 3384 5450 seriem
3409 5395 3582 5465 ipsum
3631 5392 3782 5449 intuli

529 5507 754 5564 operum
773 5492 987 5547 Maximi
1013 5493 1313 5548 dubiorum.

599 5604 822 5676 Neapoli
843 5606 1058 5678 perinde
1087 5607 1141 5661 in
1169 5603 1674 5674 Augustiuianorum
1702 5603 1884 5659 Sancti
1905 5600 2128 5658 Joannis
2155 5599 2222 5655 de
2250 5598 2577 5656 Carbonaria
2608 5599 2801 5668 insigni
2821 5598 3146 5655 bibliotheca
3173 5597 3415 5656 codicem
3443 5597 3781 5653 membrana-

608 5723 684 5785 (αὶ
723 5722 872 5778 Tom.
906 5721 969 5776 ΙΙΙ
998 5721 1300 5779 .dntfauitat.
1332 5716 1487 5772 medii
1515 5718 1629 5785 (rei,
1662 5731 1783 5787 pag.
1816 5716 1936 5770 8l9.
