4138 6186
330 309 415 364 33
1794 292 2174 349 pltat-"nlo.
2274 253 2279 259 ’
3526 290 3594 345 δι

322 427 485 471 ecum
515 409 726 466 in-folio
754 411 932 466 medio
961 410 1073 465 fere
1118 408 1312 463 sarculo
1341 406 1500 461 tertio
1530 420 1594 460 ac
1642 405 1852 460 decimo
1898 409 2157 477 scriptum
2188 406 2476 460 Bandinius
2503 405 2640 460 idem
2670 408 2817 475 legit,
2850 408 3135 478 pluresque
3156 412 3209 465 in
3230 426 3298 466 eo
3316 425 3593 466 sermones

323 508 515 555 sancto
536 499 772 555 Maximo
794 498 985 554 ascribi
1007 497 1402 561 animadvertit,
1427 510 1563 564 quos
1591 496 1763 549 sancti
1793 496 2034 564 ejusdem
2057 497 2316 563 genuinos
2346 510 2464 549 esse
2491 495 2647 558 fetus,
2681 497 2905 550 aliorum
2936 499 3096 550 etiam
3143 513 3336 568 magno
3364 512 3596 554 numero

323 590 573 645 codicum
600 591 921 660 comprobat
948 588 1213 657 efﬁcitque
1243 586 1550 642 consensio.
1584 585 1743 638 Multa
1766 601 1927 654 porro
1957 587 2037 639 vir
2065 587 2389 639 clarissimus
2412 586 2533 639 inde
2557 588 2765 653 extulit,
2788 602 2906 655 qua:
2933 589 3147 656 quidem
3180 598 3235 643 ut
3284 605 3380 642 nos
3406 589 3471 641 ad
3518 587 3599 641 in-

324 680 566 735 stitutam
587 682 877 736 editionem
899 680 1263 735 illustrandam
1281 678 1534 747 juvarint,
1558 692 1623 731 ex
1645 676 2094 731 admonitionibus
2117 678 2309 745 cuique
2331 677 2560 731 homilia:
2582 680 2919 746 sermonique
2942 680 3172 747 pneﬁxis
3194 681 3419 746 intelligi
3438 681 3597 749 plane

329 772 551 842 poterit.
590 771 725 824 Illud
758 772 961 826 interea
989 771 1131 835 sciri,
1164 769 1471 837 attendique
1501 768 1657 821 velim
1686 786 1696 819 :
1730 784 2033 822 sermonem
2060 771 2111 822 in
2143 785 2208 823 eo
2238 770 2421 823 codice
2450 771 2514 821 de
2566 766 2817 839 Operibus
2864 774 3231 825 misericordia:
3262 773 3593 840 inscriptum,

328 868 495 927 atque
524 859 677 913 initio
724 860 803 914 sic
847 859 1134 913 habentem
1162 875 1173 909 :
1207 856 1404 921 Videte,
1438 858 1646 925 fratres,
1672 873 1827 927 quare
1854 858 2147 910 charissimi
2169 858 2422 921 dicimini,
2455 867 2583 922 etc.,
2622 859 2804 920 eximi,
2837 876 2921 912 me
2946 860 3143 927 judice,
3170 864 3507 930 expungiqne
3530 877 3596 915 ex

330 951 466 1005 albo
480 950 921 1005 Maximianorum
935 964 1157 1019 operum
1180 956 1446 1017 oportere.
1474 948 1647 1015 Atque
1669 949 1900 1016 expunxi
1922 948 2188 1016 equidem,
2204 962 2431 1015 eumque
2456 948 2506 1001 in
2535 948 2881 1017 appendicem
2894 952 3420 1017 spuriorumimniitti
3439 952 3594 1019 jussi,

329 1057 457 1097 cum
469 1041 632 1095 multo
646 1042 821 1097 minus
833 1041 1085 1109 graviter,
1102 1040 1375 1107 eleganter
1394 1040 1716 1108 proprieque
1730 1040 2082 1109 perscriptum
2097 1055 2392 1102 cernerem,
2409 1055 2566 1108 quam
2591 1040 2728 1093 ferre
2750 1040 2963 1093 Maximi
2978 1043 3149 1095 oratio
3166 1057 3318 1109 posse
3330 1041 3591 1095 videatur.

398 1159 571 1234 [xxxi]
599 1151 782 1211 XXIII.
818 1158 897 1212 Ad
927 1157 1160 1211 Venetos
1193 1156 1406 1210 codices
1447 1155 1626 1209 venio.
1662 1153 1852 1206 Mirum
1876 1168 2038 1221 quam
2066 1154 2122 1206 hi
2151 1152 2476 1206 contulerint
2504 1152 2569 1204 ad
2599 1152 2970 1205 collectionem
3014 1153 3155 1205 hanc
3200 1163 3435 1206 nostram
3477 1133 3597 1207 red-

327 1248 555 1303 dendam
587 1262 692 1300 non
723 1246 1143 1299 emendatiorem
1171 1244 1351 1309 modo,
1382 1244 1474 1297 sed
1519 1244 1681 1297 etiam
1729 1243 2040 1297 auctiorem.
2091 1241 2443 1297 Serenissima
2491 1244 2687 1311 quippe
2726 1245 3024 1311 respublica
3081 1244 3402 1299 Venetorum
3441 1244 3595 1297 simul

328 1355 491 1413 atque
519 1342 746 1411 accepit,
779 1357 897 1396 esse
932 1341 1026 1395 Pio
1054 1348 1206 1395 sexto
1236 1340 1373 1409 patri
1404 1347 1614 1409 patrum
1643 1338 1989 1391 vehementer
2017 1353 2176 1401 curae,
2208 1346 2266 1390 ut
2294 1353 2450 1400 nova,
2477 1352 2664 1406 eaque,
2698 1346 2955 1404 quantum
2985 1348 3183 1407 posset,
3216 1340 3324 1393 suis
3353 1340 3598 1393 euntibus

329 1436 571 1506 partibus
600 1448 663 1487 ac
692 1433 929 1487 numeris
957 1438 1229 1495 constans,
1261 1430 1603 1500 perfecteque
1632 1429 1873 1483 absoluta
1903 1430 2073 1482 sancti
2117 1427 2333 1480 Maximi
2377 1426 2722 1480 Taurinensis
2768 1428 3001 1495 episcopi
3050 1443 3271 1501 operqm
3321 1437 3599 1496 pararetur

330 1525 528 1589 editio;
560 1525 987 1577 demonstratura
1016 1538 1276 1575 summam
1306 1537 1456 1575 suam
1487 1535 1610 1587 erga
1642 1528 1845 1573 tantum
1870 1517 2175 1585 pontiﬁcem
2206 1517 2555 1580 voluntatem,
2590 1516 2925 1570 bibliotheca:
2953 1517 3133 1571 Sancti
3163 1518 3322 1571 Marci
3347 1520 3598 1586 prmfecto

331 1616 383 1670 id
413 1617 609 1684 negotii
636 1615 801 1677 dedit,
832 1623 889 1667 ut
918 1614 1153 1667 laborem
1184 1626 1508 1681 operamque
1557 1625 1770 1663 omnem
1817 1609 1869 1661 in
1914 1607 2257 1675 exquirendis
2292 1605 2461 1659 sancti
2507 1606 2647 1658 illius
2693 1606 2931 1674 prtesulis
2974 1607 3225 1670 homiliis,
3266 1608 3599 1661 sermonibus

330 1707 658 1775 reliquisque
687 1705 956 1774 opusculis
980 1712 1237 1772 poneret;
1268 1718 1331 1755 ac
1360 1703 1403 1755 si
1432 1701 1557 1768 quid
1602 1701 1791 1753 horqu
1835 1697 2125 1767 qumrendo
2163 1696 2512 1765 comperisset
2539 1703 2630 1749 aut
2660 1696 2891 1750 nondum
2917 1696 3207 1763 vulgatmn,
3238 1705 3328 1749 aut
3370 1706 3597 1751 annota-

335 1798 486 1851 tione
513 1796 746 1862 dignum,
775 1796 827 1847 id
853 1802 1101 1848 accurate
1129 1793 1475 1854 describeret,
1505 1799 1558 1844 et
1588 1790 1652 1844 ad
1681 1805 1839 1858 quem
1870 1789 1982 1859 ipsa
2020 1788 2271 1856 jusserat,
2318 1788 2684 1854 magistratum
2721 1786 2971 1841 deferret.
3014 1788 3063 1841 Is
3102 1789 3399 1857 prtefectus,
3434 1797 3492 1841 ut
3516 1798 3600 1843 est

332 1886 576 1940 eruditus
601 1884 903 1953 cumprimis
932 1899 993 1937 ac
1019 1883 1261 1950 diligens,
1292 1898 1410 1937 cum
1441 1882 1571 1933 nihil
1601 1880 2031 1949 pmtermisisset
2068 1878 2375 1945 vigilantiae,
2410 1878 2697 1941 iudustrim,
2740 1877 2917 1941 studii,
2961 1894 3068 1946 quo
3099 1881 3420 1948 prtecipietti
3452 1880 3598 1949 prin-

329 1973 434 2041 cipi
464 1972 882 2026 cumulatissime
910 1970 1262 2031 satisfaceret,
1308 1977 1452 2021 tanta
1483 1977 1564 2022 est
1593 1982 1718 2020 usus
1744 1966 2015 2030 felicitate,
2049 1974 2105 2020 ut
2142 1982 2417 2019 sermones
2460 1967 2722 2020 invenerit
2760 1984 2865 2021 non
2914 1968 3086 2023 adhuc
3128 1971 3427 2039 publicatos
3456 1979 3595 2036 tres;

332 2063 588 2133 pluraque
620 2063 672 2115 in
702 2061 973 2115 codicibus
1001 2060 1454 2123 animadverterit,
1487 2074 1605 2128 qum
1643 2060 1900 2123 studiose,
1930 2058 2223 2125 ordineque
2261 2058 2451 2110 litteris
2498 2058 2767 2119 mandata,
2820 2060 3149 2127 magistratui
3182 2061 3415 2126 tradidit,
3443 2062 3598 2128 cujus

330 2149 474 2217 jussu
495 2149 681 2203 eadem
712 2150 889 2202 omnia
918 2150 970 2203 in
1000 2150 1211 2203 thecam
1240 2148 1381 2201 illata
1412 2149 1709 2216 elegantem
1739 2162 1887 2209 sane,
1921 2156 2272 2214 ornatamque
2319 2148 2612 2214 insignibus
2641 2150 2948 2217 pontiﬁciis,
2993 2151 3217 2203 Romam
3244 2152 3310 2203 ad
3345 2152 3596 2204 eximium

328 2240 599 2294 Iulianum
628 2242 934 2309 reipublicae
966 2240 1180 2295 Veneta:
1209 2241 1349 2309 apud
1380 2242 1726 2309 apostolicam
1755 2240 1935 2294 sedem
1978 2240 2208 2307 legatum
2252 2240 2409 2293 missa
2441 2238 2672 2305 fuerunt,
2707 2242 2773 2293 ab
2812 2255 2983 2309 eoque
3013 2241 3191 2294 oblata
3220 2240 3479 2309 pontiﬁci,
3506 2240 3596 2309 qui

329 2332 517 2386 eadem
549 2332 758 2400 accepit
780 2332 937 2385 editis
966 2332 1235 2400 prteclaris
1264 2331 1471 2384 indiciis
1493 2332 1804 2398 magnisque
1838 2331 2313 2397 signiﬁcationibus
2342 2330 2478 2395 grati
2505 2330 2689 2394 animi,
2719 2331 2905 2400 suique
2935 2331 2987 2384 in
3018 2332 3186 2399 ipsam
3218 2330 3596 2398 rempublicam

331 2422 531 2475 amoris
560 2436 621 2475 ac
650 2422 886 2491 pietatis.
921 2421 1073 2476 Prior
1117 2431 1296 2477 autem
1336 2423 1547 2475 illorum
1588 2437 1899 2475 sermonum
1943 2422 2100 2474 trium
2142 2436 2208 2474 ex
2257 2421 2440 2475 codice
2488 2423 2653 2476 veteri
2701 2438 2799 2477 ms.
2851 2423 3184 2477 bibliotheca:
3221 2422 3401 2477 Sancti
3437 2422 3598 2479 Marci

333 2511 628 2578 exscriptus
655 2512 700 2565 is
729 2520 831 2575 est,
861 2512 1010 2581 cujus
1037 2512 1140 2566 hoc
1170 2521 1252 2565 est
1282 2513 1489 2565 initium
1523 2530 1534 2563 :
1566 2512 1698 2563 Ante
1725 2526 1917 2581 paucos
1948 2510 2076 2574 dies,
2099 2511 2296 2578 quique
2325 2520 2498 2564 exstat
2520 2514 2679 2565 etiam
2704 2514 2755 2566 in
2778 2513 2961 2567 codice
2992 2513 3323 2567 bibliothecce
3354 2512 3600 2566 Medicea:

331 2598 704 2654 Laurentiaua:
734 2601 1021 2670 inscriptus
1067 2601 1282 2655 Maximi
1330 2602 1565 2663 nomine,
1608 2609 1667 2653 ut
1704 2616 1768 2653 ex
1819 2599 1991 2652 indice
2021 2598 2372 2663 Bandiniano,
2406 2609 2535 2651 tom.
2568 2600 2608 2664 l,
2640 2616 2760 2669 pag.
2794 2601 2880 2666 8l,
2909 2602 3091 2669 liquet.
3138 2601 3211 2653 De
3249 2601 3466 2669 reliquis
3494 2600 3601 2655 alio

330 2682 468 2748 loco,
498 2687 799 2755 prtesertim
841 2694 1019 2741 autem
1064 2688 1117 2741 in
1147 2688 1600 2741 admonitionibus
1630 2688 1847 2755 copiose
1875 2685 2065 2739 dicam.
2102 2684 2302 2739 Prteter
2343 2701 2619 2741 sermones
2650 2687 2929 2755 pnnfectus
2968 2688 3103 2741 idem
3148 2688 3393 2741 homilias
3426 2687 3601 2741 attulit

332 2773 483 2839 duas,
512 2790 633 2843 quae
661 2777 762 2831 etsi
788 2777 943 2830 edita:
974 2775 1185 2841 fuerint,
1218 2776 1461 2831 codicum
1492 2784 1669 2830 tamen
1701 2776 2027 2829 Venetorum
2057 2777 2410 2830 consensione
2437 2776 2513 2839 ﬁt,
2546 2786 2603 2830 ut
2632 2779 2795 2831 tutius
2823 2778 3055 2831 Maximo
3080 2780 3453 2832 attribuantur.
3502 2778 3602 2830 Va-

328 2866 523 2919 riantes
552 2867 794 2920 lectiones
822 2866 905 2919 vir
931 2866 1259 2921 clarissimus
1280 2866 1501 2930 addidit,
1524 2881 1657 2935 quas
1679 2866 1789 2919 suis
1819 2866 1949 2919 locis
1978 2875 2281 2935 Opportune
2310 2868 2545 2923 inserere
2576 2884 2680 2923 non
2712 2872 3135 2937 prmtermittam.
3162 2868 3439 2924 Postremo
3461 2871 3601 2925 idem

331 2971 430 3010 nos
458 2958 719 3012 certiores
745 2957 890 3021 fecit,
923 2957 1138 3011 codices
1177 2972 1297 3011 esse
1342 2957 1515 3010 solum
1557 2956 1693 3010 duos
1726 2956 1779 3009 in
1812 2955 2013 3009 Veneta
2062 2955 2245 3010 Sancti
2290 2956 2453 3013 Marci
2501 2958 2841 3024 bibliotheca,
2873 2960 2965 3028 qui
2993 2974 3268 3013 sermones
3294 2962 3603 3013 contineant

330 3046 579 3113 Maximi;
610 3048 801 3102 horum
838 3062 961 3102 esse
989 3048 1215 3101 alterum
1259 3047 1745 3110 metnbranaceum,
1781 3054 2022 3099 notatum
2067 3062 2291 3101 numero
2326 3049 2431 3102 I55
2477 3058 2830 3118 spectareque
2858 3050 2925 3104 ad
2955 3067 3004 3104 χι
3038 3048 3288 3104 Ecclesia:
3315 3050 3600 3116 smeuluni;

331 3138 471 3193 hunc
497 3140 725 3209 primam
753 3155 873 3195 esse
900 3148 1109 3209 partem
1139 3139 1423 3194 homiliarii
1448 3139 1715 3191 distributi
1748 3140 1800 3190 in
1830 3138 2065 3204 ingentia
2116 3140 2385 3193 volumina
2433 3141 2839 3217 membranacea
2887 3142 2992 3195 duo
3040 3140 3269 3205 iu-t‘olio,
3311 3156 3428 3208 qum
3469 3142 3604 3209 juris

329 3230 459 3285 olim
491 3230 699 3284 fuerant
727 3231 1013 3285 cardinalis
1044 3231 1391 3295 Bessarionis,
1441 3238 1670 3299 postque
1712 3229 1861 3283 fuere
1908 3230 1973 3282 ab
2021 3233 2210 3285 eodem
2253 3232 2504 3284 cardinali
2544 3232 2706 3296 dono,
2738 3249 2856 3287 cum
2906 3234 3024 3287 aliis
3072 3234 3236 3302 ipsius
3284 3234 3451 3297 libris,
3479 3233 3603 3287 data

331 3324 639 3393 reipublicae
668 3323 1020 3390 Venetorum;
1052 3340 1169 3379 esse
1192 3324 1429 3377 codicem
1457 3321 1702 3375 eumdem
1728 3322 1858 3374 satis
1887 3323 2167 3375 emendate
2193 3324 2477 3391 scriptum;
2511 3325 2735 3377 alterum
2764 3325 3002 3378 codicem
3033 3334 3238 3394 partem
3269 3324 3388 3379 esse
3416 3341 3604 3379 secun-

330 3412 454 3466 dam
496 3413 718 3467 altesius
758 3413 1044 3466 homiliarii
1078 3413 1218 3477 libri,
1247 3413 1357 3480 qui,
1399 3428 1518 3466 cum
1550 3422 1793 3479 repertus
1824 3412 1875 3463 in
1901 3410 2013 3463 mde
2042 3410 2223 3463 Sancti
2255 3410 2416 3463 Marci
2456 3411 2613 3465 fuerit
2644 3415 2913 3467 immixtus
2958 3417 3196 3483 pauculis
3226 3418 3601 3484 voluminibus,

332 3518 453 3570 qua:
479 3502 769 3558 Petrarcha
797 3505 845 3557 ei
874 3504 1113 3557 ecclesia:
1142 3502 1387 3566 donarat,
1423 3502 1704 3555 translatus
1749 3501 1848 3554 fuit
1890 3502 1942 3553 in
1990 3500 2384 3563 bibliothecam,
2428 3500 2773 3567 signatusque
2803 3518 2947 3554 num.
2985 3502 3119 3567 508;
3152 3520 3268 3557 esse
3298 3506 3437 3558 hunc
3469 3505 3594 3558 item

335 3592 799 3645 membranaceum
829 3592 1032 3646 in—folio
1057 3592 1252 3646 sacqu
1278 3608 1349 3645 xu
1377 3597 1674 3653 exaratum,
1708 3590 1811 3645 etsi
1851 3605 1957 3643 non
1998 3598 2107 3642 tam
2141 3590 2418 3657 castigate,
2455 3607 2613 3659 quam
2657 3592 2775 3645 libri
2804 3594 3095 3661 postulant,
3128 3595 3218 3661 qui
3259 3595 3361 3661 legi
3392 3596 3604 3662 publica

336 3678 389 3731 in
421 3679 642 3732 ecclesia
673 3680 864 3751 [xxxuj
893 3681 1141 3735 solerent.
1171 3682 1248 3735 Ac
1267 3681 1333 3734 de
1354 3680 1570 3734 Venetis
1598 3680 1814 3748 quidem
1843 3680 2178 3734 bibliothecae
2206 3680 2387 3733 Sancti
2418 3680 2579 3735 Marci
2609 3682 2883 3735 codicibus
2912 3683 3025 3733 haec
3047 3683 3230 3748 paucis
3260 3682 3399 3735 dicta
3422 3690 3600 3736 sunto.

422 3769 625 3835 Restat,
659 3779 714 3823 ut
741 3771 810 3824 de
839 3770 1093 3825 Patavino
1134 3772 1469 3825 bibliotheca:
1498 3770 1880 3823 canonicorum
1903 3771 2144 3823 nonnihil
2172 3785 2484 3824 memorem.
2517 3769 2676 3823 Estis
2697 3771 2864 3823 codex
2894 3786 2961 3823 xv
2989 3770 3186 3824 saeéuli.
3220 3770 3505 3841 Descripsit
3535 3790 3601 3828 ex

338 3876 405 3913 eo
437 3860 761 3915 clarissimus
791 3861 932 3915 idem
963 3862 1177 3915 Veneta:
1206 3860 1389 3915 Sancti
1418 3860 1581 3914 Marci
1607 3860 1947 3914 bibliotheca:
1995 3858 2275 3928 pnefectus
2315 3872 2592 3912 sermones
2632 3859 2783 3923 duos,
2822 3872 3050 3926 quorum
3094 3860 3229 3913 alter
3259 3861 3443 3929 incipit
3477 3880 3488 3913 :
3520 3862 3602 3915 Ad

332 3952 680 4005 exhibendum
714 3963 894 4007 vestra:
920 3956 1127 4007 caritati
1156 3970 1459 4016 sermonem,
1505 3962 1632 4017 etc.,
1676 3966 1976 4020 magnaque
2021 3968 2146 4022 pars
2191 3950 2422 4004 refertur
2462 3951 2514 4003 in
2545 3948 2721 4004 oiﬁcio
2749 3951 3018 4005 communi
3056 3960 3346 4022 martyrum
3378 3950 3605 4009 Romani
3663 3966 3677 3976 ‘

338 4042 617 4107 Breviarii,
647 4044 773 4097 editi
804 4061 891 4098 an.
926 4044 1062 4097 1478
1094 4045 1329 4098 Venetiis
1357 4060 1387 4097 a
1415 4044 1689 4098 Jensonio.
1723 4044 1957 4098 Alterius
1985 4051 2161 4097 autem
2192 4042 2455 4096 sermonis
2478 4042 2580 4095 hoc
2608 4050 2690 4095 est
2718 4042 2926 4095 initium
2954 4059 2967 4095 :
3002 4041 3155 4095 Recte
3174 4054 3323 4114 atque
3348 4062 3411 4097 ea
3439 4046 3606 4101 debito

335 4130 588 4188 Ecclesia:
616 4131 872 4186 beatorum
900 4142 1182 4202 martyrum
1213 4132 1471 4185 celebrant
1492 4134 1735 4203 insignia.
1769 4133 2079 4201 anusmodi
2109 4141 2286 4185 autem
2317 4132 2369 4184 hi
2393 4146 2684 4195 sermones,
2710 4133 2998 4201 quantique
3021 4133 3249 4188 habendi
3276 4136 3400 4201 sint,
3427 4146 3606 4192 osten~

332 4222 458 4275 dam
489 4223 542 4275 in
573 4224 1045 4291 admonitionibus,
1066 4225 1192 4279 dum
1214 4232 1423 4294 tempus
1452 4228 1695 4294 ratioque
1725 4227 2011 4281 monuerit.

403 4333 560 4399 Quod
589 4334 654 4387 ad
684 4335 987 4391 Brixienses
1015 4352 1078 4391 ac
1105 4336 1444 4391 Veronenses
1481 4337 1693 4391 codices
1731 4338 1941 4401 attinet,
1972 4337 2074 4390 hoc
2117 4337 2278 4390 breve
2305 4336 2476 4389 dicam
2503 4353 2515 4386 :
2548 4351 2577 4388 a
2606 4333 2813 4389 Joanne
2843 4334 3049 4389 Nannio
3080 4337 3452 4404 Brixiensium,
3485 4350 3537 4395 et
3574 4359 3602 4396 a

330 4422 543 4478 Joanne
578 4425 868 4481 Morosinio
896 4428 1303 4492 Veronensimn,
1335 4428 1591 4481 doctrina:
1630 4427 2051 4495 eruditionisque
2094 4424 2250 4479 laude
2291 4425 2740 4493 prsestantissimis
2780 4424 3101 4478 antistitibus
3145 4441 3323 4478 curam
3366 4442 3603 4495 omnem,

334 4513 684 4581 diligentiam,
718 4531 935 4584 operam
970 4517 1130 4571 fuisse
1160 4526 1430 4580 navatam,
1459 4526 1515 4569 ut
1542 4515 1799 4584 quidquid
1826 4516 1876 4569 in
1907 4516 2182 4568 codicibus
2213 4529 2339 4568 mss.
2373 4529 2586 4567 suarum
2621 4514 2968 4567 ecclesiarum
3002 4522 3177 4568 exstat
3204 4515 3269 4567 ad
3310 4515 3599 4568 Maximum

335 4606 628 4674 pertinens,
657 4607 723 4659 ad
755 4624 851 4661 nos
880 4608 1223 4677 perferretur,
1257 4623 1363 4661 non
1392 4606 1553 4661 modo
1576 4616 1632 4660 ut
1660 4614 1867 4674 gratum
1901 4606 1996 4659 Pio
2023 4604 2189 4661 Sexto
2218 4604 2455 4674 pontiﬁci
2478 4604 2733 4670 facerent,
2765 4621 2950 4659 verum
2980 4607 3140 4660 etiam
3171 4616 3228 4660 ut
3255 4607 3396 4675 quod
3428 4608 3600 4661 enite-

335 4706 524 4751 rentur
551 4715 612 4752 ac
643 4699 967 4765 laborarent,
1001 4702 1066 4754 ad
1090 4702 1310 4769 gloriam
1340 4703 1508 4755 sancti
1540 4702 1779 4771 pnesulis
1818 4711 2102 4755 verterent.
2147 4702 2383 4755 Nannius
2432 4717 2707 4756 sermones
2747 4703 2949 4772 aliquot
2986 4712 3145 4771 atque
3185 4702 3454 4766 homilias,
3507 4718 3601 4757 va—

334 4791 644 4856 riantesque
674 4790 932 4845 lectiones
960 4793 1173 4860 optimae
1204 4802 1340 4847 nota:
1370 4793 1534 4855 misit,
1566 4792 1632 4846 de
1661 4794 1851 4863 quibus
1879 4796 1986 4847 suis
2034 4795 2085 4847 in
2134 4795 2282 4854 locis,
2316 4794 2439 4847 dum
2470 4797 2607 4848 ratio
2646 4796 2839 4863 exiget,
2872 4796 3144 4849 disseram.
3189 4793 3506 4847 Morosinius
3535 4810 3599 4849 ex

254 4862 267 4873 ’
333 4880 699 4933 vetustissimo
727 4882 809 4934 sui
839 4884 1055 4951 capituli
1084 4883 1268 4936 codice
1296 4885 1506 4950 signato
1537 4900 1680 4937 num.
1712 4884 1780 4935 4U
1820 4892 1877 4936 ut
1916 4883 2344 4937 describerentur
2373 4883 2639 4939 Lectiones
2668 4902 2762 4939 seu
2792 4885 3148 4954 Expositione:
3181 4884 3597 4955 Evangeliorum,

336 4979 506 5038 utque
530 4972 683 5025 nobis
713 4973 1079 5037 redderentur,
1099 4974 1274 5042 jussit.
1309 4974 1385 5027 Ac
1432 4974 1561 5027 mihi
1604 4976 1817 5042 quidem
1848 4976 1957 5028 veri
1989 4990 2241 5044 perquam
2272 4990 2389 5029 esse
2415 4976 2588 5030 simile
2622 4976 2848 5037 videtur,
2881 4975 3020 5027 hunc
3066 4975 3256 5028 librum
3298 4976 3443 5030 illum
3483 4994 3599 5033 esse

338 5062 556 5115 Maximi
584 5064 675 5131 qui
704 5064 766 5116 de
794 5063 1043 5135 Capitulis
1072 5065 1471 5137 Evangeliorum
1510 5066 1793 5135 inscriptus
1819 5074 1952 5132 erat,
1985 5071 2073 5137 qui
2104 5084 2133 5120 a
2161 5068 2459 5134 Gennadio,
2492 5070 2558 5123 ab
2588 5069 2824 5123 Honorio
2852 5067 3317 5134 Augustodunensi
3339 5078 3392 5123 et
3418 5088 3448 5125 a
3479 5070 3599 5126 Tri-

338 5155 541 5211 tbemio
567 5165 914 5221 memoratur,
944 5158 1143 5227 quique
1179 5158 1381 5227 jamdiu
1427 5174 1545 5213 cum
1596 5174 1694 5212 nos
1742 5160 1973 5223 latuerit,
2022 5161 2428 5214 existimabatur
2471 5159 2707 5213 funditus
2744 5159 2985 5228 periisse.
3016 5158 3095 5213 Ex
3124 5162 3311 5216 eodem
3341 5171 3600 5231 praeterea

335 5247 523 5303 codice
550 5246 872 5304 Morosinius
902 5252 1132 5306 exscribi
1162 5251 1327 5306 voluit
1354 5259 1613 5307 tractatus
1651 5251 1804 5316 duos,
1835 5252 1926 5320 qui
1956 5252 2055 5306 etsi
2090 5253 2339 5322 anonymi
2380 5252 2508 5315 sint,
2547 5266 2651 5305 non
2697 5249 2895 5319 indigni
2939 5258 3113 5307 tamen
3144 5253 3326 5308 haberi
3355 5262 3598 5322 possunt,

332 5340 433 5411 qui
453 5348 639 5395 saneto
656 5342 764 5411 ipsi
794 5341 1025 5399 Maximo
1054 5344 1415 5409 ascribantur;
1442 5351 1603 5412 atque
1631 5352 1689 5397 ut
1727 5359 1821 5397 eos
1860 5351 2046 5400 sancto
2075 5344 2248 5397 eidem
2276 5344 2391 5397 viro
2420 5342 2741 5396 ascriberem
2783 5355 2973 5410 graves
3002 5358 3087 5398 me
3115 5360 3288 5399 causa:
3316 5360 3599 5413 permove-

332 5444 484 5489 runt.
528 5436 729 5492 Verum
760 5438 827 5493 de
871 5438 952 5492 his
980 5438 1129 5492 alias.
1164 5436 1278 5492 Hoc
1306 5453 1545 5492 moneo:
1579 5437 1958 5507 opusculorum
1995 5435 2253 5505 ejusmodi
2299 5435 2531 5489 nondum
2575 5434 2839 5491 editorum
2871 5438 3197 5496 accessione.
3230 5436 3599 5492 collectionem

331 5525 483 5583 hanc
502 5539 744 5585 nostram
773 5532 940 5586 multo
968 5532 1175 5585 caeteris
1203 5530 1606 5599 locupletiorem
1634 5529 2165 5599 prmstantioremque
2195 5526 2442 5580 futuram.

411 5622 600 5677 XXIV.
626 5624 742 5678 .lam
764 5641 893 5680 vero
922 5625 1020 5681 etsi
1049 5626 1177 5679 satis
1206 5623 1381 5689 ﬁrmo,
1407 5640 1511 5679 non
1544 5640 1648 5679 uno
1681 5632 1857 5678 tamen
1884 5623 2123 5677 contenti
2154 5620 2343 5674 fuimus
2366 5620 2612 5689 pnesidio
2633 5622 2875 5675 codicum
2902 5620 3225 5674 Italicorum.
3257 5618 3601 5675 Germanicos

337 5716 509 5774 etiam
532 5717 779 5773 duximus
805 5718 1010 5774 consuli
1039 5724 1197 5787 atque
1225 5718 1456 5773 conferri
1486 5725 1755 5786 Oportere.
1788 5714 1970 5782 Itaque
2000 5729 2028 5766 a
2060 5711 2153 5766 Pio
2183 5712 2346 5765 Sexto
2377 5712 2629 5781 pontiﬁce
2672 5712 2905 5765 maximo
2946 5711 3200 5777 scriptum
3232 5707 3464 5776 Joseplio
3494 5706 3599 5762 Ga-
