4138 6186
523 292 594 345 '53;
1972 287 2157 344 Ῥκηςῐ

2166 288 2353 343 'ATlO.
3733 294 3800 351 ὃς

524 401 747 468 rampio,
778 415 982 454 summa
1011 400 1316 458 eruditione
1344 411 1399 457 et
1424 404 1560 456 mira
1591 411 1756 456 totius
1784 401 2119 470 antiquitatis
2147 399 2627 469 comprehensione
2657 399 2962 464 excellenti,
2995 403 3250 471 episcopo
3278 401 3467 457 Montis
3501 403 3720 472 Falisci,
3747 413 3801 460 et

521 491 658 560 apud
689 491 1156 547 Vindobonensem
1185 493 1484 548 C:esaream
1513 494 1688 547 aulam
1713 493 2024 562 apostolicae
2052 491 2196 546 sedis
2227 491 2422 559 legato,
2446 489 2736 558 datumque
2764 491 2814 544 in
2845 491 3110 544 mandatis
3144 492 3258 552 fuit.
3291 501 3348 546 ιιι
3375 508 3492 546 eam
3522 494 3626 547 sibi
3649 508 3804 560 spar-

521 590 626 634 tam
668 582 963 636 ornandam
991 585 1304 654 susciperet.
1334 584 1382 638 [s
1409 583 1634 653 principi
1662 591 1813 636 tanto
1843 583 2044 650 optime
2073 581 2140 634 de
2165 595 2227 636 se
2257 580 2448 633 merito
2488 580 2974 648 obtemperaturus,
3017 581 3210 632 evolvit
3235 582 3356 658 ipse
3389 596 3484 648 per
3511 595 3571 634 se
3601 581 3797 635 biblio-

517 673 686 727 thecae
725 673 978 742 Augustae
1004 677 1398 745 manuscriptos
1425 676 1666 740 codices;
1696 688 1925 742 cumque
1963 673 2168 726 nullum
2216 672 2507 740 reperisset
2533 671 2625 740 qui
2668 671 2974 724 Maximiani
3002 672 3289 740 quidquam
3324 673 3798 741 complecteretur,

515 763 584 816 ad
614 766 904 820 monachos
947 767 1150 820 ordinis
1189 766 1369 820 Sancti
1413 766 1684 820 Benedicti
1728 780 1848 820 sese
1886 764 2170 826 convertit,
2223 763 2586 832 pnesulesque
2629 763 3076 817 monasteriorum
3119 763 3545 832 Batisponensis,
3595 761 3804 817 Gotwi-

517 857 709 920 censis,
741 856 1134 922 Lambacensis,
1168 858 1456 926 Augimque
1501 857 1680 912 divitis
1708 854 1915 929 [χχχιιι]
1964 855 2223 924 majorem
2253 855 2305 908 in
2335 853 2550 908 modum
2580 854 2825 909 hortatus
2844 862 2927 908 est
2954 863 3114 922 atque
3141 855 3411 919 excitavit,
3442 864 3502 908 ut
3533 857 3585 907 in
3619 862 3801 907 vetera

517 963 644 1000 mss.
669 949 942 1004 volumina
972 951 1254 1016 insignium
1284 963 1500 1004 suarum
1519 948 1965 1002 bibliothecarum
1987 945 2182 1013 inquiri
2206 943 2474 1012 juberent.
2508 943 2636 1013 Ejus
2657 945 3090 999 exhortationum
3119 953 3266 998 tanta
3289 945 3368 998 vis
3389 945 3506 1006 fuit,
3534 953 3596 998 ut
3625 945 3806 998 exitus

519 1037 823 1103 nequiverit
842 1054 961 1093 esse
989 1040 1292 1093 secundior.
1325 1039 1457 1092 Nam
1485 1053 1696 1092 cursum
1722 1038 1790 1091 ad
1818 1037 1871 1092 id
1899 1052 2036 1106 opus
2062 1035 2306 1090 certatim
2328 1051 2359 1088 a
2388 1037 2666 1090 monachis
2693 1045 2770 1090 est
2806 1053 2818 1088 :
2843 1035 3071 1105 perfecti
3099 1037 3166 1089 ab
3194 1036 3378 1090 iisdem
3410 1035 3616 1089 indices
3647 1035 3803 1088 locu-

517 1123 799 1192 pletiss'nni
827 1127 1164 1181 homiliarum
1210 1143 1623 1196 sermonumque
1649 1127 1898 1193 Maximi;
1944 1126 2216 1179 variantes
2241 1140 2425 1194 eaeque
2454 1127 2727 1196 permagni
2767 1127 3060 1196 pendendae
3099 1128 3355 1182 lectiones
3381 1127 3805 1196 diligentissime

518 1217 884 1285 transcripta);
919 1218 1149 1273 indicata
1179 1219 1422 1272 codicum
1450 1227 1581 1272 tetas
1608 1226 1769 1286 atque
1797 1217 2126 1287 praestantia,
2158 1216 2210 1270 in
2249 1217 2441 1285 quibus
2482 1218 2739 1286 epuscula
2779 1226 3069 1282 exstarent,
3103 1218 3168 1272 ad
3196 1234 3314 1286 qua:
3345 1220 3516 1272 sancti
3559 1217 3806 1289 episcopi

522 1318 668 1365 esset
696 1312 982 1380 ascriptum
1015 1328 1228 1366 nomen.
1262 1311 1335 1364 Ea
1371 1313 1544 1366 omnis
1589 1320 1668 1364 tot
1706 1312 2043 1380 egregiorum
2071 1319 2561 1374 monumentorum,
2595 1317 2704 1362 tam
2751 1307 3000 1376 frugifera
3039 1316 3252 1378 tamque
3296 1310 3572 1378 prteclara,
3607 1311 3674 1364 ad
3703 1326 3806 1365 nos

517 1412 599 1457 est
625 1420 655 1458 a
684 1406 1080 1474 sapientissimo
1120 1407 1346 1475 pnesule
1389 1407 1698 1460 transmissa
1743 1406 2028 1471 collectio,
2072 1405 2161 1458 cui
2205 1415 2464 1472 quantum
2505 1403 2750 1468 debeam,
2798 1403 2898 1458 etsi
2928 1403 3129 1472 possim
3168 1403 3495 1472 cogitatione
3521 1401 3802 1469 colngrre,

516 1497 734 1564 exsequi
765 1505 944 1550 tamen
974 1498 1149 1551 verbis
1176 1513 1282 1566 non
1313 1512 1550 1566 possum.

584 1583 748 1638 XXV.
789 1584 1176 1639 Percrebuerat
1197 1586 1408 1639 interim
1436 1585 1725 1639 multorum
1773 1598 2027 1638 sermone
2045 1623 2060 1647 ,
2095 1582 2236 1652 apud
2267 1583 2458 1650 Belgas
2485 1591 2699 1638 exstare
2724 1583 2864 1638 haud
2895 1599 3044 1638 raros
3071 1583 3288 1638 codices
3313 1584 3525 1651 generis
3552 1581 3801 1650 ejusdem

517 1675 568 1729 in
598 1675 933 1731 bibliothecis
961 1677 1256 1745 praesertim
1284 1675 1757 1730 monasteriorum.
1789 1673 1890 1738 Qui
1913 1688 2032 1726 eam
2063 1673 2117 1726 in
2148 1687 2263 1725 rem
2291 1672 2606 1740 inquireret,
2631 1688 2789 1728 nemo
2812 1673 3155 1728 succurrebat
3183 1673 3359 1742 aptior
3385 1672 3590 1740 lgnatio
3630 1671 3804 1726 Busca

517 1769 825 1838 apostolica:
853 1767 994 1822 sedis
1036 1768 1234 1834 legato,
1266 1767 1564 1834 eodemque
1589 1765 1995 1833 archiepiscopo
2022 1763 2335 1818 Emesseno.
2369 1763 2449 1818 Ad
2477 1764 2621 1818 hunc
2647 1763 2886 1833 pontifex
2915 1765 3075 1819 scribi
3099 1765 3288 1832 jussit,
3313 1765 3390 1818 uti
3423 1772 3644 1818 strenue
3673 1777 3805 1831 age-

517 1865 618 1919 ret,
664 1854 879 1909 codices
928 1855 1017 1908 ubi
1061 1863 1242 1909 essent
1296 1857 1699 1923 pervestigaret,
1733 1854 2005 1907 nuntiaret
2041 1853 2292 1920 denique,
2322 1853 2620 1920 cujusmodi
2649 1863 2846 1919 essent,
2898 1870 3060 1923 quam
3101 1863 3332 1920 veteres,
3357 1869 3516 1922 quam
3547 1863 3804 1909 accurate

517 1947 722 2015 scripti,
753 1946 1074 2015 quibusnam
1101 1946 1155 1998 in
1177 1945 1309 1999 locis
1329 1945 1395 1998 ab
1419 1944 1576 1998 editis
1603 1945 1988 2012 discrepantes.
2016 1942 2139 2011 Egit
2166 1943 2255 1997 ille
2285 1942 2528 2010 impigre,
2561 1950 2621 1996 ut
2647 1942 2896 1996 debebat.
2925 1943 3066 1998 Viris
3086 1943 3276 2007 doctis,
3307 1943 3626 2010 quibuscum
3657 1943 3801 1996 ami-

523 2034 679 2090 citias
699 2034 974 2103 junxerat,
998 2033 1296 2099 mandavit,
1328 2044 1406 2097 ut,
1439 2034 1693 2102 quoniam
1741 2035 1856 2103 ipse
1883 2049 1982 2103 per
2007 2048 2086 2098 se,
2109 2042 2191 2089 tot
2217 2035 2360 2090 curis
2385 2035 2667 2096 distentus,
2693 2034 2744 2086 id
2769 2034 2968 2088 laboris
2987 2035 3251 2088 sustinere
3274 2049 3380 2088 non
3409 2041 3620 2103 posset,
3647 2050 3802 2089 suam

521 2125 595 2178 illi
615 2125 681 2179 ad
706 2139 824 2178 eam
851 2138 967 2178 rem
995 2138 1216 2191 operam
1246 2123 1571 2178 conferrent.
1601 2123 1735 2178 Cum
1773 2125 1826 2178 hi
1849 2125 2035 2180 sedulo
2064 2124 2334 2190 fecissent,
2367 2127 2418 2179 in
2449 2125 2654 2180 duabus
2681 2125 3019 2180 bibliothecis
3059 2126 3274 2182 codices
3317 2127 3540 2180 totidem
3572 2141 3800 2196 repere-

521 2222 664 2278 runt,
687 2229 913 2282 quarum
935 2212 1149 2281 quidem
1191 2211 1634 2266 bibliothecarum
1673 2229 1777 2266 una
1807 2213 2187 2268 canonicorum
2234 2215 2558 2282 regularium
2595 2213 3007 2268 Lovaniensium
3033 2213 3213 2268 Sancti
3253 2213 3466 2266 Martini
3491 2221 3592 2276 est,
3626 2213 3802 2267 altera

520 2306 904 2360 monachorum
927 2304 1364 2359 Cisterciensium
1392 2305 1623 2359 cmnobii
1645 2302 2116 2358 Camberonensis.
2150 2305 2207 2358 Id
2238 2306 2326 2358 ubi
2356 2306 2562 2372 legatus
2588 2306 2824 2369 rescivit,
2845 2304 3206 2374 perillustrem
3234 2304 3552 2358 canonicum
3582 2303 3801 2358 Vande—

520 2394 795 2448 velderum
823 2393 1160 2450 bibliotheae
1182 2392 1501 2446 Lovaniensi
1526 2395 1855 2461 praefectum,
1879 2393 2234 2462 eumdemque
2274 2393 2542 2448 facultatis
2570 2395 2884 2461 theologica:
2910 2395 3276 2448 doctissimum
3305 2393 3673 2462 professorem
3704 2411 3800 2449 ro-

522 2487 686 2554 gavit,
715 2493 772 2539 ut
793 2501 928 2553 quas
952 2483 1200 2537 homilias
1228 2498 1468 2551 quosque
1496 2499 1773 2538 sermones
1811 2482 2025 2536 Maximi
2055 2486 2106 2537 in
2139 2485 2324 2538 iisdem
2353 2487 2627 2541 codicibus
2655 2487 3118 2556 deprehendisset,
3150 2487 3217 2540 ad
3247 2487 3492 2555 vulgatos
3535 2489 3800 2554 exigeret,

527 2583 842 2642 uetaretque
870 2573 1126 2642 quidquid
1155 2589 1262 2642 prae
1283 2590 1342 2628 se
1368 2576 1500 2628 varii
1527 2590 1590 2628 ac
1616 2575 1812 2629 diversi
1842 2574 2064 2629 ferrent.
2097 2575 2275 2630 Gessit
2299 2578 2343 2630 is
2371 2579 2549 2645 legato
2590 2581 2799 2645 roganti
2847 2595 3071 2634 morem.
3103 2578 3362 2633 Homilias
3403 2578 3547 2646 ipsas
3581 2579 3800 2644 triginta

525 2683 645 2723 cum
675 2668 832 2722 editis
859 2666 1098 2721 Colonia:
1127 2683 1216 2720 an.
1251 2665 1387 2721 1555
1407 2668 1654 2732 contulit,
1689 2667 1938 2737 quodque
1963 2668 2015 2721 in
2037 2668 2103 2722 iis
2131 2667 2352 2722 offendit
2376 2670 2670 2736 varietatis,
2703 2672 3103 2726 commentariis
3131 2669 3485 2738 consignavit,
3517 2668 3801 2737 eidemque

526 2761 698 2830 legato
720 2759 884 2825 dedit,
915 2759 1008 2827 qui
1029 2759 1386 2814 cunctandum
1416 2775 1521 2814 non
1552 2761 1777 2829 putavit,
1801 2761 1928 2828 quin
1959 2761 2184 2814 Romam
2214 2761 2280 2814 ad
2307 2761 2615 2831 pontificem
2659 2765 2914 2818 mitteret.
2944 2763 3047 2818 Eas
3071 2777 3172 2831 ego
3201 2765 3378 2817 varias
3408 2763 3670 2819 lectiones
3687 2765 3802 2817 suis

527 2853 658 2907 locis
687 2853 929 2918 ingerere
959 2866 1065 2905 non
1093 2851 1355 2904 omittam.
1409 2849 1607 2916 Quanti
1653 2867 1814 2920 porro
1843 2851 2069 2905 ducendi
2099 2851 2310 2906 codices
2340 2852 2412 2905 illi
2458 2852 2585 2916 sint,
2617 2868 2686 2908 ex
2733 2853 2911 2907 verbis
2939 2851 3345 2917 Vandevelderi,
3377 2867 3536 2921 quam
3566 2869 3635 2907 ex
3663 2853 3804 2908 meis

528 2944 776 3009 cognosci
796 2942 960 2995 malo.
995 2960 1012 2992 ι
1049 2939 1203 2995 Prior
1231 2941 1422 3004 codex,
1447 2941 1619 3009 inquit
1648 2941 1756 3003 ille,
1790 2939 1872 2994 est
1901 2940 1954 2994 in
1977 2955 2324 3010 pergameno,
2359 2941 2525 2994 forma
2550 2957 2711 3010 quam
2734 2941 2938 2997 in-folio
2960 2951 3174 3006 vocant,
3197 2942 3404 2997 duobus
3442 2944 3802 2998 voluminibus

528 3031 784 3088 exhibens
805 3031 1051 3085 homilias
1074 3031 1136 3083 de
1153 3030 1416 3100 Tempore,
1443 3039 1496 3084 et
1525 3031 1587 3083 de
1616 3030 1844 3095 Sanctia,
1878 3032 1929 3085 in
1951 3047 2174 3101 quarum
2200 3047 2424 3086 numero
2453 3033 2658 3101 aliquot
2675 3034 2818 3087 beati
2855 3033 3068 3088 Maximi
3095 3034 3326 3088 bomiliaa
3353 3043 3662 3089 occurrunt.
3688 3036 3801 3089 Hu-

530 3125 611 3195 jus
631 3124 834 3180 codicis
863 3123 1205 3191 introscripta
1228 3131 1354 3177 sunt
1387 3140 1398 3175 :
1434 3122 1540 3176 Iste
1568 3123 1696 3176 liber
1715 3125 1938 3194 pertinet
1966 3125 2036 3177 ad
2057 3125 2324 3179 librarium
2353 3128 2656 3180 monasterii
2685 3130 2994 3198 regularium
3024 3129 3205 3183 Sancti
3233 3129 3454 3183 Martini
3482 3130 3537 3182 in
3567 3128 3802 3184 Lovanio

530 3219 587 3270 in
633 3216 716 3269 die
769 3213 1079 3268 Gimstrwte.
1121 3213 1251 3267 Item
1286 3231 1298 3266 :
1339 3213 1503 3267 Istam
1544 3225 1741 3283 partem
1779 3216 2110 3269 homiliarum
2137 3216 2378 3270 habemus
2434 3234 2499 3271 ea:
2540 3219 2692 3272 domo
2722 3219 3063 3274 Florentium:
3112 3217 3538 3275 Darentrensium
3578 3225 3800 3294 fratrum

529 3309 580 3360 in
626 3307 879 3359 erectione
924 3305 1079 3376 hujus
1118 3305 1299 3357 domus
1347 3306 1489 3357 circa
1515 3321 1708 3357 annum
1735 3303 1943 3358 Domini
1976 3303 2132 3358 1454.
2164 3304 2267 3360 Sed
2314 3307 2471 3375 longe
2519 3309 2792 3377 antiquior
2819 3319 2901 3364 est
2927 3311 3127 3375 codex,
3159 3314 3304 3379 quod
3333 3327 3400 3366 ex
3428 3313 3799 3368 characterum

530 3396 695 3450 forma
726 3399 981 3465 apparet;
1013 3403 1068 3449 et
1086 3394 1230 3463 quod
1261 3395 1416 3448 nulla:
1445 3394 1702 3449 Bernardi
1724 3396 1954 3449 homiliae
1981 3397 2088 3450 sint
2119 3397 2364 3463 insertae;
2400 3401 2609 3454 tametsi
2637 3402 2755 3454 usui
2785 3401 3030 3456 lectionis
3060 3403 3112 3456 in
3143 3403 3348 3475 [xxxiv]
3370 3403 3678 3469 refectorio,
3708 3405 3795 3458 cui

529 3489 642 3543 lucc
657 3489 929 3542 volumina
967 3487 1343 3551 inservierunt,
1375 3488 1588 3557 egregie
1609 3489 2047 3543 accommodatae.
2079 3489 2276 3545 Omnes
2298 3491 2542 3547 videlicet
2569 3493 2833 3563 decerptie
2859 3504 2984 3549 sunt
3011 3511 3078 3550 ex
3098 3497 3297 3552 sanctis
3317 3497 3520 3550 Joanne
3547 3496 3800 3564 episcopo

529 3577 1142 3648 Constantinopolitano,
1170 3577 1486 3644 Augustino,
1527 3577 1708 3631 Leone
1735 3594 1871 3646 papa
1894 3577 1945 3642 I,
1973 3577 2234 3646 Gregorio
2260 3581 2473 3649 Magno,
2506 3583 2668 3646 Beda,
2699 3584 2976 3654 Haymone
3006 3586 3444 3650 Alberstadiensi,
3490 3595 3544 3640 et
3589 3587 3803 3640 demum

531 3666 782 3721 Anselmo
811 3666 1204 3722 Cantuariensi.
1232 3666 1380 3721 Alter
1403 3667 1575 3722 codex
1597 3675 1680 3721 est
1707 3681 2058 3738 papyraecus,
2084 3669 2254 3724 nitido
2283 3672 2596 3727 charactere
2623 3683 2874 3727 exaratos
2901 3690 2931 3727 a
2967 3674 3130 3728 fratre
3161 3674 3368 3730 Joanne
3396 3677 3463 3730 de
3487 3677 3685 3730 Waqu
3714 3692 3799 3730 an.

528 3755 682 3818 1620,
715 3763 767 3809 ul
801 3756 868 3808 ad
889 3758 1089 3809 calcem
1111 3763 1346 3818 notatur,
1380 3759 1548 3809 forma
1575 3771 1736 3822 quam
1763 3766 1956 3811 vocant
2000 3757 2153 3811 in-8°.
2188 3759 2395 3815 Titulus
2432 3760 2786 3829 przefixusest
2819 3779 2831 3812 :
2867 3762 3142 3815 Sermones
3172 3763 3306 3814 beati
3336 3762 3563 3816 Maximi
3613 3764 3803 3818 Tauri-

527 3849 700 3898 nensis
721 3846 945 3914 episcopi
967 3860 1056 3895 an.
1093 3843 1225 3894 1620
1255 3852 1330 3894 est
1353 3843 1667 3895 bibliothecw
1695 3844 1918 3896 abbatiw
1946 3845 2371 3899 Camberonensis
2402 3848 2599 3899 ordinis
2627 3846 2981 3900 Cisterciensis
3018 3849 3073 3901 in
3103 3848 3409 3904 Harmonia.
3446 3869 3464 3901 ι

596 3929 782 3987 XXVI.
825 3933 928 3988 Sed
959 3919 1062 3987 erit
1093 3932 1320 3986 fortasse
1341 3932 1431 4000 qui
1453 3933 1695 3997 miretur,
1722 3932 1850 4000 quid
1872 3934 1960 3999 sit,
1993 3934 2135 4002 quod
2163 3951 2282 3990 cum
2315 3947 2420 3991 tam
2449 3939 2674 4006 diligens
2694 3954 2724 3992 a
2750 3953 2835 3993 me
2869 3939 3009 3994 facta
3041 3939 3203 3996 fuerit
3229 3941 3555 4009 Italicorum,
3580 3941 3805 3997 Germa-

527 4024 787 4084 nicorum,
818 4022 1152 4090 Belgicorum
1183 4022 1427 4078 codicum
1453 4025 1806 4090 enumeratio,
1831 4033 1940 4079 tum
1968 4024 2289 4082 Gallicorum
2313 4045 2378 4084 ne
2399 4030 2589 4084 leviter
2607 4031 2822 4099 quidem
2844 4033 3173 4088 mentionem
3203 4033 3493 4102 injecerim.
3521 4034 3588 4088 At
3615 4035 3660 4088 is
3679 4049 3802 4088 cum

525 4117 719 4172 viderit
747 4131 908 4184 quam
935 4118 1102 4171 simus
1122 4124 1280 4171 caute
1307 4117 1654 4184 studioseque
1684 4118 1736 4171 in
1761 4120 1968 4174 caeteris
1990 4121 2350 4187 recensendis,
2369 4123 2734 4192 expendendis
2753 4123 3212 4192 dijudicandisque
3233 4129 3451 4189 versati,
3477 4127 3521 4179 si
3551 4126 3800 4192 cognorit

528 4216 805 4273 przeterea,
833 4207 1156 4262 Gallicorum
1186 4208 1380 4262 seriem
1419 4208 1704 4276 variasque
1733 4209 2010 4277 lectiones,
2043 4213 2142 4266 etsi
2172 4212 2262 4267 diu
2285 4224 2640 4284 exspectatas,
2684 4216 2920 4270 nondum
2951 4223 3130 4270 tamen
3168 4217 3392 4284 perferri
3422 4219 3658 4286 potuisse
3689 4219 3802 4272 Ro-

532 4313 693 4362 mam,
729 4315 837 4354 non
865 4299 1024 4354 modo
1051 4299 1262 4354 desinet
1282 4299 1484 4360 mirari,
1516 4315 1705 4354 verum
1732 4303 1895 4356 etiam
1924 4318 2102 4357 secum
2135 4313 2357 4364 statuet.
2381 4305 2508 4360 dum
2529 4306 2596 4360 ad
2616 4322 2714 4361 nos
2735 4306 3094 4376 pervenerint,
3122 4322 3227 4360 non
3269 4321 3389 4360 esse
3429 4322 3516 4361 me
3544 4311 3799 4363 commis-

527 4403 727 4453 surum,
760 4397 818 4444 ut
847 4389 900 4442 in
929 4389 992 4443 iis
1014 4404 1228 4457 quoque
1254 4390 1615 4453 numerandis,
1648 4393 1994 4458 :estimandis,
2025 4403 2190 4464 utque
2220 4412 2316 4465 par
2354 4397 2474 4460 erit,
2507 4397 2844 4452 celebrandis
2871 4397 3106 4452 studium
3135 4398 3416 4467 quisquam
3449 4413 3648 4463 meum,
3680 4401 3801 4453 dili-

526 4470 869 4546 gentiamque
897 4477 1190 4531 desideret.
1217 4477 1578 4543 Quamobrem
1611 4491 1789 4535 autem
1814 4484 2236 4552 exspectandum
2266 4486 2464 4541 diutius
2491 4505 2595 4544 non
2623 4490 2994 4555 existimarim,
3020 4507 3084 4545 ea
3131 4490 3228 4545 fuit
3255 4491 3587 4560 potissimum
3617 4507 3797 4548 causa.

527 4568 672 4635 quod
700 4582 820 4622 cum
841 4567 1170 4634 divulgatum
1197 4568 1376 4635 fuerit,
1405 4570 1697 4639 perfectam
1717 4573 1920 4641 jamdiu
1951 4591 2015 4629 ac
2036 4577 2178 4646 typis
2203 4593 2458 4634 excusam
2497 4581 2874 4637 collectionem
2920 4583 3060 4639 hanc
3105 4592 3344 4640 nostram
3392 4600 3532 4646 esse,
3560 4583 3802 4654 plerique

528 4671 718 4709 omnes
737 4657 909 4710 emitti
933 4657 1103 4726 ipsam
1131 4657 1364 4727 denique
1392 4661 1446 4714 in
1473 4661 1737 4730 publicam
1766 4664 1937 4720 lucem
1967 4675 2301 4736 expeterent.

599 4743 806 4800 XXVII.
849 4747 906 4802 In
947 4747 1305 4818 dijudicandis
1344 4767 1508 4821 porro
1555 4760 1650 4806 tot"
1674 4770 1802 4810 mss.
1835 4757 2109 4813 codicibus
2139 4760 2252 4816 haec
2281 4769 2363 4816 est
2391 4763 2815 4832 principioame
2845 4765 3080 4819 adhibita
3130 4769 3327 4831 cautio,
3371 4776 3430 4822 ut
3477 4765 3802 4834 antiquiores

481 4854 484 4858 '
535 4841 830 4906 generatim
889 4840 1200 4911 praeferrem
1250 4843 1669 4910 recentioribus;
1735 4846 1962 4913 deinde,
2022 4857 2080 4903 ut
2134 4853 2525 4909 emendatiores
2571 4855 2744 4911 minus
2801 4857 3074 4925 castigatis
3124 4867 3536 4927 anteponerent,
3592 4857 3800 4910 etiamsi
3874 4834 3890 4850 ’

533 4935 709 4990 minus
755 4937 1136 5005 castigatorem
1191 4945 1335 4994 esset
1378 4945 1510 4994 :etas
1549 4941 1841 5008 vetustior;
1898 4952 2022 5012 post
2076 4952 2134 4998 ut
2179 4947 2243 5000 iis
2294 4947 2416 5016 plus
2466 4949 2778 5010 tribuerem,
2832 4965 2966 5018 quos
3023 4966 3090 5005 ex
3145 4951 3361 5020 optimis
3405 4949 3802 5018 exemplaribus

528 5025 829 5096 descriptos
887 5026 1051 5083 fuisse
1105 5045 1418 5100 cognoram.
1466 5030 1524 5086 ιιι
1577 5046 1707 5086 vero
1760 5041 1822 5087 ut
1871 5034 2275 5102 dignoscerem,
2329 5040 2542 5108 regulas
2597 5041 2728 5095 mihi
2781 5043 3018 5098 subsidio
3065 5050 3174 5097 tres
3219 5042 3544 5109 comparavi.
3605 5039 3803 5094 Earum

531 5116 630 5172 fuit
667 5118 816 5186 prior
859 5119 1103 5174 codicum
1153 5124 1536 5191 plurimorum,
1591 5139 1886 5193 eorumque
1937 5127 2297 5196 antiquiorum
2363 5133 2899 5202 emendatiorumque
2954 5143 3279 5197 concentus;
3337 5134 3505 5188 altera
3560 5140 3803 5187 veterum

530 5215 1000 5264 monumentorum
1069 5213 1500 5285 scriptorumque
1555 5216 1886 5282 auctoritas;
1941 5219 2099 5272 tertia
2168 5221 2544 5278 historicorum
2608 5225 2912 5295 critic'eque
2975 5226 3107 5280 artis
3155 5225 3446 5294 peritorum
3494 5225 3800 5280 consensio.

535 5299 629 5356 llis
657 5314 758 5370 ego
784 5299 1047 5370 praesidiis
1074 5304 1329 5370 munitus,
1359 5306 1627 5376 permulta
1656 5307 1916 5376 opuscula
1940 5307 2064 5376 jure
2090 5311 2293 5368 asserui
2340 5311 2593 5381 Maximo,
2634 5315 2734 5370 etsi
2766 5326 2944 5370 essent
2990 5315 3082 5384 qui
3128 5315 3362 5382 ipsorum
3401 5315 3579 5384 aliqua
3627 5315 3798 5369 eidem

531 5401 755 5463 accepta
783 5392 972 5449 referri
1009 5401 1260 5464 oportere
1288 5407 1380 5452 aut
1409 5401 1793 5465 inficiarentur,
1825 5406 1918 5454 aut
1961 5401 2285 5457 dubitarent.
2317 5403 2470 5470 Quod
2500 5407 2544 5460 si
2590 5407 2874 5476 aliquando
2921 5407 3111 5460 horum
3142 5405 3271 5460 mihi
3320 5407 3686 5476 pnesidiornm
3715 5403 3802 5458 vel

532 5484 712 5554 aliqua
737 5485 823 5540 vel
849 5501 989 5557 pene
1008 5487 1190 5541 omnia
1216 5487 1520 5556 defuerunt,
1554 5495 1732 5550 induci
1757 5503 1934 5551 tamen
1965 5510 2073 5549 non
2102 5497 2272 5566 potui,
2305 5505 2364 5551 ut
2389 5508 2577 5554 sancto
2605 5499 2829 5554 antistiti
2859 5499 3211 5569 abjudicanda
3235 5513 3354 5555 esse
3382 5501 3652 5560 ducerem,
3683 5511 3803 5566 qum

535 5576 604 5630 ab
631 5577 748 5646 ipso
777 5577 940 5633 fuisse
961 5579 1162 5648 scripta
1183 5580 1308 5650 styli
1338 5595 1401 5634 ac
1426 5585 1691 5640 orationis
1720 5587 2035 5653 similitudo,
2068 5596 2123 5642 et
2141 5587 2418 5653 doctrinm,
2451 5598 2612 5659 atque
2635 5589 3028 5646 alferendorum
3052 5590 3292 5646 locorum
3316 5604 3478 5646 sacrae
3511 5588 3801 5656 Scriptum:

533 5661 855 5724 Maximiana
878 5669 1038 5737 plane
1055 5671 1213 5737 ratio,
1236 5670 1498 5745 simulque
1520 5675 1675 5730 unius
1699 5678 1988 5736 alteriusve
2017 5677 2220 5736 codicis
2240 5679 2532 5736 auctoritas
2560 5680 2830 5738 suaderet.
2863 5680 3048 5752 Neque
3074 5697 3205 5738 vero
3231 5679 3374 5749 quod
3403 5678 3456 5734 in
3482 5673 3801 5744 quibusdam
