4138 6186
336 277 416 334 57
1783 268 2163 323 PREFATIO.
3549 291 3617 346 53

337 411 625 481 opusculis
654 408 924 475 humilior,
957 425 1116 480 quam
1148 412 1199 463 in
1230 410 1436 464 caeteris
1466 410 1534 464 sit
1564 412 1758 474 oratio,
1797 410 1998 465 ideirco
2039 410 2106 462 ab
2150 408 2342 463 iisdem
2392 408 2625 463 Maximo
2655 409 2985 467 ascribendis
3016 413 3275 474 deterreri
3304 423 3479 487 potui.
3502 420 3623 479 Non

334 503 494 557 enim
516 515 635 554 sum
665 500 896 561 nescius,
931 514 1222 553 consuesse
1271 506 1505 563 sanctos,
1552 498 1671 567 ejus
1702 498 1999 567 prtesertim
2047 498 2239 558 artatis,
2275 497 2540 551 antistites
2587 498 2896 553 sublimiore
2920 501 3353 574 elegantiorcque
3382 510 3622 564 oratione

336 595 445 659 uti,
497 608 619 647 eum
652 592 793 645 nacti
822 591 1093 645 auditores
1123 592 1443 659 eloquentiae
1489 592 1853 658 doctrinmque
1890 588 2044 643 laude
2088 597 2406 658 praestantes
2453 598 2659 654 essent;
2710 589 2895 663 [xxxv]
2927 593 3207 649 humiliore
3250 604 3455 662 contra,
3498 616 3622 654 cum

336 684 643 738 conciones
666 682 731 735 ad
762 682 1065 751 imperitum
1096 684 1283 749 vulgus
1316 683 1595 735 haberent.
1622 681 1927 735 Honoratus
1953 690 2099 735 certe
2139 682 2190 733 in
2233 681 2401 735 sancti
2426 680 2607 733 llilarii
2638 682 2964 737 Arelatensis
2987 687 3223 756 episcopi
3252 688 3371 742 Vita
3399 708 3410 741 :
3445 689 3505 743 Si
3531 709 3623 761 pe-

336 777 588 836 ritorum,
623 774 811 840 inquit,
864 774 1011 825 turba
1042 775 1309 845 defuisset,
1344 776 1566 843 simplici
1610 790 1848 826 sermone
1878 774 2183 825 rusticorum
2233 774 2390 825 corda
2438 773 2724 837 nutriebat;
2772 782 2825 826 at
2856 774 2939 827 ubi
2970 778 3241 831 instructos
3273 785 3622 849 supervenisse

334 864 581 925 vidisset,
611 878 848 915 sermone
878 880 937 914 ac
963 864 1097 916 vultu
1128 867 1322 932 pariter
1351 866 1402 916 in
1425 865 1647 935 quadam
1666 866 1837 935 gratia
1854 864 2064 917 insolita
2096 863 2375 916 excitabat.
2404 863 2602 917 Verum
2628 865 2727 916 etsi
2750 880 2845 932 par
2866 867 3083 922 omnino
3106 869 3157 922 in
3179 871 3378 938 aliquot
3406 872 3619 925 Maximi

339 958 621 1026 opusculis
655 964 816 1026 atque
848 958 899 1010 in
930 958 1048 1013 aliis
1092 959 1329 1028 pluribus
1359 975 1477 1013 esse
1524 976 1628 1013 non
1672 960 1915 1013 videatur
1944 960 2240 1013 sublimitas
2269 960 2530 1013 sermonis
2575 967 2628 1013 et
2656 961 2938 1028 elegantia,
2966 963 3098 1016 adeo
3122 971 3294 1016 tamen
3325 972 3406 1017 est
3433 964 3617 1030 series,

339 1046 657 1107 collocatio,
686 1046 975 1099 verborum
1008 1047 1219 1111 ductus,
1253 1048 1754 1119 alierendorumque
1785 1065 1949 1103 sacra:
1980 1049 2271 1118 Scriptura:
2316 1050 2558 1105 locorum
2609 1052 2744 1105 ratio
2790 1053 2995 1119 similis,
3030 1063 3088 1107 ut
3116 1054 3269 1111 facile
3299 1058 3349 1110 in
3382 1060 3619 1125 utrisque

341 1137 645 1191 Maximum
675 1146 951 1192 auctorem
974 1142 1147 1208 possis
1171 1155 1486 1208 agnoscere.

410 1227 533 1279 Jam
567 1244 693 1282 vero
716 1229 759 1281 si
782 1244 885 1296 qua
919 1230 970 1282 in
994 1233 1247 1299 Opuscula
1279 1234 1496 1297 incurri,
1530 1249 1647 1302 quze
1677 1248 1925 1287 sermone
1957 1242 2068 1287 tam
2095 1236 2315 1303 vulgari,
2341 1236 2547 1299 humili,
2574 1236 2801 1304 ahjecto,
2830 1238 3098 1306 implicata
3119 1240 3312 1309 scripta
3339 1248 3539 1307 essent,
3560 1246 3616 1293 ut

336 1333 569 1386 prorsus
598 1318 807 1385 indigna
839 1318 1070 1374 Maximo
1098 1322 1423 1386 viderentur,
1458 1340 1520 1377 ea
1552 1324 1798 1391 equidem
1830 1324 1959 1377 nihil
1990 1326 2241 1379 limsitans
2270 1326 2450 1388 statui,
2501 1326 2649 1393 rejici
2681 1336 2932 1396 oportere
2972 1331 3023 1382 in
3068 1347 3346 1384 numerum
3396 1348 3618 1400 operum

336 1409 673 1478 spuriorum,
704 1424 1007 1476 quanquam
1038 1412 1090 1463 in
1120 1412 1323 1481 aliquot
1351 1414 1624 1467 codicibus
1656 1415 1906 1482 inscripta
1938 1423 2117 1467 essent
2146 1415 2360 1467 Maximi
2408 1416 2647 1483 ejusdem
2676 1419 2907 1471 nomine.
2960 1418 3074 1483 Qua
3120 1421 3171 1472 in
3228 1436 3287 1474 re
3317 1423 3617 1489 exemplum

340 1516 465 1553 sum
488 1501 724 1553 imitatus
751 1502 1135 1555 monachorum
1167 1507 1595 1573 congregationis
1627 1506 1983 1560 Benedictinze
2011 1507 2191 1562 Sancti
2217 1508 2404 1573 Mauri,
2429 1511 2762 1579 aliorumque
2784 1514 3017 1567 virorum
3049 1516 3235 1583 peritia
3266 1517 3463 1570 critica:
3485 1516 3614 1571 artis

344 1591 655 1654 illustrium,
697 1592 787 1659 qui
818 1592 869 1644 in
919 1607 985 1646 eo
1015 1593 1377 1659 elaborarant,
1407 1605 1464 1649 ut
1512 1612 1675 1666 Opera
1704 1606 2008 1651 sanctorum
2052 1598 2267 1652 Patrum
2308 1609 2399 1653 aut
2429 1612 2788 1664 recenserent,
2822 1613 2913 1657 aut
2939 1607 3234 1673 vulgarent.
3268 1607 3343 1660 Ae
3367 1609 3613 1663 monachi

338 1680 561 1748 quidem
591 1679 772 1734 Sancti
803 1680 991 1744 Mauri,
1023 1684 1113 1751 qui
1145 1684 1431 1739 editionem
1456 1688 1625 1740 s’ancti
1650 1688 1913 1740 Ambrosii
1936 1704 2157 1757 operum
2189 1700 2463 1755 curarunt,
2488 1708 2552 1745 eo
2583 1709 2689 1746 uno
2717 1695 2931 1748 nomine
2961 1696 3139 1763 plures
3168 1706 3354 1751 sancto
3379 1698 3475 1765 ipsi
3498 1699 3629 1750 Am-

344 1771 535 1825 brosio
559 1788 830 1826 sermones
850 1773 1162 1828 adimendos
1177 1774 1501 1842 judicarunt,
1534 1793 1827 1846 eorumque
1848 1788 2053 1848 partem
2078 1780 2393 1849 Augustino,
2418 1791 2622 1850 partem
2654 1783 2904 1847 Maximo,
2936 1794 3141 1854 partem
3168 1787 3398 1855 denique
3429 1788 3616 1841 horum

345 1867 549 1928 neutri,
579 1866 669 1919 sed
699 1866 776 1920 vel
815 1866 1071 1931 Cmsario,
1098 1870 1183 1923 vel
1212 1872 1453 1925 obscuris
1500 1873 1816 1940 quibusdam
1846 1873 2193 1941 scriptoribus
2223 1873 2483 1941 sequioris
2512 1874 2610 1926 α)νὶ
2649 1874 3030 1941 adjudicandos
3058 1892 3175 1931 esse
3206 1885 3523 1942 statuerunt,
3551 1879 3618 1932 de

341 1953 539 2025 quibus
568 1968 633 2005 ne
661 1954 819 2007 fando
848 1956 1063 2021 quidem
1094 1972 1326 2024 unquam
1358 1960 1648 2013 audissent.
1680 1960 1831 2027 Quod
1861 1961 1998 2014 idem
2025 1960 2217 2016 factum
2250 1963 2316 2015 ab
2348 1962 2411 2014 iis
2442 1961 2604 2015 fuisse
2636 1962 2892 2027 videmus,
2926 1964 3016 2031 qui
3045 1981 3181 2019 onus
3202 1967 3301 2019 sibi
3323 1982 3613 2022 secernen-

342 2043 535 2098 dorum
567 2046 920 2111 genuinorum
943 2047 1112 2099 sancti
1137 2049 1414 2116 Augustini
1438 2067 1660 2119 operum
1683 2066 1711 2104 a
1744 2052 1940 2114 nothis,
1970 2067 2287 2120 rursumque
2316 2053 2368 2106 in
2399 2053 2569 2106 lucem
2601 2054 3016 2107 emittendorum
3047 2065 3408 2124 susceperant.
3442 2057 3618 2125 Atque

349 2133 405 2188 hi
435 2150 561 2188 sane
590 2136 644 2187 in
680 2138 1081 2191 accuratissima
1126 2139 1212 2192 illa
1244 2155 1307 2194 ac
1348 2142 1771 2195 elaboratissima
1804 2143 2037 2195 editione
2063 2158 2177 2205 sna,
2230 2156 2421 2208 magno
2470 2159 2691 2195 numero
2719 2158 3010 2208 sermones,
3044 2147 3134 2211 qui
3164 2146 3288 2199 olim
3321 2146 3614 2213 Augustino

340 2225 585 2278 attributi
614 2223 859 2287 fuissent,
892 2226 961 2279 ob
996 2227 1255 2280 orationis
1284 2228 1788 2295 dissimilitudinem,
1821 2230 2099 2296 Augustini
2127 2244 2243 2283 esse
2268 2238 2549 2296 negarunt.
2580 2228 2816 2293 Quorum
2846 2245 3155 2284 sermonum
3182 2233 3389 2301 aliquos
3418 2234 3615 2289 idcirco

340 2330 622 2369 asseruere
653 2315 906 2379 Maximo,
926 2317 1067 2384 quod
1089 2333 1198 2385 pne
1227 2333 1283 2370 se
1307 2319 1705 2371 similitudinem
1731 2320 1988 2372 orationis
2018 2334 2080 2371 ac
2108 2318 2230 2387 styli
2259 2317 2563 2369 Maximiani
2594 2315 2808 2381 ferrent,
2842 2324 2896 2370 et
2926 2318 2976 2370 in
3006 2319 3325 2385 quibusdam
3347 2321 3615 2378 codicibus

344 2403 561 2457 Maximi
582 2406 820 2473 ejusdem
854 2422 1048 2459 nomen
1088 2422 1274 2460 eorum
1308 2408 1471 2460 titulis
1498 2408 1807 2475 inscriptum
1839 2407 2122 2473 legeretur.
2156 2406 2293 2470 Quin
2333 2406 2492 2457 etiam
2527 2403 2712 2456 Petrus
2747 2412 2800 2456 et
2830 2404 3182 2475 Hieronymus
3214 2406 3482 2461 Ballarinii
3506 2408 3611 2463 fra-

347 2503 460 2551 tres
484 2498 593 2564 (qui
622 2506 699 2550 tot
722 2498 881 2550 editis
906 2498 1129 2565 egregiis
1154 2498 1305 2552 libris
1332 2514 1438 2551 non
1469 2499 1642 2551 minus
1670 2497 1849 2549 decori
1883 2497 2104 2549 Veronae
2134 2494 2316 2562 patria:
2342 2508 2470 2555 sua},
2496 2507 2655 2559 quam
2686 2493 3049 2547 emolumento
3078 2494 3153 2547 rei
3185 2495 3485 2550 christiana:
3514 2515 3606 2567 pu-

347 2588 499 2643 blice
524 2588 753 2655 fuerunt)
778 2589 829 2640 in
859 2588 1094 2642 editione
1115 2604 1335 2657 operum
1367 2589 1535 2642 sancti
1570 2587 1762 2641 Leonis
1786 2584 1979 2652 Magni,
2002 2600 2161 2652 quam
2202 2598 2406 2636 summa
2436 2598 2529 2634 sua
2562 2591 2620 2634 ut
2647 2582 2937 2649 diligentia,
2964 2583 3035 2635 ita
3066 2584 3235 2650 gloria
3270 2599 3612 2655 curaverunt,

345 2678 591 2731 homilias
617 2693 734 2741 sex,
766 2693 900 2745 quas
928 2685 1113 2731 sancto
1145 2678 1319 2733 eidem
1342 2679 1580 2748 pontiﬁci
1610 2678 1675 2731 ab
1696 2677 1988 2730 editoribus
2018 2676 2143 2729 olim
2173 2675 2331 2729 fuisse
2359 2674 2641 2726 attributas
2668 2682 2945 2737 noverant,
2977 2675 3118 2742 quod
3147 2678 3285 2746 Stylo
3315 2694 3430 2733 esse
3460 2682 3616 2749 plane

343 2768 670 2823 Maximiano
706 2770 933 2838 scriptas
964 2771 1241 2834 vidissent,
1270 2771 1877 2836 animadvertissentque
1924 2768 1975 2820 in
2016 2766 2289 2820 codicibus
2330 2766 2535 2833 aliquot
2564 2781 2725 2817 manu
2754 2766 2986 2818 exaratis
3011 2764 3224 2819 Maximi
3253 2783 3344 2821 eas
3372 2771 3617 2837 pra-ferre

345 2874 578 2923 nomen;
608 2860 738 2912 nihil
786 2860 1092 2914 hzesitantes
1121 2860 1353 2913 Maximo
1384 2860 1484 2929 ipsi
1509 2860 1874 2913 restituerunt.
1907 2856 2101 2909 Earum
2133 2855 2468 2909 homiliarum
2511 2854 2657 2924 prior
2685 2861 2767 2905 est
2796 2853 2857 2905 de
2884 2850 3202 2921 Epiphania,
3232 2870 3349 2922 qute
3382 2858 3567 2926 incipit
3598 2877 3610 2912 :

344 2949 409 3002 In
429 2951 541 3013 huc,
574 2950 917 3015 dilectissimi,
948 2950 1278 3014 celebritate;
1310 2950 1542 3005 secunda
1583 2964 1713 3003 vero
1743 2957 1795 3000 et
1825 2948 1980 2999 tertia
2001 2984 2015 3007 ,
2053 2953 2106 2998 et.
2135 2954 2322 3013 quarta
2361 2951 2482 2997 sunt
2512 2944 2575 2995 de
2605 2944 2799 2995 sanctis
2845 2943 3107 3022 Apostolis
3136 2942 3294 2997 Petro
3323 2955 3371 2999 et
3396 2946 3561 3002 Paulo
3590 2965 3609 3003 :

346 3050 636 3108 postrema:
658 3041 889 3108 denique
918 3042 1036 3094 duze
1057 3042 1119 3094 de
1144 3040 1326 3094 Natali
1349 3042 1517 3093 sancti
1542 3039 1803 3091 Laurentii
1835 3038 2000 3090 levita:
2030 3046 2077 3089 et
2110 3038 2373 3105 martyris.

417 3132 599 3199 Longe
630 3148 787 3185 secus
812 3133 882 3187 de
919 3133 1257 3187 sermonibus
1286 3133 1493 3186 duobus
1524 3132 1595 3184 illi
1645 3130 1987 3187 statuendum
2028 3136 2368 3190 censuerunt,
2396 3140 2624 3195 quorum
2674 3134 2754 3177 est
2795 3141 2928 3178 unus
2957 3126 3020 3177 de
3066 3123 3353 3180 Nativitate
3384 3128 3612 3194 Domini,

341 3220 639 3290 incipitque
672 3241 684 3273 :
719 3221 1053 3276 Exsultemus
1090 3225 1147 3275 in
1196 3221 1410 3292 [xxxvi]
1444 3220 1685 3283 Domino,
1743 3218 2081 3280 dilectissimi,
2132 3226 2179 3268 et
2228 3216 2449 3284 spiritali
2496 3214 2821 3283 jncunditate
2863 3214 3124 3278 lwtemur;
3157 3215 3292 3267 alter
3321 3225 3519 3283 autem,
3555 3222 3618 3275 de

345 3311 671 3383 Epiphania,
712 3315 803 3382 qui
833 3316 985 3369 initio
1009 3316 1086 3370 sic
1124 3316 1284 3369 habet
1318 3333 1328 3366 :
1374 3315 1643 3368 Celebrato
1673 3315 1909 3383 proximo
1939 3313 2040 3375 die,
2077 3327 2173 3381 quo
2202 3313 2508 3362 intemerata
2532 3309 2822 3378 virginitas,
2857 3317 2959 3361 etc.
2994 3309 3125 3361 Nam
3155 3311 3251 3364 etsi
3278 3311 3328 3363 in
3351 3313 3617 3369 codicibus

346 3407 551 3473 aliquot
579 3406 761 3460 elferri
782 3408 882 3461 hos
903 3408 979 3461 illi
1010 3408 1300 3462 cernebant
1328 3405 1545 3459 Maximi
1568 3407 1803 3467 nomine,
1839 3419 1957 3458 cum
1988 3411 2166 3455 tamen
2199 3401 2326 3453 nihil
2371 3401 2513 3467 ipsos
2536 3414 2645 3466 pra:
2674 3413 2731 3450 se
2777 3398 3111 3451 Maximianae
3141 3401 3402 3452 orationis
3454 3402 3615 3465 ferre,

346 3495 592 3565 styloque
614 3496 771 3564 plane
799 3510 916 3550 esse
941 3495 1258 3561 Leonianos,
1295 3497 1451 3565 idque
1483 3496 1601 3550 aliis
1629 3495 1900 3549 codicibus
1927 3490 2248 3554 confirmari,
2282 3489 2666 3558 perspicerent,
2700 3487 2977 3555 ademptos
3006 3487 3255 3553 Maximo,
3284 3508 3378 3545 cos
3401 3494 3452 3547 in
3485 3493 3617 3547 Lco«

352 3588 632 3640 nianorum
660 3603 968 3641 sermonum
991 3588 1182 3641 seriem
1213 3588 1528 3641 retulerunt.

424 3676 551 3731 llaec
574 3693 693 3732 vero
712 3680 759 3732 si
784 3687 1049 3731 tantorum
1072 3680 1309 3731 virorum
1342 3680 1438 3731 fuit
1465 3680 1516 3731 in
1547 3675 1901 3745 dijudicandis
1930 3674 2180 3743 operibus
2220 3670 2434 3724 Patrum
2466 3670 2634 3735 iisque
2674 3683 2702 3719 a
2742 3667 2937 3733 spuriis
2967 3670 3307 3721 secernendis
3331 3672 3486 3733 ratio,
3522 3688 3617 3725 cur

348 3770 562 3823 demum
594 3785 623 3822 a
652 3785 739 3824 me
763 3770 1005 3837 neglecta
1028 3768 1231 3831 fuisset,
1274 3784 1393 3822 cum
1424 3769 1716 3838 prtesertim
1740 3782 2034 3829 cernerem,
2067 3780 2312 3831 magnam
2345 3762 2468 3815 inde
2496 3762 2757 3813 invectam
2798 3774 2916 3811 esse
2946 3760 2996 3811 in
3030 3775 3140 3811 rem
3173 3759 3483 3816 litterariam
3516 3782 3616 3833 pu-

346 3861 542 3915 blicam
563 3871 767 3930 partem
800 3862 1245 3916 commodorum?
1270 3862 1453 3929 Itaque
1475 3874 1575 3926 ego
1606 3862 1669 3923 is,
1701 3859 1791 3928 qui
1822 3858 2093 3911 homiliatn
2122 3855 2183 3907 de
2207 3853 2370 3906 Manu
2396 3853 2545 3905 arida
2568 3870 2597 3903 a
2630 3850 2852 3903 Domino
2883 3861 3061 3903 curata
3082 3851 3157 3921 (ut
3190 3851 3344 3906 Luem
3376 3855 3445 3919 vi)
3471 3857 3618 3926 cujus

346 3950 459 4003 hoc
485 3957 565 4003 est
595 3950 797 4004 initium
823 3948 1149 4019 :Diligenter
1175 3950 1378 4002 audisse
1404 3949 1577 4011 credo,
1594 3949 1923 4016 alteramque
1954 3946 2005 3999 in
2023 3944 2294 4012 Evangelii
2319 3942 2478 3995 Marci
2504 3942 2677 3994 locum
2704 3958 2715 3992 :
2741 3939 2868 3992 Cum
2892 3942 3317 3995 turbwirrucrent
3342 3944 3393 3994 in
3415 3943 3614 4010 Iesum,

344 4056 467 4109 qum
498 4042 682 4110 incipit
714 4060 725 4093 :
757 4042 990 4095 Christus
1018 4042 1071 4093 in
1096 4041 1336 4093 humanis
1365 4040 1755 4103 actibus‘divina
1788 4039 2004 4109 gessisse
2044 4038 2308 4107 mysteria,
2338 4043 2465 4100 etc.,
2497 4032 2658 4087 Petro
2687 4029 3021 4103 Chrysoiogo
3052 4033 3118 4086 ab
3162 4034 3425 4103 aliquibus
3455 4040 3617 4092 tribui

349 4128 619 4192 vidissem,
661 4140 845 4183 contra
876 4138 1037 4197 atque
1065 4137 1121 4183 et
1149 4130 1341 4193 oratio,
1373 4143 1491 4197 quze
1532 4128 1754 4182 omnino
1779 4128 2097 4180 Maximiana
2128 4126 2176 4179 in
2206 4126 2392 4179 iisdem
2419 4132 2515 4189 est,
2550 4132 2603 4177 et
2632 4124 2845 4178 codices
2884 4124 3088 4193 antiqui
3118 4127 3407 4194 postulent,
3442 4127 3616 4184 facere

345 4217 522 4268 minus
547 4232 651 4269 non
683 4218 851 4285 potui,
882 4218 1007 4286 quin
1043 4225 1322 4285 utramque
1350 4217 1564 4269 Maximi
1589 4216 1805 4270 nomine
1836 4216 2143 4285 inscriptam
2174 4216 2406 4268 ederem.
2437 4212 2589 4278 Quod
2613 4213 2749 4266 idem
2782 4214 2833 4265 in
2857 4213 2973 4266 aliis
3002 4214 3142 4267 haud
3173 4218 3356 4283 paucis
3385 4219 3617 4273 bomiliis

342 4306 793 4372 sennonibusqne
820 4306 1149 4374 publicandis
1180 4308 1251 4359 ita
1276 4307 1518 4375 prmstiti,
1554 4315 1611 4359 ut
1655 4307 1910 4375 majorem
1936 4308 1986 4360 in
2018 4307 2232 4360 modum
2260 4306 2513 4367 caverim,
2538 4319 2604 4357 ne
2635 4304 2760 4372 quid
2794 4303 2953 4357 alieni
2983 4303 3217 4359 Maximo
3244 4304 3610 4375 attribuerem,

344 4412 482 4451 neve
511 4397 802 4465 quidquam
849 4397 1062 4452 Maximi
1107 4406 1386 4467 acceptum
1418 4399 1507 4451 alii
1538 4399 1785 4466 cuiquam
1817 4400 2092 4462 referrem,
2127 4397 2334 4450 etiamsi
2368 4396 2546 4464 plures
2590 4395 2803 4448 codices
2842 4409 2996 4447 secus
3030 4410 3253 4462 poscere
3282 4397 3610 4451 viderentur.

345 4487 484 4551 Quid
510 4488 652 4540 enim
681 4503 777 4541 eos
800 4489 1014 4543 codices
1035 4504 1294 4551 morarer,
1320 4490 1374 4541 in
1404 4504 1539 4556 quos
1555 4489 1836 4542 oscitantia
1863 4489 2195 4558 imperitiave
2228 4487 2562 4539 librariorum
2595 4484 2848 4552 opuscula
2876 4481 3092 4538 Patrum
3122 4485 3281 4537 etiam
3309 4483 3613 4539 Graecorum

346 4580 524 4631 intulit
553 4579 809 4646 inscripta
834 4578 1142 4632 Latinorum
1180 4579 1521 4632 nominibus?
1543 4577 1801 4646 Exemplo
1840 4580 1947 4631 sint
1975 4578 2263 4632 conciones
2283 4575 2401 4627 dure
2429 4588 2653 4642 quarum
2686 4580 2768 4625 est
2803 4588 2906 4625 una
2936 4572 3000 4623 de
3028 4570 3368 4642 Confessione
3387 4574 3608 4642 peccati,

344 4685 506 4737 quam
534 4669 703 4722 codex
732 4668 1111 4724 Vallieellanus
1135 4672 1278 4724 velut
1313 4685 1342 4722 a
1392 4669 1623 4722 Maximo
1669 4670 1922 4737 scriptam
1972 4668 2208 4727 exhibet,
2240 4681 2465 4734 qumque
2495 4680 2523 4717 a
2563 4662 2823 4733 Gymnico
2854 4672 2975 4731 post
3004 4663 3353 4715 Maximianas
3384 4662 3615 4718 refertur

346 4770 471 4825 pag.
504 4755 621 4818 357,
654 4773 717 4811 ac
746 4757 791 4809 si
820 4755 1002 4811 Graece
1032 4756 1192 4813 fuerit
1216 4758 1514 4827 composita
1545 4774 1575 4810 a
1617 4756 1826 4811 Joanne
1856 4756 2262 4826 Chrysostomo.
2296 4754 2484 4806 Exstat
2532 4754 2644 4806 hinc
2675 4753 2837 4806 etiam
2881 4752 2931 4804 in
2964 4753 3165 4819 aliquot
3193 4767 3412 4820 operum
3444 4756 3612 4807 sancti

344 4845 565 4900 Joannis
590 4846 960 4917 Chrysostomi
990 4849 1329 4912 eilitionibus,
1360 4856 1692 4916 quarumest
1720 4862 1824 4901 una
1856 4845 2169 4899 Parisiensis
2196 4860 2337 4897 anno
2370 4840 2537 4907 1556,
2570 4850 2697 4895 tom.
2732 4841 2769 4905 l,
2807 4856 2933 4893 cura
2965 4838 3190 4907 Philippi
3234 4838 3469 4893 Montani
3510 4842 3613 4895 Ar-

343 4939 715 4992 menteriensis
744 4937 1012 5007 perfecta;
1038 4940 1206 4994 altera
1246 4941 1372 4993 item
1405 4938 1722 4993 Parisiensis
1751 4946 1925 5006 empta
1956 4946 2115 5005 atque
2151 4934 2393 4988 absoluta
2425 4949 2567 4987 anno
2600 4931 2725 4983 1581
2763 4933 2901 5000 typis
2926 4929 3136 4983 Henrici
3168 4929 3394 4984 Thierrii
3422 4948 3483 4986 ac
3510 4931 3612 4987 Se-

345 5028 573 5080 bastiani
604 5027 811 5083 Nivellii
838 5031 1158 5100 sumptibus,
1193 5038 1324 5085 tom.
1359 5030 1399 5096 I,
1432 5031 1534 5085 col.
1569 5028 1673 5082 989
1704 5038 1758 5082 et
1781 5028 1900 5091 990,
1934 5037 2037 5081 etc.
2070 5028 2266 5080 Verum
2307 5026 2356 5079 id
2387 5024 2662 5079 concionis
2691 5036 2857 5089 genus
2885 5036 3004 5073 cum
3032 5022 3361 5089 posteriores
3390 5040 3613 5093 operum

346 5119 517 5171 sancti
537 5117 758 5174 Joannis
783 5120 1153 5192 Cbrysostomi
1177 5122 1411 5176 editores
1442 5122 1571 5174 nihil
1621 5121 1767 5174 olere
1795 5118 2254 5188 Cbrysostomiani
2284 5116 2610 5176 censuerint,
2662 5112 2976 5167 omiserunt.
3008 5110 3189 5165 Altera
3219 5120 3302 5166 est
3329 5115 3518 5168 concio
3549 5115 3613 5168 de

346 5212 515 5262 Avaro
542 5212 717 5275 divite,
750 5228 845 5267 seu
892 5215 957 5267 de
1009 5230 1069 5267 eo
1117 5214 1249 5283 quod
1279 5215 1522 5284 scriptum
1551 5221 1625 5265 est
1669 5214 1722 5265 in
1754 5210 2036 5281 Evangelia
2067 5226 2084 5263 :
2138 5208 2419 5277 Cujusdam
2465 5206 2637 5259 divitis
2686 5206 2880 5273 fructus
2909 5200 3085 5256 uberes
3112 5221 3235 5274 ager
3265 5206 3453 5258 attulit.
3496 5204 3617 5261 Fuit

341 5301 460 5368 haec
488 5316 517 5353 a
544 5302 737 5356 Rufino
760 5304 826 5357 de
845 5303 1032 5359 Grazeo
1062 5322 1114 5358 in
1136 5304 1383 5357 Latinum
1415 5318 1693 5366 conversa;
1726 5309 2007 5370 exstatque
2032 5308 2161 5353 tom.
2186 5298 2244 5350 lll
2277 5311 2496 5366 operum
2524 5294 2701 5346 Basilii
2730 5292 2921 5357 Magni,
2946 5308 3067 5362 pag.
3102 5294 3203 5346 722
3228 5304 3281 5348 et
3310 5310 3458 5364 seqq.
3485 5297 3613 5351 edit.

338 5386 517 5442 Paris.
548 5407 635 5444 an.
666 5391 822 5445 1722.
858 5393 1029 5461 Atque
1058 5394 1196 5447 hanc
1241 5393 1475 5461 quidem,
1509 5408 1625 5460 qum
1656 5392 1837 5444 Basilii
1884 5398 1983 5453 est,
2020 5390 2071 5441 in
2101 5387 2416 5456 quibusdam
2467 5383 2741 5438 codicibus
2787 5382 3101 5449 Ambrosio,
3144 5385 3195 5437 in
3226 5386 3343 5437 aliis
3386 5385 3617 5440 Maximo

335 5478 598 5531 tributam
630 5480 768 5548 lego.
796 5481 1074 5536 Sexcentae
1103 5490 1226 5535 sunt
1251 5483 1461 5548 generis
1484 5481 1738 5547 ejusdem,
1771 5494 1890 5547 qua:
1918 5480 2073 5547 plane
2119 5477 2485 5530 demonstrant
2514 5488 2673 5541 quam
2702 5474 2771 5529 sit
2810 5490 2996 5543 parum
3027 5474 3459 5542 inscriptionibus
3486 5491 3613 5529 mss.

332 5570 589 5625 codicum
617 5572 926 5639 sequiorum
959 5580 1257 5639 temporum
1293 5570 1581 5634 ridendum,
1614 5570 1711 5623 nisi
1741 5568 1806 5622 ad
1837 5567 2050 5622 easdem
2080 5562 2473 5619 conlirmandas
2508 5572 2831 5617 concurrant
2851 5564 3025 5631 aliqua
3048 5564 3237 5617 saltem
3259 5580 3466 5632 eorum,
3497 5580 3617 5634 qua:

329 5674 503 5735 Supra
531 5663 947 5716 commemoravi
978 5662 1245 5731 praesidia.
