4138 6186
497 259 566 312 59
1927 260 2315 317 PRA-JFATIO.
3693 267 3760 323 40

564 371 798 427 XXVIII.
847 372 964 438 Quo
1008 385 1170 441 porro
1199 369 1407 430 ordine,
1467 383 1679 439 quaque
1735 373 1874 427 serie
1902 373 2262 439 bomiliarum,
2303 388 2610 430 sermonum
2648 384 3074 446 caeterorumque
3129 377 3506 447 opusculorum
3543 377 3762 439 Maximi

494 465 609 521 haec
637 474 814 520 nostra
851 465 920 519 sit
958 464 1162 532 digesta
1216 469 1378 530 atque
1431 461 1667 529 perfecta
1719 463 1988 530 collectio,
2023 464 2303 533 explicabo
2359 466 2526 520 brevi.
2574 465 2760 520 Priore
2814 467 2935 521 loco
2990 467 3235 521 bomilias
3287 468 3484 536 protuli
3539 469 3761 545 [xxxvu]

497 558 802 612 distributas
854 556 905 610 in
953 555 1149 609 classes
1197 560 1325 607 tres.
1390 550 1590 605 Harum
1635 561 1759 607 sunt
1808 553 1984 622 primo
2031 554 2151 608 loco
2197 569 2315 622 qua:
2345 554 2409 607 de
2465 553 2729 622 Tempore,
2781 563 2893 610 tum
2941 572 3060 624 qua:
3102 557 3166 609 de
3195 557 3426 621 Sanctis,
3475 568 3598 626 post
3641 576 3760 629 qua:

499 651 558 703 ile
587 649 816 702 Diversis
856 647 1122 716 inscripta
1169 652 1312 698 sunt.
1358 642 1710 713 DeTempore
1752 643 1855 697 dici
1904 645 2220 714 plerumque
2249 645 2425 698 solent
2468 659 2544 697 ea:
2572 659 2692 712 quae
2716 645 2908 699 habita:
2945 645 3093 699 fuere
3137 645 3426 710 mobilibus,
3458 653 3518 699 ut
3543 659 3756 716 vocant,

493 744 679 798 diebus
709 743 891 808 festis;
922 742 985 795 de
1015 740 1224 795 Sanctis
1255 745 1456 801 autem,
1497 751 1615 804 qua:
1642 737 1709 792 de
1738 737 1981 792 laudibus
2021 737 2226 805 aliquot
2266 744 2575 790 sanctorum
2605 746 2898 806 martyrum
2926 736 3360 792 confessorumve
3381 737 3618 792 recitatze
3645 737 3762 795 fue-

492 839 618 888 runt
647 846 832 885 eorum
862 829 1087 883 solemni
1116 825 1280 881 natali
1303 826 1388 879 die
1412 843 1426 891 ;
1457 825 1522 878 de
1551 823 1782 878 Diversis
1808 824 2040 889 tandem,
2064 839 2185 891 qua:
2205 824 2272 878 ad
2301 824 2478 878 locum
2505 824 2739 892 aliquem
2768 839 3040 878 sacrarum
3067 823 3463 894 Scripturarum
3493 825 3760 882 illustran-

491 923 617 976 dum
646 921 933 991 pertinent.
965 919 1096 972 Post
1122 916 1390 981 homilias,
1422 915 1822 970 distribuendos
1849 917 1974 970 item
2010 930 2287 970 sermones
2317 916 2368 969 in
2403 915 2625 970 totidem
2655 915 2852 970 classes
2878 915 3080 985 putavi,
3111 931 3340 984 quarum
3378 917 3566 972 iisdem
3595 918 3764 975 titulis

495 1012 742 1080 insignita
772 1017 912 1064 esset
958 1007 1196 1077 partitio.
1230 1005 1585 1060 Homiliarum
1640 1019 1772 1059 vero
1821 1014 1983 1073 atque
2029 1020 2338 1059 sermonum
2368 1005 2472 1060 hoc
2499 1019 2617 1060 esse
2662 1004 2946 1060 discrimen
2984 1004 3358 1059 animadvertit
3385 1005 3439 1060 in
3488 1005 3763 1064 Glossario

491 1100 722 1170 Cangius
751 1117 764 1152 :
804 1117 821 1150 ‹
858 1097 1138 1162 Homilias,
1172 1096 1368 1166 inquit,
1395 1093 1559 1149 fuisse
1591 1094 1878 1149 familiares
1902 1094 2236 1159 collationes,
2268 1109 2388 1163 quae
2414 1110 2443 1149 a
2474 1096 2786 1165 prassulibus
2814 1095 3150 1150 habebantur
3177 1095 3232 1149 in
3260 1096 3463 1152 aadibus
3489 1101 3674 1165 sacris,
3708 1101 3763 1155 in

491 1191 684 1258 quibus
713 1198 763 1245 el
797 1190 1199 1257 interrogabant
1225 1187 1502 1257 populum,
1549 1193 1605 1240 et
1651 1186 2118 1253 interrogabantur
2144 1201 2174 1239 a
2206 1187 2406 1256 p0pulo
2436 1205 2448 1238 :
2495 1187 2569 1241 ita
2599 1188 2743 1242 enim
2787 1189 2981 1261 ὁμιλίας
3012 1204 3043 1242 a
3081 1191 3210 1261 λόγῳ
3239 1189 3515 1258 distinguit
3542 1190 3763 1246 Pbotius

492 1283 548 1338 in
575 1281 821 1338 biblioth.
853 1280 974 1336 cod.
1009 1279 1129 1332 172.
1170 1299 1189 1331 ι
1221 1279 1352 1334 Nam
1375 1296 1497 1334 cum
1527 1296 1692 1334 sermo
1721 1280 2012 1335 haberetur
2052 1295 2153 1335 nec
2192 1280 2620 1350 interrogabatur
2647 1292 2832 1338 orator
2858 1299 2888 1337 a
2928 1283 3160 1354 populo,
3190 1298 3364 1352 neque
3393 1285 3647 1353 populum
3678 1286 3761 1338 in-.

491 1377 816 1445 terrogabat.
851 1375 1134 1429 Tractatus
1161 1375 1448 1444 populares
1473 1389 1504 1427 a
1536 1374 1737 1429 Latinis
1765 1373 2014 1430 Patribus
2039 1374 2145 1429 dici
2173 1391 2462 1430 consuesse
2491 1392 2605 1442 eos,
2636 1379 2726 1446 qui
2775 1393 2805 1432 a
2832 1377 3032 1434 Graecis
3073 1379 3305 1433 bomilite
3333 1379 3756 1448 appellabantur,

493 1469 632 1524 idem
661 1475 744 1522 est
770 1465 1003 1533 Cangius
1025 1474 1232 1528 auctor,
1264 1466 1355 1534 qui
1377 1472 1620 1519 sanctum
1649 1465 2004 1534 Augustinum
2047 1473 2239 1521 testem
2267 1468 2413 1521 citat.
2440 1468 2720 1536 Augustini
2749 1479 2928 1524 autem
2956 1471 3098 1524 hunc
3127 1470 3281 1524 aﬂ’ert
3316 1485 3381 1524 ex
3411 1470 3674 1540 promntio
3702 1469 3757 1524 in

456 1552 461 1558 ’
491 1563 622 1631 psal.
656 1578 812 1617 cxvm
835 1562 1010 1615 locum
1043 1576 1054 1609 :
1085 1557 1261 1612 Statui
1288 1572 1381 1626 per
1415 1571 1676 1608 sermones
1696 1555 1751 1609 id
1772 1572 1946 1626 agere,
1972 1558 2056 1627 qui
2083 1559 2488 1628 proferunturin
2509 1559 2730 1629 populis,
2755 1576 2879 1628 quos
2910 1557 3077 1614 Cra-ci
3098 1560 3292 1632 ὁμιλίας
3322 1567 3522 1613 vocant.
3556 1560 3624 1611 At
3647 1557 3758 1626 jam

492 1654 613 1708 inde
643 1653 709 1707 ab
731 1653 910 1720 aliquo
942 1659 1182 1718 tempore
1211 1647 1360 1701 vocis
1391 1647 1586 1718 ὁμιλίας
1616 1647 1818 1700 variata
1846 1653 1930 1700 est
1952 1647 2120 1700 notio.
2154 1646 2305 1701 Nunc
2333 1648 2474 1701 enim
2517 1663 2611 1703 eas
2638 1665 2894 1704 vocamus
2933 1650 3037 1704 hoc
3076 1648 3292 1703 nomine
3339 1649 3611 1702 orationes
3639 1661 3758 1716 qua:

491 1744 811 1814 explanandi
842 1741 1067 1810 alicujus
1095 1740 1199 1793 loci
1228 1738 1522 1806 evangelici
1549 1752 1709 1791 causa
1738 1739 2055 1807 conscripta:
2085 1737 2301 1792 fuerint.
2331 1738 2524 1792 Curavi
2567 1755 2729 1808 porro
2759 1749 2818 1793 ut
2853 1741 3190 1795 sermonibus
3219 1746 3475 1794 tractatus
3502 1738 3758 1792 succede-

490 1843 614 1888 rent
643 1841 753 1887 tres
781 1833 844 1886 de
874 1831 1159 1901 Baptismo,
1193 1844 1328 1897 quos
1353 1843 1472 1882 esse
1502 1827 1735 1880 Maximo
1765 1828 2130 1894 ascribendos,
2161 1829 2360 1883 evincit
2397 1829 2640 1884 codicum
2681 1831 3082 1900 subalpinorum
3112 1831 3417 1887 consensio.
3449 1832 3760 1898 Sequuntur

491 1940 651 1996 porro
680 1929 938 1977 tractatus
967 1921 1072 1976 duo
1106 1921 1198 1988 qui
1228 1935 1258 1974 e
1288 1919 1473 1974 codice
1503 1918 1797 1974 Veronensi
1826 1919 2128 1989 deprompti
2177 1927 2319 1986 sunt,
2351 1936 2684 1990 quorumque
2731 1923 2866 1977 alter
2894 1931 3076 1976 contra
3114 1923 3383 1993 Paganos,
3415 1922 3551 1975 alter
3577 1931 3760 1975 contra

489 2016 705 2071 Judwos
737 2014 1063 2069 inscribitur.
1094 2011 1300 2065 Nullius
1345 2010 1419 2064 illi
1465 2010 1741 2080 scriptoris
1783 2024 1978 2064 nomen
2021 2011 2351 2078 praeferunt;
2396 2021 2763 2067 verumtamen
2789 2013 3041 2080 quoniam
3082 2020 3136 2067 et
3163 2012 3285 2082 styli
3335 2026 3524 2065 eorum
3552 2012 3691 2065 ratio
3722 2027 3754 2065 a

488 2112 811 2166 Maximiana
839 2125 947 2164 non
979 2109 1264 2176 discrepat,
1314 2113 1368 2160 et
1396 2121 1463 2160 ex
1492 2121 1558 2160 eo
1593 2105 1865 2159 volumine
1905 2108 2158 2177 exscripti
2189 2115 2313 2162 sunt
2340 2123 2447 2176 quo
2482 2107 2588 2161 alia
2617 2107 2787 2162 sancti
2826 2105 3064 2175 episcopi
3104 2104 3359 2174 opuscula
3391 2105 3758 2168 continentur,

487 2203 711 2270 egissem
734 2203 974 2272 profecto
1005 2201 1392 2271 imprudenter,
1422 2202 1466 2255 si
1497 2216 1592 2256 eos
1615 2217 1681 2254 ex
1711 2216 1787 2255 se.
1802 2202 1849 2255 ie
1871 2217 2096 2270 operum
2127 2200 2342 2255 Maximi
2372 2201 2752 2271 expungendos
2781 2201 3187 2255 existimassem.
3221 2199 3316 2252 llis
3334 2199 3548 2252 demum
3579 2197 3761 2254 addidi

491 2292 827 2362 Evangelicas
860 2291 1149 2356 Lectiones,
1195 2307 1292 2345 seu
1320 2290 1559 2361 Capitula
1590 2289 2012 2361 Evangeliomm,
2036 2307 2264 2360 quorum
2293 2291 2374 2362 (ut
2398 2307 2560 2361 supra
2589 2291 2961 2362 animadverti)
2991 2288 3318 2351 Gennadius,
3355 2287 3762 2354 recentiumque

491 2383 750 2435 memoria
781 2381 1106 2434 Trithemius
1134 2381 1514 2434 meminerunt.
1548 2379 1666 2433 Non
1695 2390 1821 2434 sum’
1843 2382 2076 2447 nescius,
2107 2381 2375 2437 Lectiones
2403 2381 2663 2451 ejusmodi
2691 2381 3034 2452 Evangelicas
3064 2381 3119 2434 in
3146 2379 3334 2434 codice
3353 2378 3641 2432 Veronensi
3669 2391 3761 2430 ne-

489 2485 598 2542 que
620 2470 855 2532 Maximi,
883 2486 1056 2538 neque
1088 2471 1308 2523 alterius
1342 2469 1655 2536 cujusquam
1686 2471 2196 2538 nomennprazferre.
2229 2471 2336 2526 Sed
2370 2487 2435 2528 ea
2464 2473 2695 2526 nominis
2723 2469 3106 2542 praetermissio
3135 2467 3272 2522 tanti
3299 2482 3407 2521 non
3437 2473 3540 2530 est,
3571 2465 3647 2518 uti
3677 2481 3762 2522 me

490 2577 518 2614 a
553 2560 818 2615 sententia
842 2559 1114 2614 deterrere
1143 2559 1331 2628 possit,
1359 2573 1518 2626 quam
1547 2566 1602 2612 et
1629 2558 1953 2626 conjectura:
1981 2573 2109 2612 sane
2135 2573 2342 2626 graves,
2375 2570 2431 2616 et
2458 2564 2744 2629 insignium
2772 2569 3040 2617 vetustate
3082 2559 3585 2625 existimationeque
3627 2554 3759 2609 scri-

491 2659 704 2720 ptorum
746 2647 1026 2704 conﬁrmet
1050 2648 1359 2702 auctoritas.
1393 2647 1524 2702 Cum
1565 2648 1710 2702 enim
1739 2647 2002 2716 permulta
2033 2657 2368 2715 argumenta,
2396 2664 2514 2718 qua).
2536 2652 2587 2703 in
2616 2651 2848 2704 homiliis
2875 2658 3037 2718 atque
3063 2649 3400 2704 sermonibus
3429 2647 3690 2701 illustrata
3719 2659 3750 2697 a

494 2739 723 2794 Maximo
762 2745 906 2804 sunt,
935 2732 998 2793 ea
1027 2739 1135 2792 sint
1159 2737 1421 2803 oratione,
1473 2753 1536 2792 ac
1581 2737 1743 2808 stylo,
1777 2749 1946 2805 eaque
1995 2739 2203 2794 ratione
2227 2748 2476 2806 tractata,
2508 2754 2612 2811 qua
2643 2742 2697 2796 in
2735 2741 3057 2797 lectionibus
3086 2741 3274 2796 iisdem
3305 2747 3619 2804 tractantur,
3649 2753 3758 2792 non

489 2831 735 2901 equidem
761 2831 936 2897 video,
977 2845 1074 2883 cur
1102 2829 1183 2882 ba:
1212 2843 1320 2882 non
1345 2827 1577 2882 debeant
1605 2828 1656 2882 ei
1693 2829 1912 2882 attribui
1941 2830 2147 2882 auctori
2174 2845 2204 2883 a
2229 2844 2337 2898 quo
2363 2832 2609 2886 homilias
2632 2831 2750 2886 illas
2779 2832 3007 2901 illosque
3036 2847 3314 2886 sermones
3337 2831 3499 2886 fuisse
3525 2825 3757 2901 perscri-

493 2931 616 2989 ptos
641 2928 873 2974 constat.
903 2918 1019 2973 Jam
1047 2933 1178 2972 vero
1207 2933 1349 2982 cum,
1373 2925 1512 2972 teste
1532 2916 1830 2984 Gennadio‘,
1863 2934 1912 2978 ο..
1933 2933 1998 2972 us
2027 2918 2089 2972 de
2117 2918 2368 2990 Capitulis
2394 2921 2795 2993 Evangeliorum
2823 2923 3021 2976 editum
3047 2938 3079 2976 a
3108 2922 3340 2978 Maximo
3369 2921 3547 2986 fuerit,
3573 2935 3760 2990 eaeque

493 3005 760 3062 Lectiones
790 3007 862 3060 ita
891 3005 998 3060 sint
1019 3012 1362 3074 comparataz,
1393 3013 1451 3059 ut
1479 3005 1696 3059 inscribi
1724 3009 1930 3060 rectet'r-
1949 3023 1972 3057 τε
1991 2998 2243 3076 Capitulis
2270 3007 2673 3080 Evangeliorum
2695 3010 2920 3079 possint,
2951 3009 3193 3082 [xxxviii]
3221 3011 3347 3081 quid
3381 3019 3464 3067 est
3488 3011 3629 3082 quod
3660 3011 3759 3066 im-

493 3099 692 3171 pediat,
720 3100 849 3170 quin
878 3098 1144 3152 Lectiones
1174 3100 1302 3169 ipsae
1330 3099 1436 3152 sint
1456 3097 1659 3152 eaedem
1685 3112 1749 3152 ac
1777 3098 2173 3154 illan-«Maximo
2194 3100 2334 3155 edita
2358 3101 2594 3173 Capitula
2617 3101 3020 3173 Evangeliorum
3046 3101 3072 3156 .’

561 3185 700 3242 Sunt
728 3190 840 3242 haec
868 3186 1151 3242 selectiora
1180 3186 1395 3240 Maximi
1425 3187 1702 3255 opuscula,
1735 3187 1927 3255 quibus
1965 3189 2236 3258 przecipue
2265 3198 2446 3245 nostra
2475 3191 2588 3246 haec
2615 3192 2882 3246 constabit
2902 3191 3170 3246 collectio.
3195 3189 3512 3258 Quanquam
3540 3203 3672 3246 vero
3699 3191 3756 3247 in

496 3276 602 3333 alia
629 3277 870 3345 quaxlam
899 3276 1234 3340 incurrerim,
1266 3289 1386 3344 qua:
1413 3283 1563 3330 tanto
1593 3284 1814 3330 auctore
1860 3276 2077 3345 indigna
2114 3293 2220 3332 non
2250 3293 2370 3334 esse
2398 3279 2740 3345 viderentur;
2771 3281 3025 3350 quoniam
3054 3288 3231 3334 tamen
3259 3293 3369 3332 non
3396 3286 3552 3332 erant
3592 3279 3752 3334 nobis

493 3365 624 3422 satis
652 3365 833 3434 gravia
863 3372 1132 3418 momenta
1171 3364 1441 3417 rationum
1481 3364 1534 3418 in
1565 3371 1836 3434 promptu,
1867 3365 2060 3432 quibus
2089 3364 2392 3422 efficeretur
2432 3385 2497 3424 ea
2541 3370 2754 3425 nonnisi
2783 3386 2848 3424 ex
2888 3369 3118 3424 Maximo
3147 3368 3310 3422 fuisse
3336 3367 3598 3438 profecta,
3624 3369 3753 3424 haesi

493 3453 740 3522 equidem
782 3466 979 3521 anceps
1004 3469 1018 3517 ;
1046 3465 1275 3519 cumque
1303 3450 1426 3506 inde
1449 3451 1583 3505 mihi
1626 3451 1694 3506 de
1725 3452 1788 3506 iis
1815 3460 2019 3507 temere
2057 3455 2395 3511 statuendum
2429 3474 2537 3513 non
2577 3475 2696 3515 esse
2731 3459 3074 3529 judicassem,
3101 3457 3341 3512 continui
3371 3458 3441 3510 ita
3471 3473 3577 3524 me,
3609 3467 3668 3513 ut
3691 3475 3755 3518 ea

489 3556 664 3611 neque
709 3540 1050 3606 afﬁrmarem,
1105 3555 1280 3610 neque
1325 3555 1576 3610 negarem
1623 3539 1841 3596 Maximi
1893 3542 2135 3611 ejusdem
2182 3561 2319 3613 esse,
2355 3547 2740 3620 rejiceremque
2773 3549 2998 3619 proinde
3040 3551 3094 3604 in
3140 3548 3488 3619 appendicem
3535 3564 3757 3621 operum

495 3637 799 3692 dubiorum.

559 3726 628 3780 At
671 3727 813 3780 enim
861 3741 980 3780 cum
1023 3725 1190 3778 multa
1237 3732 1510 3778 onstarent
1549 3726 1835 3794 quominus
1883 3728 2191 3794 extorqueri
2260 3743 2328 3783 ex
2384 3744 2471 3784 me
2529 3737 2710 3798 posset
2755 3737 2815 3784 ut
2857 3730 3107 3783 bomilias
3140 3731 3394 3794 quasdam
3443 3740 3602 3797 atque
3645 3746 3758 3786 ser-

493 3834 682 3873 mones
709 3825 801 3870 aut
849 3817 900 3869 in
945 3814 1135 3879 certis,
1167 3822 1260 3867 aut
1305 3814 1355 3866 in
1387 3815 1562 3868 dubiis
1602 3814 1815 3868 Maximi
1865 3816 2136 3884 opusculis
2176 3817 2445 3868 numerari
2488 3823 2741 3883 oportere
2769 3815 3078 3878 arbitrarer,
3129 3829 3222 3868 eas
3269 3814 3515 3870 homilias
3560 3833 3758 3888 eosque

491 3925 771 3965 sermones
814 3909 866 3963 in
897 3905 1245 3975 appendicem
1274 3905 1496 3959 alteram
1532 3906 1711 3969 retuli,
1743 3921 1863 3974 qua:
1902 3915 1985 3959 est
2011 3906 2303 3973 spuriorum
2333 3921 2562 3974 operum.
2607 3903 2788 3972 Neque
2820 3919 2964 3967 vero,
2995 3904 3122 3972 quin
3151 3903 3204 3956 id
3232 3902 3482 3970 facerem,
3512 3921 3753 3965 commo-

491 4015 617 4056 vere
646 4015 731 4054 me
760 3999 937 4068 potuit
959 4001 1043 4055 vel
1071 3997 1314 4051 codicum
1345 3995 1698 4064 quorumdam
1731 3995 2034 4060 celebritas,
2065 3997 2150 4052 vel
2179 3996 2459 4051 doctorum
2489 3997 2692 4064 aliquot
2726 3995 2960 4050 virorum
2991 3996 3195 4066 opinio,
3223 3997 3437 4052 Maximi
3467 4012 3558 4052 eas
3588 3999 3756 4056 bomi-

489 4093 590 4148 lias
609 4106 808 4160 eosque
836 4103 1112 4145 sermones
1139 4103 1257 4142 esse
1282 4087 1557 4142 aientium.
1577 4085 1720 4152 Quas
1750 4095 1928 4141 autem
1956 4087 2025 4142 ob
2053 4103 2245 4142 causas
2271 4087 2354 4140 his
2379 4087 2625 4142 assentiri
2654 4087 3014 4156 nequiverim,
3046 4103 3167 4140 cum
3197 4089 3328 4142 satis
3356 4089 3406 4140 in
3446 4088 3759 4156 praefatione

491 4185 559 4239 ad
583 4183 804 4237 alteram
835 4182 978 4235 illam
1009 4179 1358 4250 appendicem
1386 4178 1710 4248 explicatum
1734 4179 1822 4242 sit,
1856 4169 1962 4234 non
1993 4188 2074 4234 est
2103 4195 2198 4234 cur
2227 4195 2344 4234 esse
2370 4194 2581 4234 rursum
2610 4179 2980 4248 explicandum
3011 4185 3213 4246 putem.

558 4273 678 4328 Jam
707 4273 964 4342 opuscula
995 4271 1211 4326 Maximi
1260 4271 1496 4326 nondum
1527 4270 1668 4324 edita
1697 4269 1890 4339 quibus
1918 4287 1984 4324 ex
2012 4271 2287 4325 codicibus
2328 4271 2649 4340 acceperim,
2680 4283 2841 4338 supra
2886 4268 3063 4321 docui.
3093 4266 3244 4322 Nunc
3271 4267 3337 4320 de
3374 4267 3574 4336 jamdiu
3599 4271 3756 4324 editis

489 4367 680 4431 dicam,
713 4375 980 4434 quamque
1008 4366 1062 4419 in
1091 4364 1155 4418 iis
1184 4379 1392 4417 rursum
1425 4363 1755 4432 publicandis
1802 4363 2086 4419 lectionem
2116 4374 2331 4419 secutus
2379 4363 2568 4418 fuerim
2587 4403 2601 4427 ,
2631 4361 2893 4416 indicabo.
2926 4361 3108 4428 Itaque
3136 4359 3277 4428 quod
3309 4363 3377 4415 ad
3406 4362 3650 4417 bomilias
3688 4363 3756 4417 7L

489 4474 520 4514 ι
548 4451 808 4529 Gymnico
837 4457 1087 4526 primum,
1111 4465 1226 4510 tum
1254 4472 1284 4509 a
1311 4454 1584 4510 Galesinio
1613 4456 1854 4524 vulgatas
1881 4458 2094 4522 attinet,
2141 4459 2275 4513 sciat
2311 4457 2536 4525 quisque
2564 4456 2740 4520 velim,
2785 4454 2861 4509 sic
2889 4468 2974 4508 me
2994 4439 3236 4524 Gymnici
3265 4450 3505 4519 ejusdem
3533 4451 3754 4508 lectioni

489 4548 794 4612 adhaesisse,
824 4555 882 4600 ut
911 4548 1028 4615 ejus
1057 4554 1236 4600 tamen
1267 4546 1522 4600 nonnulla
1549 4554 1642 4600 aut
1669 4546 2048 4616 suppleverim,
2080 4556 2173 4602 aut
2200 4546 2552 4609 emendarim,
2581 4543 2960 4614 exegeritnque
2997 4543 3064 4597 ad
3093 4542 3459 4612 probatiorum
3489 4556 3619 4595 mss.
3660 4557 3754 4596 co-

490 4634 671 4692 dicum
723 4637 902 4690 tidem.
934 4634 991 4689 ln
1038 4634 1262 4704 reliquis
1286 4635 1568 4702 vulgandis
1593 4637 1841 4707 exempla
1887 4651 2006 4690 sum
2035 4644 2252 4690 secutus
2290 4635 2585 4690 editionum
2631 4633 3008 4689 Parisiensium
3038 4649 3260 4703 Operum
3291 4633 3459 4688 sancti
3489 4632 3754 4689 Ambrosii

491 4742 681 4782 annor.
716 4726 853 4780 1569
880 4735 934 4782 et
965 4726 1121 4792 i690,
1154 4726 1549 4783 Anecdotorum
1577 4727 1853 4784 Muratorii
1883 4744 1972 4784 an.
2006 4727 2164 4795 i7l5,
2194 4737 2249 4784 et
2277 4728 2457 4784 Musaei
2486 4727 2654 4782 ltalici
2683 4725 3046 4782 Mabilloniani
3073 4743 3161 4781 an.
3195 4726 3351 4780 i725.

563 4820 874 4876 Extremum
901 4829 1001 4885 est,
1025 4830 1084 4875 ut
1112 4821 1342 4876 lectores
1366 4837 1614 4877 moneam
1648 4839 1660 4873 :
1683 4822 1942 4890 quidquid
1971 4823 2022 4874 in
2044 4822 2145 4876 bac
2172 4807 2354 4875 nostra
2375 4819 2610 4874 editione
2638 4819 2791 4873 bona:
2819 4819 3002 4887 frugis,
3026 4818 3374 4887 prteclarique
3394 4826 3490 4880 est,
3517 4816 3568 4868 id
3586 4829 3754 4885 quan-

493 4920 606 4965 tum
631 4919 890 4978 quantum
918 4912 1334 4980 prospicientiaa,
1364 4911 1652 4978 vigilantia:
1676 4909 2160 4978 inunilicentiteque
2185 4909 2266 4964 Pii
2287 4909 2438 4964 Sexti
2459 4909 2647 4978 optimi
2665 4909 3150 4979 sapientissimique
3177 4905 3442 4979 pontificis
3476 4913 3751 4974 acceptum

494 5013 615 5054 esse
641 4997 999 5053 referendum.
1046 4998 1179 5054 Cum
1209 5000 1353 5054 enim
1392 4997 1523 5050 nibil
1564 4996 1612 5049 ei
1651 4997 1820 5063 magis
1849 4997 1918 5049 sit
1941 4995 2111 5064 cordi,
2142 5012 2301 5066 quam
2332 5006 2389 5052 ut
2419 4999 2598 5053 omnia
2640 5007 2814 5069 paret,
2841 5013 2960 5068 qua:
2988 4999 3056 5054 ad
3097 4999 3405 5065 religionem
3432 4994 3752 5048 catholicam

493 5089 914 5161 propagandam,
947 5090 1343 5150 illustrandam,
1393 5084 1811 5139 confimiaudam
1863 5086 2109 5142 conferre
2156 5088 2444 5156 plurimum
2465 5103 2624 5158 posse
2665 5088 2981 5155 videantur;
3030 5101 3256 5154 cumque
3301 5085 3459 5154 plane
3487 5082 3750 5160 cognorit,

491 5189 749 5248 quantum
779 5182 1031 5249 operibus
1059 5180 1228 5234 sancti
1267 5175 1481 5230 Maximi
1510 5174 1577 5228 ad
1606 5189 1724 5227 eam
1755 5190 1868 5228 rem
1897 5179 2315 5246 opportunitatis
2346 5178 2509 5246 insit;
2541 5195 2649 5235 non
2677 5195 2784 5234 tere
2807 5179 2979 5234 solum
3006 5189 3297 5248 permagno
3319 5189 3446 5238 suo,
3478 5174 3572 5229 sed
3607 5171 3755 5228 omni

492 5270 658 5324 etiam
685 5271 1064 5331 sollicitudine,
1097 5266 1390 5332 diligentia,
1422 5264 1620 5330 studio,
1655 5273 1712 5318 ut
1753 5266 1987 5333 undique
2015 5269 2412 5337 colligerentur,
2456 5268 2886 5334 emendarentur,
2935 5269 3342 5329 illustrarentur,
3377 5269 3517 5334 typis
3544 5261 3752 5332 magni-

494 5356 594 5419 ﬁce
617 5361 1027 5422 excuderentur,
1059 5355 1439 5426 prodirentque
1461 5355 1512 5410 in
1539 5355 1803 5426 publicam
1834 5357 2026 5424 lucem,
2055 5361 2280 5414 curavit.
2313 5360 2484 5426 Quem
2511 5360 2726 5429 quidem
2756 5359 3062 5430 pontificem
3089 5359 3471 5411 sanctissimum
3493 5343 3755 5411 dominum

492 5460 725 5506 nostrum
753 5450 892 5505 Deus
925 5457 1126 5502 creator
1154 5446 1379 5499 omnium
1429 5456 1689 5500 conservet
1727 5448 2011 5516 lonngva
2052 5448 2122 5502 ad
2162 5459 2457 5504 sanctarum
2499 5449 2612 5520 ejus
2639 5447 2991 5502 Ecclesiarum
3033 5454 3083 5500 et
3115 5444 3417 5500 orthodoxa:
3442 5446 3567 5514 ﬁdei
3603 5444 3756 5497 stabi-

492 5541 688 5598 litatem
733 5540 832 5610 (a).

559 5630 641 5700 (α)
671 5629 919 5700 Episcopi
951 5627 1134 5684 insula:
1161 5627 1321 5699 Cypri
1351 5629 1506 5699 epist.
1551 5627 1617 5683 ad
1646 5638 1890 5684 sanctum
1936 5629 2277 5686 Theodorum
2314 5644 2529 5700 papam,
2574 5643 2693 5694 qua:
2735 5635 2910 5683 exstat
2950 5627 3002 5682 in
3040 5625 3188 5682 Actis
3217 5621 3418 5680 Concil.
3454 5618 3630 5672 Later.
3655 5615 3757 5670 sub
