4138 6186
312 371 366 424 ιι
1360 444 1361 447 γ
1724 368 1946 423 ΡΒᾹΞΗ

1931 368 2082 423 ATlO
2096 406 2107 419 .
2236 370 2243 375 ’
3485 361 3558 417 Β

1717 589 1957 665 PARS
2033 590 2130 665 ΙΙ.

559 722 707 798 Qut:
730 728 819 780 est
851 718 924 782 de
952 718 1243 781 doctrina
1269 719 1563 789 Maximi,
1600 719 1787 797 deque
1822 721 2054 780 steteris
2088 720 2160 780 de
2190 718 2412 798 quibus
2443 737 2562 779 esse
2598 737 2710 778 nos
2736 720 2806 781 in
2841 717 3309 795 Prolegomenis

1584 805 1839 858 acturos
1861 799 2287 876 promisimus.

381 915 586 991 [xxxix]
614 917 654 969 Ι.
686 916 762 971 Ac
788 915 856 970 de
888 923 1071 971 nostra
1099 916 1312 986 quidem
1337 915 1713 986 opusculorum
1742 914 1958 970 Maximi
1992 916 2329 983 collectione,
2363 916 2431 971 de
2466 917 2713 971 subsidiis
2739 932 2857 987 qua:
2897 918 3051 973 nobis
3077 918 3195 987 ejus
3223 914 3558 988 perﬁcienda

308 1024 463 1063 causa
502 1008 825 1077 paravimus,
861 1006 1034 1076 deque
1073 1008 1262 1063 ordine
1301 1022 1460 1077 quem
1489 1007 1543 1061 in
1573 1022 1635 1061 ea
1661 1006 1990 1076 disponenda
2020 1016 2180 1078 atque
2208 1008 2515 1063 adornanda
2544 1009 2715 1063 secuti
2744 1025 2945 1074 sumus,
2977 1011 3256 1066 hactenus.
3289 1012 3477 1067 Restat
3502 1020 3564 1068 ut

309 1104 370 1158 de
396 1104 561 1158 sancti
590 1101 831 1172 ejusdem
866 1101 1099 1169 episcopi
1134 1100 1379 1155 doctrina
1408 1100 1581 1171 deque
1609 1101 1816 1155 eteteris
1853 1112 2005 1167 agam
2024 1137 2039 1162 ,
2072 1100 2138 1154 de
2166 1100 2358 1168 quibus
2396 1115 2483 1155 me
2511 1100 2564 1154 in
2592 1101 2984 1172 prolegomenis
3008 1101 3270 1157 dicturum
3299 1103 3566 1173 promise-

308 1212 432 1250 ram.
482 1196 613 1262 Qum
642 1202 820 1248 autem
851 1194 989 1248 tanti
1032 1194 1133 1247 viri
1161 1193 1403 1248 doctrina
1432 1194 1589 1248 luerit
1608 1232 1624 1258 ,
1653 1208 1813 1262 quam
1839 1193 2130 1257 excellens,
2162 1208 2321 1262 quam
2350 1194 2633 1262 exquisita,
2663 1210 2821 1265 quam
2851 1203 2979 1265 apte
3004 1194 3072 1249 ad
3099 1209 3250 1248 sacra
3277 1193 3467 1259 Biblia,
3495 1193 3560 1250 ad

308 1290 675 1353 traditionem,
719 1287 786 1341 ad
814 1286 1065 1344 Ecclesiae
1093 1286 1305 1341 decreta
1325 1324 1340 1349 ,
1370 1302 1530 1356 quam
1556 1286 1805 1341 distincte
1834 1300 2102 1354 quamque
2129 1287 2392 1356 explicate
2420 1288 2486 1341 ab
2514 1302 2583 1341 eo
2610 1287 2859 1344 adversus
2885 1280 3138 1360 profanas
3178 1288 3563 1361 sententiarum

308 1397 574 1451 torumque
619 1379 871 1433 novitates
901 1377 1172 1446 proposita
1192 1415 1208 1443 ,
1239 1391 1306 1430 ex
1335 1376 1451 1445 ejus
1478 1375 1729 1443 homiliis,
1759 1374 2099 1430 sermonibus
2138 1376 2468 1446 reliquisque
2492 1376 2763 1445 opusculis
2784 1377 3035 1445 cognosci
3063 1376 3200 1432 adeo
3227 1375 3565 1446 perspicique

308 1481 498 1542 potest,
534 1470 661 1524 nihil
692 1478 750 1522 ut
779 1468 845 1523 ad
873 1482 992 1522 eam
1022 1467 1389 1522 illustrandum
1418 1474 1603 1521 nostra
1632 1467 1703 1521 sit
1732 1482 1868 1536 opus
1896 1469 2161 1523 oratione.
2200 1469 2321 1535 Quo
2349 1484 2479 1525 sane
2524 1470 2695 1539 magis
2720 1470 2973 1535 admiror,
3003 1471 3303 1536 hominem,
3336 1471 3428 1542 qui
3454 1485 3564 1526 non

309 1562 557 1617 adversus
585 1559 866 1614 haereticos
894 1573 962 1613 ex
989 1558 1230 1613 instituto
1259 1558 1525 1621 scribere,
1556 1557 1650 1613 sed
1694 1557 1773 1613 de
1804 1558 2028 1613 colenda
2065 1561 2294 1626 virtute,
2323 1576 2388 1615 ac
2430 1562 2631 1631 pietate
2677 1562 2947 1617 orationes
2975 1564 3042 1617 ad
3070 1563 3325 1633 populum
3364 1564 3565 1620 habere

314 1652 650 1715 instituisset,
684 1658 792 1705 tam
821 1655 1072 1704 accurate
1098 1648 1167 1703 de
1194 1648 1592 1703 sublimioribus
1618 1648 1933 1703 orthodoxa:
1972 1650 2246 1719 religionis
2285 1652 2584 1723 mysteriis,
2616 1659 2723 1705 tam
2751 1666 2933 1722 presse
2960 1662 3146 1708 contra
3190 1655 3405 1709 inventa
3434 1671 3560 1725 per-

310 1760 564 1813 versaque
603 1743 849 1812 dogmata
879 1730 1276 1804 luereticorum,
1309 1747 1417 1793 tam
1443 1739 1515 1794 ad
1543 1740 1945 1810 intelligentiam
1975 1741 2145 1812 plebis
2184 1758 2343 1812 quam
2387 1742 2647 1807 docebat,
2670 1782 2675 1787 η
2696 1744 3098 1799 accommodate
3126 1743 3469 1811 disseruisse,
3506 1754 3566 1801 ut

310 1838 437 1893 nihil
468 1834 746 1891 desiderari
774 1847 932 1902 supra
969 1847 1129 1902 posse
1154 1832 1416 1886 videatur.

374 1927 436 1980 ll.
470 1926 585 1980 Jam
614 1924 678 1978 de
706 1923 960 1995 mysterio
986 1922 1263 1977 Trinitatis
1290 1922 1367 1976 sic
1398 1922 1486 1975 ille
1512 1922 1650 1990 agit,
1676 1930 1735 1976 ut
1772 1937 2080 1993 quanquam
2109 1925 2324 1981 brevius
2352 1928 2520 1981 multo
2548 1942 2707 1996 quam
2737 1926 3089 1995 Athanasius,
3115 1928 3347 1985 Hilarius
3365 1971 3379 1995 ,
3412 1931 3563 1988 Basi-

307 2019 425 2082 lius,
459 2016 780 2084 Augustinus
820 2014 1017 2082 aliique
1045 2011 1230 2067 Patres
1262 2012 1772 2067 Antitrinitariorum
1802 2022 2218 2082 oppugnatores,
2244 2024 2298 2067 at
2325 2031 2476 2083 mque
2512 2024 2689 2070 tamen
2731 2016 2901 2071 solide
2929 2026 3283 2087 accurateque
3310 2019 3562 2090 disputet.

309 2111 433 2165 Nam
465 2123 713 2164 sermone
739 2105 826 2171 48,
858 2108 947 2176 qui
979 2115 1057 2162 est
1088 2105 1111 2159 1
1148 2106 1211 2159 de
1248 2105 1567 2169 Pentecoste,
1596 2118 1717 2173 pag.
1751 2103 1855 2158 59.3
1880 2123 1891 2156 :
1921 2103 2149 2168 Quorum
2169 2148 2181 2171 ,
2216 2106 2415 2173 inquit,
2446 2108 2669 2159 indivisa
2698 2116 2819 2160 sunt
2845 2125 3079 2171 munera,
3105 2118 3182 2162 est
3217 2112 3389 2180 utique
3425 2114 3564 2167 inse-

308 2210 487 2270 parata
517 2200 792 2253 Divinitas.
820 2197 969 2262 Quod
988 2215 1106 2252 vero
1134 2198 1425 2269 ingreditur
1446 2197 1678 2267 Spiritus
1704 2196 1759 2249 in
1778 2213 1909 2266 quos
1930 2197 2129 2250 habitat
2150 2196 2404 2259 Christus,
2434 2213 2537 2252 non
2563 2198 2635 2250 eis
2663 2198 2731 2249 ad
2761 2196 2983 2251 Deitatis
3004 2199 3186 2251 crescit
3212 2210 3562 2271 augmentum,

309 2292 393 2346 sed
421 2291 489 2343 ad
515 2291 670 2361 ﬁdem
696 2293 900 2362 proficit
925 2292 1165 2346 unitatis.
1200 2329 1215 2345 .
1244 2333 1255 2344 .
1286 2332 1297 2344 .
1327 2332 1339 2344 .
1373 2291 1501 2346 liter:
1527 2300 1622 2355 est,
1652 2296 1709 2341 ut
1737 2291 2009 2353 credimus,
2040 2289 2480 2359 incomprehensse
2507 2288 2818 2358 dispensatio
2851 2288 3137 2355 Trinitatis,
3166 2297 3221 2342 ut
3248 2308 3364 2344 cum
3386 2295 3564 2349 omnia

310 2380 455 2438 simul
485 2381 661 2444 Pater,
690 2390 738 2433 et
768 2380 955 2445 Filias,
987 2388 1035 2434 et
1064 2379 1294 2451 Spiritus
1324 2391 1531 2436 sanctus
1560 2384 1789 2454 ejusdem
1836 2381 2064 2435 Deitatis
2113 2379 2296 2447 effectu
2343 2376 2757 2446 inseparabiliter
2795 2386 3099 2448 operentur;
3126 2381 3363 2452 quadam
3394 2393 3564 2440 tamen

310 2471 592 2541 specialiter
621 2487 653 2523 a
682 2470 900 2540 singulis
932 2468 1238 2523 tribuantur.
1267 2509 1280 2522 .
1308 2508 1322 2522 .
1355 2510 1368 2522 .
1400 2470 1537 2542 quod
1563 2480 1778 2541 prasstat
1808 2472 2057 2541 Spiritus,
2102 2486 2150 2540 pr
2177 2476 2315 2521 "astat
2353 2475 2402 2520 et
2429 2466 2606 2532 Pater,
2637 2469 2721 2538 qui
2753 2467 3046 2538 (Spiritus)
3080 2478 3239 2524 totum
3266 2488 3379 2526 cum
3405 2473 3567 2530 Patre

310 2561 486 2627 habet;
515 2563 598 2634 qui
632 2572 766 2617 totus
794 2579 994 2633 semper
1022 2580 1054 2616 a
1083 2562 1245 2617 Patre
1270 2563 1527 2633 procedit;
1555 2574 1603 2617 et
1645 2564 1779 2634 quod
1806 2570 2020 2633 prwctat
2048 2577 2165 2617 cum
2201 2559 2361 2613 Patre
2402 2558 2657 2629 Spiritus,
2683 2568 2896 2630 prastat
2941 2571 2991 2615 et
3019 2560 3067 2613 F
3071 2563 3209 2627 ilius,
3236 2568 3476 2635 quoniam
3505 2570 3568 2623 de

311 2654 483 2708 eodem
510 2653 672 2707 Patre
696 2660 850 2705 natus
878 2661 954 2706 est
982 2651 1173 2719 Filius,
1203 2669 1235 2706 a
1261 2670 1358 2725 quo
1386 2655 1615 2722 procedit
1641 2663 1691 2708 et
1721 2653 1966 2723 Spiritus.
1999 2652 2086 2706 Ait
2119 2654 2255 2707 enim
2294 2650 2527 2706 Christus
2568 2668 2585 2705 :
2628 2650 2817 2707 Omnia
2865 2667 2984 2721 quae
3032 2654 3194 2709 habet
3239 2655 3398 2713 Pater
3446 2676 3566 2716 mea

311 2753 448 2800 sunt.
494 2744 553 2799 Si
593 2745 767 2798 omnia
801 2759 914 2814 qua:
956 2743 1108 2797 habet
1136 2743 1317 2808 Pater,
1363 2743 1488 2798 Filii
1517 2753 1668 2808 sunt,
1700 2760 1820 2814 ergo
1848 2750 1895 2795 et
1924 2742 2059 2813 quod
2088 2741 2319 2811 Spiritus
2348 2740 2530 2806 habet,
2563 2756 2677 2793 cum
2706 2740 2867 2795 Patre
2905 2751 2958 2794 et
2994 2740 3137 2797 Filio
3164 2760 3429 2800 commune
3468 2758 3563 2803 est.

312 2836 377 2891 Et
404 2836 518 2889 ideo
540 2850 753 2905 quorum
780 2835 833 2887 in
863 2834 1070 2888 nomine
1092 2834 1237 2888 nulla
1267 2834 1447 2889 divisio
1475 2843 1569 2900 est,
1598 2851 1701 2887 una
1724 2849 1903 2889 eorum
1928 2833 1980 2885 in
2005 2833 2150 2888 omni
2172 2831 2488 2902 operatione,
2513 2840 2562 2885 et
2585 2832 2820 2885 voluntas
2840 2832 3095 2886 credenda
3120 2844 3215 2899 est,
3243 2845 3292 2888 et
3318 2847 3563 2907 potestas.

313 2926 400 2981 Sic
430 2926 585 2996 igitur
612 2924 666 2977 in
695 2925 801 2978 suis
829 2923 1069 2994 ﬁdelibus
1102 2925 1325 2980 ctelestia
1353 2924 1582 2979 Trinitas
1602 2928 1801 2996 peragit
1830 2932 2138 2980 sacramenti
2171 2964 2184 2978 .
2215 2933 2271 2977 ut
2296 2924 2523 2994 quamvis
2544 2924 2765 2977 discreta
2792 2924 3019 2978 rideatur
3043 2928 3292 2996 operatio,
3317 2930 3567 2987 indiscre-

312 3027 418 3071 tum
448 3027 616 3070 tamen
656 3014 901 3086 probetur
928 3014 1044 3089 [XL]
1074 3018 1395 3087 mysterium.
1430 3015 1547 3070 Una
1576 3018 1748 3086 itaque
1776 3014 1919 3069 Filio
1947 3032 2009 3068 ac
2038 3015 2135 3085 Sp.’
2174 3017 2259 3067 “ul
2301 3024 2479 3068 sancto
2523 3031 2639 3067 cum
2665 3013 2828 3068 Patre
2853 3023 2929 3068 est
2961 3014 3155 3081 Deitas,
3189 3020 3309 3089 quia
3349 3022 3480 3075 sicut
3508 3024 3570 3078 de

313 3109 422 3163 Deo
451 3109 595 3162 nasci
620 3126 724 3163 non
752 3109 935 3180 potuit,
967 3109 1070 3162 nisi
1098 3106 1237 3161 Deus
1257 3148 1272 3173 ,
1318 3110 1391 3161 ita
1420 3106 1631 3160 dubium
1670 3123 1773 3161 non
1810 3115 1887 3160 est
1924 3122 2036 3161 esse
2075 3105 2148 3159 De
2210 3122 2259 3169 η,
2301 3105 2389 3177 qui
2424 3105 2654 3175 procedit
2682 3121 2714 3157 a
2744 3102 2873 3159 Deo.
2907 3104 3141 3170 Qualiter
3168 3119 3339 3163 autem
3374 3110 3437 3164 ab
3467 3129 3570 3168 uno

312 3201 585 3270 eodemque
606 3201 785 3263 Patre,
816 3208 865 3253 et
894 3197 941 3252 F
945 3198 1084 3263 ilius,
1114 3198 1202 3270 qui
1228 3208 1368 3263 erat,
1401 3209 1555 3251 natus
1593 3199 1693 3260 sit;
1724 3207 1772 3251 et
1811 3197 2059 3267 Spiritus,
2091 3197 2179 3263 qui
2207 3205 2358 3250 natus
2389 3212 2493 3250 non
2538 3204 2645 3261 est,
2690 3196 2967 3266 procedat,
3014 3199 3115 3252 nisi
3158 3200 3255 3253 soli
3297 3199 3572 3257 Divinitati

313 3298 493 3342 notum
520 3298 613 3355 est,
640 3305 754 3361 quia
789 3298 845 3340 ut
869 3297 943 3342 est
973 3289 1108 3353 sola,
1142 3305 1198 3342 se
1236 3289 1396 3341 novit.
1422 3286 1589 3341 Nemo
1617 3286 1781 3349 enim,
1812 3287 1944 3340 sicut
1983 3286 2169 3339 lectum
2188 3294 2285 3349 est,
2317 3284 2467 3339 novit
2494 3282 2728 3350 Patrem,
2758 3286 2859 3340 nisi
2889 3285 3069 3340 Filius.
3106 3285 3256 3350 Quod
3282 3306 3406 3361 ergo
3435 3294 3574 3346 novit

315 3381 361 3435 Γ
364 3383 505 3447 ilius,
536 3383 672 3436 novit
693 3388 740 3433 et
771 3380 1016 3450 Spiri.‘us,
1048 3382 1127 3433 cui
1155 3396 1267 3433 cum
1302 3377 1460 3443 Filio,
1489 3384 1538 3431 et
1568 3375 1728 3430 Patre
1744 3392 1905 3430 unum
1933 3391 2136 3441 nomen,
2167 3392 2229 3429 ac
2255 3392 2361 3429 una
2388 3384 2462 3429 est
2492 3374 2689 3429 Deitas.
2716 3374 2920 3431 Eodem
2941 3384 3187 3447 spectant
3213 3393 3332 3447 qua:
3357 3393 3575 3437 sanctus

313 3478 435 3545 ipse
464 3474 689 3527 antistes
716 3475 1050 3542 persequitur
1078 3487 1240 3527 serm.
1274 3471 1359 3537 51,
1390 3473 1481 3541 qui
1509 3478 1595 3528 est
1620 3472 1685 3525 de
1704 3470 2008 3526 Pentecoste
2035 3469 2094 3537 4,
2118 3483 2239 3539 pag.
2265 3467 2386 3533 550,
2411 3484 2519 3538 quo
2544 3469 2662 3524 loco
2682 3467 2871 3523 Filium
2887 3509 2902 3535 ,
2925 3469 3287 3540 Spiritumque
3308 3482 3573 3541 sanctum,

315 3573 479 3631 atque
507 3561 641 3615 adeo
672 3559 883 3614 Patrem
918 3560 1195 3614 indiscreta
1229 3560 1497 3630 majestate
1518 3576 1737 3632 regnare
1762 3559 1977 3625 scribit;
2008 3567 2062 3614 et
2090 3574 2250 3613 serm.
2284 3556 2367 3625 52,
2401 3559 2463 3613 de
2490 3558 2791 3613 Pentecoste
2818 3558 2872 3625 5,
2903 3573 3024 3629 pag.
3057 3559 3179 3625 539.,
3207 3562 3295 3616 ubi
3322 3581 3335 3617 :
3367 3562 3571 3631 Mutua,

320 3654 517 3722 inquit,
544 3653 755 3706 invicem
778 3670 830 3706 se
854 3652 1178 3706 attestatione
1213 3653 1593 3722 prwnuntiant,
1635 3659 1691 3704 ut
1718 3668 1875 3705 unum
1902 3667 2027 3716 esse,
2055 3666 2215 3703 unum
2242 3649 2383 3715 velle,
2415 3658 2465 3704 et
2504 3654 2663 3703 unum
2690 3666 2890 3719 semper
2914 3668 3066 3720 posse
3093 3654 3386 3707 credantur.
3418 3696 3431 3708 .
3458 3692 3471 3709 .
3505 3696 3519 3708 .
3552 3697 3565 3710 .

315 3747 448 3802 nec
473 3745 665 3800 idcirco
694 3753 989 3799 sanctarum
1012 3744 1405 3813 Scripturarum
1432 3743 1740 3796 testimoniis
1774 3741 2062 3804 edocemur,
2100 3750 2155 3793 ut
2190 3755 2539 3809 personarum
2579 3738 2724 3794 nobis
2756 3741 3040 3796 indiscreta
3067 3744 3270 3815 quidem
3296 3745 3567 3813 majestas,

311 3842 407 3897 sed
433 3841 683 3897 distincta
713 3841 1010 3911 proprietas
1039 3837 1302 3891 reveletur.
1338 3834 1479 3889 Nam
1517 3844 1766 3907 quantum
1794 3834 1864 3887 ad
1894 3832 2113 3887 Deitatis
2142 3834 2362 3904 pertinet
2403 3834 2676 3897 unitatem,
2715 3834 2770 3886 in
2810 3833 2961 3888 verba
2990 3833 3168 3888 Patris
3198 3853 3476 3891 consensus
3500 3849 3576 3893 est

312 3930 567 4000 Spiritus,
598 3941 647 3985 et
676 3932 728 3983 in
751 3944 985 3983 sermone
1007 3926 1235 3997 Spiritus
1264 3925 1501 3978 voluntas
1522 3932 1597 3978 est
1628 3922 1827 3977 Patris.
1874 3922 2001 3987 Quis
2034 3924 2170 3975 enim
2210 3922 2464 3993 Spiritum
2492 3929 2747 3988 sanctum,
2780 3924 2884 3978 nisi
2923 3927 3055 3996 forte
3081 3936 3170 3979 aut
3195 3927 3380 3997 impius
3409 3928 3577 3983 hare-

312 4026 466 4088 ticus,
499 4032 585 4075 aut
613 4022 840 4092 perﬁdus
866 4020 1080 4073 Judwus
1108 4018 1314 4071 dubitat
1340 4033 1451 4071 esse
1481 4016 1790 4071 Deum
1817 4012 1944 4079 Quis
1969 4014 2117 4068 illum
2145 4016 2219 4068 ita
2245 4016 2453 4068 demens
2480 4013 2703 4084 abnegat
2729 4013 2915 4079 Deum,
2946 4017 2998 4068 in
3029 4033 3175 4087 quem
3201 4016 3578 4089 blasphemasse

310 4119 392 4169 ita
419 4124 494 4169 est
513 4116 746 4184 impium,
777 4120 926 4182 atque
955 4112 1299 4182 mortiferum,
1328 4116 1385 4161 ut
1414 4107 1820 4177 blasphemantis
1863 4114 2128 4175 peccatum
2174 4104 2317 4157 nulla
2344 4105 2493 4157 venia
2530 4103 2901 4173 subsequatur?
2929 4101 2977 4157 Η
2986 4107 3058 4170 ic,
3090 4109 3320 4178 inquam,
3352 4110 3577 4180 Spiritus

310 4212 527 4264 sanctus
553 4203 832 4275 procedens
860 4218 892 4254 a
923 4199 1103 4264 Patre,
1136 4200 1419 4268 promissus
1445 4214 1477 4250 a
1504 4195 1645 4250 Filio
1668 4196 1806 4249 dona
1834 4195 2014 4265 gloria:
2040 4210 2147 4248 sua:
2175 4195 2229 4247 in
2257 4194 2516 4264 apostolos
2546 4191 2738 4246 Christi
2764 4204 2840 4247 est
2867 4195 3110 4265 dignatus
3138 4198 3431 4269 infundere,
3467 4210 3574 4260 etc.

314 4298 387 4352 Et
416 4311 575 4351 serm.
602 4293 689 4354 55,
722 4292 782 4345 de
810 4290 1117 4344 Pentecoste
1146 4288 1197 4354 6,
1230 4303 1349 4358 pag.
1384 4287 1489 4341 5'55
1514 4305 1525 4341 :
1569 4287 1798 4357 Spiritus
1824 4297 2031 4340 sanctus
2053 4294 2129 4339 est
2154 4285 2403 4338 indiuisus
2432 4300 2465 4336 a
2493 4283 2671 4348 Patre,
2703 4293 2751 4336 et
2780 4284 3105 4353 inseparatus
3134 4304 3167 4341 a
3209 4287 3373 4353 Filio,
3398 4292 3578 4361 quibus

310 4390 510 4459 utique,
557 4388 687 4440 sicut
714 4400 877 4438 sacra:
904 4383 1141 4437 lectionis
1169 4382 1338 4451 ﬁdelis
1381 4396 1549 4435 sermo
1579 4396 1673 4433 nos
1715 4379 1921 4443 edocet,
1952 4396 2055 4432 non
2101 4385 2177 4431 est
2222 4378 2277 4430 in
2318 4376 2501 4429 virtute
2545 4375 2825 4441 distantia,
2856 4384 2963 4430 etc.
3012 4376 3147 4430 Item
3186 4379 3249 4431 de
3289 4384 3458 4452 seipse
3504 4385 3578 4436 ait

313 4480 605 4536 Salvator:
638 4475 747 4544 Ego
777 4490 893 4530 sum
924 4474 1027 4537 via,
1062 4473 1280 4536 veritas,
1310 4480 1364 4525 et
1388 4472 1518 4526 vita.
1562 4470 1676 4542 Ego
1716 4488 1862 4533 sum,
1894 4471 2090 4542 inquit,
2138 4471 2344 4522 veritas.
2375 4465 2438 4521 Si
2464 4464 2585 4539 ergo
2614 4466 2813 4534 Filius,
2858 4469 2943 4540 qui
2970 4470 3156 4522 veritas
3182 4477 3289 4536 est,
3324 4471 3577 4544 Spiritum

311 4568 505 4622 asserit
531 4582 644 4620 esse
672 4566 921 4627 veritatis,
953 4564 1067 4632 quis
1090 4562 1238 4615 illum
1266 4576 1457 4631 negare
1481 4562 1670 4628 poterit
1709 4560 1904 4625 Deum,
1945 4562 2047 4613 nisi
2088 4561 2174 4629 qui
2200 4560 2401 4613 veritati
2441 4559 2504 4612 de
2530 4560 2742 4612 veritate
2769 4576 2872 4614 non
2902 4559 3100 4614 credit?
3130 4558 3311 4631 Itaque
3350 4560 3577 4632 Spiritus

310 4676 466 4713 verus
494 4667 570 4713 est
602 4656 754 4719 Deus,
790 4671 938 4727 quem
962 4653 1194 4708 Christus
1234 4660 1284 4706 et
1322 4668 1353 4704 a
1394 4651 1555 4705 Patre
1579 4651 1875 4722 procedere,
1917 4662 1966 4705 et
1986 4668 2018 4704 a
2045 4668 2099 4704 se
2128 4651 2431 4704 mittendum
2459 4651 2576 4720 pari
2604 4652 2925 4721 professione
2955 4660 3188 4711 testatur.
3223 4652 3384 4706 Mittit
3407 4663 3577 4709 autem

309 4750 417 4802 Dei
454 4747 621 4801 Filius
657 4746 911 4816 Spiritum
935 4743 1113 4798 Patris
1141 4744 1254 4807 sui;
1284 4744 1471 4807 mittit,
1521 4760 1625 4797 non
1653 4752 1801 4812 quast
1829 4742 2147 4795 obedientem
2173 4752 2447 4812 prwcepto,
2474 4741 2565 4795 sed
2592 4743 2831 4812 mysterio
2857 4742 3271 4796 concordantem.
3305 4742 3376 4796 Et
3397 4744 3462 4799 ob
3484 4744 3578 4802 hoc

308 4844 427 4913 ipse
454 4839 680 4910 Spiritus
709 4837 985 4909 procedens
1014 4853 1045 4888 a
1070 4836 1229 4888 Patre
1251 4836 1479 4905 sequitur
1498 4836 1687 4888 missus
1716 4833 1933 4897 a‘Filio,
1957 4851 2020 4887 ne
2044 4843 2133 4887 aut
2162 4835 2304 4889 aliud
2332 4851 2442 4888 esse
2479 4851 2633 4905 quam
2658 4833 2821 4887 Pater
2840 4842 2942 4898 est,
2987 4843 3075 4886 aut
3111 4835 3390 4907 quidquam
3417 4839 3579 4895 direr-

310 4946 434 4984 sum
462 4929 608 4993 velle,
638 4942 793 4998 quam
832 4926 935 4979 vult
973 4925 1141 4979 Filius
1160 4966 1174 4989 ,
1206 4924 1516 4978 crederetur.
1544 4924 1769 4993 Propter
1805 4925 1969 4996 quod,
1999 4927 2217 4996 fratres,
2251 4927 2362 4980 sine
2388 4928 2713 4981 cunctatione
2740 4927 3006 4991 clarescit,
3047 4944 3208 4981 unam
3234 4947 3346 4987 esse
3382 4931 3578 5000 Patris,

307 5028 369 5071 et
407 5016 555 5081 Filii,
586 5025 634 5069 et
661 5014 891 5085 Spiritus
912 5014 1078 5067 sancti
1102 5012 1437 5067 voluntatem.
1470 5011 1577 5068 Sed
1606 5014 1803 5068 nimius
1829 5029 2023 5079 essem,
2054 5015 2097 5068 si
2126 5016 2302 5069 omnia
2345 5030 2464 5084 qua:
2492 5016 2557 5070 de
2597 5024 2795 5070 sancta:
2836 5014 3110 5074 Trinitatis
3145 5024 3399 5093 mysterio
3433 5040 3579 5081 com-

308 5110 509 5181 plexus
540 5108 753 5175 egregie
780 5106 1041 5161 Maximus
1068 5114 1168 5170 est,
1202 5108 1393 5164 vellem
1422 5107 1745 5162 describere.
1775 5106 1945 5161 Venio
1974 5106 2040 5161 ad
2070 5106 2456 5163 lncarnationis
2480 5109 2808 5178 mysterium.

388 5201 475 5257 ΠΙ.
509 5202 658 5256 llaud
687 5202 861 5257 minus
886 5211 1135 5257 accurate
1165 5199 1428 5256 Maximus
1455 5216 1613 5271 quam
1643 5200 1873 5272 Cyrillus
1901 5200 2311 5264 Alexandrinus,
2338 5215 2496 5270 quam
2539 5199 2647 5253 Leu
2669 5199 2889 5267 Magnus
2908 5242 2923 5268 ,
2950 5217 3108 5272 quam
3150 5206 3239 5260 alii
3280 5209 3371 5276 qui
3401 5208 3577 5263 medio

308 5294 508 5364 quinto
536 5294 735 5349 steculo
764 5302 955 5348 contra
984 5293 1289 5348 Nestorium
1318 5302 1373 5348 et
1420 5292 1713 5363 Eutychem
1760 5291 2142 5346 haeresiarchas
2188 5307 2286 5361 pro
2331 5293 2579 5359 dogmate
2624 5290 2925 5347 orthodoxo
2972 5306 3302 5363 pugnarunt,
3344 5300 3574 5369 scripsit.

307 5381 538 5441 Factam
568 5385 712 5440 enim
740 5385 794 5439 in
820 5400 1048 5455 persona
1078 5385 1245 5440 divini
1272 5385 1453 5452 Verbi,
1481 5400 1576 5440 seu
1605 5384 1724 5438 Filii
1748 5383 1881 5457 [xu]
1910 5384 2162 5439 unionem
2185 5384 2409 5438 duarum
2436 5388 2768 5451 naturarum,
2798 5384 2988 5440 divina:
3016 5388 3216 5443 scilicet
3239 5397 3293 5445 et
3311 5391 3577 5457 humanae,

305 5587 508 5667 sancto
531 5576 766 5667 'Martinﬁo
795 5593 878 5633 an.
907 5566 1038 5667 L819,
1067 5582 1267 5667 action.
1296 5580 1350 5649 2,
1382 5597 1500 5667 pag.
1537 5582 1656 5667 τετι,
1688 5581 1934 5667 tom._lll.

1946 5581 2231 5667 Concilior.
2263 5578 2393 5666 edit.
2417 5578 2594 5667 'Paris.
2627 5598 2719 5667 an:
2745 5582 2920 5667 liii:
2955 5594 3019 5667 'o_
3039 5588 3187 5667 Ofe,
3214 5583 3580 5667 inamoena;

305 5660 420 5733 τῷν
442 5652 678 5786 ᾲπὸάεὲἱὲιν
716 5648 1005 5736 dramatico:
1031 5648 1343 5728 μακραίωνα
1365 5648 1713 5727 {asinaria/tau
1737 5656 1876 5725 ἡμῶν
1906 5653 2175 5721 δεσπότην,
2206 5653 2336 5729 πρὸς
2366 5655 2622 5711 aiataiat»
2656 5664 2753 5713 τῶν
2782 5658 2933 5728 ἁγίων
2962 5658 3117 5711 αὐτοῦ
3145 5648 3583 5719 Ἑκκληοίιῶνίέαίι

305 5740 417 5786 της
440 5744 496 5786 ορ
528 5743 553 5779 ο
643 5743 701 5774 ου
730 5742 971 5782 πιστεως.

299 5740 336 5777 τ
350 5740 417 5791 ης
440 5740 701 5796 ορνοοοςου
730 5742 971 5782 πιστεως.

677 5810 949 5872 Ριτιιοι.
1000 5810 1078 5870 ω
1105 5811 1184 5873 ll.
