4138 6186
470 323 540 377 ts
942 338 945 339 ί
1458 388 1463 391 κ
1906 316 2282 373 ΡΒᾸΞΡΑΉΟ.
3657 317 3729 373 st

458 439 536 492 ita
567 445 624 490 ut
653 448 756 490 una
785 437 838 491 in
865 432 1079 490 Christo
1107 447 1336 504 persona
1380 432 1486 498 sit,
1527 438 1732 485 naturae
1766 429 1915 497 dum,
1946 431 2126 495 clare,
2149 430 2432 496 distincte,
2472 441 2664 488 exacte
2686 429 2754 487 ad
2777 447 2931 488 sacra
2958 431 3151 497 Biblia,
3179 431 3248 486 ad
3269 430 3633 493 traditionem,
3655 430 3726 484 ad

465 525 788 600 synodorum
815 525 1094 595 Ephesium
1112 503 1177 581 et
1203 521 1672 589 Chalcedonensis,
1715 530 1772 577 et
1809 521 1878 576 ad
1907 522 2194 592 epistolam
2219 523 2391 579 sancti
2414 503 2617 580 Leonis
2636 523 2703 579 ad
2731 523 3044 581 Flavianum
3071 525 3383 600 episcopum
3409 520 3728 577 Constanti-

466 618 833 689 nopolitauum
859 616 1055 683 docet;
1106 630 1282 684 neque
1312 630 1439 670 vero
1468 629 1599 680 uno,
1630 614 1871 668 alterove
1918 613 1975 667 in
2013 614 2155 680 loco,
2197 614 2292 669 sed
2330 614 2589 684 pluribus.
2650 614 2890 684 Longum
2933 624 3015 672 est
3043 615 3271 687 proinde
3310 614 3489 670 omnia
3513 612 3631 683 ejus
3654 609 3724 666 de

408 770 413 773 λ
465 712 710 780 dogmate
731 710 922 766 eodem
949 708 1091 765 dicta
1119 707 1388 778 persequi.
1420 705 1694 777 Perpauca
1723 705 2045 771 describam,
2077 721 2108 761 e
2134 706 2348 775 quibus,
2377 706 2506 775 quid
2533 706 2737 775 reliqua
2764 708 2961 773 terant,
2986 704 3281 776 diiudicare
3308 706 3534 777 quisque
3564 710 3724 771 atque

465 809 701 857 statuere
730 807 844 854 tuto
873 798 1061 869 possit.
1101 796 1300 852 Homil.
1336 795 1387 863 6,
1415 811 1535 866 qum
1574 805 1657 851 est
1686 795 1709 848 1
1761 795 1822 849 de
1864 793 2153 850 Natiritate
2179 795 2418 861 Domini,
2461 810 2582 865 pag.
2616 795 2682 850 19
2706 815 2718 850 :
2759 796 2960 863 Hodie,
2990 798 3199 866 inquit,
3228 813 3293 851 ea:
3317 796 3510 869 virgine
3537 792 3724 847 nullius

463 894 556 948 viri
581 907 746 963 gnara
778 888 1067 948 commercii
1093 887 1245 942 homo
1272 887 1554 956 processit,
1586 886 1834 959 quiDeus
1861 884 2015 940 simul
2037 894 2143 952 est,
2174 894 2223 940 et
2255 887 2424 942 homo.
2466 886 2641 961 Hodie
2663 904 2797 942 unus
2824 886 3054 959 idemque
3081 888 3281 943 carnali
3311 888 3425 945 sine
3459 885 3569 941 ulla
3597 901 3725 941 con-

465 985 692 1054 ceptione
735 988 889 1035 natus
927 988 1003 1033 est
1039 976 1178 1033 Deus
1202 1017 1216 1042 ,
1255 985 1305 1031 et
1342 979 1453 1031 sine
1478 977 1584 1031 ullo
1629 984 1908 1053 generante
1934 979 2101 1048 [actus
2129 985 2204 1032 est
2228 977 2398 1033 homo.
2452 977 2610 1034 Illum
2631 977 2694 1033 ab
2720 989 2912 1035 (eterna
2939 981 3112 1050 genuit
3139 978 3277 1032 Deus
3293 996 3312 1043 ;
3339 988 3388 1031 et
3415 979 3468 1032 in
3498 987 3723 1048 tempore

469 1077 561 1129 Dei
589 1073 951 1144 omnipotentis
996 1078 1241 1140 operante
1281 1070 1462 1123 virtute
1507 1077 1651 1122 casta
1686 1069 1828 1139 virgo
1877 1068 2121 1138 suscepit.
2182 1066 2354 1123 Natus
2378 1078 2457 1124 est
2495 1068 2559 1122 ab
2587 1079 2777 1125 aeterno
2804 1072 2916 1124 sine
2941 1071 3047 1125 ullo
3077 1071 3386 1125 conditionis
3424 1070 3721 1140 principio,-

452 1174 604 1219 :orttts
644 1171 721 1216 est
760 1164 815 1216 in
845 1170 1067 1232 tempore
1105 1176 1170 1214 ea:
1214 1158 1547 1215 immaculata
1573 1160 1786 1229 virgine.
1852 1156 1918 1215 In
1963 1159 2130 1227 prima
2170 1161 2440 1217 natioitate
2474 1170 2629 1216 natus
2672 1170 2752 1217 est
2795 1160 2955 1228 Deus,
2995 1163 3051 1216 in
3077 1162 3302 1216 secunda
3326 1171 3621 1232 procreatus
3650 1175 3725 1217 est

450 1259 633 1310 homo.
690 1253 807 1308 Huc
850 1253 1120 1322 pertinent
1158 1266 1278 1320 qua:
1321 1250 1463 1305 idem
1502 1250 1813 1318 complexus
1859 1258 1942 1303 est
1988 1248 2254 1305 Maximus
2301 1250 2486 1305 homil.
2536 1250 2590 1315 8,
2623 1251 2687 1307 de
2732 1251 3020 1308 Nativitate
3048 1251 3258 1307 Domini
3288 1253 3352 1318 5,
3384 1266 3505 1325 pag.
3541 1252 3637 1316 2t,
3669 1264 3724 1307 et

463 1346 645 1402 homil.
674 1342 727 1408 9,
755 1344 818 1399 de
844 1341 1132 1397 Natiritate
1154 1341 1365 1397 Domini
1385 1338 1437 1406 4,
1463 1353 1581 1410 pag.
1613 1337 1704 1392 21.
1747 1338 1976 1397 Rursum
2014 1338 2200 1393 homil.
2235 1338 2320 1404 16,
2351 1340 2417 1394 de
2446 1339 2733 1397 Nativitate
2753 1341 2964 1401 Domini
3006 1342 3072 1407 5,
3101 1355 3223 1412 pag.
3254 1340 3346 1406 25,
3375 1349 3480 1397 ctc.
3529 1341 3718 1404 Hodie,
3762 1370 3777 1391 κ

448 1438 652 1506 inquit,
682 1434 923 1492 Salvator
947 1433 1137 1489 mundi,
1153 1448 1244 1503 per
1268 1440 1485 1485 matrem
1514 1428 1759 1484 nascendi
1788 1437 1985 1499 tempus
2013 1431 2240 1500 accepit,
2263 1432 2349 1501 qui
2377 1431 2440 1486 de
2467 1430 2629 1487 Patre
2655 1434 2942 1488 nativitatis
2970 1449 3074 1489 non
3103 1432 3254 1487 habet
3282 1442 3499 1509 tempus.
3552 1433 3723 1489 Hodie

463 1543 554 1597 per
599 1527 854 1580 hominem
897 1523 1070 1578 Filius
1114 1520 1212 1576 Dei
1259 1522 1518 1590 ingressus
1561 1526 1637 1572 est
1683 1517 1929 1573 mundum
1953 1557 1968 1581 ,
2014 1518 2161 1588 cujus
2203 1536 2360 1573 manu
2389 1529 2508 1589 ante
2533 1521 2791 1577 hominem
2817 1524 2989 1594 {actus
3017 1530 3091 1577 est
3114 1521 3361 1576 mundus.
3383 1560 3396 1575 .
3421 1560 3434 1575 .
3457 1560 3470 1574 .
3492 1561 3506 1575 .
3528 1560 3543 1575 .
3578 1521 3721 1577 Unus

462 1616 691 1685 idemque
714 1616 827 1671 sine
850 1613 1177 1681 conceptione
1216 1622 1367 1663 natus
1394 1617 1470 1663 est
1498 1606 1638 1663 Deus
1662 1648 1676 1673 ,
1724 1615 1774 1660 et
1798 1608 1911 1663 sine
1956 1616 2191 1661 creatura
2222 1610 2388 1679 {actus
2416 1618 2491 1662 est
2520 1610 2691 1665 homo.
2718 1608 2865 1665 Duas
2893 1611 2947 1665 in
2976 1608 3180 1664 Christo
3207 1610 3562 1681 generationes
3592 1612 3722 1681 legi-

461 1725 575 1763 mus
596 1747 612 1773 ,
653 1708 743 1763 sed
788 1709 843 1761 in
887 1715 1105 1775 utraque
1143 1702 1580 1771 incomprehensat
1606 1700 1906 1756 Divinitatis
1934 1708 2009 1754 est
2038 1701 2214 1755 virtus.
2258 1699 2340 1755 Ibi
2361 1701 2500 1755 enim
2527 1700 2671 1755 illum
2704 1716 2769 1754 ea:
2794 1702 3080 1772 semetipso
3107 1702 3283 1772 genuit
3306 1700 3465 1767 Deus,
3495 1702 3579 1757 hic
3606 1718 3720 1756 eum

460 1798 619 1867 uirgo,
649 1795 758 1851 Deo
788 1803 1049 1862 operante,
1097 1793 1347 1864 concepit.
1413 1789 1495 1845 Ibi
1539 1792 1653 1845 sine
1694 1791 1864 1854 initio,
1896 1792 1978 1844 hic
2007 1792 2119 1844 sine
2141 1790 2394 1861 exemplo.
2437 1790 2591 1856 Quod
2618 1792 2706 1846 hic
2728 1800 2907 1845 natum
2931 1808 3041 1846 esse
3064 1791 3230 1846 Deum
3257 1794 3369 1872 sine
3394 1794 3720 1864 conceptione

458 1886 606 1949 dicit,
655 1901 722 1941 eo
748 1900 878 1941 sane
905 1884 1069 1950 dicit,
1110 1890 1170 1938 ut
1197 1884 1423 1954 genitum
1449 1897 1517 1936 ex
1549 1880 1725 1947 Patre,
1754 1890 1952 1937 natum.
1992 1896 2099 1934 non
2129 1882 2323 1952 factum
2348 1879 2539 1935 Filium
2583 1881 2802 1946 indicet,
2834 1881 3192 1951 excludatque
3220 1883 3478 1952 temporis
3504 1898 3718 1939 succes-

458 1981 670 2036 sionem
696 1976 991 2047 quamlibet
1032 1989 1101 2030 ex
1127 1974 1245 2044 ipso
1287 1974 1416 2029 Deo.
1459 1971 1596 2027 Hinc
1624 1970 1808 2026 homil.
1841 1969 1892 2037 6,
1924 1971 1988 2025 de
2018 1958 2304 2024 Natiritate
2332 1969 2561 2036 Domini,
2595 1985 2716 2041 pag.
2750 1970 2850 2025 l9:
2885 1970 3056 2027 Natus
3083 1980 3160 2027 est
3187 1971 3252 2027 ab
3276 1982 3490 2040 (sterno,
3522 1974 3714 2043 inquit,

442 2086 572 2130 “SINE
597 2084 735 2126 ιιι.ιο
762 2082 1091 2127 CONDITIONIS
1135 2080 1419 2131 PRINCIPIO;
1462 2078 1633 2119 ORTUS
1664 2078 1763 2117 EST
1805 2078 1855 2117 1N
1904 2077 2076 2117 ΤΕΜΡΟ

2085 2079 2149 2117 ne
2179 2078 2247 2115 ex
2288 2078 2624 2117 [MIACULATA
2674 2078 2899 2118 \‘lRClNE.
2946 2061 3013 2117 Et
3040 2063 3226 2118 homil.
3260 2064 3312 2130 9,
3342 2066 3406 2118 de
3433 2063 3719 2121 Nutivitute

444 2162 667 2223 Domini
693 2158 748 2226 4,
770 2157 1028 2230 pag..2l:
1061 2157 1127 2211 In
1155 2158 1260 2228 ﬁne
1279 2164 1565 2228 temporum
1594 2156 1681 2211 ille
1723 2164 1872 2210 natus
1899 2165 1978 2210 est
2025 2155 2173 2211 homo
2203 2156 2289 2229 qui
2316 2165 2437 2210 ante
2464 2157 2637 2210 omnia
2663 2156 2852 2211 swculu
2884 2154 3191 2229 Unigenitus
3218 2159 3448 2225 procedit
3473 2175 3506 2211 a
3539 2157 3712 2213 Putre.

457 2249 859 2321 Natus'quidem
886 2249 1035 2303 homo
1063 2249 1118 2302 in
1144 2255 1387 2318 tempore,
1413 2247 1504 2302 sed
1527 2246 1592 2301 ab
1615 2258 1808 2303 wterno
1836 2246 1995 2301 Deus.
2038 2246 2192 2312 Quod
2221 2257 2401 2302 autem
2432 2247 2705 2316 adjungit:
2737 2249 2849 2317 sine
2871 2256 3079 2303 creante
3104 2252 3272 2320 [actus
3298 2258 3373 2317 est
3402 2250 3573 2316 homo,
3604 2264 3715 2304 non

390 2380 395 2381 κ
454 2343 562 2397 alio
597 2349 807 2411 spectat
850 2355 1012 2408 quam
1038 2347 1097 2393 ut
1122 2339 1403 2406 signiﬁcet,
1433 2355 1540 2393 non
1567 2357 1723 2409 opera
1752 2341 1866 2404 viri,
1894 2354 1990 2395 seu
2016 2355 2123 2394 non
2154 2349 2430 2411 generante
2458 2342 2583 2406 riro,
2616 2341 2810 2396 Filium
2836 2340 2934 2395 Dei
2962 2343 3158 2399 factum
3187 2344 3479 2409 hominem.
3539 2343 3715 2410 Quare

448 2434 598 2503 quod
624 2434 729 2487 hoc
754 2432 874 2488 loco
900 2432 1077 2486 verbis
1106 2432 1271 2493 hisce,
1313 2431 1426 2484 sine
1455 2439 1677 2493 creante,
1711 2430 1997 2498 exprimit;
2031 2431 2190 2496 idem,
2221 2432 2298 2485 uti
2319 2432 2481 2501 paulo
2507 2441 2643 2496 ante,
2662 2431 2909 2497 vidimus,
2940 2432 3088 2487 hisce
3107 2432 3226 2496 aliis
3243 2432 3421 2488 verbis
3450 2433 3715 2503 explicat:

454 2527 566 2581 sine
591 2530 883 2597 generante.
916 2522 1090 2592 Atque
1110 2522 1211 2577 hac
1233 2522 1346 2591 ipsa
1375 2522 1428 2575 in
1453 2521 1672 2575 homilia
1702 2531 1788 2576 τοῦ
1823 2524 1934 2576 sine
1963 2533 2169 2576 creante
2197 2524 2337 2588 loco,
2368 2526 2563 2592 legitur
2590 2525 2645 2579 in
2681 2525 2803 2580 cod.
2837 2525 2969 2588 1267
3013 2525 3300 2592 Vaticano,
3331 2539 3453 2595 pag.
3487 2527 3574 2593 90,
3606 2527 3715 2581 sine

455 2627 749 2687 generante.
807 2615 976 2683 Quid?
1019 2616 1076 2671 Si
1107 2616 1289 2670 homil.
1322 2615 1415 2681 15,
1449 2615 1511 2669 de
1555 2613 1843 2669 Natiritate
1880 2613 2094 2669 Domini
2141 2613 2228 2679 10,
2276 2628 2396 2683 pag.
2444 2613 2531 2681 41,
2560 2616 2619 2670 τὸ
2647 2616 2760 2669 sine
2786 2624 3063 2683 generante
3089 2616 3168 2672 sic
3186 2616 3417 2671 efferat:
3460 2625 3611 2669 natus
3637 2623 3713 2669 est

455 2710 607 2764 homo
632 2725 738 2764 non
764 2724 854 2779 per
878 2707 1136 2762 hominem
1162 2716 1480 2778 procreatus.
1511 2704 1744 2776 Moxque
1774 2704 1939 2761 addat
1963 2723 1975 2757 :
2010 2703 2115 2759 Sed
2141 2704 2369 2775 quamvis
2391 2721 2572 2763 norum
2601 2705 2850 2772 videatur,
2890 2722 2993 2760 non
3016 2714 3185 2760 tamen
3210 2705 3549 2770 incredulum,
3579 2706 3712 2776 quod

452 2798 689 2854 Christus
733 2801 790 2853 in
833 2808 981 2853 utero
1011 2796 1199 2853 Mariae
1236 2813 1351 2853 stne
1393 2812 1709 2854 semensum
1755 2804 2027 2865 conceptus
2058 2804 2168 2859 est;
2220 2796 2306 2865 qui
2334 2793 2397 2848 de
2440 2793 2550 2848 Deo
2582 2792 2745 2851 Patre
2770 2796 2884 2851 sine
2911 2795 3063 2868 [xui]
3084 2796 3417 2865 conceptione
3432 2795 3710 2865 processit!

444 2888 569 2946 lant
595 2904 725 2945 vero
746 2891 801 2944 τὶ
826 2890 941 2942 sine
968 2896 1173 2942 creante
1210 2903 1241 2941 a
1270 2887 1502 2944 Maximo
1542 2887 1762 2944 homilia
1814 2886 1879 2941 16
1908 2897 2219 2956 usurpatum
2254 2885 2444 2941 eodem
2472 2885 2734 2953 recidere,
2764 2901 2832 2943 ac
2856 2891 2912 2942 τὸ
2940 2888 3054 2942 sine
3076 2897 3401 2956 procreante,
3432 2902 3497 2943 ac
3524 2890 3576 2942 τὸ
3604 2888 3712 2942 sine

451 2992 746 3057 generante,
776 2984 943 3052 liiuet
967 2983 1132 3039 etiam
1157 2998 1224 3039 ex
1252 2984 1471 3038 homilia
1498 2978 1588 3048 25,
1616 2994 1735 3052 qua:
1757 2990 1840 3039 est
1866 2982 1930 3036 l0
1956 2981 2021 3036 de
2057 2980 2378 3053 Epiphania,
2410 2993 2531 3051 pag.
2564 2979 2654 3046 67,
2684 2980 2777 3036 ubi
2802 2980 2871 3036 de
2897 2978 3113 3059 Christo
3139 2981 3366 3051 loquens
3408 3001 3421 3035 :
3459 2982 3618 3038 Vadit
3643 2980 3712 3035 ad

454 3075 677 3145 nuptias,
725 3074 916 3143 inquit,
955 3091 1102 3146 quem
1138 3074 1332 3145 παρείας
1372 3090 1474 3129 non
1518 3088 1816 3129 causam.
1858 3072 2175 3142 Quanquam
2220 3079 2399 3127 autem
2437 3080 2626 3127 natura
2670 3070 2868 3128 Christi
2906 3073 3141 3141 humana
3184 3082 3358 3128 creata
3400 3089 3429 3129 a
3477 3075 3591 3129 Deo
3634 3081 3712 3127 est

456 3165 650 3235 (sancti
679 3164 893 3219 Maximi
918 3165 1104 3219 homil.
1139 3164 1188 3231 7,
1219 3164 1486 3236 pag..22),
1513 3165 1650 3220 adeo
1677 3172 1739 3220 ut
1763 3165 1870 3220 dici
1900 3173 2132 3234 nequeat
2171 3173 2291 3220 e‘am
2319 3165 2433 3219 sine
2456 3171 2665 3222 creante
2709 3163 2817 3219 Deo
2844 3162 3040 3221 factum
3070 3167 3275 3236 (confer
3298 3179 3541 3223 sanctum
3572 3167 3712 3224 Tho-

432 3272 596 3312 mam
627 3258 784 3313 tertia
829 3264 984 3327 parte
1031 3256 1260 3312 Summa:
1306 3257 1622 3329 theologicae,
1668 3265 1857 3328 quaest.
1906 3255 1989 3323 l6,
2023 3259 2125 3310 art.
2157 3254 2268 3327 10),
2311 3254 2415 3315 dici
2441 3261 2619 3311 tamen
2648 3262 2796 3311 recte
2823 3267 2930 3313 non
2954 3263 3136 3326 potest
3162 3266 3408 3312 creatura
3434 3254 3705 3319 Christus,

432 3349 578 3417 quin
628 3363 734 3402 una
773 3347 1016 3403 dicatur:
1062 3346 1342 3401 secundum
1385 3347 1666 3402 humanam
1708 3355 1971 3400 naturam.
2035 3345 2251 3414 Alioqui
2296 3344 2557 3414 suspicari
2602 3344 2724 3413 quis
2769 3352 2988 3415 posset,
3035 3360 3308 3416 personam
3346 3342 3544 3397 Christi
3587 3357 3708 3398 esse

449 3423 697 3504 creatam,
729 3438 872 3509 quod
912 3448 993 3495 est
1039 3439 1314 3495 Arianum.
1372 3438 1663 3496 Catholica!
1703 3455 1830 3495 vero
1876 3436 1999 3494 ﬁdei
2044 3437 2237 3507 dogma
2264 3445 2378 3504 est,
2422 3453 2709 3508 personam
2735 3439 2931 3495 Christi
2965 3440 3191 3494 divinam
3215 3452 3354 3503 esse,
3383 3447 3545 3508 atque
3572 3435 3705 3491 adeo

455 3534 765 3589 increatam.
806 3534 1014 3590 Videsis
1040 3542 1282 3591 sanctum
1312 3533 1576 3590 Thomam
1602 3534 1729 3591 ibid.
1751 3542 1855 3607 art.
1883 3533 1934 3587 8.
1977 3532 2157 3601 Pergit
2179 3531 2441 3586 Maximus
2469 3533 2537 3586 de
2560 3532 2946 3588 lncarnationis
2976 3532 3228 3603 mysterio
3257 3531 3491 3587 scribere
3510 3530 3697 3585 homil.

452 3623 538 3689 15,
561 3639 681 3693 qua:
719 3634 803 3681 est
838 3627 904 3682 de
941 3625 1232 3683 Nativitate
1272 3611 1428 3682 Dom.
1473 3625 1528 3693 8,
1557 3640 1678 3697 pag.
1713 3624 1800 3680 55.
1841 3623 2095 3689 Christus,
2136 3624 2327 3692 inquit,
2360 3625 2415 3677 in
2438 3639 2537 3693 quo
2565 3621 2869 3676 Divinitatis
2896 3630 2972 3675 est
2998 3622 3281 3690 plenitudo,
3313 3622 3490 3683 carnis
3517 3628 3708 3675 nostra

443 3714 659 3785 infirma
698 3718 980 3785 suscipiens
1006 3755 1021 3779 ,
1074 3719 1230 3771 novus
1274 3724 1429 3770 natus
1475 3725 1551 3770 est
1600 3715 1779 3770 homo.
1799 3755 1813 3768 .
1834 3754 1847 3767 .
1869 3753 1884 3767 .
1917 3711 2096 3785 Neque
2113 3714 2250 3767 enim
2277 3720 2331 3765 ut
2357 3711 2654 3782 temporalis
2682 3710 2908 3780 quidam,
2937 3719 3027 3763 aut
3053 3711 3139 3779 qui
3159 3719 3281 3763 ante
3309 3726 3412 3764 non
3443 3710 3616 3779 fuerit,
3646 3710 3708 3765 de

448 3804 640 3874 femina
662 3804 812 3859 nobis
843 3805 1133 3875 repentinus
1162 3806 1397 3866 emersit;
1426 3803 1520 3856 sed
1540 3806 1627 3868 qui
1654 3819 1853 3870 semper
1878 3813 1993 3855 erat
2018 3819 2133 3854 cum
2161 3801 2322 3853 Patre
2346 3800 2503 3863 Deus,
2536 3814 2827 3869 semperque
2854 3798 3138 3868 regnabat,
3186 3814 3314 3853 nouo
3342 3814 3434 3868 per
3461 3800 3706 3869 virginem

447 3894 605 3947 soluit
632 3893 932 3948 mortalibus
962 3909 1214 3964 apparere
1240 3892 1482 3961 mysterio
1508 3908 1526 3945 :
1554 3907 1711 3946 novus
1733 3891 1934 3962 quidem
1962 3892 2134 3954 homo,
2163 3892 2253 3945 sed
2280 3890 2537 3944 Dominus
2560 3891 2919 3960 sempiternus.
2961 3889 3164 3946 Horum
3204 3899 3331 3947 sunt
3367 3892 3561 3949 similia
3588 3909 3705 3964 qum

447 3979 652 4047 profert
676 3980 842 4035 homil
893 3979 980 4039 44.
1006 3995 1127 4050 pag.
1158 3979 1226 4034 39
1244 3994 1359 4048 seq.
1378 3996 1393 4045 ;
1412 3978 1599 4033 homil.
1627 3977 1713 4045 20,
1746 3992 1869 4048 pag.
1895 3976 1999 4045 55;
2034 3978 2219 4034 homil.
2244 3977 2333 4043 25,
2365 3992 2485 4048 pag.
2520 3979 2588 4033 75
2613 3994 2788 4048 seqq.,
2819 3994 2929 4047 quo
2953 3982 3106 4035 loco:
3139 3979 3293 4037 Nova
3315 3983 3485 4050 stella,
3511 3976 3701 4053 inquit,

424 4086 630 4124 .novum
668 4071 970 4125 adventasse
1008 4072 1265 4124 hominen:
1315 4070 1604 4136 reuelabat,
1648 4079 1699 4123 et
1735 4070 1811 4123 ita
1856 4084 2030 4123 revera
2076 4085 2278 4135 norum,
2319 4079 2392 4135 ut,
2443 4086 2557 4124 cum
2594 4080 2723 4125 esset
2749 4069 2847 4124 Dei
2877 4068 2922 4123 F
2926 4070 3064 4135 ilius,
3097 4070 3331 4127 indueret
3357 4090 3566 4127 carnem
3592 4075 3702 4128 sine

422 4164 772 4235 .generatione
814 4163 1034 4226 carnali,
1065 4174 1114 4216 et
1142 4163 1367 4226 haberet,
1410 4163 1687 4217 secundum
1733 4163 2009 4228 hominem,
2042 4172 2241 4233 tempus
2282 4163 2547 4227 nascendi,
2580 4164 2665 4236 qui
2705 4162 2981 4218 secundum
3005 4162 3170 4219 Deum
3193 4165 3474 4220 nativitatis
3500 4167 3700 4221 initium

444 4268 548 4304 non
575 4245 818 4304 habebat.
835 4290 850 4304 .
872 4290 886 4304 .
908 4292 922 4305 .
964 4249 1116 4315 Quod
1141 4252 1276 4306 enim
1304 4251 1443 4306 Deus
1462 4262 1558 4316 est,
1584 4261 1785 4307 creator
1809 4262 1887 4307 est
1910 4253 2088 4307 mundi
2104 4271 2123 4319 ;
2152 4254 2288 4325 quod
2308 4254 2460 4308 homo
2488 4261 2583 4315 est,
2617 4253 2906 4321 redemptor
2925 4262 3001 4307 est
3028 4254 3226 4311 mundi.
3287 4251 3553 4318 Quomodo
3580 4272 3699 4327 ergo

438 4354 543 4405 non
566 4338 831 4409 privilegio
860 4354 1152 4401 UTRIUSQUE
1181 4355 1518 4395 sensuum;
1549 4339 1802 4396 Dominus
1831 4351 1906 4396 est
1937 4344 2163 4397 omnium
2187 4341 2442 4408 Christus,
2471 4344 2558 4415 qui
2576 4344 2674 4398 sibi
2701 4343 2940 4399 universa
2969 4353 3055 4397 aut
3076 4346 3352 4409 creatione,
3381 4356 3468 4398 au'
3497 4347 3688 4400 redem-

441 4430 613 4496 ptione
649 4428 880 4500 subegit?
925 4429 1120 4484 llomil.
1168 4429 1256 4493 26,
1305 4445 1428 4500 pag.
1474 4428 1559 4496 75,
1585 4439 1639 4485 et
1665 4431 1849 4487 homil.
1882 4425 1969 4497 27,
2003 4447 2123 4502 pag.
2160 4431 2245 4499 79,
2278 4432 2369 4488 ubi
2396 4434 2472 4489 sic
2499 4434 2773 4504 loquitur;
2805 4432 3040 4489 Christus
3065 4434 3220 4490 Iesus
3248 4453 3279 4489 a
3304 4435 3466 4497 Patre
3493 4439 3696 4491 veniens

443 4517 601 4582 Deus,
624 4528 674 4573 et
699 4518 849 4572 homo
871 4527 1023 4572 natus
1044 4535 1077 4572 a
1105 4520 1299 4589 femina
1327 4518 1419 4573 sub
1448 4522 1616 4591 specie
1637 4522 1970 4576 adorantium
1991 4522 2347 4578 Chaldazorum
2372 4524 2529 4594 ﬁdem
2556 4526 2784 4596 gentium
2808 4524 3066 4581 dedicavit
3083 4564 3098 4588 ,
3128 4528 3214 4597 qui
3239 4529 3470 4597 quanta-is
3498 4525 3694 4583 Divini-

439 4618 595 4662 tatem
639 4625 784 4663 suam
819 4610 982 4664 nostri
1025 4610 1257 4680 corporis
1300 4611 1690 4666 obumbratione
1733 4612 1941 4678 velaret,
1991 4614 2157 4669 Deum
2198 4624 2368 4670 tamen
2413 4615 2698 4670 esse~illum
2743 4615 2922 4670 castum
2950 4617 3178 4686 prodidit
3209 4628 3257 4671 et
3281 4628 3415 4672 terra
3439 4620 3691 4689 cognovit.

342 4748 349 4763 ,
441 4699 667 4754 Humilis
701 4701 923 4772 quidem,
953 4701 1043 4755 sed
1070 4700 1324 4757 mirabilis
1350 4703 1506 4768 venit,
1550 4711 1606 4756 ut
1634 4705 1829 4774 pariter
1854 4705 1910 4758 in
1940 4721 1999 4760 eo
2027 4715 2076 4759 et
2104 4715 2381 4775 assumpta:
2409 4708 2585 4761 carnis
2607 4707 2821 4770 veritas,
2865 4715 2914 4760 et
2940 4707 3220 4777 ineﬂ‘abilis
3249 4707 3472 4763 Deitatis
3510 4720 3694 4764 natura

439 4790 672 4859 fulgeret.
714 4791 821 4846 llis‘
830 4800 1130 4847 consonant
1147 4806 1268 4861 quae
1295 4792 1454 4848 docet
1479 4792 1664 4848 homil.
1696 4792 1784 4858 29,
1816 4808 1934 4863 quae
1958 4802 2040 4849 est
2082 4794 2146 4848 de
2177 4794 2441 4866 Buptismo
2488 4792 2680 4848 Christi
2706 4793 2873 4862 prima
2900 4832 2915 4859 ,
2948 4807 3068 4862 pag.
3100 4794 3167 4848 87
3196 4811 3345 4865 seq.;
3388 4796 3571 4849 homil.
3604 4793 3690 4861 50,

439 4893 558 4946 pag.
584 4879 681 4944 92;
709 4882 892 4937 homil.
926 4880 1015 4949 55,
1046 4892 1168 4952 pag.
1200 4880 1285 4946 99,
1317 4882 1372 4937 in
1392 4898 1498 4952 qua
1529 4881 1914 4953 Redemptionis
1935 4924 1951 4950 ,
1983 4886 2175 4955 inquit,
2205 4894 2397 4940 nostra:
2421 4894 2603 4939 auctor
2630 4894 2872 4948 aeternus,
2901 4870 3223 4956 omnipotens
3255 4885 3524 4950 Dominus,
3559 4884 3691 4940 Uni-

436 4979 636 5041 gemtus
680 4969 780 5023 Dei
803 4974 898 5027 vivi
926 4971 1288 5044 inseparabilis
1317 4991 1517 5045 semper
1549 4991 1857 5044 permanens
1884 4976 2022 5043 apud
2063 4975 2294 5041 Patrem,
2325 4977 2399 5029 ita
2424 4992 2518 5046 pro
2546 4973 2692 5028 nobis
2721 4989 3038 5033 rearecruu
3062 4976 3319 5043 suscipere
3346 4973 3588 5043 dignatus
3617 4988 3692 5029 est

437 5058 722 5123 hominem;
752 5060 826 5112 ita
845 5062 979 5115 auod
1005 5061 1144 5117 Deus
1172 5072 1285 5119 erat
1308 5064 1591 5119 exinanivit
1617 5065 1671 5118 in
1701 5066 1992 5135 semetipso,
2016 5075 2070 5120 ut
2095 5083 2186 5136 per
2209 5067 2434 5123 omnium
2460 5066 2703 5135 legalium
2722 5066 3043 5119 sanctionum
3070 5071 3396 5137 sacramenta
3429 5066 3689 5121 transiret.

439 5143 590 5200 Nam
607 5153 664 5199 ut
688 5147 908 5214 primum
935 5146 1096 5203 beata:
1120 5153 1301 5205 matris
1328 5159 1508 5206 sancto
1529 5153 1774 5223 processit
1803 5152 1866 5206 ab
1897 5162 2060 5219 utero,
2086 5154 2492 5208 circumcisionis
2518 5152 2787 5223 signaculo
2811 5153 3101 5217 dedicatur,
3131 5152 3235 5205 sive
3260 5160 3316 5203 ut
3334 5167 3692 5212 INDUBITATAI

433 5251 619 5305 causis
644 5251 757 5292 sua:
794 5251 1138 5294 osraansanr
1177 5257 1501 5306 VERI’I‘ATEI,
1528 5244 1651 5296 ‘sive
1692 5258 1757 5296 ne
1783 5258 1897 5297 eum
1925 5231 2524 5314 alienigenam’alunma
2551 5244 2954 5298 circumcisionis
2976 5241 3115 5313 plebs
3141 5240 3366 5297 Iudaica
3387 5244 3689 5302 declinaret.

435 5322 608 5398 [mn]
636 5324 793 5380 Paria
814 5325 974 5380 habet
1001 5327 1185 5381 homil.
1219 5328 1305 5393 42,
1338 5346 1458 5401 pag.
1488 5329 1621 5399 l23‘;
1650 5330 1836 5396 homil,
1881 5331 1969 5396 45,
2000 5348 2121 5402 pag.
2149 5332 2278 5397 129;
2328 5332 2513 5386 homil.
2561 5330 2646 5395 56,
2697 5347 2817 5402 pag.
2846 5333 2968 5394 177,
2998 5332 3087 5386 ubi
3116 5340 3466 5404 posteaquam
3495 5336 3563 5392 de
3590 5338 3689 5394 hu-

436 5421 696 5471 manitate
740 5414 939 5470 Christi
982 5431 1047 5471 ac
1089 5416 1155 5472 de
1195 5416 1409 5475 Christo
1437 5437 1468 5475 e
1515 5422 1744 5476 mortuis
1789 5431 2100 5489 resurgente
2146 5423 2299 5485 dixit,
2330 5422 2507 5491 deque
2534 5421 2651 5490 ejus
2672 5422 2850 5476 verbis
2888 5419 2955 5474 ad
2999 5420 3222 5477 Mariam
3272 5423 3687 5495 Magdalenam:

433 5503 680 5577 Nondum
704 5523 839 5560 erunt
867 5507 1077 5561 ascendi
1097 5507 1165 5562 ad
1187 5506 1415 5573 Patrem,
1461 5517 1592 5573 tum,
1628 5509 1920 5574 Videamus,
1955 5510 2119 5580 int‘luit
2202 5510 2450 5580 quomodo
2489 5510 2558 5562 ad
2600 5507 2808 5563 Patrem
2851 5508 3079 5564 nondum
3119 5513 3411 5567 ascenderit
3437 5513 3685 5579 Christus,

430 5611 545 5650 cum
564 5595 674 5664 ipse
697 5595 835 5650 dicat
866 5614 877 5649 ε
918 5614 936 5648 ι
973 5595 1109 5662 Quia
1128 5588 1369 5651 Pater'in
1393 5614 1491 5661 me,
1514 5607 1561 5651 et
1588 5610 1680 5668 ego
1709 5601 1762 5652 in
1783 5598 1965 5661 Patre,
2000 5617 2017 5651 ι
2051 5615 2083 5652 a
2111 5614 2208 5668 quo
2228 5615 2318 5666 per
2332 5613 2680 5654 tumscnnrsn
2696 5614 3013 5656 mvmrnts
3037 5616 3398 5657 sunsrmmu
3429 5619 3685 5672 nunquam

429 5692 506 5739 est
532 5695 831 5751 separatus;
857 5685 973 5738 dum
1002 5687 1136 5740 enim
1166 5702 1296 5739 unus
1318 5686 1368 5737 in
1409 5702 1509 5739 uno
1540 5698 1728 5751 manet,
1766 5704 1964 5754 semper
1984 5686 2195 5743 Patrem
2228 5685 2520 5757 Filiumque
2540 5690 2694 5743 simul
2731 5705 2841 5744 esse
2879 5692 3140 5761 signiﬁcat
3154 5710 3175 5758 ;
3202 5707 3293 5745 aut
3312 5694 3539 5763 nunquid
3565 5694 3694 5748 illud
