4138 6186
342 360 417 414 L5
1789 357 1872 410 PR
1884 359 1943 411 :F.
1951 359 1976 411 ι

1973 358 2166 411 ιἈτῐο.
2390 364 2393 367 ’
3541 350 3607 399 υἱ

345 469 632 521 ascendere
659 481 713 520 se
733 464 856 518 dicit
882 463 1071 530 Filius,
1100 464 1181 519 ubi
1211 473 1330 519 ante
1345 465 1563 529 habitat,
1586 482 1736 536 quam
1758 465 2042 519 ascendat?
2066 464 2214 517 Dixit
2240 466 2375 517 enim
2405 464 2539 516 idem
2569 462 2821 516 Dominus
2843 480 2858 515 :
2892 460 3057 515 Nemo
3085 460 3311 515 ascendit
3338 463 3387 514 in
3409 466 3606 525 cretum,

346 558 453 610 nisi
484 556 572 625 qui
601 553 867 609 descendit
894 554 959 609 de
980 554 1125 618 atrio,
1152 552 1321 609 Filius
1344 555 1584 617 hominis,
1611 554 1771 625 quiin
1793 555 1916 608 caelo
1943 563 2035 608 est.
2070 554 2133 609 Si
2169 570 2289 626 ergo
2318 570 2430 607 cum
2459 554 2721 608 descendit
2748 553 3011 617 Salvator,
3057 554 3111 605 in
3141 556 3264 606 ccvlo
3292 562 3405 616 est;
3453 553 3610 607 multo

346 650 511 701 etiam
547 648 738 718 magis,
763 648 1061 716 priusquam
1090 645 1355 711 ascendat,
1379 647 1435 699 in
1456 646 1581 699 ca-lo
1608 654 1702 698 est.
1737 644 1843 699 Sed
1883 644 1995 698 vide
2040 662 2104 699 ne
2146 648 2279 714 forte
2320 647 2387 698 ad
2426 644 2837 717 obiurgationem
2864 643 3052 698 Maria:
3078 659 3176 697 vos:
3216 643 3315 696 ista
3340 642 3611 713 pertineat,

348 742 434 795 cui
464 740 620 810 paulo
641 748 764 793 ante
781 739 917 793 inter
936 738 1169 808 sepulcra
1196 740 1443 809 querenti
1476 738 1750 793 Dominum
1764 737 1962 791 dicitur
1983 753 2000 789 :
2025 734 2160 799 Quid
2182 737 2374 806 quieris
2406 737 2649 791 viventem
2676 751 2792 789 eum
2823 736 3059 798 mortuis,
3089 742 3193 788 etc.
3214 735 3236 788 ?
3260 733 3376 788 Non
3405 732 3611 787 discre-

350 840 485 900 pant
504 846 623 898 qum
652 829 992 900 persequitur
1019 829 1203 895 homil,
1230 828 1316 894 59,
1347 844 1469 898 pag.
1498 829 1615 893 100,
1648 837 1704 883 et
1732 828 1915 883 homil.
1950 828 2037 893 68,
2070 841 2192 897 pag.
2240 827 2362 894 217,
2396 843 2504 897 quo
2543 828 2597 883 in
2634 828 2754 883 loco
2778 828 2990 882 disserit
3018 828 3120 881 hoc
3156 826 3349 879 modo:
3378 824 3473 890 Tu,
3499 822 3615 878 Do-

350 922 510 987 mine,
524 921 588 973 de
602 934 759 973 carne
777 918 990 989 virginis
1006 920 1174 989 factus
1204 934 1257 971 es
1282 917 1532 982 Christus,
1564 918 1649 988 qui
1674 917 1772 971 Dei
1802 917 1901 970 vici
1928 934 1981 971 es
2011 916 2057 968 F
2061 918 2182 970 ilius
2211 917 2566 985 sempiternus.
2599 916 2694 982 Tu,
2720 915 2961 982 Domine,
2987 916 3051 969 ab
3078 914 3365 969 hominibus
3392 923 3543 967 natus
3564 928 3615 966 es

351 1015 529 1075 homo,
560 1014 648 1081 qui
672 1010 995 1083 incogitabili
1016 1011 1285 1080 majestate
1314 1010 1453 1064 Deus
1482 1027 1534 1064 es
1557 1010 1695 1079 apud
1727 1010 1908 1075 Deum,
1933 1019 2037 1065 etc.
2070 1009 2445 1065 Consentanea
2473 1018 2598 1065 sunt
2632 1024 2751 1079 qua:
2790 1010 3050 1065 Maximus
3078 1007 3485 1077 comprehcndit
3512 1007 3614 1060 ho-

352 1107 469 1161 mil.
502 1104 594 1171 85,
617 1120 738 1175 pag.
767 1104 903 1171 270;
936 1114 990 1160 et
1017 1121 1265 1161 sermone
1296 1106 1325 1159 7
1354 1106 1420 1159 de
1450 1104 1713 1171 Tempore,
1745 1119 1865 1173 pag.
1892 1104 2029 1169 M5;
2060 1118 2220 1159 serm.
2267 1104 2352 1171 10,
2384 1120 2505 1174 pag.
2538 1105 2669 1169 421;
2712 1120 2873 1159 scrin.
2918 1105 3003 1169 12,
3037 1119 3157 1174 pag.
3205 1103 3339 1168 ἄξῃς
3370 1113 3425 1158 ct
3453 1118 3612 1161 scrin.

354 1196 444 1263 16,
476 1212 601 1266 pag.
627 1196 751 1263 458,
775 1205 882 1252 etc.
910 1196 1028 1251 iam
1055 1213 1123 1252 ex
1150 1197 1213 1252 iis
1244 1204 1351 1252 tam
1379 1197 1607 1267 egregiis
1633 1197 1950 1253 testimoniis
1984 1198 2266 1266 perspicue
2307 1198 2480 1267 palam
2509 1206 2612 1263 est,
2656 1198 2942 1252 Maximum
2991 1198 3043 1252 in
3074 1213 3180 1251 uno
3209 1197 3419 1252 Christo
3464 1196 3611 1250 fateri

352 1297 581 1343 naturas
602 1288 755 1343 duas.
784 1286 940 1355 Quod
960 1270 1174 1357 quidem
1204 1287 1465 1356 majorem
1494 1288 1548 1342 in
1576 1287 1794 1342 modum
1814 1285 2119 1343 conﬁrmari
2155 1296 2332 1357 potest
2358 1289 2548 1345 illustri
2602 1289 2722 1344 loco
2763 1288 2855 1343 illo
2903 1289 2995 1357 qui
3040 1287 3223 1342 homil.
3256 1286 3339 1351 14,
3372 1300 3493 1355 pag.
3522 1284 3612 1347 40,

350 1379 687 1443 continetur,
737 1387 926 1449 estque
954 1377 1259 1447 hujusmodi
1304 1396 1316 1430 :
1359 1376 1544 1447 Stupet
1568 1378 1739 1432 omnis
1776 1385 2009 1432 creatura
2057 1385 2164 1432 tam
2198 1378 2395 1449 grande
2430 1380 2755 1445 miraculum,
2793 1380 2927 1451 quod
2962 1394 3092 1434 unus
3120 1394 3351 1441 Ineuoor.
3379 1386 3429 1431 et
3474 1376 3615 1432 Deus

354 1480 543 1541 regnat
572 1473 625 1525 in
652 1471 795 1534 creto,
818 1478 868 1524 et
894 1471 1045 1525 homo
1066 1471 1292 1523 nutritur
1319 1469 1374 1523 in
1401 1477 1559 1523 terra.
1586 1467 1768 1537 Neque
1792 1484 1923 1527 vero
1970 1468 2073 1524 hoc
2110 1469 2311 1535 solum,
2343 1485 2527 1526 verum
2570 1472 2733 1527 etiam
2782 1472 2847 1527 iis
2888 1486 3006 1540 qua:
3051 1478 3264 1526 exstant
3292 1470 3476 1526 homil.
3524 1468 3609 1534 1⁸1,

361 1577 491 1636 pag.
521 1561 587 1616 50
620 1582 631 1616 :
662 1563 729 1617 Id
756 1580 953 1635 quoque
974 1579 1086 1621 nos.
1118 1564 1324 1633 fratres,
1356 1569 1463 1615 toto
1486 1560 1639 1615 corde
1677 1560 1949 1615 credamus
1990 1578 2001 1614 :
2040 1577 2191 1617 ivscu
2225 1578 2433 1631 nempe,
2476 1564 2569 1615 etsi
2599 1570 2790 1618 nostra:
2826 1570 3113 1621 consortem
3150 1570 3368 1624 naturae,
3392 1568 3619 1630 paterna:

349 1668 533 1711 tamen
560 1656 747 1710 divina:
764 1656 1063 1710 substantia:
1091 1671 1201 1709 esse
1228 1653 1553 1724 cowqualem.
1577 1652 1645 1707 Et
1672 1653 1856 1708 homil.
1891 1652 1975 1717 l9,
1992 1668 2110 1723 pag.
2143 1653 2235 1707 55:
2254 1652 2380 1718 Quis
2408 1657 2672 1725 explicare
2689 1663 2839 1726 queat
2870 1671 2961 1711 cur
2987 1655 3280 1724 unigenitus
3304 1651 3401 1705 Dei
3428 1650 3619 1716 Filius,

359 1750 581 1802 cuicum
608 1747 769 1799 Patre
787 1754 835 1799 et
858 1745 1057 1815 Spiritu
1080 1754 1260 1798 sancto
1285 1760 1387 1798 uas
1427 1759 1603 1811 ATQUE
1649 1759 1826 1798 EADEI
1870 1760 1964 1798 esr
2007 1762 2267 1800 mvn‘tns
2292 1763 2464 1809 ATQUE
2505 1736 2929 1810 cumporcum.“
2972 1760 3159 1807 CUIQUE
3206 1759 3346 1799 usus:
3391 1759 3621 1806 IDEIIQUE

363 1857 539 1895 νειιε
559 1857 626 1896 ιτ
646 1854 798 1893 Posse
828 1854 943 1902 nsr,
976 1852 1218 1892 sessum
1246 1845 1417 1890 tamen
1445 1836 1651 1907 dignari
1674 1836 1799 1890 adeo
1820 1836 2030 1889 voluerit
2058 1852 2328 1901 usuusu,
2358 1844 2433 1902 ut,
2460 1838 2594 1908 quod
2622 1854 2725 1892 non
2754 1836 2991 1904 habebat,
3022 1850 3304 1901 assensus,
3335 1842 3383 1889 et
3406 1849 3542 1898 quon
3570 1850 3620 1888 ut

353 1948 419 1987 SE
451 1948 608 1995 ERAT,
640 1947 743 1984 non
772 1943 1073 1992 DIIIT'I‘ENS,
1105 1942 1318 1982 DIVINAI
1363 1942 1468 1982 εωι
1513 1942 1725 1981 BUIANL
1751 1940 2215 1980 INSEPABABILITEB
2253 1940 2400 1983 ’ΔιὶΕο
2446 1941 2695 1982 ΝΔἹἹΙΒᾹΙ
2736 1940 3172 1991 (ΞΟΙΡΠΤΔΥΕΒΙΤ,
3199 1940 3265 1980 UT
3296 1924 3441 1978 DEUB
3466 1937 3619 1978 SIIUL

354 2037 522 2077 essm
546 2039 615 2078 ετ
641 2036 797 2076 nouo.
826 2018 892 2073 Et
914 2019 1096 2074 bomiL
1125 2016 1212 2085 29,
1250 2030 1371 2087 pag.
1404 2015 1509 2073 83:
1541 2016 1790 2088 Magnum
1811 2018 1905 2071 hoc
1926 2017 2341 2088 tremendumque
2367 2018 2681 2085 mysterium,
2714 2032 2829 2071 cum
2856 2032 2988 2071 unus
3017 2016 3249 2084 idemque
3283 2014 3621 2067 annuntiatur

357 2111 425 2164 de
454 2111 615 2165 Patre
634 2110 795 2176 Deus,
825 2117 875 2163 et
920 2109 1070 2164 homo
1110 2108 1173 2162 de
1204 2116 1401 2173 matre;
1443 2123 1577 2161 unus
1605 2107 1838 2177 idemque
1869 2105 2036 2160 Filius
2058 2108 2281 2177 feminis,
2315 2117 2362 2160 et
2391 2106 2560 2160 Filius
2600 2108 2885 2176 majestatis
2901 2124 2920 2172 ;
2941 2122 3071 2160 unus
3106 2107 3334 2175 idemque
3360 2105 3617 2158 hominum

357 2204 614 2272 particeps
642 2210 693 2256 et
735 2200 982 2255 Dominus
1011 2201 1425 2271 angelorum.....
1458 2196 1559 2252 Ille
1597 2197 1730 2269 fugit
1765 2197 1954 2263 ubera,
1999 2199 2084 2267 qui
2113 2199 2279 2266 pascit
2309 2199 2502 2260 omnia,
2536 2207 2585 2250 et
2609 2197 2695 2267 qui
2727 2199 2977 2251 universis
3026 2194 3375 2250 animantibus
3420 2194 3622 2249 vivendi

353 2294 700 2349 substantiam
730 2301 943 2363 prtestat
962 2309 990 2345 e
1017 2291 1164 2356 ctelo,
1198 2289 1261 2345 ob
1288 2291 1506 2344 salutem
1528 2289 1843 2342 terrestrium
1871 2297 2071 2341 terreno
2100 2288 2231 2341 lacte
2255 2290 2498 2341 nutritur.
2516 2286 2707 2341 Nullus
2728 2306 2849 2358 ergo
2878 2286 3135 2359 ambigat;
3159 2304 3306 2342 nemo
3335 2296 3620 2350 cunctetur,

352 2384 495 2455 quod
523 2382 754 2438 Christus
778 2385 832 2436 in
856 2392 992 2436 terra
1036 2382 1245 2453 degens,
1270 2378 1495 2451 fulgebat
1517 2379 1572 2433 in
1595 2379 1737 2443 caelo,
1769 2379 1890 2448 quia
1918 2378 1993 2431 sic
2016 2379 2149 2431 venit
2170 2378 2239 2430 ad
2267 2386 2449 2443 terras,
2475 2388 2529 2431 ut
2550 2394 2653 2431 non
2670 2379 2975 2449 relinqueret
3005 2376 3171 2451 [κων]
3202 2377 3381 2432 ccelum
3428 2376 3496 2430 Et
3527 2377 3620 2430 bo-

360 2475 477 2529 mil.
508 2474 593 2537 77,
624 2487 747 2543 pag.
771 2470 879 2525 245
908 2472 973 2526 de
1002 2470 1161 2525 Petro
1183 2486 1366 2539 agens,
1395 2471 1695 2525 ostendisse
1724 2470 1894 2539 ipsum
1928 2470 2004 2522 ait
2045 2489 2057 2525 ;
2103 2469 2228 2534 Qua:
2265 2480 2398 2524 esset
2435 2472 2489 2523 in
2530 2486 2630 2526 uno
2670 2486 2947 2533 nonanona
2990 2470 3087 2525 Dei
3126 2470 3173 2523 F
3176 2474 3266 2527 ilio
3291 2480 3338 2525 et
3376 2480 3623 2543 suscepta:

356 2566 537 2618 carnis
566 2565 717 2627 ratio,
738 2571 787 2616 et
825 2562 1081 2615 naturalis
1108 2561 1428 2631 privilegium
1468 2559 1710 2613 Deitatis.
1749 2559 1816 2613 Et
1856 2560 2043 2614 ltomil.
2077 2559 2165 2623 85,
2199 2573 2327 2627 pug.
2380 2559 2484 2613 270
2518 2577 2530 2611 :
2582 2557 2731 2623 Quod
2770 2559 3004 2613 Christus
3025 2571 3099 2615 est
3120 2563 3307 2631 factus,
3330 2563 3417 2632 qui
3456 2561 3624 2616 Filius

354 2662 491 2717 erat,
519 2653 836 2722 dispensatio
860 2660 936 2705 est
963 2650 1324 2719 redemptionis
1367 2649 1606 2703 humana:
1619 2666 1637 2712 ;
1677 2648 1812 2717 quod
1852 2647 2103 2702 Dominus
2139 2656 2245 2711 est,
2279 2647 2344 2700 de
2375 2648 2692 2718 proprietate
2727 2658 2929 2702 natura:
2968 2656 3046 2702 est
3082 2664 3100 2702 :
3138 2651 3319 2703 unicus
3343 2659 3513 2704 autem
3552 2655 3625 2704 vcl

358 2739 670 2817 Unigenitus
699 2745 1053 2806 annuntiatur,
1086 2751 1135 2795 et
1154 2741 1398 2806 creditur,
1430 2742 1550 2812 quia
1569 2756 1701 2794 unus
1732 2742 1804 2793 ita
1833 2748 1909 2793 est
1939 2741 2155 2811 genitus,
2187 2755 2277 2793 nec
2306 2738 2454 2793 habet
2489 2741 2541 2793 in
2572 2740 2839 2794 nativitate
2874 2748 3181 2795 consortem.
3221 2739 3269 2792 F
3274 2741 3417 2795 ilium
3445 2742 3614 2801 audis,

358 2855 466 2892 non
493 2848 548 2889 ut
568 2835 715 2889 illum
743 2850 867 2889 sexu
897 2835 1071 2903 aliquo
1094 2831 1286 2885 editum
1314 2840 1481 2901 putes,
1512 2832 1603 2885 sed
1623 2839 1676 2883 ut
1696 2830 1875 2884 credas
1894 2830 2396 2897 incomprehensibili
2420 2830 2691 2900 majestate
2711 2830 2877 2885 Deum
2902 2832 3156 2903 prodiisse
3196 2832 3257 2885 de
3281 2831 3410 2899 Deo,
3442 2842 3497 2887 ut
3519 2835 3623 2904 ipsa

356 2927 440 2980 ait
467 2942 485 2979 :
507 2924 623 2997 Ego
653 2942 684 2977 a
706 2923 866 2979 Patre
892 2924 1045 2988 exiri,
1074 2931 1123 2975 et
1151 2923 1263 2977 veni
1293 2924 1346 2975 in
1376 2922 1510 2975 hunc
1544 2921 1818 2975 mundum.
1854 2918 1953 2984 Qui
1992 2931 2142 2975 natus
2180 2931 2254 2974 est
2283 2919 2347 2974 de
2380 2920 2579 2992 Spiritu
2610 2932 2789 2977 sancto
2816 2938 2880 2977 ex
2906 2921 3080 2976 Maria
3129 2924 3339 2995 virgine.
3373 2924 3625 2994 Spiritum

359 3026 602 3070 sanctum
629 3017 797 3080 audis,
828 3025 883 3068 ut
904 3025 1109 3085 partum
1130 3015 1275 3068 illum
1304 3013 1589 3068 mirabilem
1619 3014 1770 3067 simul
1794 3023 1842 3065 et
1871 3011 2230 3083 inculpabilem
2263 3030 2667 3084 recognoscas...
2700 3013 2842 3069 Nam
2882 3033 2996 3070 cum
3035 3015 3365 3087 Unigenitum
3392 3017 3489 3071 Dei
3509 3019 3624 3087 ﬁeri

366 3108 628 3159 hominem
657 3105 1020 3174 redemptionis
1043 3114 1233 3157 nostra:
1272 3103 1547 3157 necessitas
1576 3104 1865 3173 ﬂagitaret,
1909 3104 2004 3156 hoc
2033 3106 2316 3157 nativitatis
2348 3121 2456 3160 sua:
2483 3106 2802 3175 privilegium
2832 3108 3058 3177 propria:
3084 3107 3384 3163 Divinitatis
3406 3111 3618 3174 invexit,

370 3206 428 3250 ut
455 3198 521 3249 de
548 3197 746 3267 virgine
780 3204 1142 3250 nasceretur...
1180 3194 1483 3263 Unigenitus
1522 3196 1681 3264 igitur
1710 3194 1805 3248 Dei
1828 3196 1995 3265 factus
2033 3204 2107 3249 est
2143 3194 2187 3247 F
2192 3196 2309 3251 ilius
2344 3196 2587 3260 hominis,
2616 3205 2671 3249 ut
2708 3197 2795 3267 qui
2814 3206 3014 3251 creator
3042 3199 3221 3252 mundi
3259 3208 3390 3265 erat,
3413 3200 3558 3269 ﬁeret
3579 3211 3625 3253 et

362 3288 682 3356 redemptor.
714 3286 782 3341 Et
810 3302 970 3342 serm.
1006 3285 1057 3351 8,
1090 3300 1209 3355 pag.
1240 3284 1344 3338 415
1376 3303 1388 3338 :
1422 3284 1510 3338 Ita
1546 3286 1797 3355 disposuit
1838 3285 2158 3361 Dominus...
2190 3296 2312 3341 ut...
2353 3288 2479 3341 certi
2517 3298 2685 3342 essent
2714 3289 2968 3354 homines,
2999 3290 3120 3359 quia
3152 3291 3262 3361 ipse
3289 3303 3422 3347 esset
3459 3292 3507 3345 F
3511 3294 3628 3350 ilius

366 3380 487 3443 Dei,
514 3396 662 3450 quem
684 3381 826 3451 virgo
851 3388 1137 3448 pepererat,
1164 3376 1425 3432 Divinitas
1462 3376 1790 3451 agnoscebat,
1826 3385 1930 3432 etc.
1975 3375 2080 3431 Sed
2108 3376 2541 3433 adduceudorum
2590 3378 2804 3437 Maximi
2844 3380 3082 3435 locorum
3129 3390 3211 3436 05‘
3257 3383 3471 3439 tandem
3502 3385 3628 3441 mihi

362 3475 645 3530 faciendus
666 3474 874 3539 modus,
901 3489 1021 3529 cum
1048 3481 1103 3529 et
1142 3473 1404 3527 inﬁnitum
1430 3487 1596 3543 prope
1620 3480 1767 3527 esset
1792 3472 1971 3527 omnia
2002 3473 2269 3541 persequi,
2318 3480 2375 3527 et
2420 3473 2637 3529 minime
2665 3476 3042 3529 necessarium.
3086 3476 3215 3530 Nam
3245 3493 3363 3546 quin
3403 3480 3628 3536 adducta

371 3574 522 3630 sunt,
550 3567 674 3621 satis
702 3581 968 3636 superque
991 3566 1379 3631 demonstrant,
1414 3563 1483 3619 de
1509 3564 1767 3635 mysterio
1789 3563 2175 3618 Incarnationis
2202 3575 2362 3630 agere
2390 3570 2632 3617 sanctum
2663 3563 2993 3632 episcopum,
3036 3572 3094 3619 ut
3122 3567 3230 3632 agit
3257 3566 3366 3621 Leo
3390 3568 3627 3635 Magnus,

370 3662 544 3722 utque
574 3664 791 3722 egerunt
811 3654 996 3709 Patres
1024 3654 1351 3724 synodorum
1380 3652 1667 3723 Ephesium
1690 3661 1745 3708 et
1771 3651 2240 3722 Chalcedonensis.
2268 3651 2368 3718 Qui
2394 3653 2536 3706 enim
2571 3668 2729 3705 unum
2764 3653 3092 3723 eamdemque
3112 3654 3303 3708 Filium
3335 3657 3427 3710 Dei
3454 3666 3630 3713 natum

364 3746 438 3800 ab
462 3757 654 3801 ceterno
691 3764 753 3800 ea:
774 3749 935 3801 Patre
972 3746 1081 3802 Deo
1104 3748 1217 3802 sine
1240 3746 1346 3800 ullo
1376 3746 1685 3801 conditionis
1710 3746 1984 3815 principio,
2010 3754 2178 3798 ortum
2199 3746 2254 3798 in
2285 3753 2508 3814 tempore
2534 3750 2599 3797 ex
2618 3745 2830 3815 virgine,
2861 3745 3075 3811 Scribit,
3108 3754 3269 3817 atque
3289 3764 3413 3804 eum
3439 3750 3631 3807 fatetur

366 3837 423 3890 in
451 3836 620 3905 prima
645 3836 911 3889 nativitate
932 3845 1109 3889 natum
1137 3852 1247 3890 esse
1266 3834 1452 3899 Deum,
1484 3834 1535 3888 in
1555 3834 1786 3889 secunda
1815 3842 2140 3905 procreatum
2160 3834 2449 3898 hominem;
2480 3849 2798 3902 rursumque
2826 3835 2916 3902 qui
2938 3834 3163 3890 allirmat
3193 3838 3245 3892 in
3275 3855 3382 3896 uno
3410 3842 3657 3897 eodem-‘

368 3942 479 3995 que
508 3925 719 3980 Christo
741 3935 794 3980 ct
815 3927 1183 3996 plenitudinem
1206 3943 1316 3981 esse
1344 3925 1667 3991 Divinitatis,
1698 3934 1753 3979 et
1775 3924 2004 3979 hominis
2032 3933 2294 3986 naturam,
2326 3923 2705 3992 Christumque
2734 3926 2904 3994 ipsum
2930 3928 3194 3997 privilegio
3222 3933 3482 4003 utriusque
3510 3933 3630 3988 sub-

364 4018 581 4073 stantia:
610 4018 897 4079 Dominum,
920 4033 1038 4072 esse
1067 4018 1325 4082 omnium,
1356 4018 1499 4088 quod
1529 4018 1777 4071 universa
1803 4018 1902 4070 sibi
1928 4017 2198 4083 subegerit
2226 4023 2318 4068 aut
2346 4016 2608 4070 creatione
2629 4024 2720 4069 aut
2746 4017 3112 4086 redemptione,
3146 4022 3501 4091 eumdemque
3542 4027 3629 4093 qui

376 4120 532 4163 natus
561 4109 625 4161 ob
659 4118 853 4162 a'terno
874 4126 939 4162 ea:
978 4108 1084 4163 Deo
1124 4117 1217 4169 est,
1251 4118 1428 4161 notum
1456 4125 1567 4162 esse
1600 4109 1651 4161 in
1685 4116 1914 4176 tempore
1951 4123 2014 4159 ea:
2051 4108 2265 4176 femina,
2300 4122 2361 4161 ac
2388 4106 2803 4175 inseparabiliter
2821 4124 3020 4177 semper
3048 4112 3214 4179 ipsum
3241 4112 3661 4183 omnipotentem

370 4199 675 4260 Dominum,
714 4198 1044 4270 Unigenitum
1078 4197 1172 4252 Dei
1214 4199 1305 4251 vivi
1334 4214 1637 4267 permanere
1682 4198 1821 4266 apud
1862 4197 2103 4261 Patrem,
2146 4213 2178 4249 a
2212 4213 2311 4266 quo
2340 4212 2429 4265 per
2451 4197 2780 4249 indiscretum
2819 4197 3100 4252 divinitatis
3136 4202 3476 4258 substantiam
3503 4221 3634 4259 nun~

366 4310 528 4367 quam
556 4300 633 4345 est
662 4299 958 4361 separatus;
989 4291 1079 4359 qui
1107 4290 1324 4359 quidem
1346 4289 1509 4343 Filius
1537 4291 1823 4360 perfectam
1855 4290 1904 4341 in
1936 4296 2177 4356 tempore
2206 4288 2483 4357 susceperit
2507 4286 2910 4351 humanitatem;
2945 4288 2988 4342 is
3016 4288 3245 4359 denique
3273 4294 3364 4360 qui
3389 4303 3631 4360 testatur,

364 4400 529 4435 unum
560 4381 912 4449 cumdetnque
940 4381 1207 4435 Christum
1247 4396 1313 4435 ex
1342 4381 1543 4449 virgine
1573 4390 1751 4434 natum
1783 4398 1895 4434 esse
1922 4382 2194 4447 hominem,
2227 4383 2313 4452 qui
2354 4380 2671 4451 incogitabili
2694 4381 2964 4450 majestate
2991 4380 3127 4435 Deus
3144 4392 3220 4436 est
3248 4386 3387 4453 apud
3430 4386 3630 4452 Deum;

365 4479 414 4523 et
438 4468 637 4523 Filiam
663 4470 828 4538 ipsum
855 4468 975 4532 Dei,
1005 4469 1086 4520 cui
1107 4485 1221 4522 eum
1249 4468 1411 4522 Patre
1431 4481 1479 4522 et
1501 4470 1700 4538 Spiritu
1730 4481 1911 4523 sancto
1936 4487 2037 4523 una
2067 4479 2217 4541 atque
2236 4471 2417 4524 eadem
2442 4480 2517 4525 est
2547 4470 2807 4525 Divinitas
2824 4512 2839 4537 ,
2877 4471 3112 4543 idemque
3138 4474 3263 4526 velle
3284 4483 3333 4527 et
3360 4492 3527 4544 posse,
3561 4481 3631 4533 ita

371 4571 610 4615 nostram
640 4560 982 4630 assumpsisse
1010 4569 1270 4624 naturam,
1301 4569 1357 4612 ut
1384 4561 1517 4630 quod
1539 4565 1592 4614 in
1613 4578 1668 4615 se
1687 4571 1798 4614 erat
1826 4579 1929 4615 non
1956 4562 2216 4615 dimittens
2239 4562 2465 4616 divinam
2494 4580 2607 4616 cum
2628 4565 2852 4618 humana
2881 4574 3068 4619 natura
3096 4566 3398 4620 mirabiliter
3425 4571 3631 4637 copula-

370 4655 499 4707 verit
520 4650 950 4723 inseparabiliter,
976 4651 1203 4705 utsimul
1236 4649 1370 4705 Deus
1392 4653 1476 4712 sit,
1501 4661 1552 4704 et
1572 4652 1743 4715 homo,
1770 4653 1935 4721 sitque
1974 4650 2021 4703 F
2025 4651 2147 4705 ilius
2189 4654 2412 4723 feminat,
2448 4663 2496 4707 et
2526 4652 2572 4705 F
2577 4652 2695 4708 ilius
2742 4656 3069 4727 majestatis;
3108 4657 3218 4723 qui,
3252 4655 3485 4722 inquam,
3518 4658 3631 4712 hmc

368 4741 681 4809 conﬁtetur,
720 4743 764 4797 is
793 4758 1077 4813 personam
1106 4742 1301 4798 Christi
1333 4759 1491 4798 unam
1532 4744 1807 4801 confessus
1855 4744 2014 4799 fuerit
2042 4760 2262 4800 necesse
2308 4755 2410 4810 est,
2443 4747 2497 4800 in
2526 4762 2629 4815 qua
2660 4748 3073 4819 inseparabiliter
3112 4756 3313 4800 natura:
3342 4748 3632 4804 subsistant

364 4832 665 4889 incoatum:
690 4834 1150 4903 impermixtzeque
1177 4834 1312 4899 duae,
1341 4835 1518 4888 divina
1548 4836 1752 4890 scilicet
1778 4844 1833 4891 et
1862 4837 2116 4891 humana.
2147 4836 2281 4895 Nam
2328 4838 2373 4891 si
2403 4854 2648 4908 persona:
2693 4836 3021 4906 ﬁngerentur
3044 4838 3160 4891 dum
3183 4878 3198 4903 ,
3248 4854 3354 4892 non
3399 4855 3535 4896 unus
3581 4853 3634 4898 et

364 4926 515 4977 idem
542 4924 708 4977 Filius
734 4931 876 4978 esset
902 4922 1018 4987 Dei,
1040 4932 1096 4978 et
1120 4922 1268 4995 [XLV]
1291 4925 1703 4993 Filiusvirginis,
1732 4926 1827 4981 sed
1856 4936 2035 4982 essent
2063 4926 2155 4981 ﬁlii
2176 4928 2301 4995 duo,
2325 4930 2467 4997 quod
2490 4929 2706 4983 Maximi
2728 4929 2964 4997 dogmati
2993 4937 3267 4997 repugnat.
3292 4928 3428 4997 Quid
3455 4942 3631 4991 autem

367 5014 666 5068 desiderari
694 5029 854 5083 supra
886 5016 1059 5083 potuit
1088 5016 1155 5069 ad
1184 5017 1500 5071 evertendas
1525 5017 1755 5072 hznreses
1785 5018 2013 5073 Nestorii
2058 5029 2111 5073 et
2150 5019 2423 5091 Eutycbis,
2456 5037 2683 5090 quorum
2713 5022 2850 5075 alter
2896 5035 3151 5088 personas
3180 5022 3312 5076 duas
3341 5024 3393 5078 in
3418 5024 3630 5082 Christo

372 5109 755 5175 comtitucbat,
802 5108 940 5164 alter
984 5115 1228 5163 naturam
1267 5118 1391 5177 post
1428 5110 1711 5163 unitionem
1747 5112 1940 5163 unum?
1988 5110 2236 5167 Profecto
2273 5114 2364 5182 qui
2414 5115 2528 5168 hanc
2573 5111 2789 5165 Maximi
2835 5114 2963 5184 ῥητὰ
3003 5127 3125 5167 cum
3166 5113 3407 5170 doctrina
3453 5116 3634 5189 Cyrilli

375 5198 724 5255 Alexandrini
752 5208 804 5255 et
833 5200 1004 5255 sancti
1041 5197 1317 5253 Ctelestini
1344 5196 1638 5254 [adversus
1666 5198 2031 5265 Nestorianos,
2077 5216 2308 5271 cumque
2355 5202 2583 5271 epistola
2611 5200 2779 5253 sancti
2809 5199 3001 5255 Leonis
3030 5201 3205 5271 Magni
3235 5204 3300 5257 ad
3327 5205 3633 5261 Flavianum

368 5300 565 5347 contra
595 5290 888 5362 Eutychem
909 5290 1170 5355 conferet,
1201 5290 1247 5343 is
1273 5297 1421 5343 certe
1447 5289 1757 5359 comperiet,
1787 5291 2079 5347 sententias
2113 5290 2328 5345 Maximi
2356 5290 2601 5360 ejusdem
2625 5286 2927 5358 Cyrillianis
2964 5272 3361 5361 Leonianisque
3404 5292 3476 5347 ita
3500 5308 3631 5349 con—

364 5393 567 5447 grucre
588 5392 747 5451 atque
773 5383 845 5437 ita
870 5383 1071 5438 similes
1100 5398 1237 5449 esse,
1270 5390 1328 5436 ut
1356 5399 1515 5437 ovum
1542 5392 1773 5453 nequeat
1798 5398 1900 5437 ovo
1930 5398 2050 5437 esse
2076 5383 2318 5437 similius.

441 5472 531 5527 IV.
574 5472 712 5540 Quid
748 5475 792 5529 si
829 5474 1117 5541 Maximus,
1156 5474 1320 5529 Deum
1349 5473 1445 5528 Dei
1475 5473 1666 5528 Filium
1697 5489 1762 5529 ex
1792 5474 1955 5527 Maria
1985 5474 2203 5540 Virgine
2239 5487 2356 5526 esse
2386 5480 2589 5536 natum,
2625 5471 2867 5542 adeoque
2904 5483 3129 5529 matrem
3177 5474 3347 5542 ipsam
3376 5490 3497 5530 esse
3540 5478 3633 5531 Dei

367 5562 667 5629 afﬁrmans,
692 5564 924 5618 funditus
944 5572 1149 5619 evertat
1174 5565 1481 5619 hcereticum
1507 5565 1699 5633 dogma
1734 5564 2189 5628 Nestorianorum,
2219 5561 2463 5617 eamdem
2497 5565 2756 5629 Θεοτὸκον,
2787 5562 2886 5618 Dei
2930 5566 3246 5636 genitricem,
3278 5580 3401 5621 esse
3432 5582 3631 5634 negan-

367 5657 547 5711 tium?
577 5656 730 5725 Quod
759 5662 970 5732 quidem
1001 5667 1055 5713 et
1082 5658 1421 5712 manifestum
1465 5673 1533 5713 ex
1577 5660 1745 5713 sancti
1792 5658 2052 5726 episcopi,
2101 5670 2218 5723 quae
2245 5671 2407 5724 supra
2448 5654 2842 5727 descripsimus,
2878 5658 3197 5713 testimoniis
3232 5667 3343 5723 est;
3378 5667 3429 5713 et
3457 5656 3545 5710 lict
3572 5660 3633 5711 iis

367 5769 496 5825 qua
525 5770 648 5809 mox
689 5754 1019 5826 proferemus
1048 5750 1321 5806 illustrius.
1353 5749 1426 5804 Ac
1454 5763 1700 5804 sermone
1724 5747 1940 5817 quidem
1967 5746 2051 5813 56,
2086 5758 2202 5814 pag.
2238 5744 2377 5799 492:
2410 5745 2563 5813 Eum,
2609 5746 2800 5819 inquit,
2830 5762 2895 5802 ex
2921 5743 3095 5803 Maria
3132 5746 3329 5811 virgine
3356 5742 3626 5798 secundm
