4138 6186
548 351 614 408 Π
1978 353 2359 412 ῙἮᾸΞῈΑΤΙΟ.
3734 352 3803 409 48

550 479 761 544 carnem
787 471 963 517 natum
991 479 1119 529 esse,
1150 471 1198 517 et
1225 464 1507 518 secundum
1540 463 1874 519 Divinitatem
1902 468 2215 535 processisse
2241 483 2306 521 ea
2329 466 2425 520 Dei
2458 466 2635 521 Patris
2654 484 2762 521 ore.
2791 465 2859 521 Et
2885 482 3046 522 scrin.
3074 466 3162 533 47,
3180 480 3300 539 pag.
3324 465 3431 522 495
3447 483 3600 539 seqq.
3633 487 3646 523 :
3678 467 3809 537 Quis

546 541 743 611 dubitet
773 556 1110 625 incﬂ'abiliter
1144 571 1259 610 eum
1293 554 1492 609 Filium
1520 556 1649 621 Dei,
1684 555 1977 629 Filiumque
2002 574 2112 612 esse
2140 559 2383 625 hominis,
2407 561 2493 630 qui
2513 562 2677 630 potuit
2704 568 2757 613 et
2797 569 3010 615 mortem
3047 564 3261 633 perpeti,
3291 572 3373 631 et,
3404 573 3568 617 morte
3589 563 3808 628 devicta,

550 649 873 718 sanetipsum
900 649 1149 702 suscitare
1172 648 1236 701 de
1264 648 1460 703 tumulo
1482 647 1580 719 (a).
1614 647 1754 702 Nam
1776 658 2010 720 suscepta
2030 666 2187 705 carne
2207 650 2270 704 de
2290 651 2504 721 virgine,
2528 666 2592 704 ne
2617 666 2769 722 quam
2794 650 2848 703 in
2869 650 2974 720 ﬁde
2994 659 3188 707 nostra:
3205 655 3544 724 confessionis
3572 654 3809 709 nebulam

549 750 859 812 pateremur,
886 749 988 795 toto
1015 739 1401 811 prmdicationis
1420 755 1528 794 suae
1552 749 1777 811 tempore
1797 755 1974 794 νειωι
1996 757 2057 795 se
2077 756 2390 794 nemnem
2421 740 2593 805 DEUI,
2625 755 2940 796 pennarum
2979 756 3317 796 osseum-mn
3353 752 3404 797 et
3432 759 3806 801 IIOIINEII......

553 833 640 888 Ita
668 850 796 888 sane
822 831 1400 903 incomprehensibiliter
1427 849 1549 886 caro
1577 834 1633 885 in
1654 831 1784 895 Deo,
1808 842 1856 886 et
1883 833 1939 885 in
1960 849 2118 886 carne
2145 831 2304 896 Deus,
2335 842 2393 885 ut
2419 848 2578 903 neque
2603 831 2769 886 Deum
2788 834 2851 887 ab
2878 835 3083 888 homine
3113 835 3285 904 passio
3315 843 3618 905 separaret,
3651 850 3812 906 neque

549 943 642 998 per
664 926 918 980 hominem
946 914 1091 979 Deus
1112 926 1349 979 humanis
1375 925 1700 995 passionibus
1727 924 2035 995 subjaceret.
2067 923 2219 988 Quod
2237 939 2354 978 vero
2381 924 2722 979 annuntiatur
2756 922 2927 979 Filius
2973 923 3065 978 Dei
3108 940 3279 980 nasus
3312 940 3379 978 ne
3409 940 3636 991 VIBGINE,
3669 934 3812 980 tanta

551 1021 607 1074 in
639 1019 886 1073 miraculo
915 1034 1018 1073 non
1039 1017 1187 1071 debet
1214 1008 1438 1071 humana
1459 1017 1710 1084 ﬂuctuare
1731 1018 2012 1088 fragilitas,
2036 1017 2156 1087 quia
2183 1016 2451 1087 stupenda
2491 1016 2608 1071 huic
2636 1018 2854 1072 novitati
2892 1016 3078 1084 Deum,
3126 1020 3207 1072 cui
3228 1034 3377 1072 omne
3405 1035 3531 1088 opus
3569 1016 3814 1088 possibile

555 1121 650 1175 est,
681 1111 987 1182 conﬁtemur
1015 1118 1392 1163 auctorem.....
1425 1108 1601 1163 Voluit
1626 1109 1879 1180 virginem
1917 1123 2128 1178 parere,
2162 1117 2213 1162 et
2246 1107 2635 1163 obumbratione
2664 1108 2952 1179 majzstatis
2978 1110 3122 1180 ejus,
3159 1108 3302 1163 nullo
3340 1110 3555 1180 virginei
3601 1108 3813 1181 pudoris

556 1202 766 1264 damno,
798 1197 1031 1253 Christus
1058 1201 1306 1269 processit
1345 1215 1411 1253 ea;
1447 1198 1688 1252 Maria...
1732 1199 1840 1254 Sed
1878 1200 2101 1270 fortasse
2119 1198 2349 1270 perﬁdus
2390 1201 2640 1264 occurrit,
2684 1208 2735 1255 et
2759 1200 2885 1255 dicit
2912 1217 2930 1255 :
2953 1199 3122 1256 Nemo
3152 1217 3375 1272 unquam
3409 1202 3485 1255 ita
3524 1209 3600 1255 est
3634 1212 3811 1257 natus.

565 1292 737 1348 Nemo
765 1309 962 1359 revera,
993 1293 1117 1364 quia
1144 1292 1357 1359 nullius,
1388 1301 1576 1363 pra'ter
1604 1294 1759 1360 hanc,
1782 1308 1903 1346 caro
1940 1292 2087 1344 unita
2115 1307 2232 1345 cum
2249 1291 2361 1347 Deo
2387 1300 2553 1347 est....
2584 1291 2894 1348 Mirabiliter
2923 1302 3076 1348 natus
3114 1302 3189 1348 est
3234 1292 3485 1359 Christus,
3508 1303 3559 1348 et
3582 1293 3814 1349 obstina-

559 1388 696 1441 tione
722 1383 921 1456 perﬁda
940 1399 1045 1438 non
1065 1382 1463 1442 credisDeum?
1487 1380 1639 1447 Quod
1668 1382 1957 1452 pratcipuus
1987 1382 2339 1453 apostolorum
2367 1383 2741 1453 redemptorem
2780 1384 3007 1438 omnium
3045 1381 3094 1436 F
3097 1383 3242 1438 ilium
3278 1383 3377 1438 Dei
3404 1385 3503 1439 vivi
3548 1382 3689 1449 divit,
3721 1401 3816 1455 pa-

559 1489 727 1534 terna:
746 1481 801 1534 in
827 1495 886 1533 eo
914 1476 1140 1532 Deitatis
1154 1475 1501 1531 substantiam
1532 1476 1833 1545 conﬁtetur;
1861 1475 1999 1547 quod
2034 1490 2252 1530 annos!
2289 1473 2549 1530 Christum
2577 1477 2897 1546 pronuntiat,
2928 1491 3161 1531 unum
3190 1477 3359 1530 inesse
3381 1477 3611 1547 corporis
3632 1475 3817 1531 asserit

556 1576 841 1629 veritatem.
876 1573 967 1628 Sic
989 1588 1165 1627 revera
1194 1571 1515 1626 beatissimus
1544 1570 1733 1626 Petrus
1760 1586 2044 1635 urnamque
2070 1572 2130 1625 “in
2161 1569 2365 1625 Christo
2396 1578 2635 1624 naturam
2666 1568 2741 1641 (b)
2770 1568 2862 1623 sub
2892 1585 2998 1623 una
3019 1578 3094 1623 est
3126 1568 3472 1639 appellatione
3497 1569 3829 1639 complexus,

556 1674 612 1720 ut
632 1663 908 1735 ine/Tabilis
930 1664 1160 1736 mysterii
1177 1662 1871 1719 sacramentumbrevissimo
1899 1680 2133 1718 sermone
2153 1661 2410 1729 delibans,
2442 1678 2615 1727 neque
2650 1678 2917 1718 GEIINA‘I'A
2956 1678 3263 1723 mvmene'r,
3306 1676 3476 1724 usque
3498 1675 3656 1714 unm
3684 1674 3817 1714 con-

560 1774 838 1814 ruunzne'r
862 1757 953 1829 (ε).
991 1756 1058 1811 Ut
1079 1766 1250 1810 autem
1277 1757 1479 1827 plenius
1507 1756 1905 1819 adverteremus,
1928 1756 1984 1809 in
2013 1754 2286 1810 Salvatbre
2313 1771 2474 1827 neque
2497 1772 2530 1808 a
2564 1755 2666 1808 Deo
2688 1753 2963 1819 hominem,
2994 1768 3154 1823 neque
3201 1751 3367 1806 Deum
3396 1752 3460 1804 ab
3486 1752 3692 1805 homine
3712 1754 3814 1806 'se-

556 1846 869 1916 parandum,
902 1846 976 1897 ait
1010 1842 1410 1914 gloriosissimus
1446 1843 1695 1913 magister
1722 1843 1846 1913 ﬁdei
1874 1841 2076 1896 Paulus
2116 1842 2380 1912 apostolus
2414 1860 2433 1897 :
2469 1841 2617 1896 Misit
2650 1842 2789 1897 Deus
2827 1840 2876 1894 F
2878 1843 3024 1897 ilium
3068 1858 3217 1897 suum
3245 1842 3437 1912 factum
3473 1856 3537 1896 ex
3573 1840 3814 1906 muliere,

563 1936 757 2005 factum
786 1931 877 1986 sub
905 1933 1031 2002 lege.
1066 1929 1192 1986 Non
1210 1933 1384 2004 utique
1410 1934 1579 2003 factus
1598 1941 1676 1986 est
1703 1931 1874 1987 Filius
1896 1932 2015 2001 Dei,
2038 1940 2094 1986 ut
2113 1934 2428 1998 mitteretur;
2451 1934 2542 1987 sed
2573 1934 2643 1987 ad
2672 1934 2728 1987 id
2754 1934 2890 2005 quod
2906 1935 3091 1988 missus
3131 1944 3226 1999 est,
3257 1931 3425 2007 [XLVI]
3457 1933 3628 1988 Filius
3653 1936 3818 2005 factus

561 2033 639 2079 est
660 2025 904 2078 hominis.
929 2022 1089 2080 Salva
1106 2023 1245 2076 enim
1264 2022 1453 2078 divina:
1475 2025 1788 2094 praprietate
1817 2024 1897 2094 (d)
1926 2033 2146 2091 naturae,
2178 2032 2419 2079 naturam
2442 2026 2496 2078 in
2516 2041 2570 2078 se
2596 2024 2817 2094 suscepit
2848 2024 3148 2089 humanam,
3186 2041 3290 2079 non
3321 2027 3461 2097 facta
3492 2025 3818 2096 confusione,

562 2116 657 2170 sed
682 2115 914 2169 unitione
940 2114 1169 2185 perfecta
1200 2114 1294 2184 (e).
1323 2111 1523 2168 Confer
1548 2127 1668 2182 qua:
1687 2122 2001 2183 sequnntur,
2032 2128 2152 2184 quae
2179 2122 2235 2169 et
2260 2115 2337 2169 rei
2354 2123 2551 2170 nostrae
2577 2114 2929 2183 institutoque
2957 2114 3281 2180 conducunt,
3305 2122 3361 2169 et
3386 2121 3509 2168 sunt
3524 2129 3559 2167 'a
3589 2114 3821 2171 Maximo

562 2200 758 2255 tradita
788 2207 949 2269 atque
974 2198 1257 2268 explanata
1287 2199 1519 2269 egregie.
1553 2198 1816 2256 Sermone
1843 2207 2023 2255 autem
2043 2199 2131 2265 15,
2163 2216 2285 2271 pag.
2311 2201 2406 2255 511
2443 2219 2456 2255 :
2487 2201 2592 2256 Per
2618 2203 2733 2268 hoc,
2764 2202 2954 2271 inquit,
2988 2203 3397 2257 sacratissimum
3433 2202 3823 2258 Incarnationis

554 2291 865 2362 mysterium
882 2291 958 2344 ita
981 2291 1037 2344 in
1059 2307 1220 2344 unum
1246 2289 1547 2354 Dominum,
1571 2307 1815 2355 UNAIQUE
1844 2307 2115 2348 passorum
2146 2292 2214 2365 (f)
2246 2308 2382 2349 cano
2409 2309 2686 2359 couvsmr,
2712 2302 2761 2348 et
2788 2310 3019 2359 venena,
3047 2303 3104 2347 ut
3129 2305 3178 2348 et
3206 2293 3346 2349 Deus
3375 2304 3641 2366 putaretur
3666 2306 3824 2352 natus

540 2399 592 2436 ne
633 2384 844 2454 femina,
868 2390 918 2435 et
938 2382 1090 2436 homo
1107 2381 1351 2435 credatur
1390 2383 1581 2435 venisse
1609 2383 1670 2435 de
1707 2383 1852 2448 caelo,
1877 2384 2152 2456 secundum
2199 2384 2333 2456 quod
2367 2385 2442 2437 ait
2472 2384 2724 2439 Dominus
2772 2401 2790 2439 :
2832 2384 2999 2439 Nemo
3033 2385 3263 2439 ascendit
3289 2386 3343 2439 in
3367 2387 3566 2451 caelum,
3591 2386 3695 2440 nisi
3736 2388 3824 2458 qui

539 2472 909 2528 :~descenditde
929 2470 1252 2537 cmlo,Filius
1279 2471 1519 2536 hominis,
1552 2472 1638 2541 qui
1661 2482 1736 2524 est
1764 2472 1817 2524 in
1847 2473 2085 2526 calo...”
2110 2473 2243 2526 Erat
2267 2473 2438 2529 Filius
2468 2476 2690 2530 hominis
2719 2486 2769 2530 et
2793 2474 2963 2530 Filius
2992 2474 3107 2529 Dei.
3141 2475 3247 2530 Nec
3272 2491 3554 2546 possumus
3579 2492 3821 2532 seorsum

536 2571 656 2618 «aut
683 2563 939 2617 hominem
969 2561 1082 2615 sine
1109 2557 1238 2624 Deo,
1262 2567 1356 2614 aut
1391 2557 1558 2613 Deum
1577 2561 1689 2613 sine
1716 2560 1922 2613 homine
1953 2560 2208 2630 conﬁteri;
2244 2559 2436 2616 Nonne
2463 2563 2658 2616 videtur
2679 2564 2859 2616 coelum
2899 2562 3282 2618 transcendisse
3309 2552 3482 2631 homo,
3530 2566 3736 2637 quando
3766 2566 3821 2621 in

537 2665 708 2710 -utero
727 2655 943 2726 virginis
969 2653 1240 2707 unitusest
1258 2650 1358 2706 Dei
1396 2650 1580 2709 Verbo.
1613 2650 1679 2704 Et
1704 2665 1865 2705 serm.
1898 2650 1985 2716 46,
2017 2664 2136 2721 pag.
2172 2649 2274 2703 520
2306 2669 2319 2704 :
2358 2653 2486 2718 Qua:
2509 2661 2588 2706 est
2606 2652 2762 2722 hujus
2802 2653 3133 2724 profunditas
3165 2657 3496 2720 sacramenti,
3528 2672 3679 2727 quam
3722 2657 3822 2711 im-

538 2745 931 2820 ~.perscrutabile
962 2744 1153 2799 divinas
1179 2742 1494 2814 operationis
1529 2760 1794 2808 arcanum,
1838 2743 1972 2815 quod
1992 2744 2037 2797 is
2076 2745 2161 2815 qui
2190 2753 2311 2797 ante
2338 2744 2529 2799 sarcula
2558 2745 2778 2815 prodivit
2803 2762 2836 2798 a
2866 2744 3045 2809 Patre,
3091 2745 3179 2799 ille
3205 2748 3291 2818 qui
3319 2748 3373 2800 in
3408 2747 3516 2817 ﬁne
3535 2752 3819 2819 temperans

544 2837 817 2908 .prooessit
843 2851 909 2889 ea:
940 2835 1154 2906 femina,
1184 2848 1318 2887 unus
1350 2835 1519 2904 factus
1551 2830 1629 2887 est
1670 2832 1843 2898 Deus;
1878 2843 2029 2903 atque
2056 2835 2155 2887 hoc
2181 2834 2317 2899 ideo,
2348 2844 2404 2887 ut
2427 2851 2542 2888 cum
2572 2846 2706 2888 esset
2738 2833 3042 2906 Unigenitus
3068 2835 3320 2890 indiuisus
3348 2854 3381 2890 a
3410 2837 3587 2904 Patre,
3618 2836 3823 2892 haberet

567 2930 718 2983 homo
745 2930 801 2981 in
826 2925 1101 2998 Unigenito
1145 2924 1243 2979 Dei
1264 2933 1483 2994 paterna
1509 2940 1622 2977 cum
1647 2924 2038 2978 immortalitate
2083 2926 2416 2979 consortium.
2462 2924 2527 2979 Et
2561 2941 2722 2980 serm.
2777 2924 2860 2993 55,
2895 2940 3014 2996 pag.
3061 2925 3164 2981 555
3194 2946 3206 2981 :
3240 2926 3424 2982 Tenuit
3463 2945 3556 2983 suo
3585 2931 3744 2984 Pater
3768 2931 3826 2986 in

543 3017 709 3072 tFilio
733 3032 944 3073 canina;
973 3031 1309 3070 suns'rmnas
1327 3015 1597 3080 virtutem,
1645 3002 1894 3085 quatenus
1937 3014 2212 3085 majestate
2257 3017 2459 3070 virtutis
2496 3016 2608 3087 ejus
2645 3033 2956 3072 VENERANDA
3008 3034 3282 3073 perurens
3331 3035 3471 3074 usus:
3507 3037 3826 3086 annonaque

543 3111 845 3167 ιϐιικιετυιι
877 3125 944 3163 ΕΤ
968 3122 1038 3162 υτ
1068 3107 1221 3161 ΒΒῊΙ
1249 3120 1598 3171 ὒοΝϐῐΡΒΒΕττ
1629 3122 1697 3161 ετ
1722 3122 1799 3161 ὐτ
1820 3123 2058 3163 BOIHNEII
2080 3124 2177 3162 PAR

2191 3124 2343 3163 sum.
2366 3110 2448 3163 An
2475 3127 2579 3164 non
2607 3110 2695 3163 ille
2716 3109 2813 3164 Dei
2850 3109 3021 3166 Filius
3047 3112 3244 3166 videtur
3280 3130 3391 3167 esse
3418 3125 3709 3185 conceptus,
3739 3114 3825 3169 ubi

537 3200 766 3256 acarnali
786 3211 1015 3255 cessante
1035 3198 1281 3270 germine,
1305 3203 1353 3250 et
1382 3197 1532 3251 homo
1549 3197 1780 3251 creditur
1806 3200 2033 3269 virgineo
2063 3201 2313 3270 formatus
2341 3202 2395 3254 in
2423 3210 2587 3264 utero,
2618 3211 2666 3254 et
2696 3202 2839 3258 Deus
2887 3217 2986 3257 nos
3026 3220 3323 3259 nunrrnun
3354 3221 3497 3270 esse,
3541 3221 3627 3269 om
3655 3222 3827 3263 unus

548 3295 702 3349 »εετῖ
730 3289 986 3347 Mirabilis
1007 3298 1398 3362 partussu'nus
1424 3288 1653 3343 intactis.
1672 3285 1751 3341 Et
1778 3301 1940 3341 serm.
1972 3285 2061 3352 61,
2091 3300 2213 3357 pag.
2247 3286 2368 3351 554,
2401 3289 2491 3343 ubi
2517 3289 2585 3343 de
2612 3288 2700 3346 die
2722 3290 2886 3344 natali
2913 3292 3084 3345 sancti
3124 3290 3346 3346 Joannis
3372 3291 3623 3361 Baptista:
3655 3293 3828 3348 disse.

569 3402 695 3441 rens
727 3404 740 3439 :
772 3385 888 3450 Cui,
919 3385 1107 3453 inquit,
1141 3385 1274 3437 tanti
1311 3383 1521 3437 honoris
1548 3380 1739 3436 collata
1767 3389 1844 3434 est
1873 3379 2061 3451 gloria,
2091 3388 2147 3432 ut
2173 3381 2432 3434 nativitati
2460 3381 2570 3451 ejus
2594 3383 2721 3449 ipsa
2740 3380 2838 3436 DEI
2858 3396 3111 3437 ceuumx
3139 3384 3422 3447 interesset,
3447 3382 3654 3454 ejusque
3676 3385 3825 3455 prin-

564 3481 756 3550 cipium
793 3480 959 3533 latens
984 3479 1040 3532 in
1061 3487 1204 3532 utero
1249 3476 1429 3531 mundi
1465 3475 1707 3531 conditor
1747 3491 1843 3529 sua
1887 3475 2163 3543 prazsentia
2203 3475 2486 3530 dedicaret.
2530 3474 2598 3530 Et
2626 3492 2790 3532 serm.
2834 3478 2920 3543 6'2,
2952 3493 3073 3549 pag.
3102 3476 3247 3531 558*:
3279 3470 3513 3532 Christus
3552 3492 3676 3531 tam
3705 3491 3820 3531 tres

575 3570 815 3634 Verbum,
840 3579 889 3624 et
908 3587 1028 3625 caro
1056 3586 1187 3624 unus
1214 3580 1292 3624 est
1318 3568 1591 3633 Dominus,
1616 3575 1769 3638 atque
1806 3581 1938 3619 unus
1958 3565 2192 3636 idemque
2232 3576 2474 3631 ceternus,
2506 3576 2557 3620 et
2585 3584 2745 3621 novus
2785 3568 2861 3640 (g)
2896 3578 3005 3633 est;
3041 3579 3265 3623 veternus
3288 3578 3319 3621 a
3349 3567 3477 3630 Deo,
3510 3584 3665 3622 novus
3693 3583 3727 3621 α
3757 3570 3825 3639 fe-

546 3666 726 3718 ‘mina.
762 3662 843 3717 Ibi
865 3661 1449 3734 incomprehensibiliter
1474 3662 1675 3733 genitus
1704 3658 1766 3713 ab
1802 3660 2049 3730 ingenito.
2081 3660 2163 3713 hic
2184 3660 2490 3715 mirabiliter
2518 3670 2667 3715 natus
2689 3679 2721 3715 a
2748 3662 2976 3734 virgine;
2996 3662 3067 3716 ibi
3100 3671 3316 3733 paterna
3344 3664 3615 3732 majestate
3633 3659 3820 3726 editus,

534 3758 648 3810 «hic
671 3758 880 3826 spiritus
905 3758 1205 3825 operatione
1233 3758 1521 3825 formatus;
1549 3754 1643 3807 tibi
1679 3753 1898 3822 simplex
1928 3755 1983 3807 in
2024 3752 2267 3808 Genitore
2307 3762 2494 3807 natura
2538 3761 2634 3817 est,
2666 3754 2749 3806 hic
2787 3769 2979 3808 GEMINA
2999 3769 3062 3806 ‘IN
3104 3752 3443 3820 Redemptore
3462 3752 3821 3805 substantia...

571 3846 633 3900 Si
657 3862 841 3900 novum
872 3844 948 3914 (h)
981 3844 1077 3913 fuit
1113 3842 1248 3912 quod
1275 3841 1415 3895 Deus
1443 3850 1520 3894 est
1549 3850 1701 3893 natus
1730 3842 1781 3891 in
1819 3843 1983 3901 terris.
2018 3843 2181 3894 multo
2200 3844 2368 3912 magis
2396 3853 2471 3894 est
2499 3859 2683 3895 novum
2707 3843 2842 3913 quod
2880 3842 3032 3897 homo
3054 3851 3234 3914 regnet
3259 3843 3313 3896 in
3355 3842 3498 3907 caelo,
3527 3848 3633 3896 etc.
3663 3840 3819 3906 Nam,

554 3945 626 3990 ut
652 3951 813 3990 serm.
846 3934 964 3999 107,
995 3948 1116 4002 pag.
1143 3930 1264 3998 669,
1295 3931 1517 3987 scribit:
1551 3929 1941 3984 Consideranda
1970 3933 2124 3985 estin
2154 3948 2257 3985 uno
2281 3933 2556 4003 eodemque
2582 3932 2923 4005 Redemptore
2946 3943 3122 3989 nostro
3160 3934 3421 4004 disjuneta
3457 3935 3474 4004 (
3499 3933 3715 3990 hocest
3735 3934 3822 3987 di-

554 4026 778 4094 stincta)
805 4025 865 4095 (i)
897 4024 1127 4094 operatio
1156 4023 1439 4076 divinitatis
1459 4030 1509 4076 et
1531 4021 1897 4086 humanitatis;
1929 4032 2079 4092 atque
2107 4023 2415 4077 omnimodis
2442 4024 2772 4079 detestandus
2806 4043 2952 4081 error
2980 4026 3298 4099 Eutychetis,
3324 4029 3408 4100 qui
3442 4045 3600 4082 unam
3625 4037 3823 4082 tantum

569 4119 627 4172 in
655 4116 860 4171 Christo
900 4117 1250 4187 dogmatizare
1281 4114 1548 4185 prtesumit
1575 4114 1943 4183 operationem.
1969 4112 2035 4168 In
2072 4115 2324 4170 alterutra
2354 4118 2492 4171 enim
2512 4127 2680 4189 parte,
2709 4120 2787 4174 vel
2824 4123 2909 4192 qui
2947 4120 3114 4174 solum
3143 4121 3398 4175 hominem
3431 4123 3588 4193 fuisse
3609 4120 3822 4184 dixerit,

570 4206 791 4277 gloriam
820 4202 1023 4275 negabit
1043 4202 1374 4268 conditoris;
1406 4201 1485 4256 vel
1537 4204 1622 4274 qui
1668 4202 1832 4256 solum
1878 4201 2064 4270 Deum,
2122 4204 2329 4276 negabit
2383 4208 2790 4264 misericordiam
2833 4211 3207 4284 Redemptoris.
3241 4210 3430 4285 [van]
3469 4211 3536 4267 Et
3580 4210 3820 4275 tracl.‘2,

564 4298 631 4350 de
669 4294 955 4365 Baptismo,
987 4308 1108 4364 pag.
1145 4291 1284 4346 7l5:
1318 4292 1448 4349 Haec
1488 4301 1563 4347 est
1604 4291 2015 4348 Christianon
2057 4295 2427 4352 catholicorum
2460 4299 2630 4379 ﬁdes,
2680 4311 2735 4356 ut
2781 4304 3080 4372 credamus,
3132 4323 3226 4361 nos
3267 4323 3384 4360 cum
3435 4308 3551 4373 hac,
3612 4308 3670 4361 in
3724 4322 3824 4378 qua

568 4405 707 4444 nunc
732 4404 924 4454 sumus,
956 4387 1133 4440 anima
1153 4401 1450 4455 resurgere,
1480 4383 1722 4438 habentes
1758 4385 2002 4440 idoneum
2031 4389 2221 4459 futuris
2267 4400 2460 4446 nostra:
2496 4395 2889 4449 resurrectionis
2932 4398 3221 4468 exemplum
3257 4396 3538 4452 Dominum
3592 4406 3825 4468 nostrum

587 4481 812 4537 Verbum
839 4478 1046 4542 Patris,
1078 4478 1299 4547 quicum
1323 4477 1391 4529 sit
1419 4475 1578 4543 Deus,
1619 4485 1667 4530 et
1708 4475 1807 4531 Dei
1861 4476 2051 4543 Filius,
2093 4496 2180 4534 seu
2244 4480 2485 4549 Verbum,
2526 4494 2574 4537 et
2621 4487 2901 4541 secundum
2946 4465 3289 4544 substantiam
3344 4465 3826 4545 ditinitatis'Patri

572 4581 856 4629 coaeternus
890 4577 939 4623 et
968 4565 1453 4630 consubstantialis;
1500 4566 1616 4620 ideo
1662 4576 1864 4622 natura:
1907 4577 2102 4623 nostra:
2124 4573 2347 4640 suscepit
2383 4572 2660 4638 hominem,
2677 4575 2834 4645 juxta
2862 4594 3011 4649 quem
3035 4594 3103 4632 an
3131 4594 3339 4635 VIRGINE
3368 4596 3514 4635 NASCI
3532 4621 3546 4646 ,
3571 4589 3619 4635 et
3644 4588 3823 4651 postea

578 4664 689 4733 puti
707 4671 755 4718 et
777 4660 910 4715 mori
934 4657 1112 4723 voluit,
1134 4666 1184 4710 et
1204 4657 1287 4709 die
1308 4656 1460 4709 tertia
1480 4672 1767 4727 resurgere,
1794 4667 1841 4711 et
1856 4657 1907 4710 in
1935 4658 2116 4712 caelum
2126 4661 2356 4715 ascendit
2379 4661 2472 4734 (j),
2495 4671 2552 4716 ut
2571 4680 2664 4718 nos
2683 4664 2752 4718 ad
2780 4683 2919 4736 spem
2940 4669 3325 4723 resurrectionis
3348 4669 3666 4724 accenderet.
3688 4669 3823 4724 Sunt

579 4754 661 4808 his
688 4750 901 4814 similia,
931 4760 1050 4816 qua:
1076 4745 1414 4816 persequitur
1441 4752 1671 4798 tractatu
1698 4743 1750 4808 5,
1795 4756 1976 4800 contra
2002 4746 2237 4811 Judwos,
2269 4763 2391 4820 pag.
2428 4750 2529 4806 739
2558 4760 2606 4806 et
2640 4753 2705 4807 de
2723 4753 2984 4823 Capitulis
3010 4751 3371 4827 Evangelior.,
3402 4770 3523 4827 pag.
3558 4755 3678 4810 759.
3711 4756 3824 4826 Age

643 4910 720 4980 (ιι)
763 4907 1255 4980 Eodeln__rccldup_t
1290 4919 1429 4980 qua;
1477 4902 1666 4980 scribit
1677 4903 2074 4980 _sanetus_Leo
2120 4905 2142 4959 l
2246 4918 2368 4980 pag.
2402 4904 2525 4976 500,
2557 4915 2613 4961 et
2632 4921 2793 4980 sel-gn.
2836 4906 2922 4974 42,
2960 4923 3093 4980 pag.
3126 4908 3246 4975 509,
3295 4917 3351 4964 et
3373 4922 3534 4980 serm.
3576 4906 3664 4974 14,
3696 4922 3821 4980 pag.
3920 4916 3927 4917 ’

643 4918 720 4980 (α)
764 4918 965 4965 Eodem
1011 4918 1255 4963 recidunt
1310 4919 1429 4973 quae
1477 4918 1661 4957 scnnn
1706 4918 1921 4958 sanctus
1964 4918 2074 4960 Leo
2120 4918 2142 4959 ι
2282 4921 2314 4960 a
2352 4944 2368 4959 .
2402 4918 2525 4976 auo,
2557 4918 2613 4961 et
2632 4921 2793 4962 scrm.
2836 4918 2922 4974 4:,
3008 4923 3093 4978 ag.
3126 4918 3246 4975 509,
3295 4918 3351 4964 et
3373 4922 3534 4963 serm.
3576 4918 3664 4974 44,
3735 4922 3820 4977 ag.

572 4995 733 5048 serm.
765 4979 852 5043 20,
878 4981 942 5035 de
967 4977 1145 5048 Natio.
1178 4974 1368 5048 Christi
1398 4972 1448 5039 1,
1489 4986 1613 5043 pag.
1640 4971 1727 5037 45,
1762 4981 1906 5048 tom.
1941 4975 1956 5028 Ι
1987 4990 2137 5048 oper.
2246 4918 2460 5048 gliqet
2484 4992 2645 5048 serm.
2670 4975 2760 5042 46,
2791 4992 2913 5048 pag.
2956 4923 3079 5044 £18,
3127 4988 3183 5034 et
3228 4994 3390 5041 serm,
3423 4976 3511 5043 51,
3540 4991 3661 5047 pag.

574 5049 700 5104 edit.
722 5047 978 5120 Romlan.
992 5043 1502 5120 i735z—Deusque
1520 5059 1668 5120 verus
1682 5052 1731 5096 et
1752 5044 1901 5120 homo
1924 5043 2142 5120 verusin
2318 5045 2621 5120 (f)_(_39nfer
2662 5043 2834 5102 saucii
2866 5043 3076 5104 'Leonis
3122 5050 3278 5120 epist.
3321 5043 3584 5115 eamdem,
3616 5043 3736 5119 cap.
3769 5049 3825 5116 5,

574 5120 822 5174 unitatem
848 5116 1056 5169 Domini
1080 5126 1409 5186 temperatur,
1433 5121 1489 5186 ut
1516 5113 1650 5186 quod
1683 5115 1872 5167 nostris
1904 5114 2143 5168 remediis
2243 5113 2493 5186 pagi-H9
2520 5131 2671 5185 seqq.

577 5185 901 5259 congruebat,
943 5199 1073 5236 unus
1104 5182 1251 5253 atque
1273 5186 1408 5240 idem
1435 5182 1537 5238 Dei
1560 5183 1917 5254 hominumque
1944 5185 2143 5259 media-
2245 5182 2264 5186 “
2316 5182 2394 5257 (g)
2419 5183 2482 5259 _S.
2512 5182 2822 5259 lseo,'_i_bid.,
2850 5203 2974 5259 cap.
3006 5190 3059 5254 4,
3091 5203 3213 5259 pag.
3254 5186 3560 5259 l_2l.Mitto
3603 5197 3827 5246 sancto-

578 5252 740 5332 turget
756 5256 891 5332 mori
911 5262 1084 5332 posset
1101 5252 1375 5332 exarmet
1394 5269 1658 5332 resurgere
1660 5252 1846 5332 posset
1871 5271 1936 5308 ea:
1955 5255 2138 5310 altero.
2246 5252 2384 5332 [uni
2409 5252 2592 5332 Cyrilli
2638 5252 2986 5332 Alexandri-ni
3011 5297 3026 5323 ,
3047 5252 3052 5254 ⁷
3076 5252 3131 5313 et
3165 5252 3475 5322 'leestini,
3511 5274 3600 5332 _ac_
3634 5259 3825 5332 synodi

650 5325 724 5397 (b)
754 5324 810 5380 S.
845 5321 975 5404 Leo,
1002 5322 1159 5404 epist.
1189 5321 1312 5404 25,1
1321 5323 1512 5404 31.24,
1540 5321 1629 5382 'ad
1658 5321 1987 5389 Flavianum,
2017 5340 2137 5395 cap.
2246 5321 2537 5404 Ephesium.
2559 5326 2705 5404 loca,
2725 5342 2791 5404 ne
2820 5328 2918 5383 sim
2952 5321 3085 5383 inre
3115 5344 3221 5383 non
3253 5321 3559 5384 necessaria
3589 5321 3822 5400 longior.

578 5392 614 5450 5
638 5391 811 5518 seqtg,
840 5402 970 5447 tom.
999 5391 1063 5471 ll,
1098 5404 1215 5458 pag.
1251 5391 1350 5442 125
1385 5407 1535 5463 seqq.
2086 5391 2101 5395 ⁷
2297 5391 2396 5477 ’(ζι)
2427 5393 2481 5475 S.
2516 5393 2648 5455 Leo,
2674 5396 2800 5450 ihid.

645 5466 718 5518 te)
792 5503 805 5517 .
840 5463 967 5518 Leo.
997 5462 1148 5518 ian.
1168 5476 1299 5518 can.
1327 5459 1362 5511 2
1386 5476 1561 5518 seua”
1597 5477 1718 5518 naa.
1752 5462 1819 5516 18
1847 5478 1997 5518 seua.
2313 5465 2382 5518 ti)
2415 5464 2546 5518 Vide
2573 5475 2795 5518 ammtat

592 5522 595 5527 ,
645 5459 814 5538 (cf
840 5462 1148 5538 _LeO,_ibuL,
1168 5476 1299 5529 cap.
1327 5459 1561 5538 2_seqq.,
1597 5462 1819 5538 pag.l_8
1847 5478 2034 5538 seqq._
2304 5459 2546 5538 ⁸(ἱμῖῆιιθ
2573 5475 2814 5521 anniotat.
2848 5465 2915 5521 ad
2944 5479 3064 5537 pag.
3095 5467 3380 5538 67l-seqq.
3415 5468 3638 5537 hujusce
3661 5467 3827 5526 colle-

709 5540 726 5602 )
758 5533 887 5588 Vide
915 5532 1076 5587 etiam
1102 5538 1349 5584 sanctum
1372 5528 1628 5596 Leonem,
1671 5528 1822 5601 ibid.,
1850 5528 1977 5603 cap:
2003 5533 2056 5597 5,
2085 5547 2139 5603 p.
2245 5528 2459 5589 ctionis.
2944 5528 2960 5537 ’
3016 5528 3041 5535 ⁷
3132 5586 3140 5595 κ

574 5601 681 5662 119
703 5618 820 5725 se‘q.
1402 5605 1415 5612 ’
1628 5672 1640 5684 _
1919 5601 1933 5603 “
2086 5601 2101 5603 ⁷
2318 5605 2394 5676 (j)
2444 5603 2499 5661 S.
2536 5603 2664 5674 Leo,
2697 5605 2846 5675 ibid.,
2878 5621 2998 5679 cap.
3032 5605 3082 5674 ὅ,
3116 5623 3239 5680 pag.
3274 5608 3372 5675 l‘ll
3426 5621 3537 5677 seq.

642 5672 721 5725 (ei
794 5671 879 5725 uie
907 5678 1166 5725 nrzclerea
1214 5676 1454 5722 sanctum
1503 5669 1808 5725 Maxumum.
1842 5687 2004 5725 serm.
2048 5670 2136 5725 58.

642 5669 879 5747 (e)Vide
907 5678 1166 5741 praeterea
1214 5676 1454 5722 sanaum
1503 5669 1808 5732 Maximum,
1842 5687 2004 5728 serm.
2048 5670 2136 5738 58,

1592 5940 1623 5948 ο
