4138 6186
319 342 396 397 £9
1764 337 2142 395 ΡΒᾹΞΡΑΤΙΟ.
3509 326 3589 385 50

316 470 456 510 vero
483 470 603 509 cum
625 454 720 511 Dei
744 454 955 522 Filium,
988 453 1130 508 Patri
1160 438 1672 510 consubstantialem
1692 463 1875 508 natum
1898 470 1965 509 ex
1995 454 2159 507 Maria
2189 450 2407 518 Virgine
2435 451 2488 505 in
2511 458 2757 519 tempore
2785 446 3077 503 secundum
3105 442 3395 508 hominem,
3421 443 3583 496 Maxi-

317 562 446 601 mus
472 545 738 612 lateatur;
767 562 996 615 cumque
1023 546 1260 601 divinam
1279 554 1335 601 et
1354 547 1641 600 humanam
1666 553 1935 606 naturam,
1964 546 2108 599 salva
2130 544 2408 611 utriusque
2428 542 2739 597 substantiae
2763 536 3111 610 proprietate,
3146 536 3197 591 in
3228 552 3385 590 unam
3416 535 3582 589 divini

320 637 486 690 Verbi
516 652 803 707 personam
834 638 1057 692 coivisse
1087 645 1331 703 testetur,
1357 638 1634 707 ipsamque
1665 636 1888 705 proinde
1916 636 2136 690 Mariam
2165 643 2219 689 et
2247 642 2475 689 matrem
2505 633 2701 686 Christi
2731 632 2825 685 Dei
2852 640 2905 685 et
2939 630 3031 685 Dei
3060 628 3372 698 genitricem
3401 626 3586 697 appelo

320 729 431 793 let;
463 727 592 795 quid
623 736 723 789 est,
747 728 890 797 quod
909 728 1190 796 quisquam
1213 728 1265 781 in
1291 726 1546 781 invidiam
1570 734 1813 781 sanctum
1830 726 2140 796 episcopum
2162 733 2334 789 vocet,
2359 725 2510 794 quasi
2533 724 2708 778 minus
2731 730 2980 777 accurate
3001 721 3243 774 minusve
3265 718 3331 772 ad
3352 716 3585 789 synodos

322 819 655 889 Ephesinam
684 830 738 873 et
765 819 1255 875 Chalcedonensem
1282 827 1405 889 apte
1433 818 1500 873 de
1526 818 1913 873 lncaruationis
1940 818 2197 889 mysterio
2227 816 2481 871 adversus
2506 815 2810 870 Nestorium
2840 821 2999 883 atque
3026 811 3321 882 Eutychcm
3348 809 3587 880 disputa-

320 911 418 977 rit,
445 922 537 965 aut
563 911 857 979 quidquam
884 911 1095 978 dixerit,
1117 911 1261 980 quod
1285 926 1406 966 cum
1433 919 1740 966 sanctorum
1761 909 1964 983 Cyrilli,
1992 910 2290 976 leestini,
2315 910 2510 965 Leonis
2530 910 2773 964 doctrina
2802 906 2944 962 haud
2970 906 3124 961 facile
3148 904 3398 973 componi
3427 915 3589 971 posse

323 1001 607 1055 videatur?
636 1000 898 1070 Equidem
930 1002 1085 1056 iidem
1116 1002 1374 1057 lectorum
1397 1003 1631 1072 postulo,
1654 1010 1713 1055 ut
1737 1002 1932 1065 adsint,
1955 1010 2299 1070 cognoscant,
2323 1000 2769 1065 animadvertant,
2801 1001 2940 1054 sitne
2968 999 3020 1053 in
3050 995 3359 1051 deﬁnitione
3394 992 3585 1065 synodi

323 1092 569 1160 ejusdem
588 1092 1040 1148 Chalcedonensis
1066 1094 1335 1163 quidpiam
1375 1094 1519 1164 quod
1548 1110 1654 1148 non
1683 1094 1815 1149 satis
1847 1093 2095 1148 distincte
2124 1094 2511 1162 perspicueque
2531 1100 2747 1146 sanctus
2776 1090 3038 1144 Maximus
3062 1088 3301 1141 adductis
3340 1086 3585 1155 proxime

325 1184 463 1239 locis
482 1183 848 1249 homiliarum,
878 1199 1184 1238 sermonum
1207 1192 1367 1251 atque
1394 1192 1717 1239 tractatuum
1745 1200 1963 1239 suorum
2002 1184 2486 1252 comprehenderit.
2522 1184 2598 1236 En
2639 1182 2826 1252 synodi
2859 1182 3018 1236 verba
3051 1198 3062 1232 ;
3096 1179 3378 1247 Sequentes
3417 1174 3587 1229 sancti

324 1272 537 1340 Patres,
569 1290 730 1328 unum
748 1275 1081 1344 eamdemque
1107 1276 1343 1345 conﬁteri
1365 1274 1411 1327 F
1414 1276 1562 1328 ilium
1609 1284 1658 1330 et
1687 1275 1970 1331 Dominum
1997 1283 2233 1329 nostrum
2258 1273 2439 1327 Jesum
2463 1275 2723 1327 Christum
2745 1282 3089 1329 consonanter
3118 1287 3293 1325 omnes
3321 1269 3583 1329 docemus,

322 1364 566 1417 eumdem
582 1366 867 1435 perfectum
885 1365 939 1417 in
965 1364 1192 1429 Deitate,
1223 1373 1273 1418 et
1298 1366 1535 1419 eumdem
1578 1368 1861 1437 perfectum
1880 1366 1935 1418 in
1965 1364 2307 1428 humanitate,
2340 1363 2509 1418 Deum
2537 1382 2732 1429 verum,
2763 1374 2812 1418 et
2841 1365 3099 1419 hominem
3128 1379 3327 1427 verum,
3354 1359 3587 1415 eumdem

323 1474 391 1512 ex
420 1459 602 1511 animo
622 1458 895 1522 rationali,
920 1466 971 1512 et
996 1475 1234 1530 corpore,
1268 1461 1763 1514 consubstantialem
1788 1460 1935 1514 nobis
1958 1460 2240 1513 secundum
2268 1460 2660 1524 humanitatem,
2684 1476 2773 1529 per
2794 1452 2968 1513 omnia
2989 1459 3136 1513 nobis
3156 1458 3378 1510 similem
3400 1452 3588 1520 absque

323 1555 559 1614 peccato.
584 1547 716 1600 Ante
744 1547 935 1600 sarcula
973 1549 1180 1617 quidem
1206 1549 1271 1603 de
1303 1549 1464 1602 Patre
1494 1551 1721 1620 genitum
1748 1550 2026 1604 secundum
2070 1548 2351 1615 Deitatem,
2379 1552 2434 1604 in
2460 1551 2747 1604 novissimis
2773 1559 2944 1603 autem
2972 1549 3169 1613 diebus,
3197 1549 3429 1602 eumdem
3469 1560 3587 1615 pro-

323 1647 448 1705 pter
471 1653 567 1695 nos
586 1647 634 1690 et
658 1647 869 1709 propter
892 1647 1127 1691 nostram
1154 1638 1374 1693 salutem
1395 1656 1461 1694 ea:
1490 1639 1667 1695 Maria
1689 1643 1888 1713 virgine
1915 1639 2017 1694 Dei
2044 1643 2290 1711 genitrice
2319 1641 2599 1716 secundum
2628 1642 3004 1693 humanitatem
3021 1680 3036 1703 ,
3066 1656 3227 1691 unum
3255 1637 3586 1707 eamdemque

324 1729 609 1796 Christum,
633 1730 850 1796 Filium,
877 1731 1179 1799 Dominum,
1215 1734 1568 1805 Unigenitam,
1600 1735 1655 1787 in
1681 1733 1880 1786 duabus
1902 1734 2104 1786 naturis
2132 1735 2424 1805 inconfase,
2448 1731 2958 1794 incommutabititer,
2991 1732 3226 1795 indit-ise,
3257 1728 3587 1798 inseparabi-

326 1819 453 1873 liter
481 1821 886 1890 agnoscendum;
915 1838 1168 1893 nusquam
1185 1823 1389 1877 sublata
1406 1824 1698 1892 differentia
1720 1830 2027 1876 naturarum
2048 1831 2255 1892 propter
2274 1823 2584 1888 unitionem,
2606 1824 2871 1894 magisque
2899 1822 3044 1875 salva
3067 1822 3383 1892 praprietate
3405 1820 3592 1872 utrius«

325 1926 427 1981 que
454 1920 673 1976 natura,
706 1919 755 1965 et
780 1912 836 1965 in
878 1928 1039 1966 unam
1065 1929 1358 1982 personam,
1392 1922 1544 1984 atque
1573 1912 1960 1966 subsistentiam
1991 1921 2344 1975 concurrente,
2377 1928 2481 1965 non
2510 1914 2563 1966 in
2594 1912 2726 1965 duas
2748 1928 3000 1982 personas
3021 1912 3300 1981 partitum,
3328 1918 3481 1978 atque
3509 1907 3591 1961 di-

322 2000 509 2063 visum,
538 2000 627 2052 sed
645 2015 832 2065 unum,
865 2002 1192 2072 eamdemque
1224 2000 1268 2053 F
1273 2003 1419 2055 ilium
1445 2002 1537 2073 (a).

396 2091 461 2145 Υ.
492 2091 561 2145 At
589 2094 732 2147 enim
753 2095 930 2149 carnis
950 2095 1162 2163 quidem
1190 2096 1540 2164 corporisque
1566 2092 1763 2148 Christi
1795 2095 2037 2148 meminit
2066 2094 2354 2159 Maximus;
2379 2096 2570 2147 anima:
2598 2100 2777 2147 autem
2806 2093 3080 2146 rationalis
3103 2109 3207 2145 non
3240 2092 3367 2145 item
3396 2090 3587 2144 memi-

326 2182 424 2237 nit.
457 2182 620 2248 Quasi
651 2199 781 2239 vero
809 2186 897 2253 qui
953 2184 1247 2254 perfectam
1278 2186 1331 2240 in
1361 2186 1577 2242 Christo
1604 2188 1891 2242 humanam
1922 2198 2168 2242 naturam
2221 2188 2529 2254 salvamque
2559 2188 2672 2256 ejus
2700 2186 3070 2256 proprietatem
3118 2192 3364 2245 testatur,
3410 2184 3452 2237 is
3480 2198 3586 2236 non

326 2287 433 2327 una
486 2280 734 2339 testetur,
764 2277 997 2331 animam
1025 2278 1234 2333 ratiéne
1273 2278 1547 2348 praeditam
1598 2279 1759 2335 fuisse
1787 2280 1946 2334 simul
1994 2296 2114 2335 cum
2157 2294 2385 2359 corpore
2417 2279 2621 2351 [sum]
2652 2289 2981 2348 assumptam
3021 2293 3052 2331 a
3082 2277 3295 2331 Verbo?
3326 2275 3431 2330 Sed
3460 2275 3587 2344 quid

325 2364 508 2417 multis
535 2380 673 2433 opus
701 2374 805 2429 est,
829 2368 873 2421 si
903 2366 1162 2423 Maximus
1191 2370 1333 2425 idem
1355 2387 1606 2426 sermone
1636 2371 1720 2437 5i,
1750 2386 1871 2441 pag.
1898 2371 2021 2437 470,
2053 2372 2253 2425 scribat
2282 2373 2385 2426 hoc
2408 2372 2567 2426 modo
2600 2389 2612 2423 :
2646 2370 2712 2423 Et
2740 2388 2916 2425 revera
2945 2371 3158 2440 dignum
3201 2378 3335 2432 erat,
3367 2378 3421 2422 ut
3452 2383 3591 2423 VERL

325 2453 421 2508 illa
442 2458 675 2525 corporis
705 2474 954 2521 ANlIIlQUE
982 2460 1275 2514 substantia
1302 2478 1406 2515 una
1433 2479 1551 2515 cum
1568 2461 1775 2516 Christo
1797 2464 1851 2516 in
1875 2471 2124 2517 aeternum
2150 2463 2435 2516 exsultaret
2460 2464 2515 2515 in
2538 2463 2697 2529 caelis,
2725 2477 2840 2530 qua:
2865 2470 3073 2515 terrena
3098 2462 3200 2513 ista
3222 2460 3588 2530 impedimenta

324 2546 655 2613 conculcans,
687 2551 787 2603 soli
816 2551 915 2620 ipsi
942 2554 1188 2605 servierat
1220 2553 1274 2607 in
1300 2556 1465 2608 terris.

402 2635 486 2692 Vl.
514 2636 893 2694 Verumtamen
922 2642 1193 2696 simulasse
1206 2643 1477 2698 Christum
1500 2646 1750 2709 esuriem,
1775 2645 1960 2701 scribit
1980 2644 2244 2701 Maximus
2264 2662 2515 2701 sermone
2536 2647 2622 2711 {5,
2653 2661 2772 2717 pag.
2798 2645 2900 2700 454
2927 2665 2938 2695 :
2985 2646 3180 2711 Videte,
3214 2645 3402 2712 inquit,
3425 2653 3591 2700 artem

327 2727 561 2797 Domini,
592 2750 693 2804 qua
723 2736 1075 2791 adversarium
1104 2747 1219 2793 arte
1246 2741 1597 2794 circumvenit.
1632 2740 1760 2794 Post
1782 2740 1945 2793 multa
1960 2740 2167 2812 jejunio
2195 2742 2392 2795 esurire
2418 2757 2473 2794 se
2493 2742 2722 2805 simulat,
2747 2750 2802 2793 ut
2829 2743 3110 2805 diabolum,
3129 2758 3277 2812 quem
3297 2740 3590 2812 jejunando

326 2822 437 2895 iam
463 2825 673 2891 vicerat,
696 2828 880 2880 iterum
908 2831 1179 2883 esuriendo
1210 2830 1471 2885 sollicitet.
1504 2830 1661 2902 Spem
1693 2832 1831 2885 enim
1860 2831 1941 2885 illi
1967 2831 2335 2901 congrediendi
2362 2846 2426 2884 ea:
2449 2831 2754 2901 inﬁrmitate
2780 2832 2952 2884 carnis
2980 2831 3354 2896 quodammodo
3391 2830 3585 2895 tribuit,

324 2918 375 2963 et
402 2913 527 2965 dum
556 2914 709 2968 relati
736 2927 918 2969 contra
946 2919 1256 2973 imbecillem
1285 2920 1639 2992 congreditur,
1664 2921 1945 2992 gloriosius
1970 2928 2258 2991 superetur.
2291 2920 2445 2987 Quod
2467 2922 2532 2985 si,
2563 2929 2783 2976 auctore
2808 2921 3069 2987 Maximo,
3101 2938 3163 2977 ea
3209 2922 3307 2976 fuit
3330 2938 3358 2976 a
3378 2923 3590 2978 Christo

325 3000 579 3057 simulata
609 3006 834 3072 esuries,
867 3022 963 3061 cur
992 3025 1096 3062 non
1122 3008 1249 3063 item
1271 3010 1375 3064 dici
1402 3012 1599 3079 poterit
1645 3011 1923 3066 simulatas
1951 3011 2115 3067 fuisse
2141 3027 2172 3065 a
2200 3010 2414 3066 Christo
2445 3012 2578 3081 ipso,
2603 3010 2820 3066 Maximi
2861 3012 3099 3082 ejusdem
3122 3017 3406 3079 sententia,
3438 3014 3590 3068 lassi-

328 3095 562 3163 tudines,
588 3099 839 3166 gemitus,
867 3102 1128 3166 tristitias,
1159 3105 1431 3157 mortem?
1456 3102 1569 3171 Ego
1612 3119 1741 3158 vero
1770 3119 1892 3158 cum
1941 3104 2109 3159 sancti
2138 3104 2376 3173 episcopi
2406 3103 2656 3159 homilias
2685 3120 3069 3174 sermonesque
3097 3108 3401 3171 considero,
3431 3107 3590 3175 plane

326 3187 485 3243 video
507 3190 560 3244 in
591 3190 781 3246 iisdem
811 3192 940 3246 satis
970 3202 1153 3262 aperte
1179 3194 1431 3249 constitui
1453 3210 1512 3249 re
1541 3194 1757 3264 quidem
1781 3210 1905 3249 vera
1926 3197 2156 3251 esurisse
2177 3193 2467 3249 Christum.
2502 3194 2697 3249 Homil.
2723 3196 2810 3259 57,
2840 3209 2961 3265 pag.
2996 3196 3095 3248 107
3122 3215 3133 3248 :
3170 3195 3473 3267 Ignorabat,
3505 3198 3589 3251 in-

328 3280 463 3349 quit,
496 3282 743 3335 nimirum
773 3282 1032 3347 diabolus,
1066 3285 1185 3349 quia
1232 3286 1368 3355 quod
1394 3281 1629 3339 Christus
1657 3288 1979 3340 nutrimenta
2006 3285 2300 3358 perferebat
2338 3287 2599 3356 infantiae,
2628 3287 2863 3359 quodque
2907 3288 3165 3341 esuriebat
3193 3297 3249 3340 ut
3280 3290 3454 3354 homo,
3485 3307 3587 3345 non

326 3379 441 3426 erat
468 3374 770 3443 fragilitatis
798 3391 1072 3445 corporea,
1102 3376 1194 3430 sed
1216 3377 1436 3431 cwlestis
1457 3378 1644 3448 gratim
1672 3384 2076 3431 sacramentum.
2108 3376 2407 3431 Esuntsnn
2439 3377 2599 3444 igitur
2618 3386 2677 3431 ut
2705 3380 2856 3432 homo
2877 3378 3149 3443 Christus,
3174 3388 3309 3434 teste
3331 3380 3583 3435 Maximo.

332 3463 567 3517 Rursum
591 3463 729 3519 idem
765 3465 1025 3522 Maximus
1051 3469 1270 3523 homilia
1298 3467 1386 3535 58,
1418 3482 1541 3538 pag.
1569 3467 1673 3521 112
1704 3486 1717 3520 :
1752 3466 2053 3534 Quomodo,
2084 3469 2273 3537 inquit,
2307 3477 2471 3539 potest
2491 3470 2627 3538 ﬁeri,
2659 3477 2713 3522 ut
2745 3472 2830 3539 qui
2859 3478 2933 3523 tot
2959 3471 3161 3524 dierum
3187 3488 3400 3524 numero
3432 3471 3589 3540 (Μῦς

333 3555 491 3625 nans)
523 3557 707 3625 famem
734 3558 974 3629 sitimque
997 3575 1099 3612 non
1127 3560 1364 3623 senserit,
1394 3568 1576 3629 postea
1604 3560 1877 3612 esurierit?
1904 3558 2203 3614 ESURIEBAT
2230 3573 2415 3622 pune,
2448 3574 2547 3612 nec
2576 3573 2782 3613 secans
2824 3573 3082 3613 Possmws
3120 3575 3255 3622 quon
3286 3575 3585 3623 esumemr.

332 3641 638 3698 Ethomilia
666 3644 753 3708 l3,
778 3660 900 3715 pag.
933 3635 1073 3699 {29E
1105 3646 1291 3712 Nobis,
1324 3648 1516 3717 inquit,
1540 3649 1678 3713 vicit,
1711 3649 1795 3719 qui
1838 3649 2087 3720 dignatus
2116 3657 2191 3701 est
2221 3660 2443 3703 ESURIRE
2485 3665 2578 3719 pro
2606 3648 2772 3702 nobis.
2805 3647 3119 3719 Aggreditur
3156 3650 3327 3717 itaque
3348 3648 3591 3711 diabolus

333 3741 536 3787 tentare
558 3731 930 3788 Christum..-...
964 3736 1274 3807 Suspicatur
1299 3738 1445 3791 illum
1474 3738 1569 3791 Dei
1597 3756 1708 3793 esse
1737 3738 1785 3790 F
1787 3741 1953 3811 ilium,
1976 3757 2123 3811 quem
2144 3742 2501 3793 continuatam
2527 3742 2875 3811 quadraginta
2894 3740 3094 3793 dierum
3119 3740 3253 3794 videt
3285 3741 3591 3811 explicuisse

329 3824 603 3898 jejunium,
634 3829 726 3881 sed
777 3845 977 3882 rursum
1006 3828 1225 3896 dubitat,
1259 3832 1484 3884 divinam
1510 3832 1587 3885 illi
1616 3832 1782 3886 inesse
1804 3810 2064 3897 naturam,
2084 3848 2239 3903 quem
2273 3833 2421 3902 quasi
2449 3832 2717 3901 inﬁrmum
2755 3833 2889 3885 inter
2919 3839 3131 3887 crateras
3174 3832 3431 3898 homines,
3458 3850 3586 3888 pen-
3628 3859 3644 3873 ν

328 3932 499 3973 srtcn
530 3920 751 3972 esurire.
772 3919 956 3991 Stupet
976 3922 1229 3975 attonitus
1249 3938 1363 3992 qua:
1391 3924 1458 3975 sit
1488 3924 1588 3975 ista
1616 3923 1839 3989 novitas,
1870 3922 2155 3976 humanum
2182 3938 2288 3976 non
2316 3921 2504 3976 habere
2530 3931 2817 3991 peccatum,
2849 3931 2899 3976 et
2925 3924 3282 3977 necessitatem
3310 3926 3591 3992 peccatoris

331 4009 552 4063 hominis
580 4011 854 4064 sustinere.
889 4009 1121 4065 Christus
1149 4020 1322 4065 autem
1343 4007 1597 4066 Dominus
1623 4012 1939 4080 Redemptor
1959 4020 2165 4077 noster,
2196 4018 2255 4063 ut
2287 4011 2542 4080 perditum
2563 4012 2927 4082 inﬁrmumque
2954 4014 3210 4066 hominem
3238 4023 3497 4068 revocaret
3523 4014 3593 4068 ad

331 4094 516 4162 Deum,
539 4114 787 4163 εδωυειί,
820 4115 1217 4167 ιΑδειτυυιαεκ,
1248 4115 1521 4155 IMOREI
1552 4116 1620 4153 ET
1641 4115 1801 4154 OMNIA
1832 4116 1882 4153 IN
1904 4115 1965 4154 SE

1956 4116 1965 4152 :
1994 4114 2194 4153 unum
2215 4111 2467 4153 conponis
2494 4114 2704 4153 mrtuus
2734 4116 2999 4155 SUSCEPIT.
3032 4100 3230 4155 Esuriit
3256 4102 3414 4169 igitur
3433 4101 3590 4157 Chri-

329 4195 442 4243 stus
468 4204 679 4254 revera,
708 4198 765 4243 ut
794 4189 1179 4257 lassitudinem,
1211 4205 1502 4245 mmrorem
1531 4190 1743 4257 aliaque
1768 4187 1979 4242 inﬁrma
2006 4189 2223 4242 humani
2252 4189 2496 4257 corporis
2548 4204 2735 4243 revera
2783 4207 3069 4261 perpessus
3112 4200 3226 4256 est;
3260 4194 3354 4248 sed
3382 4196 3587 4259 esuriit,

328 4281 498 4335 nostri
522 4295 707 4344 causa,
736 4282 813 4334 uti
842 4282 1091 4336 nimirum
1118 4298 1219 4338 nos
1247 4291 1527 4337 revocaret
1552 4282 1620 4336 ad
1641 4282 1829 4337 Deum.
1862 4280 2040 4347 Quare
2066 4280 2209 4351 quod
2237 4281 2514 4351 superiore
2533 4280 2751 4335 homilia
2774 4281 2868 4345 58,
2893 4299 3015 4352 pag.
3040 4284 3160 4349 HS,
3190 4286 3359 4340 dixit:
3393 4285 3588 4341 Esuriit

330 4387 433 4426 non
454 4372 625 4425 cibum
648 4373 929 4439 hominum,
954 4374 1045 4428 sed
1073 4374 1325 4438 salutem;
1348 4390 1441 4427 nec
1470 4389 1706 4427 escarum
1738 4375 2067 4427 sweularium
2105 4374 2284 4444 epulas
2319 4374 2625 4440 concupivit,
2654 4374 2747 4427 sed
2776 4376 3068 4428 animarum
3096 4376 3408 4430 desiderarit
3435 4379 3588 4432 caele-

329 4467 487 4518 stium
530 4466 879 4518 sanctitatem.
916 4464 1070 4519 Cibus
1107 4465 1244 4519 enim
1272 4466 1464 4519 Christi
1491 4472 1569 4519 est
1596 4465 1880 4535 redemptio
1909 4464 2230 4535 populorum,
2264 4464 2404 4518 cibus
2432 4463 2624 4517 Christi
2651 4470 2728 4517 est
2755 4472 2987 4534 paterna
3013 4463 3291 4518 voluntatis
3337 4464 3586 4533 effectus;

326 4553 568 4607 nonalio
598 4553 848 4622 pertinet,
875 4568 1035 4623 quam
1066 4560 1126 4607 ut
1153 4552 1437 4621 signiticet,
1469 4553 1724 4607 esuriisse
1751 4551 1969 4620 quidem
1995 4566 2123 4606 vere
2150 4551 2497 4606 Servatorem
2537 4552 2751 4620 generis
2781 4552 3032 4618 humani;
3064 4552 3159 4608 sed
3179 4568 3288 4608 non
3326 4561 3436 4607 tam
3460 4569 3585 4608 esu-

327 4644 485 4698 riisse
510 4643 689 4697 cibum
738 4643 1017 4698 hominum
1052 4658 1214 4711 quam
1258 4643 1512 4707 salutem,
1536 4641 1690 4710 cujus
1726 4651 1877 4698 certe
1903 4643 2094 4697 salutis
2144 4640 2427 4696 alierendm
2455 4657 2617 4697 causa
2662 4644 2930 4707 esuriem,
2963 4643 3352 4706 lassitudinem,
3384 4659 3574 4698 mmro~

326 4747 552 4802 remque
588 4742 920 4804 susceperat;
974 4734 1147 4803 Atque
1202 4733 1344 4787 idem
1394 4732 1658 4787 Maximus
1713 4732 1900 4787 homil.
1957 4731 2045 4797 45,
2099 4744 2221 4801 pag.
2282 4730 2403 4794 150,
2464 4730 2638 4802 Magis
2686 4732 2913 4787 salutem
2949 4732 3117 4805 [xux]
3149 4733 3421 4786 hominum
3463 4749 3585 4787 esu-

324 4824 484 4879 riisse
530 4823 799 4879 Christum
830 4865 844 4889 ,
904 4824 1076 4894 pergit
1129 4824 1415 4886 scribere,
1453 4822 1703 4877 videlicet
1756 4822 1896 4876 hanc
1945 4822 2114 4889 magis
2168 4835 2330 4890 quam
2382 4820 2602 4875 cibum:
2636 4820 2742 4875 Sed
2783 4839 2937 4887 vero,
2996 4821 3203 4889 inquit,
3263 4822 3584 4891 omnipotens

330 4916 659 4989 Unigenitus,
699 4918 784 4986 qui
841 4926 1071 4970 nostram
1127 4931 1278 4970 πίλοις
1328 4930 1587 4969 esvnmnr
1642 4928 1904 4975 sswreu,
1952 4913 2044 4965 tali
2102 4918 2403 4966 tentatorem
2453 4928 2599 4966 suum
2643 4914 2971 4982 responsione
3008 4912 3288 4981 confudit:
3323 4932 3340 4964 ι
3372 4911 3496 4966 Νοη
3530 4914 3585 4967 in

322 5011 439 5065 solo
496 5025 634 5079 pane
682 5011 798 5063 vivit
840 5009 1007 5065 homo.
1059 5007 1149 5061 sed
1198 5008 1253 5059 in
1302 5006 1442 5059 omni
1485 5003 1635 5059 verbo
1664 5002 1782 5056 Dei.
1823 5021 1841 5051 ι
1878 4999 1991 5065 Quo
2042 5018 2307 5071 responso,
2361 5001 2673 5064 charissimi,
2728 5010 2784 5052 ut
2834 4999 3165 5069 explorator,
3216 5002 3304 5071 qui
3355 5002 3584 5057 incertus

324 5104 565 5163 venerat,
596 5099 837 5151 incertior
870 5098 1188 5159 redderetur,
1221 5095 1549 5148 incestimatce
1576 5093 1863 5163 prudentia:
1893 5090 2144 5145 Dominus
2173 5107 2273 5146 unc
2307 5106 2484 5145 massa
2510 5106 2606 5145 sun
2634 5105 2858 5144 ESURIEI!
2901 5104 3218 5154 nznsomr,
3249 5108 3347 5147 nec
3390 5108 3585 5148 νωδυ-

323 5203 484 5243 csxm
514 5201 905 5241 NECESSITATEM
935 5202 993 5240 se
1025 5202 1228 5240 ιιΑιιειιε
1258 5201 1545 5240 rnorsssus
1574 5201 1690 5239 as'r.
1730 5203 1747 5235 ‹
1780 5182 1924 5248 Non,
1956 5184 2144 5252 inquit,
2178 5184 2232 5237 in
2259 5200 2394 5254 pane
2423 5190 2639 5244 tantum,
2669 5200 2687 5231 ›
2715 5187 2819 5234 etc.
2844 5178 2959 5233 Hoc
2980 5190 3073 5245 est,
3102 5183 3195 5236 etsi
3217 5200 3309 5254 ego
3339 5185 3583 5249 esuriam,

319 5278 457 5331 mihi
486 5284 674 5340 tamen,
708 5274 928 5340 diabole,
958 5293 1058 5331 non
1090 5293 1185 5330 esr
1214 5291 1561 5330 necesssmus
1591 5275 1761 5345 panis,
1789 5281 1893 5328 etc.
1924 5273 2151 5327 Homilia
2182 5287 2343 5342 porro
2361 5271 2452 5337 49,
2482 5283 2600 5340 pag.
2638 5267 2737 5322 154
2769 5286 2782 5321 :
2815 5268 3022 5340 Moyses
3052 5287 3155 5326 non
3187 5273 3412 5337 esui-ivit,
3446 5280 3501 5324 ut
3529 5274 3583 5326 in

319 5369 533 5422 homine
562 5367 738 5439 fragili
762 5377 969 5436 operata
1000 5366 1259 5419 Divinitas
1298 5366 1633 5436 probaretur;
1666 5381 1908 5420 ssvnmr
1939 5365 2036 5418 DEI
2064 5364 2262 5428 FILIUS,
2294 5378 2361 5416 ur
2392 5373 2747 5416 sssuur'nose
2775 5375 2959 5416 CARNIS
2986 5376 3201 5417 nosne:
3230 5377 3494 5417 manu.“
3524 5378 3583 5417 ss

312 5470 624 5513 SUSCEPISSE
654 5471 888 5510 nouunt-zu
929 5472 1262 5509 nevusnnr.
1298 5453 1447 5517 Quod
1488 5471 1590 5508 non
1639 5455 1797 5508 esurit
1832 5452 2074 5524 Moyses,
2107 5453 2334 5507 caelestis
2366 5459 2441 5504 est
2481 5449 2839 5519 possibilitatis
2885 5452 3207 5521 exemplum;
3244 5453 3379 5521 quod
3424 5453 3584 5505 esurit

310 5541 584 5604 Christus.
615 5552 808 5597 nostra:
834 5551 909 5596 est
937 5543 1301 5613 redemptionfs
1332 5550 1735 5596 sacramentum.
1768 5540 2085 5609 Hujusmodi
2120 5540 2373 5595 Dominus
2403 5539 2597 5610 peregit
2626 5539 2679 5593 in
2708 5556 2802 5596 sua
2832 5557 2986 5595 carne
3014 5542 3329 5612 mysterium,
3359 5549 3415 5594 ut
3449 5541 3585 5597 sicut

394 5720 480 5799 (α)
504 5724 716 5782 action.
749 5722 799 5791 5,
831 5737 948 5795 pag.
984 5719 1105 5789 455,
1138 5728 1265 5776 tom.
1298 5718 1343 5774 ll
1370 5717 1657 5775 Concilior.
1690 5717 1818 5775 edit.
1851 5717 2016 5776 Paris.

688 5742 716 5780 I.
749 5722 799 5791 5,
831 5737 948 5795 pag.
984 5719 1105 5789 455,
1138 5728 1265 5776 tom.
1298 5718 1343 5774 ll
1370 5717 1657 5775 Concilior.
1690 5717 1818 5775 edit.
1851 5717 2016 5776 Paris.
2051 5733 2137 5774 an.
2174 5716 2322 5773 1714.
