4138 6186
544 298 606 356 Si
1975 304 2353 361 PILEFATIO.
3726 315 3801 372 li!

547 413 685 470 Deus
706 432 816 470 esse
841 416 1029 472 divinis
1055 417 1325 473 virtutibus
1353 418 1603 481 creditur;
1635 433 1722 474 t'ra
1754 432 1820 472 ετ
1850 431 1991 474 nouo
2023 435 2158 485 esse,
2193 435 2616 476 mnaurnrmus
2645 433 3000 478 mcuoscnea
3028 437 3271 479 uuusms.
3310 420 3374 478 Et
3402 425 3521 479 hinc
3529 433 3634 505 εει
3661 429 3800 494 quod

545 505 779 560 Christus
817 523 883 561 ur
917 525 1059 563 nouo
1087 525 1290 575 esumr,
1322 522 1370 562 et
1400 510 1680 564 esurientes
1709 511 1874 581 pascit
1899 518 1955 561 ut
1983 508 2145 563 Deus.
2176 508 2317 562 Hinc
2344 509 2479 575 quod
2506 511 2757 582 fatigatur
2784 513 2986 578 itinere,
3018 521 3069 567 et
3096 513 3295 568 claudis
3341 515 3579 568 virtutem
3615 513 3798 567 tribuit

541 597 857 652 ambulandi.
885 596 1023 652 Ilinc
1050 602 1185 670 quod
1217 605 1400 654 oculos
1415 619 1534 656 suos
1562 603 1706 656 laxat
1750 604 1805 656 in
1831 600 2107 672 iacrymas,
2156 617 2207 656 et
2237 603 2543 658 mirabiliter
2570 606 2718 658 cacis
2751 607 3002 676 reformat
3053 607 3501 678 aspectum.~Hinc
3529 606 3663 678 quod
3696 621 3794 675 ap-

539 692 913 763 propinquante
943 702 1107 748 morte
1135 694 1390 758 tristatur,
1425 704 1474 748 et
1519 704 1778 748 mortuum
1815 693 2084 748 Lazarum
2129 695 2346 748 suscitat
2385 695 2452 747 de
2497 697 2751 766 sepulcro.
2783 695 2916 752 Hazc
2953 698 3156 763 omnia,
3198 700 3408 769 fratres,
3451 696 3698 750 Conditor
3726 713 3796 752 ac

543 784 852 854 Redemptor
879 792 1072 849 noster,
1103 793 1159 837 ut
1201 785 1335 837 Deus
1361 795 1411 838 et
1440 787 1590 840 homo
1619 789 1746 858 agit,
1785 801 1884 841 non
1910 801 2032 850 ours
2062 801 2214 841 nus
2249 801 2356 841 tua
2384 801 2636 842 usseraqu
2672 802 2984 844 usesssrrss
3011 805 3154 855 run,
3183 789 3275 844 sed
3303 791 3423 860 quia
3453 788 3556 841 tale
3583 788 3636 840 in
3663 789 3791 845 calo

535 877 659 930 etin
690 877 842 930 terris
868 875 1024 930 voluit
1045 892 1262 946 regnare
1289 879 1604 947 mysterium.
1634 870 1833 932 Eodem
1855 887 2102 948 spectant
2119 893 2238 946 qua:
2262 879 2573 948 complexus
2598 889 2682 934 est
2708 879 2926 934 humilia
2956 879 3074 943 l08,
3103 893 3224 949 pag.
3254 877 3359 932 557
3383 897 3394 931 :
3423 876 3560 942 Quid
3579 879 3788 944 mirum,

535 967 769 1034 fratres?
797 966 982 1035 inquit.
1017 965 1252 1020 Christus
1279 968 1414 1020 venit
1440 968 1699 1037 suscipere
1719 968 2050 1037 inﬁrmitates
2076 975 2282 1022 nostras
2317 976 2368 1020 et
2392 978 2515 1021 suas
2547 967 2691 1022 nobis
2731 969 2966 1039 conferre
2997 969 3242 1027 virtutes;
3283 966 3511 1020 humana
3538 982 3790 1035 qutt’rerc,

533 1063 782 1123 praestare
804 1057 1014 1121 divina;
1054 1058 1288 1125 accipere
1319 1055 1561 1124 injurias,
1598 1056 1813 1110 reddere
1838 1057 2154 1127 dignitates;
2184 1058 2320 1127 ferre
2348 1056 2526 1119 tardia,
2559 1058 2752 1127 referre
2778 1056 3144 1110 sanitates.....
3175 1053 3522 1110 Christus.....
3554 1055 3654 1108 nisi
3687 1056 3789 1108 im-

532 1149 717 1214 plesset
746 1151 920 1203 carnis
946 1152 1199 1217 ordinem,
1232 1154 1404 1206 carnis
1432 1153 1486 1205 in
1514 1152 1604 1204 illo
1631 1159 1764 1204 esset
1793 1153 1958 1205 otiosa
1985 1152 2258 1220 susceptio.
2292 1150 2548 1204 Sustinuit
2576 1165 2696 1221 ergo
2725 1151 2818 1202 has
2843 1149 3193 1213 necessitates,
3226 1157 3281 1202 ut
3318 1163 3461 1203 nouo
3491 1160 3656 1202 VERUS
3685 1148 3783 1199 hu-

533 1241 698 1294 manis
729 1241 1113 1296 necessitatibus
1143 1259 1504 1298 rnomnerun.
1535 1241 1650 1296 Jam
1679 1257 1809 1297 vero
1837 1253 2088 1295 sermone
2112 1240 2211 1305 42,
2241 1255 2364 1309 pag.
2393 1240 2516 1306 509,
2547 1241 2790 1295 ethnicos
2826 1239 3107 1295 refellens.
3148 1239 3242 1307 qui
3277 1237 3512 1306 objicere
3546 1238 3785 1294 solerent

535 1329 777 1386 timuisse
805 1330 1075 1388 Christum
1104 1353 1117 1387 :
1153 1333 1362 1398 Timuit,
1393 1334 1581 1402 inquit,
1613 1332 1867 1392 Christus,
1899 1331 1991 1386 sed
2017 1340 2073 1384 ut
2094 1327 2274 1385 timere
2293 1340 2382 1384 aut
2407 1331 2572 1397 vellet,
2602 1341 2692 1384 aut
2713 1339 2904 1400 posset,
2929 1329 2995 1383 de
3021 1331 3185 1384 nostri
3209 1329 3340 1383 illud
3365 1329 3594 1398 corporis
3621 1329 3774 1397 infir-

530 1419 706 1474 mitate
728 1424 971 1494 suscepit.
1015 1421 1146 1478 Inde
1172 1425 1310 1477 enim
1336 1424 1527 1489 timuit,
1556 1422 1692 1476 unde
1730 1429 1778 1476 et
1805 1422 2036 1485 esurivit,
2064 1420 2202 1475 unde
2233 1422 2396 1475 tristis
2423 1430 2558 1486 erat,
2585 1421 2723 1474 unde
2758 1421 3020 1485 dormivit,
3050 1419 3188 1475 unde
3213 1420 3406 1484 doluit,
3433 1419 3572 1473 unde
3610 1420 3771 1488 ﬂevit.

530 1510 667 1576 Quid
699 1515 794 1569 hoc
823 1517 900 1569 rei
925 1517 1041 1569 est?
1091 1516 1243 1570 Vides
1273 1515 1534 1570 Christum
1562 1517 1821 1570 timentem
1860 1517 2012 1582 mori,
2052 1525 2102 1570 et
2127 1533 2231 1571 non
2270 1517 2462 1588 aspicis
2489 1532 2605 1570 eum
2633 1517 2928 1587 triumphali
2957 1533 3112 1570 manu
3139 1517 3354 1587 captiva:
3385 1517 3566 1570 mortis
3604 1517 3774 1586 spolia

527 1599 918 1655 detrahentem?
953 1601 1160 1668 Quotus
1199 1611 1376 1658 autem
1417 1604 1644 1672 quisque
1676 1611 1778 1668 est,
1809 1605 1900 1672 qui
1926 1619 1997 1659 ex
2025 1604 2284 1659 hactenus
2323 1604 2499 1658 allatis
2526 1603 2745 1658 Maximi
2774 1605 2944 1659 nostri
2972 1605 3104 1660 locis
3141 1620 3248 1658 non
3270 1605 3428 1674 plane
3468 1606 3782 1675 perspiciat,

527 1707 780 1760 quorsum
823 1694 1189 1762 accipiendum
1236 1697 1305 1750 sit
1333 1699 1390 1750 τὸ
1421 1695 1618 1748 esurire
1643 1711 1698 1747 se
1722 1695 1932 1747 simulat
1958 1709 1986 1746 a
2028 1703 2216 1749 sancto
2243 1695 2497 1764 episcopo
2536 1709 2784 1750 sermone
2815 1693 2883 1748 15
2903 1735 2919 1760 ,
2958 1709 3080 1765 pag.
3113 1695 3252 1761 454,
3280 1697 3630 1766 usurpatum!
3661 1696 3778 1752 Non

530 1782 672 1835 enim
697 1783 783 1837 hic
803 1788 857 1839 τέ
881 1786 1090 1838 simulat
1118 1785 1310 1840 eodem
1338 1792 1497 1854 atque
1521 1787 1581 1840 τὸ
1602 1785 1753 1856 ﬁngit
1781 1782 2090 1840 revolvitur.
2114 1784 2233 1851 Quo
2254 1799 2484 1853 namque
2511 1784 2674 1840 modo
2699 1785 2943 1840 Christus
2967 1785 3204 1840 finxisset
3222 1785 3429 1839 esurire
3453 1800 3532 1850 se,
3562 1785 3776 1842 Maximi

526 1870 740 1938 quidem
771 1875 1058 1939 sententia,
1100 1875 1145 1928 si
1185 1873 1445 1928 Maximus
1473 1872 1588 1942 ipse
1617 1881 1804 1942 aperte
1830 1873 2008 1939 docet,
2040 1882 2152 1928 tam
2180 1890 2286 1928 non
2329 1871 2549 1928 finxisse
2583 1871 2884 1938 Christum,
2916 1882 2975 1928 ut
3003 1890 3062 1929 re
3088 1890 3219 1930 sane
3245 1890 3370 1931 vera
3400 1876 3629 1931 esuriem
3657 1893 3778 1947 per—

527 1977 714 2031 pessus
740 1963 917 2029 fuerit,
949 1965 1089 2020 haud
1120 1965 1197 2039 [ι]
1226 1980 1380 2020 secus
1409 1979 1473 2020 ac
1501 1964 1862 2018 lassitudinem
1891 1972 2051 2034 atque
2101 1964 2431 2020 maerorem?
2466 1963 2581 2030 Qua
2609 1964 2823 2033 quidem
2853 1965 2919 2020 de
2947 1980 3007 2020 re
3032 1964 3283 2031 conferri,
3313 1981 3433 2035 qua:
3461 1967 3622 2036 paulo
3651 1977 3779 2024 ante

525 2055 800 2124 descripsi,
836 2058 1138 2110 testimonia
1168 2057 1385 2113 Maximi
1410 2059 1650 2128 ejusdem
1679 2076 1948 2131 cuperem.
1981 2061 2076 2116 His
2103 2070 2282 2116 autem
2310 2062 2570 2116 accedunt
2595 2076 2714 2130 qua:
2739 2077 2868 2116 mox
2897 2059 3106 2128 addam,
3148 2069 3374 2131 qquue
3403 2062 3468 2116 ad
3497 2063 3774 2118 veritatem

525 2145 684 2214 plane
711 2146 1050 2217 persuadent,
1079 2163 1207 2202 vere
1243 2148 1375 2214 hznc,
1409 2150 1618 2219 aliaque
1645 2152 1859 2219 generis
1885 2152 2152 2221 ejusdem,
2183 2168 2287 2222 qua
2317 2152 2608 2225 hominem,
2655 2151 2936 2222 pertulisse
2963 2150 3254 2206 Christum.
3285 2153 3548 2208 Sermone
3587 2153 3682 2219 38,
3715 2155 3778 2210 de

529 2233 791 2308 Tempore,
823 2253 942 2308 pag.
977 2237 1078 2293 500
1103 2257 1114 2292 :
1153 2239 1421 2311 Nunquid,
1451 2241 1621 2311 inquit
1648 2241 1927 2309 Maximus,
1960 2246 2155 2316 frustra
2179 2246 2352 2316 vagire
2379 2242 2664 2316 (Christus)
2694 2245 2746 2299 in
2776 2245 2924 2298 cunis
2952 2243 3213 2298 volui”...
3249 2242 3498 2315 Nunquid
3517 2245 3785 2298 incassum
3881 2286 3886 2291 .

527 2330 816 2397 ﬂevit
844 2327 1094 2400 Nunquid
1121 2331 1283 2384 otiose
1311 2339 1515 2400 potatus
1543 2342 1688 2388 aceto
1706 2375 1720 2399 ,
1753 2335 1952 2389 cibatus
1977 2345 2055 2389 est
2083 2336 2348 2406 felle?.....
2382 2335 2632 2407 Nunquid
2660 2335 2833 2388 inanis
2859 2335 2971 2404 ejus
2997 2339 3074 2388 est
3098 2334 3425 2404 passio
3456 2333 3524 2388 Et
3550 2334 3666 2388 ideo
3691 2352 3773 2406 qut

527 2418 874 2472 crassitudine
895 2419 1123 2472 carnalis
1149 2419 1367 2488 ingenii,
1406 2422 1666 2489 passionis
1692 2423 1802 2491 ejus
1833 2427 2077 2492 mysteria
2104 2425 2533 2495 comprehendere
2572 2440 2676 2479 non
2704 2423 2970 2487 valemus;
2999 2437 3367 2477 cnenuu'n'n:
3398 2437 3584 2477 necne
3614 2437 3771 2487 nam,

525 2528 640 2573 una;
687 2527 1000 2576 rnes'rrrn,
1033 2528 1329 2565 remeamus.
1360 2510 1428 2565 Et
1454 2527 1614 2566 serm.
1645 2513 1733 2578 45,
1763 2529 1882 2583 pag.
1915 2513 2016 2566 512
2042 2533 2053 2566 :
2082 2516 2214 2568 Erat
2241 2516 2397 2568 simul
2429 2518 2483 2570 in
2514 2515 2720 2569 Christo
2751 2523 2798 2568 et
2825 2514 3093 2585 regnantis
3119 2513 3425 2576 dominatio,
3463 2522 3511 2567 et
3539 2515 3772 2567 ministe-

523 2602 657 2654 rium
679 2601 962 2654 servientis.
997 2598 1142 2653 Nam
1161 2617 1278 2654 cum
1303 2602 1358 2655 in
1387 2603 1556 2672 formo
1580 2600 1681 2655 Dei
1708 2610 1862 2667 esset,
1881 2612 1936 2655 ut
1964 2603 2111 2658 docet
2143 2603 2342 2658 Paulus
2371 2604 2656 2675 apostolus,
2691 2606 2914 2675 formam
2940 2605 3110 2658 induit
3131 2605 3406 2658 sentitutis.
3437 2601 3571 2656 Erat
3598 2620 3783 2657 revera

523 2691 573 2742 in
599 2692 770 2761 forma
798 2689 897 2744 Dei
923 2689 1176 2752 Christus,
1207 2706 1322 2744 cum
1349 2707 1538 2763 aquam
1565 2691 1618 2744 in
1648 2694 1766 2745 vina
1794 2686 2054 2756 vertendo,
2086 2701 2446 2748 creaturarum
2473 2710 2528 2747 se
2553 2709 2663 2746 esse
2686 2691 2969 2746 Dominum
2997 2692 3368 2747 revelabat.....
3402 2689 3468 2744 In
3490 2691 3658 2760 forma
3687 2704 3771 2743 aa.

521 2789 622 2832 tem
646 2781 778 2834 servi
805 2789 936 2846 erat,
963 2797 1080 2834 cum
1100 2782 1302 2836 itineris
1331 2784 1639 2855 fatigatione
1657 2785 1899 2850 lassatus,
1935 2786 2089 2839 veluti
2118 2787 2439 2856 requiescens
2463 2802 2617 2856 super
2641 2801 2698 2842 os
2723 2786 2860 2855 putei
2884 2783 3111 2838 sedebat.
3138 2782 3390 2838 Formam
3415 2783 3544 2836 servi
3565 2781 3768 2852 agebat,

495 2891 633 2931 -cum
660 2877 712 2929 in
741 2892 854 2929 eum
892 2876 1202 2930 insultantes
1239 2878 1387 2948 impii
1408 2878 1755 2933 sordidissimi
1781 2881 1890 2934 oris
1917 2880 1998 2933 sui
2024 2883 2349 2951 sputamenta
2374 2880 2705 2950 projicerent.
2755 2877 2906 2932 Servi
2946 2878 3173 2947 formam
3205 2881 3522 2944 susceperat,
3552 2887 3669 2925 cum
3697 2873 3768 2942 fa-

520 2966 649 3018 cient
679 2973 846 3029 sua’m,
879 2981 1030 3036 quam
1059 2966 1247 3019 intueri
1278 2965 1603 3021 credentibus
1624 2970 1802 3039 pavori
1823 2976 1954 3032 erat,
1983 2985 2015 3021 a
2036 2967 2225 3036 palmis
2252 2975 2300 3021 et
2329 2966 2512 3021 ictibus
2539 2965 2822 3020 ludentium
2846 2981 2951 3019 non
2980 2964 3161 3029 vertit;
3190 2971 3239 3016 et
3267 2962 3402 3034 quod
3423 2963 3518 3026 his,
3551 2961 3638 3032 qui
3660 2975 3768 3014 rere

517 3061 636 3105 sunt
665 3053 816 3116 servi,
847 3055 1044 3124 perpeti
1067 3063 1178 3107 erat
1212 3056 1583 3124 turpissimum,
1612 3057 1771 3110 etiam
1795 3057 2038 3125 scapulas
2065 3073 2208 3122 suos,
2235 3055 2415 3126 quibus
2439 3064 2624 3111 nostra
2650 3063 2857 3110 venerat
2893 3061 3102 3124 peccata
3129 3060 3358 3124 portare,
3398 3051 3768 3106 verberantium

517 3139 751 3195 manibus
790 3140 1195 3194 iuclinavit......
1232 3141 1434 3213 Itaque,
1465 3145 1677 3214 fratres,
1709 3161 1825 3198 cum
1851 3161 1986 3199 unus
2012 3145 2246 3217 idemque
2271 3145 2370 3199 Dei
2408 3144 2579 3200 Filius
2606 3146 2741 3199 mira
2768 3145 2966 3215 fecerit,
2998 3159 3200 3198 nr.an
3233 3157 3606 3206 rsuruuznrr;
3636 3157 3770 3195 unus

515 3229 748 3300 idemque
773 3239 884 3282 erat
908 3238 956 3283 et
985 3242 1175 3295 servus,
1199 3241 1248 3284 et
1275 3230 1550 3286 Dominus.
1587 3232 1770 3288 Totum
1794 3234 1950 3298 enim,
1981 3242 2036 3287 ut
2070 3233 2341 3298 Dominus,
2372 3244 2608 3305 poterat;
2637 3244 2686 3288 et
2710 3243 2871 3293 totum
2897 3232 3205 3304 patiebatur,
3235 3240 3291 3284 ut
3318 3247 3508 3285 servus.
3540 3230 3656 3286 Huc
3684 3245 3768 3286 ro-

517 3319 695 3375 cidunt
721 3335 840 3389 quae
867 3321 1006 3376 idem
1035 3321 1194 3376 docet
1215 3321 1474 3376 Maximus
1501 3337 1747 3378 sermone
1775 3324 1863 3387 57,
1896 3324 1959 3378 de
1982 3323 2248 3396 Tempore,
2281 3338 2400 3395 pag.
2435 3323 2540 3377 495
2566 3339 2680 3392 seq.
2719 3342 2731 3376 :
2758 3323 3027 3390 Suscepto,
3062 3319 3252 3387 inquit,
3278 3335 3434 3372 carne
3456 3319 3520 3371 de
3545 3319 3762 3387 virgine,

513 3419 577 3468 ne
604 3429 759 3485 quam
784 3415 838 3468 in
878 3432 998 3471 non
1026 3431 1243 3472 NOSTRE
1273 3427 1633 3473 courssswuts
1659 3434 1901 3474 uesuuu
1931 3434 2271 3484 raruneuun,
2299 3425 2405 3474 toto
2425 3417 2811 3488 prtedicationis
2851 3429 2959 3468 suis
2989 3422 3212 3483 tempore
3239 3425 3407 3464 verum
3438 3422 3492 3462 se
3510 3406 3770 3461 reuelabat

514 3507 697 3569 Deum,
728 3523 1039 3564 ruurscruu
1069 3524 1410 3564 osruunnun
1441 3525 1508 3563 er
1539 3525 1794 3565 noumeu.
1824 3508 2035 3562 FLEBAT
2063 3512 2268 3580 quippe,
2298 3499 2353 3562 ut
2383 3515 2560 3563 nostro
2587 3507 2765 3561 dolore
2811 3520 3078 3570 umentis;
3120 3503 3212 3558 sed
3239 3509 3293 3556 ut
3337 3517 3430 3555 suo
3459 3500 3642 3553 virtute
3669 3515 3760 3565 po-

513 3607 627 3653 tens
654 3599 932 3664 miseratus
955 3616 1206 3656 caecorum
1233 3599 1490 3666 tenebras,
1529 3601 1648 3654 huic
1675 3599 1893 3653 necdum
1917 3600 2170 3668 formatos
2201 3597 2422 3669 faciebat
2459 3597 2656 3660 oculos,
2683 3595 2760 3649 illi
2787 3593 3034 3648 reddebat
3061 3595 3284 3648 amissos
3311 3607 3330 3644 :
3359 3591 3610 3660 navigans
3648 3601 3762 3640 cunt

508 3690 772 3760 discipulis
793 3693 902 3744 suis
929 3707 1097 3747 δοκκο
1119 3709 1328 3748 uoums
1356 3707 1655 3746 DORIIEBAT
1681 3706 1735 3745 IN
1761 3703 1975 3755 PUPPIS;
2004 3688 2094 3742 sed
2125 3688 2343 3742 consciae
2363 3685 2654 3757 majestatis
2676 3685 2894 3754 imperio
2922 3683 3298 3752 insurgentium
3325 3680 3573 3747 [luctuum
3602 3676 3763 3728 moles

508 3783 829 3852 minacesque
847 3792 1020 3836 ventos
1047 3798 1230 3835 serena
1261 3785 1494 3851 protinus
1522 3781 1894 3850 tranquillitate
1920 3782 2343 3846 compescuit.....
2381 3778 2449 3830 Ut
2477 3775 2618 3828 Filio
2651 3774 2871 3827 hominis
2900 3771 3262 3842 ingerebantur
3290 3766 3551 3829 convicia;
3579 3763 3671 3818 sed
3704 3772 3761 3819 ut

505 3872 690 3938 ignara
715 3871 1006 3924 mortalitas
1025 3871 1346 3923 inostensam
1375 3869 1617 3922 credendi
1643 3869 1861 3922 disceret
1885 3869 2172 3932 veritatem,
2191 3867 2339 3938 quasi
2358 3867 2569 3919 unicum
2601 3863 2799 3917 Filium
2819 3878 2966 3915 suum
2995 3860 3155 3914 Pater
3175 3857 3528 3928 alloquebatur
3557 3873 3583 3908 e
3609 3856 3766 3942 calo.

507 3955 569 4008 Si
607 3972 735 4028 ergo
759 3956 946 4022 credis,
975 3972 1006 4012 ο
1035 3957 1214 4023 homo,
1239 3957 1454 4028 indigna
1481 3973 1596 4027 quae
1622 3955 1831 4026 pertulit
1858 3953 2112 4019 Christus,
2148 3971 2238 4008 cur
2264 3971 2366 4008 non
2394 3955 2561 4025 magis
2601 3952 2770 4007 credis
2807 3951 3047 4006 miranda
3085 3964 3198 4022 qua:
3234 3946 3509 4019 prazstitit?
3537 3945 3591 4000 Si
3623 3960 3758 4015 ergo

505 4058 607 4097 non
635 4045 848 4114 frustra,
874 4061 977 4099 non
1005 4045 1184 4109 otiose,
1210 4062 1314 4100 non
1350 4047 1628 4110 incassum,
1656 4062 1758 4100 non
1786 4047 2013 4099 inaniter
2032 4047 2186 4116 vagiit
2219 4046 2271 4098 in
2299 4047 2466 4111 cunis,
2502 4045 2661 4115 flevit,
2696 4052 2902 4114 potatus
2951 4050 3094 4096 aceto
3140 4038 3381 4094 Christus
3408 4052 3597 4092 revera
3626 4035 3744 4100 fuit,

506 4139 641 4188 teste
669 4133 922 4198 Max-imo,
947 4134 1244 4204 eodemque
1269 4134 1468 4190 fatente
1491 4149 1554 4190 ea
1582 4142 1875 4190 suntrectts
1893 4133 2017 4205 ﬁdei
2041 4134 2344 4189 credulitate
2371 4135 2647 4197 credendo,
2679 4149 2774 4189 cur
2801 4147 2906 4188 non
2935 4133 3081 4196 item,
3110 4128 3200 4184 illo
3228 4130 3343 4198 ipso
3372 4128 3531 4197 plane
3559 4141 3748 4181 assen-

505 4223 689 4288 tiente,
730 4211 1023 4279 tenendum
1060 4233 1215 4280 recta:
1254 4225 1378 4296 ﬁdei
1404 4225 1706 4279 credulitate
1731 4225 1854 4289 erit,
1883 4223 2140 4277 Christum
2166 4226 2431 4290 esuriisse,
2461 4237 2582 4278 cum
2608 4221 2827 4276 Maximi
2867 4221 3034 4290 ipsius
3069 4218 3141 4273 sit
3165 4217 3295 4272 satis
3336 4215 3617 4284 explorata
3648 4214 3752 4285 (ut

501 4332 661 4387 supra
681 4325 764 4374 est
785 4316 902 4388 ejus
922 4318 1098 4374 verbis
1125 4317 1549 4374 demonstratum
1579 4315 1676 4391 [ιι]
1697 4317 1983 4380 sententia,
2013 4332 2278 4372 maerorem
2305 4315 2522 4382 Christi,
2553 4323 2715 4384 atque
2739 4313 2875 4370 adeo
2901 4313 3104 4383 ﬂetum,
3146 4309 3336 4366 eodem
3381 4308 3566 4363 haberi
3604 4307 3743 4372 loco,

499 4417 662 4480 atque
682 4411 911 4466 esuriem
939 4411 1238 4481 oportere?
1266 4408 1517 4476 Rursum,
1544 4425 1613 4464 an
1641 4423 1771 4474 non,
1793 4407 2249 4476 defatigationem,
2280 4422 2376 4463 seu
2401 4406 2767 4463 lassitudinem
2788 4404 2988 4460 Christi
3012 4401 3202 4458 eodem
3232 4415 3350 4455 esse
3380 4414 3630 4462 numero,
3659 4404 3752 4450 at-s

498 4517 602 4573 que
622 4501 873 4566 esuriem,
904 4507 962 4555 ut
987 4499 1149 4570 paulo
1178 4507 1302 4554 ante
1324 4500 1569 4567 vidimus,
1601 4498 1864 4554 affirmat?
1890 4497 2028 4566 Quid
2055 4501 2159 4555 erit
2182 4500 2362 4570 igitur,
2389 4499 2534 4570 quod
2559 4497 2818 4569 suspicari
2844 4497 2964 4566 quis
2990 4495 3195 4566 possit,
3241 4501 3460 4548 auctore
3489 4490 3740 4555 Maximo,

496 4595 843 4664 defatigatum
872 4609 940 4648 ex
967 4593 1159 4647 itinere
1183 4590 1346 4646 fuisse
1373 4607 1561 4647 revera
1587 4590 1885 4658 Christum;
1916 4593 2238 4648 esurientem
2267 4599 2445 4647 autem
2471 4606 2577 4647 non
2607 4603 2793 4646 revera
2810 4626 2826 4652 ,
2866 4588 2961 4644 sed
2985 4587 3234 4641 simulate
3263 4584 3462 4638 fuisse?
3490 4581 3669 4648 Quid?
3697 4581 3744 4637 sit

499 4686 727 4740 Maximo
757 4693 910 4749 teste,
942 4680 1097 4752 ﬂebat
1121 4680 1373 4746 Christus,
1402 4689 1457 4734 ut
1476 4689 1652 4736 nostro
1681 4681 1857 4736 dolore
1881 4682 2136 4736 maerens?
2159 4679 2288 4744 Cur,
2317 4695 2449 4750 rogo
2467 4718 2484 4746 ,
2525 4679 2627 4735 nisi
2667 4687 2724 4732 ut
2762 4678 3042 4749 perfectum
3071 4692 3126 4729 se
3151 4673 3436 4729 ostenderet
3465 4671 3738 4734 hominem,

495 4791 557 4828 ne
577 4790 728 4845 quam
753 4775 808 4826 in
837 4772 940 4842 fide
966 4779 1157 4825 nostra:
1178 4770 1513 4840 confessionis
1533 4768 1772 4823 nebulam
1793 4779 2080 4841 pateremur
2099 4771 2124 4820 .9
2150 4769 2219 4824 Et
2256 4770 2562 4824 existimare
2588 4768 2709 4837 quis
2734 4766 2933 4836 poterit
2977 4779 3095 4819 eam
3142 4761 3380 4816 nebulam
3423 4759 3582 4813 fuisse
3617 4759 3745 4827 ﬁdel-

494 4869 683 4915 nostrce
710 4861 1020 4931 confessioni
1049 4857 1275 4915 offusam
1301 4856 1694 4925 ohductamque
1719 4872 1750 4911 a
1779 4857 2025 4923 Maximo,
2052 4865 2113 4915 ut
2143 4858 2396 4923 simulate,
2427 4872 2536 4912 non
2562 4870 2709 4922 vere,
2739 4856 2980 4908 esun‘isse
3007 4852 3274 4908 Christum
3315 4849 3560 4905 eumdem
3587 4847 3737 4900 dice-

494 4957 609 5015 ret;
634 4963 664 5002 a
692 4947 942 5015 Maximo,
974 4950 1210 5017 inquam,
1240 4947 1333 5016 qui
1359 4946 1499 5001 idem
1537 4959 1656 5000 esse
1691 4953 1954 5000 statuerat
1979 4947 2046 5001 de
2074 4963 2289 5002 maerore
2327 4945 2543 5010 Christi,
2574 4959 2638 4998 ac
2664 4943 2732 4998 de
2759 4944 2926 4997 esurie
2951 4939 3323 4996 sentiendum?
3352 4934 3535 5000 Nobis,
3568 4934 3735 5003 inquit

493 5040 583 5095 illc
613 5037 716 5108 (α),
743 5040 880 5104 vicit,
911 5042 995 5111 qui
1023 5041 1264 5111 dignatus
1291 5049 1368 5093 est
1394 5039 1588 5092 esurire
1615 5053 1709 5107 pro
1733 5037 1912 5103 nobis;
1956 5045 2011 5093 et
2055 5038 2217 5108 paulo
2249 5045 2371 5108 post
2401 5055 2413 5090 :
2447 5036 2701 5101 Christus,
2731 5044 2788 5088 ut
2815 5034 3068 5105 perditum
3095 5031 3451 5100 inﬁrmumque
3479 5026 3738 5079 hominem

491 5138 750 5188 revocaret
794 5129 864 5182 ad
905 5129 1068 5183 Deum
1094 5169 1109 5193 ,
1160 5145 1413 5197 usunmu,
1462 5127 1834 5193 lassitudinem,
1864 5142 2150 5192 maerorem,
2181 5135 2231 5181 et
2257 5128 2431 5182 omnia
2458 5127 2515 5180 in
2541 5142 2597 5179 se
2624 5125 2834 5178 humani
2861 5122 3090 5192 corporis
3127 5118 3334 5188 inﬁrma
3357 5115 3598 5184 suscepit.
3624 5115 3733 5183 Age

490 5237 636 5289 vero,
660 5219 954 5292 perfectum
983 5219 1254 5274 hominem
1283 5235 1402 5275 esse
1427 5218 1718 5282 Christum,
1739 5232 1861 5272 eum
1887 5214 1989 5272 fide
2017 5225 2263 5272 constare
2289 5214 2550 5268 Maximm
2576 5211 2822 5278 afﬁrmet,
2854 5222 3080 5278 cumque
3106 5220 3172 5260 ex
3197 5203 3443 5258 humanis
3467 5200 3731 5257 infirmita-

490 5314 633 5368 tibus
657 5310 774 5380 ejus
803 5308 1045 5378 dignosci
1073 5307 1460 5364 humanitatem
1489 5308 1836 5373 confiteatur;
1877 5321 2011 5375 quas
2037 5307 2251 5362 demum
2278 5306 2608 5374 inﬁrmitates
2635 5307 3019 5358 commemoret
3048 5297 3319 5352 videamus
3347 5312 3366 5348 :
3397 5293 3732 5364 Hujusmodi,

488 5402 676 5472 inquit,
705 5401 900 5471 peregit
919 5401 975 5452 in
997 5412 1091 5451 sua
1111 5411 1266 5450 carne
1284 5400 1601 5468 mysterium,
1632 5407 1689 5453 ut
1719 5399 1848 5452 sicut
1869 5395 2009 5451 Deus
2035 5411 2146 5451 esse
2170 5395 2357 5449 divinis
2377 5396 2629 5466 mysteriis
2648 5393 2891 5458 creditur,
2918 5393 2993 5446 ita
3024 5396 3075 5443 et
3101 5388 3252 5442 homo
3286 5401 3395 5440 esse
3418 5386 3728 5456 infirmitati-

491 5493 585 5546 bus
611 5493 946 5564 dignoscatur
973 5489 1231 5543 humanis.
1262 5488 1465 5554 Quibus
1493 5501 1692 5558 autent,
1723 5504 1932 5560 quieso,
1964 5485 2397 5558 inﬁrmitatibus?
2426 5485 2680 5556 Adjungit
2713 5499 2840 5541 mox
2881 5481 3144 5536 Maximus
3173 5497 3187 5533 :
3220 5477 3290 5533 Et
3330 5479 3446 5532 hinc
3487 5485 3562 5531 est
3597 5471 3730 5548 quod

554 5673 632 5745 (ri)
673 5672 801 5728 Vide
829 5671 986 5741 hujus
1015 5669 1148 5739 prrcl
1188 5684 1308 5741 pag.
1343 5685 1518 5722 xum.
1552 5711 1554 5716 .
