4138 6186
332 337 403 389 εὖ
447 346 459 357 ·
1769 324 1966 381 ΡηίΈῈ

1956 322 2143 378 uno.
3519 315 3554 372 5
3572 318 3590 369 ἱ

332 451 570 504 Christus
590 456 644 501 ut
671 448 823 502 homo
851 446 1025 499 esurit.
1053 444 1232 510 Quid?
1262 442 1647 497 Simulatamne
1687 438 1907 491 esuriem
1942 438 2226 507 quisquam
2252 433 2423 497 dicet,
2470 447 2587 488 eam
2634 447 2700 488 ex
2739 446 2842 503 qua
2874 429 3285 500 dignoscebatur
3330 443 3449 482 esse
3491 431 3601 488 lto—7

332 544 537 597 minem
566 540 882 595 Christum?
910 539 977 591 At
1000 537 1247 591 simulata
1275 536 1319 589 si
1347 543 1505 596 esset,
1537 533 1665 602 quid
1692 539 1937 597 restaret,
1971 530 2070 584 nisi
2100 535 2160 581 ut
2194 527 2317 581 ﬁcta
2359 527 2486 582 item
2517 540 2581 581 ac
2606 526 2898 588 simulata,
2936 538 3045 577 non
3090 537 3235 587 vera,
3279 529 3424 576 esset
3463 536 3591 578 ecu-

330 633 499 687 scnda
522 633 574 686 in
601 631 819 685 Christo
841 628 1191 682 humanitas?
1220 625 1357 691 Quid
1398 632 1577 679 autem
1622 638 1739 677 esse
1766 628 1945 691 potest
1970 621 2073 673 hoc
2102 618 2371 688 opinionis
2410 624 2655 671 monstro
2684 631 2803 671 cum
2834 614 3046 669 Maximi
3076 613 3319 667 doctrina
3346 626 3588 682 pugnau-

335 724 484 779 tius?
513 724 695 777 Manet
722 723 901 789 igitur,
933 735 1039 775 non
1070 720 1348 776 simulasse
1377 717 1607 772 esuriem
1631 715 1924 777 Christum,
1951 712 2045 767 sed
2071 726 2198 765 vere
2225 710 2493 773 esuriisse,
2527 707 2758 762 Maximo
2790 723 2894 761 non
2925 714 3062 760 teste
3091 705 3281 769 solum,
3313 704 3406 759 sed
3430 706 3588 758 etiam

337 816 688 886 praedicatore
713 830 776 869 ac
798 814 1027 868 vindice.
1059 812 1235 880 Roges
1257 827 1344 866 me
1370 827 1466 865 cur
1488 823 1617 877 ergo
1646 809 1905 861 Maximus
1932 807 2203 859 simulasse
2233 804 2502 860 Christum
2539 804 2767 857 esuriem
2806 801 3036 869 scripsit.
3072 801 3251 855 Dicam
3291 800 3539 855 brevibus
3573 817 3586 853 :

334 907 392 959 τὸ
422 904 708 967 simulasse,
742 911 801 955 ut
829 917 897 956 ex
924 901 1141 955 Maximi
1168 900 1405 967 ejusdem
1435 899 1589 953 dictis
1611 900 1750 951 inter
1775 912 1832 952 se
1855 895 2063 951 collatis
2091 896 2429 964 perspicitur,
2461 894 2648 949 eodem
2672 894 2926 959 recidere,
2951 910 3013 947 ac
3035 894 3279 947 retulisse
3299 891 3588 958 Christum,

334 1007 435 1047 seu
457 992 785 1059 expressisse
814 992 866 1044 in
891 1005 966 1055 se,
1000 998 1058 1043 ut
1086 990 1317 1053 homine,
1351 990 1580 1043 esuriem
1605 1004 1711 1042 non
1736 988 2085 1050 necessitate,
2120 985 2213 1039 sed
2242 987 2537 1041 voluntate.
2569 984 2816 1040 Voluisse
2862 986 3003 1039 enim
3048 987 3250 1040 esurire
3288 984 3587 1043 Christum;

335 1099 461 1139 cum
488 1092 669 1136 tamen
699 1083 746 1135 si
775 1082 1055 1143 noluisset,
1083 1097 1188 1135 non
1209 1081 1500 1145 esuriisset,
1534 1080 1741 1133 etiamsi
1772 1080 1836 1132 ad
1863 1093 2032 1132 annos
2060 1085 2342 1133 sexcentos
2365 1078 2625 1146 jejunium
2655 1079 3009 1148 produxisset.
3054 1078 3229 1145 Quare
3267 1077 3408 1146 quod
3438 1076 3593 1131 Chri-

336 1185 453 1231 stus
477 1174 745 1237 esurierit,
775 1172 938 1228 fuisse
971 1173 1059 1227 ille
1086 1173 1270 1227 scribit
1299 1191 1311 1224 :
1345 1189 1448 1226 non
1472 1172 1770 1243 fragilitatis
1790 1185 2066 1241 corporeae,
2098 1170 2188 1223 sed
2217 1168 2433 1223 caelestis
2482 1170 2663 1241 gratim
2700 1179 3093 1223 sacramentum.
3126 1167 3261 1235 Quin
3302 1170 3460 1222 etiam
3492 1166 3591 1220 ibi-

334 1250 450 1321 dem
475 1270 542 1321 de
567 1268 769 1323 Christo
791 1268 1067 1331 disserens,
1093 1282 1485 1332 vowuramsu,
1516 1264 1704 1332 inquit,
1725 1262 2012 1335 perferebat
2040 1263 2272 1316 esuriem.
2306 1259 2487 1327 Quid?
2516 1262 2558 1315 si
2590 1262 2680 1316 illo
2707 1262 2821 1330 ipso
2846 1262 2897 1315 iu
2923 1276 3168 1315 sermone
3193 1258 3285 1323 15,
3311 1274 3431 1329 pag.
3469 1255 3591 1315 454,

334 1361 425 1414 ubi
456 1354 730 1411 simulasse
756 1358 986 1411 esuriem
1015 1357 1282 1411 Christum
1311 1356 1457 1420 dicit,
1490 1363 1672 1425 aperte
1695 1354 1892 1408 indicet
1920 1352 2199 1418 Maximus,
2233 1354 2463 1409 voluisse
2486 1352 2757 1408 Christum
2782 1354 2951 1422 ipsum
2974 1354 3195 1416 esurire,
3226 1360 3283 1405 ut
3303 1351 3595 1415 diabolum,

336 1465 500 1521 quem
533 1450 732 1503 celarat
760 1448 1183 1502 incarnationem
1209 1461 1379 1512 suam,
1411 1445 1688 1500 confusum
1715 1459 1745 1497 a
1775 1459 1832 1497 se
1860 1450 2271 1512 superatumque
2299 1442 2636 1511 depelleret?
2668 1440 2735 1495 Ut
2758 1440 3034 1506 diabolum,
3061 1441 3260 1509 inquit,
3289 1455 3434 1510 quem
3456 1438 3595 1508 jeju-

337 1541 517 1595 nando
539 1541 652 1611 jam
680 1542 890 1601 vicerat,
919 1540 1103 1591 iterum
1132 1550 1421 1591 escarum
1442 1536 1697 1590 sollicitet.
1732 1533 1890 1604 Spem
1917 1535 2052 1587 enim
2080 1532 2159 1585 illi
2182 1524 2556 1603 congrediendi
2599 1548 2664 1585 ex
2700 1532 3002 1600 inﬁrmitate
3041 1531 3193 1602 famis
3221 1526 3594 1601 quodammodo

337 1631 541 1695 tribuit,
564 1638 613 1683 et
642 1628 761 1680 dum
786 1627 936 1680 veluti
960 1636 1139 1681 contra
1160 1624 1459 1680 imberillem
1480 1625 1826 1696 congreditur,
1859 1625 2127 1694 gloriosius
2151 1633 2432 1694 superetur.
2460 1621 2508 1675 Η
2517 1640 2589 1677 ωε
2616 1631 2691 1677 est
2719 1624 2853 1677 enim
2874 1640 2989 1676 vera
3012 1624 3239 1685 victoria,
3267 1619 3381 1692 [ιιι]
3403 1629 3458 1672 ut
3478 1620 3595 1689 quia

340 1721 511 1773 Adam
536 1721 896 1784 immortalem,
928 1704 1289 1790 gloriosum'et
1313 1720 1600 1789 epulantem
1639 1717 1980 1781 subverterat;
2014 1734 2147 1771 nunc
2184 1716 2248 1769 ab
2288 1717 2491 1770 homine
2514 1717 2751 1781 mortali,
2797 1716 2976 1770 humili
3006 1716 3081 1785 (a)
3113 1725 3261 1784 atque
3302 1728 3595 1766 ESURIENTE

343 1811 595 1862 vincatur.
627 1808 851 1861 Gemens
871 1809 1007 1861 enim
1027 1808 1331 1861 esurientem
1359 1805 1612 1871 diabolus,
1639 1806 1895 1860 hominem
1923 1813 2088 1875 putat,
2119 1805 2316 1859 dubitat
2338 1804 2659 1860 Salvatoer
2682 1847 2695 1871 ,
2738 1816 2787 1860 et
2812 1807 2927 1860 ideo
2968 1807 3076 1857 ait:
3109 1802 3169 1857 Si
3205 1801 3371 1855 Filius
3398 1801 3493 1855 Dei
3520 1818 3595 1864 es,

341 1900 429 1952 dic
450 1900 610 1969 lapidi
641 1900 756 1952 huic
776 1908 829 1951 ut
850 1900 946 1969 fiat
962 1902 1178 1966 panis...
1212 1898 1598 1968 Suspicabatur,
1640 1901 1869 1970 inquam,
1912 1900 2080 1965 ipsum
2119 1916 2228 1952 esse
2266 1896 2542 1963 Christum,
2575 1915 2687 1951 cum
2715 1897 3008 1967 postulabat
3033 1905 3088 1949 ut
3115 1897 3178 1951 de
3207 1896 3379 1966 lapide
3415 1911 3601 1965 panem

340 1991 562 2060 faceret;
592 1990 682 2041 sed
706 1989 918 2057 putabat
940 1989 1290 2042 tantummodo
1310 1989 1475 2042 solum
1500 1988 1773 2050 hominem,
1800 2003 1911 2039 cum
1939 2001 2269 2041 usumsureu
2293 2002 2539 2041 vrneusr.
2565 1985 2807 2041 Salvator
2827 1994 2997 2039 autem
3019 1987 3291 2039 versutiam
3320 1988 3430 2056 ejus
3470 1985 3599 2038 mira

341 2082 674 2150 responsione
702 2081 1121 2134 condemnat.....
1154 2079 1438 2149 Respondit
1458 2097 1579 2150 ergo
1600 2080 1717 2133 illi:
1748 2077 1871 2132 Non
1892 2080 1946 2131 in
1968 2080 2075 2131 solo
2106 2096 2240 2147 pane
2264 2081 2380 2131 vivit
2406 2080 2576 2142 homo,
2619 2080 2709 2132 sed
2744 2081 2795 2131 in
2828 2081 2963 2131 omni
3008 2076 3156 2131 verbo
3197 2076 3312 2130 Dei.
3346 2075 3461 2130 Hoc
3500 2086 3596 2135 est,

341 2188 443 2225 non
484 2173 539 2223 in
577 2188 714 2241 pane
753 2180 981 2235 terreno,
1026 2187 1127 2223 non
1167 2170 1423 2223 materiali
1477 2172 1588 2224 cibo
1612 2211 1626 2233 ,
1667 2187 1763 2241 quo
1791 2169 1956 2221 Adam
1994 2171 2212 2237 primunt
2242 2169 2511 2239 deccpisti,
2542 2170 2633 2222 sed
2662 2171 2713 2221 in
2738 2169 2882 2221 verbo
2912 2169 3051 2236 ,Dei,
3094 2170 3147 2221 in
3188 2186 3285 2239 quo
3320 2178 3439 2221 sunt
3482 2170 3597 2221 vita:

342 2261 593 2312 alimenta
624 2259 859 2313 caelestis.
904 2258 1123 2311 Verbum
1157 2268 1326 2311 autem
1356 2258 1454 2312 Dei
1482 2258 1713 2313 Christus
1743 2268 1817 2312 est
1845 2258 2121 2318 Dominus,
2160 2267 2261 2313 etc.
2301 2258 2405 2312 Sed
2435 2258 2500 2311 de
2531 2274 2654 2313 vera
2693 2257 2887 2312 Christi
2929 2260 3105 2315 esurie
3133 2268 3256 2329 post
3283 2260 3593 2314 diuturnum

341 2352 697 2423 quadraginta
724 2351 929 2405 dierum
963 2350 1221 2419 jejunium
1239 2392 1253 2416 ,
1293 2352 1422 2405 satis
1449 2351 1648 2404 dictum
1678 2366 1743 2404 ex
1772 2350 2033 2404 sententia
2062 2349 2275 2402 Maximi
2305 2359 2406 2403 est.

415 2443 525 2497 VII.
564 2441 714 2496 Nune
740 2442 809 2496 de
837 2444 1043 2497 ueteris
1071 2442 1336 2513 mysteriis
1366 2440 1667 2495 Servatoris
1695 2440 1891 2493 Christi
1921 2455 2134 2509 pergam
2159 2453 2337 2506 agere.
2369 2438 2487 2492 Jam
2517 2449 2697 2493 natum
2729 2440 2901 2509 ipsum
2931 2454 2997 2494 ex
3027 2436 3212 2502 Maria,
3246 2439 3398 2507 cujus
3428 2438 3593 2507 origi-

345 2536 485 2593 nalis
504 2534 662 2589 fuerit
689 2535 879 2602 gratia,
903 2549 1126 2603 qumque
1153 2534 1305 2602 virgo
1333 2542 1457 2588 ante
1488 2541 1718 2602 partum,
1744 2534 1795 2585 in
1822 2540 1976 2602 partu
1999 2549 2061 2587 ac
2086 2540 2207 2602 post
2239 2541 2448 2601 partum
2472 2531 2657 2600 fuerit,
2691 2532 2950 2588 Maximus
2978 2534 3174 2605 ubique
3202 2535 3475 2604 prtedicat.
3508 2533 3599 2588 At~

343 2644 451 2699 que
476 2636 555 2682 est
583 2628 701 2695 ejus
729 2626 953 2680 illustris
976 2626 1126 2680 locus
1154 2625 1220 2679 de
1250 2624 1495 2693 originali
1523 2624 1690 2692 gratia
1723 2623 1898 2677 Mariae
1928 2624 1977 2677 in
1998 2623 2217 2678 homilia
2243 2620 2292 2687 5,
2326 2636 2445 2691 pag.
2472 2622 2560 2676 18.
2583 2623 2671 2678 Sic
2693 2633 2868 2678 autem
2897 2625 2939 2677 is
2960 2624 3106 2678 locus
3128 2624 3289 2678 habet
3315 2642 3325 2676 :
3355 2623 3601 2677 Idoneum

345 2721 496 2789 plane
523 2716 696 2769 Maria
725 2716 926 2769 Christo
956 2714 1318 2777 habitaculum,
1353 2732 1453 2768 non
1482 2732 1573 2784 pro
1604 2714 1777 2767 habitu
1804 2715 2052 2783 corporis,
2076 2713 2165 2766 sed
2186 2730 2279 2782 pro
2303 2714 2471 2783 gratia
2497 2714 2758 2783 originali.
2786 2713 2851 2767 Et
2876 2715 2927 2768 in
2950 2714 3169 2769 homilia
3191 2713 3279 2781 45,
3308 2731 3430 2785 pag.
3466 2714 3565 2768 158
3587 2733 3599 2768 :

345 2811 483 2874 Quin
513 2809 700 2878 potius,
733 2809 918 2877 inquit,
950 2809 1115 2877 ipsam
1140 2806 1366 2860 Mariam
1388 2824 1581 2859 manna
1608 2808 1847 2869 dixerim,
1881 2807 2001 2876 quia
2027 2812 2100 2859 est
2131 2804 2350 2867 subtilis,
2380 2806 2645 2875 splendida
2664 2849 2675 2867 ,
2707 2810 2877 2862 suavis
2906 2817 2953 2861 et
2982 2809 3150 2878 virgo;
3180 2825 3292 2879 quw
3320 2808 3471 2862 veluti
3500 2825 3599 2862 co:-

338 2901 463 2953 litus
485 2900 690 2951 ueniens
720 2900 915 2951 cunctis
937 2896 1291 2951 Ecclesiarum
1311 2898 1511 2967 populis
1533 2895 1698 2950 cibum
1722 2897 1998 2952 dulciorem
2019 2896 2167 2951 melle
2189 2897 2423 2967 deﬂuxit,
2450 2915 2593 2969 quem
2623 2901 2706 2971 qui
2734 2901 2884 2953 edere
2904 2909 2952 2952 et
2972 2901 3283 2955 manducare
3303 2902 3601 2973 neglexerit,
3686 2880 3695 2887 θ

337 2994 503 3042 citam
532 2992 585 3041 in
617 2991 888 3059 semetipso
916 2990 1101 3043 habere
1122 3005 1223 3043 non
1246 2990 1451 3059 poterit.
1476 2988 1553 3042 De
1580 2987 1761 3042 Maria:
1789 3004 1950 3057 porro
1977 2988 2283 3056 virginitate
2311 2988 2598 3043 sic’statuit
2625 2990 2843 3045 homilia
2874 2988 2923 3057 5,
2950 3004 3071 3060 pag.
3098 2991 3163 3043 17
3191 3006 3340 3060 seqq.
3371 3010 3383 3045 :
3416 2989 3601 3044 Nasci‘

340 3095 429 3136 tur
454 3081 596 3134 salus
619 3082 845 3133 omnium
867 3079 1116 3144 Christus,
1141 3097 1287 3151 quem
1315 3096 1485 3150 regem
1511 3081 1734 3151 gentium
1761 3080 2021 3150 prephette
2041 3088 2322 3143 testantur;
2353 3082 2583 3135 nascitur
2614 3098 2678 3135 ea:
2716 3083 2938 3152 virgine,
2977 3083 3111 3135 sicut
3154 3081 3323 3136 Isaias
3354 3082 3604 3145 declarat,

338 3177 521 3241 piceus
541 3193 557 3227 :
576 3173 709 3227 Ecce
738 3176 878 3243 virgo
904 3177 1173 3245 concipiet,
1204 3184 1253 3227 et
1273 3176 1437 3245 pariet
1458 3175 1641 3245 filium,
1667 3183 1717 3228 et
1744 3175 1993 3227 vocabunt
2014 3191 2198 3229 nomen
2219 3176 2328 3246 ejus
2358 3156 2667 3230 Emmanuel
2684 3218 2697 3241 ,
2731 3176 2864 3249 quod
2893 3187 2970 3231 est
3004 3178 3394 3247 interpretatum
3436 3176 3602 3230 nobis~

342 3282 461 3318 cum
497 3264 655 3318 Deus.
678 3266 889 3340 Probat
923 3283 1044 3337 ergo
1084 3268 1345 3320 veritatem
1375 3266 1586 3320 Domini
1615 3266 1741 3320 ordo
1772 3267 2035 3319 nascendi.
2068 3266 2309 3337 Concepit
2336 3269 2479 3338 virgo
2502 3268 2660 3322 virilis
2687 3269 2873 3340 ignara
2904 3271 3184 3333 consortii;
3224 3270 3462 3339 impletur
3497 3279 3605 3322 ute—

343 3372 437 3407 rus
464 3356 606 3408 nullo
631 3338 819 3409 libatus
849 3358 1122 3425 amplexu;
1152 3366 1202 3409 et
1223 3356 1727 3425 Spiritum'sanctum
1754 3364 1925 3409 castus
1954 3364 2127 3409 venter
2148 3360 2380 3426 excepit,
2426 3360 2572 3429 quem
2600 3376 2730 3429 pura
2758 3360 2982 3413 membra
3023 3370 3325 3426 servarunt,
3366 3363 3609 3415 innocens

312 3460 317 3469 ‘
346 3464 537 3515 corpus
565 3449 739 3517 gessit.
781 3447 959 3513 Videte
984 3450 1287 3502 miraculum
1314 3449 1493 3500 matris
1520 3446 1825 3501 Dominicaz.
1857 3448 2023 3502 Vlaco
2053 3463 2148 3503 usr
2179 3464 2282 3503 cun
2309 3464 2567 3515 coxcmr,
2610 3465 2764 3504 vmoo
2807 3467 2909 3503 ceu
2954 3463 3237 3517 murumr,
3286 3467 3439 3506 meo
3480 3467 3608 3506 rosr

358 3555 587 3617 murrea.
622 3538 859 3594 Gloriosa
880 3542 1148 3612 virginitas
1177 3551 1226 3594 et
1246 3540 1500 3609 praeclara
1523 3539 1850 3611 fecunditas!
1885 3539 2058 3593 Virtus
2091 3539 2265 3592 mundi
2294 3542 2553 3604 nascitur,
2604 3553 2657 3593 et
2692 3538 2863 3593 nullus
2891 3550 2968 3593 est
3003 3543 3219 3611 gemitus
3256 3544 3605 3611 parturientis.

366 3627 630 3682 Vacuatur
654 3641 845 3694 uterus,
878 3630 1053 3701 infans
1081 3633 1351 3701 excipitur,
1372 3647 1465 3685 nec
1486 3632 1753 3701 virginitas
1782 3630 2019 3686 violatur.
2050 3629 2116 3683 Et
2142 3631 2359 3685 homilia
2385 3633 2433 3695 7,
2468 3646 2586 3700 pag.
2615 3633 2678 3683 ‘2l
2709 3648 2821 3701 seq.
2852 3650 2863 3683 :
2890 3630 3144 3697 Gentiles,
3178 3633 3348 3699 inquit
3375 3634 3449 3700 (ut
3477 3649 3611 3685 nunc

357 3717 624 3773 hereticos
639 3718 989 3787 seponamus),
1013 3719 1304 3773 carnalibus
1324 3720 1635 3789 argumentis
1658 3719 1894 3781 hebetati,
1919 3719 2086 3771 adhuc
2107 3728 2347 3771 recusant-
2361 3720 2569 3772 cretlere
2586 3735 2649 3772 ea:
2669 3721 2862 3790 virgine
2881 3720 3028 3774 nasci
3046 3722 3273 3788 potuisse
3295 3720 3609 3792 (Christum)

354 3818 403 3862 et
430 3810 748 3863 sacerdotem
770 3812 871 3864 ista
891 3810 1153 3865 docentem
1173 3810 1504 3864 irrident.....
1540 3810 1725 3863 Verum
1744 3826 1980 3881 quamam
2002 3811 2109 3864 haec
2136 3819 2213 3864 est
2239 3810 2562 3880 prudentium
2586 3810 2736 3880 hujus
2765 3810 2939 3864 swculi
2967 3813 3123 3864 stulta
3148 3812 3380 3865 doctrina
3397 3855 3410 3876 ,
3444 3814 3612 3867 dicam

356 3901 547 3970 potius,
586 3903 795 3955 insania
815 3904 840 3955 ?
862 3902 1066 3955 credere
1098 3901 1263 3955 Deum
1298 3901 1560 3955 mirabilia
1585 3902 1863 3972 aliquando
1893 3902 2102 3972 fecisse,
2139 3902 2310 3971 facere
2342 3902 2498 3954 etiam
2539 3909 2588 3954 et
2610 3917 2776 3966 nunc;
2810 3903 2862 3954 in
2901 3904 3252 3957 sacratissima
3291 3913 3455 3956 autem
3487 3900 3615 3956 Filii

357 3988 493 4059 [tau]
522 3991 601 4042 sui
622 3990 833 4044 Domini
855 3993 1017 4045 nostri
1039 3993 1324 4056 nativitate,
1357 4008 1421 4045 ea:
1449 3994 1645 4062 virgine
1668 3993 1721 4045 id
1751 3993 1893 4045 nullo
1921 3992 2073 4045 modo
2102 3993 2328 4061 potuisse
2352 3994 2637 4061 praestare?
2670 3991 2771 4047 Ille
2789 3995 2925 4048 enim
2963 3995 3198 4066 idemque
3230 3996 3388 4062 Deus,
3414 3998 3499 4067 qui
3518 4013 3614 4049 cae~

359 4080 462 4131 lum
483 4088 635 4149 atque
667 4082 817 4134 ctelos
855 4082 1091 4134 caelorum
1109 4122 1122 4145 ,
1161 4082 1364 4151 singula
1392 4084 1548 4136 etiam
1576 4099 1690 4154 qua:
1710 4086 1764 4137 in
1790 4085 1860 4136 eis
1888 4092 2025 4146 sunt,
2070 4084 2243 4136 divina
2271 4093 2382 4137 arte
2407 4083 2688 4154 aliquando
2717 4087 2909 4139 creavit
2943 4103 3008 4139 ea:
3032 4089 3193 4142 nihilo
3214 4129 3226 4141 .
3245 4128 3257 4140 .
3281 4130 3293 4141 .
3317 4129 3329 4140 .
3355 4130 3397 4156 .,
3429 4090 3515 4143 ille
3543 4100 3616 4143 est

358 4169 443 4237 qui
464 4170 650 4238 virgini
673 4178 875 4237 partum
896 4170 1039 4223 dedit
1057 4179 1104 4223 et
1131 4170 1375 4224 sobolem.
1419 4171 1479 4225 Si
1504 4171 1667 4225 Deum
1689 4174 1870 4237 credis,
1895 4174 2074 4227 etclam
2098 4215 2111 4239 ,
2144 4173 2299 4227 solem
2318 4215 2331 4239 ,
2363 4175 2540 4227 stellas
2560 4177 2781 4230 condere
2810 4180 3031 4246 potuisse
3059 4195 3122 4231 ea:
3148 4181 3310 4233 nihilo
3329 4222 3342 4233 .
3367 4222 3379 4235 .
3401 4222 3413 4234 .
3440 4222 3451 4235 .
3468 4222 3481 4246 ,
3527 4197 3617 4234 cur

359 4258 505 4310 illum
534 4260 747 4311 intacta:
774 4260 959 4329 virgini
986 4261 1149 4329 ipsius
1175 4259 1272 4313 Dei
1303 4270 1547 4331 operante
1574 4262 1757 4314 virtute
1784 4262 1908 4314 dare
1945 4277 2048 4315 non
2087 4264 2312 4331 potuisse
2356 4262 2658 4315 contendis?
2706 4260 2835 4325 Qum
2879 4267 3015 4317 enim
3058 4270 3228 4336 major
3256 4271 3616 4338 omnipotentis

363 4351 456 4402 Dei
487 4351 646 4403 virtus
675 4352 792 4416 erit,
824 4359 1007 4403 cuncta
1032 4368 1146 4422 quae
1174 4353 1227 4404 in
1255 4352 1395 4405 caelis
1419 4359 1469 4405 et
1488 4354 1541 4405 in
1564 4352 1753 4405 mundo
1782 4353 1915 4405 videt
1941 4354 2191 4406 creavisse
2210 4368 2274 4405 ea:
2300 4352 2479 4415 nihilo,
2505 4362 2593 4405 aut
2612 4354 2666 4405 in
2696 4355 3013 4408 intemerata:
3041 4358 3252 4426 virginis
3281 4368 3444 4419 utero,
3477 4361 3617 4413 nullo

362 4442 682 4510 prarcedente
722 4442 922 4495 carnali
969 4444 1256 4514 complexu,
1302 4446 1558 4498 hominem
1597 4444 1810 4497 creare?
1837 4452 1944 4497 etc.
1987 4441 2184 4496 Confer
2214 4444 2481 4496 homiliam
2506 4444 2558 4507 8,
2589 4459 2710 4513 pag.
2744 4444 2831 4508 ‘24,
2859 4456 2910 4498 et
2938 4445 3123 4499 homil.
3151 4445 3201 4510 9,
3236 4461 3354 4514 pag.
3379 4445 3448 4498 21
3478 4463 3614 4515 seq.,

361 4541 417 4585 ct
444 4533 633 4587 homil.
667 4533 752 4595 11,
786 4548 907 4602 pag.
941 4534 1009 4587 50
1034 4550 1182 4603 seqq.
1204 4576 1219 4601 ,
1268 4542 1323 4590 et
1350 4537 1534 4590 homil.
1566 4535 1651 4599 12,
1690 4549 1811 4605 pag.
1848 4535 1914 4589 54
1936 4550 2051 4603 seq.
2072 4574 2085 4598 ,
2135 4543 2189 4588 et
2219 4535 2401 4588 h‘omil.
2435 4534 2518 4599 14,
2552 4549 2671 4605 pag.
2701 4535 2768 4590 59
2796 4554 2908 4606 seq.
2929 4580 2941 4601 ,
2976 4546 3025 4592 et
3057 4538 3240 4593 homil.
3267 4538 3349 4604 15,
3381 4552 3499 4607 pag.
3531 4539 3617 4602 4‘2,

365 4633 423 4677 et
447 4623 638 4677 homil.
671 4622 757 4689 20,
791 4637 911 4693 pag.
946 4623 1032 4690 55,
1065 4634 1120 4679 et
1159 4627 1342 4680 bomil.
1391 4626 1479 4690 2‘2,
1512 4640 1635 4696 pag.
1667 4625 1752 4689 62,
1785 4640 1892 4693 quo
1919 4626 2076 4679 loco:
2130 4623 2327 4687 Novus,
2365 4625 2573 4692 inquit,
2625 4626 2827 4694 quidem
2865 4628 3015 4680 homo
3053 4628 3104 4679 in
3150 4637 3371 4696 tempore
3393 4668 3407 4691 ,
3438 4627 3529 4680 sed
3557 4625 3618 4677 ab

362 4725 559 4770 esterno
587 4715 761 4781 Deus;
793 4733 950 4771 novus
990 4719 1193 4787 quidem
1232 4717 1483 4784 Christus,
1526 4719 1617 4773 sed
1659 4718 1911 4772 Dominus
1951 4718 2180 4773 omnium
2208 4718 2531 4772 surculorum.
2574 4717 2746 4773 Hodie
2785 4718 3075 4772 beatissima
3112 4719 3204 4773 illa
3262 4719 3414 4790 Virgo
3448 4721 3620 4775 Maria

365 4808 564 4877 peperit
591 4807 867 4869 hominem,
896 4824 1043 4878 quem
1072 4824 1174 4861 non
1199 4810 1419 4879 suscepit
1447 4808 1510 4861 ab
1538 4809 1745 4862 homine
1769 4816 1815 4860 et
1840 4822 1954 4876 qua:
1988 4816 2108 4859 ante
2135 4815 2337 4876 partum
2374 4807 2621 4860 inviolata
2660 4808 2800 4877 virgo
2822 4809 3118 4877 permansit.
3163 4806 3314 4860 Ridet
3346 4810 3473 4861 tanti
3497 4827 3621 4879 pro-

366 4896 677 4969 funditatem
704 4896 937 4965 mysterii
964 4910 1098 4949 caeca
1123 4905 1171 4949 et
1197 4896 1354 4949 stulta
1394 4897 1683 4966 gentilitas;
1726 4896 1908 4949 irridet
1927 4910 2120 4966 quoque
2147 4896 2305 4963 impia
2333 4895 2424 4947 illa
2450 4894 2764 4965 blasphemia
2785 4911 2896 4963 qua:
2917 4896 3257 4964 superioribus
3282 4899 3474 4965 diebus,
3502 4900 3622 4955 dum

363 4998 575 5060 partum
603 4988 814 5057 virginis
845 4996 1111 5040 attenuare
1150 4990 1479 5057 praesumpsit
1524 4997 1673 5058 atque
1701 5003 2043 5053 corrumpere,
2076 4985 2337 5040 Christum
2359 4987 2639 5041 Dominum
2667 5005 2730 5041 ea:
2752 4989 2945 5057 virgine
2971 4993 3233 5056 procreari
3262 5008 3363 5045 non
3393 4996 3622 5063 potuisse

367 5080 761 5150 blasphemauit.
803 5078 853 5131 Η
859 5096 956 5132 anc
976 5088 1159 5132 sancta
1181 5080 1554 5133 Mediolanensi
1584 5079 1819 5133 Ecclesia
1842 5080 2037 5131 horruit
2057 5079 2458 5149 blasphemiam;
2478 5080 2624 5133 illam
2645 5078 2910 5148 synodalis
2931 5087 3103 5132 noster
3122 5097 3223 5136 uno
3250 5099 3339 5137 ore
3361 5085 3621 5139 damnavit

368 5176 679 5234 conventus;
727 5169 957 5222 eamdem
1000 5178 1265 5223 exsecrata
1309 5180 1386 5223 est
1422 5171 1510 5239 pia
1550 5172 1664 5239 ipsa
1704 5171 1985 5241 imperialis
2025 5178 2271 5240 potestas.
2314 5170 2514 5225 Etenim
2545 5172 2662 5223 dum
2698 5171 2983 5225 venerabile
3007 5173 3308 5229 connubium
3342 5178 3622 5247 virginitati

368 5276 528 5313 auws
564 5267 640 5314 est
685 5275 905 5329 arguare,
956 5256 1215 5312 Christum
1261 5261 1602 5331 blasphemat,
1651 5277 1717 5314 ex
1757 5276 1967 5315 vinem
2014 5275 2113 5314 non
2165 5276 2410 5314 POTUISSE
2462 5274 2749 5322 GENERAM;
2799 5274 2903 5313 cun
2950 5277 3156 5317 NEGABE
3186 5280 3284 5318 non
3317 5280 3523 5318 suos”
3555 5282 3619 5318 ex

366 5363 606 5403 uectem:
629 5389 644 5413 ,
696 5363 867 5402 EDITIS
912 5362 1233 5402 uuusxouuu
1262 5363 1522 5404 rlououuu
1553 5364 1838 5412 PABTUBUS,
1888 5364 2128 5403 VIRGINES
2174 5365 2505 5403 resumens.
2557 5348 2690 5401 Sunt
2719 5348 2831 5403 haec
2861 5351 2943 5413 iis,
2978 5368 3096 5420 qum
3125 5350 3363 5424 synoda’li
3396 5357 3620 5424 epistola

375 5446 596 5499 concilii
648 5443 1058 5500 Mediolanensis
1103 5446 1392 5513 provinciae
1422 5446 1679 5500 adversus
1707 5443 2043 5499 Iovinianum
2076 5442 2496 5514 Symmistasque
2524 5444 2895 5513 continentur,
2930 5448 3086 5516 plane
3117 5464 3373 5504 consona.
3407 5452 3538 5506 Nam
3573 5454 3623 5507 in

414 5714 417 5717 _
453 5642 538 5720 la).
579 5640 708 5720 Vide
730 5643 1293 5720 sanctum‘Augustin.3
1324 5642 1636 5720 serm.__|55_,
1663 5642 1730 5720 al_.
1766 5642 1860 5703 41.
1883 5642 1949 5697 de
2057 5658 2142 5720 an.
2179 5643 2330 5696 1700.
2366 5644 2514 5720 Mitto
2536 5655 2755 5700 cmtercs
2780 5646 2982 5712 Patres,
3007 5669 3232 5720 quorum
3262 5665 3383 5711 sunt
3407 5655 3623 5717 similes,

384 5711 571 5766 Verbis
593 5710 817 5777 Domini,
838 5729 951 5780 cap.
977 5713 1026 5777 2,
1050 5728 1171 5781 pag.
1192 5712 1311 5778 419,
1331 5721 1459 5767 tom.
1487 5712 1526 5767 γ
1550 5714 1676 5768 edit.
1696 5712 1949 5782 Antuerp.
2063 5713 2325 5781 planeque
2354 5716 2657 5772 conformes
2677 5720 2969 5773 sententiae.
