4138 6186
474 295 544 348 3Ξὸ
1927 288 2303 344 ΡΗᾸΞΕΑΊΊΟ.
3677 292 3744 350 5!;

474 403 698 471 rampio,
729 417 933 456 summa
962 401 1267 460 eruditione
1295 414 1351 458 et
1375 405 1510 458 mira
1541 412 1706 456 totius
1735 401 2069 470 antiquitatis
2097 399 2578 469 comprehensione
2607 399 2912 463 excellenti,
2945 402 3200 470 episcopo
3228 400 3418 455 Montis
3451 401 3663 470 Falisci,
3691 411 3744 459 et

471 494 609 563 apud
639 493 1108 549 Viudobonensem
1137 495 1435 550 Czesaream
1464 495 1638 548 aulam
1663 493 1974 563 apostolicae
2003 491 2146 545 sedis
2177 491 2372 558 legato,
2397 489 2686 558 datumque
2714 491 2766 543 in
2795 490 3062 544 mandatis
3094 490 3209 550 fuit.
3242 500 3298 544 ut
3325 506 3442 544 eam
3471 492 3572 545 sibi
3594 507 3748 559 spar-

472 593 577 637 tam
620 585 913 638 ornandam
943 587 1255 656 susciperet.
1285 585 1332 639 Is
1359 584 1585 654 principi
1613 591 1765 636 tanto
1793 582 1995 650 optime
2024 581 2091 634 de
2117 596 2178 636 se
2207 579 2399 633 merito
2438 580 2925 648 obtemperaturus,
2967 579 3162 632 evolvit
3191 581 3307 656 ipse
3341 594 3436 648 per
3461 593 3520 633 se
3549 580 3740 634 biblio-

468 675 638 730 theca:
677 676 930 744 Augusta:
954 679 1348 746 Inanuscriptos
1375 677 1618 740 codices;
1647 688 1876 742 cumque
1913 673 2119 726 nullum
2168 672 2458 740 reperisset
2485 671 2576 740 qui
2619 670 2925 723 Maximiani
2953 671 3240 739 quidquam
3275 672 3742 740 complecteretur,

467 766 535 818 ad
566 769 856 822 monachos
898 769 1101 822 ordinis
1140 769 1320 822 Sancti
1363 767 1635 822 Benedicti
1679 780 1799 820 sese
1837 764 2122 825 convertit,
2173 763 2536 832 prtesulesque
2580 763 3027 816 monasteriorum
3071 761 3494 832 Ratisponensis,
3543 760 3746 816 Gotwi-

469 859 660 922 censis,
692 859 1085 924 Lambaceusis,
1120 860 1408 928 Augircque
1452 859 1631 913 divitis
1660 855 1866 930 [χχχιιι]
1915 855 2174 924 majorem
2205 854 2256 907 in
2286 852 2501 907 modum
2532 854 2776 908 hortatus
2795 861 2878 908 est
2906 863 3066 922 atque
3093 854 3363 918 excitavit,
3396 862 3454 906 nt
3484 855 3533 906 in
3566 861 3743 907 vetera

469 965 596 1003 mss.
621 951 893 1005 volumina
923 952 1205 1018 insignium
1235 965 1451 1005 suarum
1470 949 1916 1004 bibliothecarum
1939 945 2134 1013 inquiri
2158 943 2425 1012 juberent.
2459 943 2588 1012 Ejus
2609 945 3041 998 exhortationum
3071 951 3219 997 tanta
3243 945 3321 997 vis
3342 944 3460 1004 luit,
3486 952 3545 997 ut
3572 944 3747 998 exitus

471 1039 775 1106 nequiverit
793 1055 913 1095 esse
941 1041 1244 1094 secundior.
1277 1041 1409 1094 Nam
1436 1054 1649 1093 cursum
1673 1038 1741 1092 ad
1769 1037 1822 1092 id
1851 1053 1988 1108 opus
2013 1035 2257 1090 certatim
2279 1050 2310 1088 a
2340 1036 2617 1090 monachis
2645 1043 2722 1090 est
2757 1053 2770 1088 :
2795 1034 3022 1104 perfecti
3051 1036 3118 1088 ab
3147 1035 3332 1088 iisdem
3364 1034 3565 1088 indices
3595 1035 3744 1088 locu-

469 1125 750 1194 pletissimi
779 1129 1116 1183 homiliarnm
1161 1144 1575 1197 sermonumque
1602 1127 1850 1194 Maximi;
1896 1126 2168 1180 variantes
2192 1139 2377 1194 eteque
2406 1126 2679 1195 permagni
2719 1126 3011 1195 pendeuda:
3051 1127 3308 1180 lectiones
3335 1126 3744 1195 diligentissime

469 1220 836 1288 transcriptae;
871 1221 1101 1275 iudicata
1131 1220 1374 1274 codicum
1401 1229 1532 1273 mtas
1560 1227 1721 1287 atque
1748 1217 2078 1288 praestantia,
2109 1215 2164 1270 in
2201 1216 2393 1284 quibus
2433 1217 2691 1285 Opuscula
2731 1225 3020 1281 exstarent,
3055 1217 3121 1270 ad
3148 1232 3267 1285 qua:
3299 1219 3468 1272 sancti
3509 1217 3746 1288 episcopi

475 1320 620 1367 esset
648 1314 934 1382 ascriptum
967 1329 1180 1368 nomen.
1213 1313 1288 1366 Ea
1323 1315 1496 1367 omnis
1541 1321 1619 1366 tot
1658 1313 1994 1381 egregiorum
2021 1318 2512 1374 monumentorum,
2546 1316 2656 1362 tam
2702 1306 2952 1375 frugifera
2991 1315 3204 1377 tamque
3249 1309 3521 1377 prmclara,
3554 1310 3617 1363 ad
3646 1325 3745 1364 nos

469 1414 552 1460 est
578 1423 608 1460 a
637 1408 1032 1476 sapientissimo
1073 1408 1298 1477 prtesule
1341 1407 1650 1461 transmissa
1695 1406 1980 1471 collectio,
2023 1405 2114 1458 cui
2155 1414 2416 1472 quantum
2457 1402 2702 1467 debeam,
2749 1402 2850 1456 etsi
2880 1401 3080 1471 possim
3120 1402 3447 1470 cogitatione
3473 1401 3742 1468 colngrre,

469 1500 688 1566 exsequi
719 1508 898 1552 tamen
926 1499 1101 1553 verbis
1129 1515 1235 1566 non
1265 1513 1501 1567 possum.

538 1586 700 1640 XXV.
741 1585 1128 1640 Percrebuerat
1150 1587 1359 1641 interim
1387 1587 1677 1640 multorum
1725 1598 1978 1638 sermone
1997 1623 2012 1648 ,
2047 1582 2189 1652 apud
2218 1582 2411 1650 Belgas
2438 1591 2652 1636 exstare
2676 1582 2816 1636 haud
2846 1599 2996 1637 raros
3023 1582 3240 1637 codices
3265 1583 3476 1650 generis
3501 1580 3742 1648 ejusdem

469 1677 521 1731 in
551 1678 886 1732 bibliothecis
914 1677 1208 1746 praesertim
1238 1676 1710 1731 mooastcriornm.
1741 1673 1842 1739 Qui
1865 1689 1985 1727 eam
2017 1673 2070 1726 in
2101 1686 2214 1725 rem
2243 1671 2558 1740 inquireret,
2583 1687 2741 1727 nemo
2764 1673 3107 1726 succurrebat
3135 1672 3311 1741 aptior
3337 1671 3538 1739 Ignatio
3577 1670 3746 1725 Bosca

469 1770 778 1839 apostolica:
806 1769 946 1824 sedis
989 1770 1187 1836 legato,
1219 1769 1517 1835 eodemque
1542 1766 1947 1834 archiepiscopo
1975 1763 2287 1818 Emesseno.
2322 1763 2402 1816 Ad
2429 1763 2573 1817 hunc
2599 1763 2840 1832 pontifex
2867 1764 3028 1818 scribi
3052 1763 3240 1832 jussit,
3266 1764 3343 1817 uti
3375 1771 3590 1816 strenue
3618 1776 3748 1830 age-

470 1866 572 1922 ret,
617 1857 832 1912 codices
881 1857 970 1910 ubi
1014 1865 1196 1911 essent
1250 1858 1653 1925 pervestigaret,
1685 1855 1958 1908 nuntiaret
1993 1853 2245 1921 denique,
2275 1852 2572 1919 cujusmodi
2602 1863 2800 1919 essent,
2851 1869 3012 1922 quam
3053 1863 3284 1919 veteres,
3309 1868 3468 1922 quam
3498 1862 3746 1908 accurate

470 1948 675 2017 scripti,
707 1948 1027 2017 quibusnam
1055 1947 1108 2000 in
1131 1947 1262 2000 locis
1282 1947 1348 2000 ab
1372 1945 1529 2000 editis
1556 1945 1940 2013 discrepantes.
1970 1942 2092 2012 Egit
2119 1943 2208 1997 ille
2238 1942 2481 2010 impigre,
2513 1949 2574 1995 ut
2599 1941 2848 1996 debebat.
2877 1942 3019 1998 Viris
3039 1942 3229 2006 doctis,
3260 1942 3575 2009 quibuscum
3605 1941 3744 1994 ami-

477 2036 632 2092 citias
651 2036 926 2105 junxerat,
952 2035 1249 2100 mandavit,
1282 2046 1360 2100 ut,
1391 2035 1646 2104 quoniam
1694 2037 1810 2105 ipse
1837 2050 1935 2104 per
1960 2049 2039 2098 se,
2062 2042 2144 2089 tot
2171 2034 2313 2090 curis
2337 2035 2620 2096 distentus,
2645 2033 2697 2086 id
2723 2033 2922 2088 laboris
2939 2034 3204 2088 sustinere
3227 2049 3333 2087 non
3362 2040 3570 2102 posset,
3595 2049 3745 2087 suam

473 2127 548 2181 illi
568 2127 635 2180 ad
658 2141 776 2180 eam
805 2140 919 2180 rem
948 2140 1169 2194 operam
1199 2125 1524 2179 conferrent.
1554 2125 1688 2180 Cum
1725 2127 1780 2180 hi
1801 2126 1988 2181 sedulo
2017 2125 2288 2189 fecissent,
2320 2126 2370 2179 in
2401 2124 2608 2179 duabus
2636 2125 2973 2180 bibliothecis
3013 2125 3227 2180 codices
3269 2126 3492 2180 totidem
3523 2141 3744 2194 repere-

473 2224 616 2280 runt,
639 2231 865 2284 quarum
887 2215 1101 2284 quidem
1143 2214 1586 2268 bibliothecarum
1626 2231 1730 2269 una
1759 2215 2139 2270 canonicorum
2187 2215 2510 2282 regularium
2549 2211 2961 2268 Lovaniensium
2987 2213 3167 2268 Sancti
3205 2212 3419 2266 Martini
3443 2221 3544 2275 est,
3576 2212 3746 2266 altera

472 2308 855 2362 monachorum
879 2307 1316 2360 Cisterciensium
1343 2307 1575 2362 crenobii
1597 2304 2068 2360 Camberonensis.
2103 2305 2160 2358 Id
2192 2306 2280 2359 ubi
2309 2306 2514 2373 legatus
2542 2305 2776 2369 rescivit,
2799 2304 3158 2374 perillustrem
3187 2303 3504 2358 canonicum
3535 2302 3746 2357 Vande—

473 2397 748 2451 velderum
776 2395 1113 2453 bibliotheae
1135 2393 1454 2448 Lovauiensi
1478 2397 1806 2463 praefectum,
1830 2397 2185 2464 eamdemque
2227 2395 2494 2451 facultatis
2522 2395 2838 2463 theologica:
2863 2395 3229 2450 doctissimum
3257 2393 3620 2463 professorem
3650 2409 3744 2447 ro-

475 2489 638 2556 gavit,
668 2495 726 2540 ut
746 2501 882 2555 quas
906 2485 1153 2539 homilias
1181 2500 1421 2552 quosque
1449 2500 1726 2539 sermones
1763 2485 1978 2537 Maximi
2006 2487 2057 2538 in
2091 2487 2277 2540 iisdem
2305 2489 2578 2543 codicibus
2606 2488 3070 2558 deprehendisset,
3102 2487 3169 2541 ad
3198 2487 3444 2556 vulgatos
3487 2488 3745 2553 exigerat,

479 2584 795 2644 uetaretque
823 2575 1078 2644 quidquid
1108 2592 1215 2644 pra:
1236 2591 1295 2630 se
1321 2577 1453 2629 varii
1480 2592 1543 2629 ac
1569 2577 1765 2630 diversi
1795 2575 2016 2630 ferrent.
2049 2575 2228 2630 Gessit
2251 2579 2296 2630 is
2323 2579 2501 2645 legato
2541 2582 2752 2645 roganti
2800 2596 3024 2634 morem.
3056 2579 3314 2634 Homilias
3355 2579 3500 2647 ipsas
3533 2578 3746 2644 triginta

479 2685 598 2725 cum
629 2669 785 2724 editis
812 2667 1051 2724 Colonia:
1080 2684 1168 2722 an.
1204 2667 1340 2722 1555
1360 2670 1607 2734 contulit,
1642 2669 1890 2739 quodque
1915 2669 1967 2722 in
1990 2669 2056 2723 iis
2083 2667 2304 2723 offendit
2329 2670 2623 2736 varietatis,
2655 2671 3056 2726 commentariis
3083 2670 3437 2737 consignavit,
3469 2668 3748 2736 eidemque

479 2763 651 2832 legato
672 2761 836 2827 dedit,
869 2761 961 2829 qui
982 2760 1339 2816 cunctandum
1369 2777 1474 2816 non
1505 2763 1730 2830 putavit,
1755 2763 1881 2830 quin
1912 2762 2137 2815 Romam
2167 2761 2233 2815 ad
2261 2761 2568 2832 pontificem
2612 2764 2867 2818 mitteret.
2896 2763 3000 2818 Eas
3024 2777 3125 2830 ego
3154 2764 3330 2817 varias
3360 2763 3619 2818 lectiones
3637 2763 3750 2817 suis

480 2855 611 2909 locis
639 2855 882 2920 ingerere
912 2869 1019 2906 non
1046 2853 1308 2906 omittam.
1361 2852 1560 2918 Quanti
1606 2868 1767 2922 porro
1795 2852 2022 2907 ducendi
2051 2852 2263 2907 codices
2293 2853 2364 2906 illi
2411 2853 2538 2917 sint,
2570 2868 2638 2908 ex
2685 2853 2864 2907 verbis
2892 2851 3297 2916 Vaudevelderi,
3329 2867 3489 2921 quam
3519 2869 3584 2907 ex
3612 2853 3752 2908 meis

481 2946 728 3011 cognosci
750 2943 912 2996 malo.
948 2962 966 2994 ι
1002 2941 1156 2996 Prior
1184 2943 1375 3006 codex,
1401 2943 1572 3010 inquit
1602 2941 1709 3004 ille,
1743 2941 1824 2995 est
1853 2941 1907 2995 in
1929 2957 2277 3011 pergameno,
2312 2942 2478 2996 fomia
2503 2958 2664 3010 quam
2687 2942 2891 2998 in-folio
2913 2951 3127 3008 vocant,
3149 2942 3357 2997 duobus
3395 2943 3750 2998 voluminibus

481 3033 737 3089 exhibens
757 3033 1004 3087 homilias
1027 3033 1089 3085 de
1107 3032 1370 3102 Tempore,
1395 3039 1449 3085 et
1478 3033 1541 3085 de
1569 3031 1797 3097 Sanctis,
1830 3033 1882 3086 in
1904 3049 2127 3102 quarum
2153 3048 2377 3087 numero
2405 3034 2610 3102 aliquot
2629 3034 2773 3088 beati
2807 3033 3020 3088 Maximi
3048 3035 3279 3088 homilim
3305 3042 3611 3089 occurrunt.
3637 3035 3750 3088 I-Iu-

484 3126 564 3196 i'ts
585 3126 787 3182 codicis
816 3126 1158 3194 introscripta
1181 3133 1307 3180 sunt
1339 3142 1351 3177 :
1387 3124 1494 3178 Iste
1521 3124 1649 3178 liber
1669 3126 1891 3195 pertinet
1919 3126 1989 3179 ad
2009 3126 2277 3181 librarium
2306 3129 2609 3181 monasterii
2637 3130 2947 3199 regularium
2977 3129 3158 3184 Sancti
3186 3128 3407 3183 Martini
3435 3130 3489 3182 in
3520 3127 3752 3184 Lovanio

483 3220 540 3272 in
587 3218 670 3271 die
723 3215 1032 3271 Gimstrwte.
1074 3215 1204 3270 Item
1239 3233 1252 3268 :
1291 3215 1456 3269 Istam
1497 3226 1695 3285 partem
1732 3217 2062 3270 homitiarum
2090 3217 2332 3271 habemus
2388 3235 2452 3272 ea:
2493 3219 2645 3273 domo
2675 3220 3017 3275 Florentiana
3066 3217 3493 3276 Darentrensium
3532 3225 3750 3294 fratrum

483 3311 534 3362 iu
581 3309 833 3360 erectione
877 3307 1032 3378 hujus
1071 3307 1252 3360 domus
1300 3308 1441 3359 circa
1468 3323 1661 3359 annum
1687 3305 1897 3360 Domini
1928 3305 2084 3360 1454.
2117 3306 2220 3362 Sed
2267 3309 2424 3376 longe
2472 3311 2745 3378 antiquior
2772 3320 2854 3365 est
2881 3311 3080 3376 codex,
3112 3315 3258 3380 quod
3287 3328 3354 3366 ex
3383 3313 3751 3369 characterunt

483 3399 649 3452 forma
679 3401 934 3468 apparet;
967 3406 1021 3452 et
1040 3396 1184 3466 quod
1214 3398 1370 3451 nulla:
1397 3396 1655 3452 Bernardi
1678 3398 1907 3452 homilize
1935 3398 2042 3452 sint
2072 3399 2316 3464 insertae;
2353 3402 2562 3455 tametsi
2590 3403 2708 3456 usui
2738 3401 2983 3457 lectionis
3013 3403 3065 3457 in
3097 3403 3302 3476 [xxxiv]
3325 3403 3630 3470 refectorio,
3661 3404 3749 3458 cui

483 3491 595 3545 lucc
611 3492 882 3545 volumina
921 3489 1296 3553 iuservieruut,
1328 3490 1540 3558 egregie
1562 3491 2000 3545 accommodatae.
2032 3491 2230 3546 Omnes
2251 3493 2496 3548 videlicet
2523 3495 2787 3564 decerptie
2813 3505 2937 3550 sunt
2965 3511 3032 3550 ex
3051 3498 3250 3551 sanctis
3270 3496 3474 3550 Joanne
3501 3496 3753 3564 episcopo

483 3580 1095 3650 Constantinopolitano,
1123 3579 1439 3646 Augustino,
1481 3579 1661 3634 Leone
1686 3595 1823 3649 papa
1848 3579 1898 3644 Ι,
1926 3579 2187 3648 Gregorio
2214 3583 2426 3650 Magno,
2460 3584 2622 3647 Beda,
2652 3585 2929 3655 Haymone
2960 3587 3397 3650 Alherstadiensi,
3443 3595 3498 3640 et
3542 3587 3755 3640 demum

485 3668 736 3724 Auselmo
764 3669 1156 3724 Cantuariensi.
1185 3668 1334 3723 Alter
1357 3669 1527 3724 codex
1549 3677 1633 3724 est
1660 3683 2012 3741 papyraceus,
2037 3671 2207 3726 nitido
2236 3673 2549 3728 charactere
2577 3684 2828 3728 exaratos
2854 3690 2884 3728 a
2921 3674 3082 3729 fratre
3115 3675 3321 3730 Joanne
3349 3677 3416 3729 de
3439 3676 3634 3728 Waqu
3663 3689 3750 3726 an.

483 3758 635 3820 1620,
668 3767 720 3812 ul
754 3759 820 3811 ad
842 3761 1042 3812 calcem
1063 3765 1299 3821 notatur,
1334 3760 1502 3812 forma
1529 3773 1689 3824 quam
1715 3767 1910 3813 vocant
1953 3759 2106 3813 in-8°.
2141 3761 2348 3817 Titulus
2386 3761 2741 3831 pnefixusest
2773 3781 2785 3812 :
2821 3763 3096 3815 Sermones
3125 3763 3259 3814 beati
3289 3761 3514 3813 Maximi
3564 3761 3753 3814 Tauri-
3805 3756 3808 3759 ’

482 3852 654 3900 nensis
675 3849 898 3916 episcopi
920 3863 1008 3898 an.
1045 3845 1179 3896 1620
1209 3854 1284 3897 est
1307 3844 1620 3896 bibliotheca:
1649 3846 1872 3897 abbatiw
1899 3846 2325 3900 Camberonensis
2356 3849 2553 3900 ordinis
2581 3847 2935 3900 Cisterciensis
2973 3849 3027 3900 in
3057 3846 3362 3902 Hannonia.
3400 3867 3418 3899 ι

550 3932 736 3989 XXVI.
778 3936 882 3990 Sed
913 3922 1015 3989 ei’it
1046 3935 1274 3988 fortasse
1294 3935 1386 4002 qui
1407 3934 1649 3999 miretur,
1675 3934 1804 4002 quid
1826 3936 1914 4000 sit,
1947 3936 2089 4004 quod
2117 3953 2237 3991 cum
2270 3949 2375 3992 tam
2403 3940 2629 4006 diligens
2649 3954 2678 3992 a
2704 3954 2790 3993 me
2823 3939 2963 3994 facta
2995 3939 3156 3994 fuerit
3182 3940 3508 4005 Italicorum,
3532 3938 3756 3994 Germa-

483 4027 742 4088 nicorum,
773 4025 1106 4093 Belgicorum
1137 4024 1380 4079 codicum
1407 4027 1760 4091 enumeratio,
1784 4034 1895 4081 tum
1922 4025 2243 4083 Gallicorum
2267 4046 2333 4085 ne
2353 4031 2543 4085 leviter
2562 4032 2777 4100 quidem
2799 4032 3126 4086 mentionem
3156 4031 3446 4100 iujecerim.
3474 4032 3541 4085 At
3570 4033 3614 4086 is
3633 4047 3754 4086 cum

481 4119 675 4174 viderit
701 4134 861 4187 quam
889 4120 1056 4174 simus
1076 4126 1234 4173 caule
1261 4118 1608 4186 studioseque
1637 4119 1690 4173 in
1714 4121 1922 4175 caeteris
1943 4122 2304 4186 recensendis,
2324 4123 2688 4193 expendeudis
2708 4123 3167 4192 dijudicaudisqne
3187 4126 3405 4186 versati,
3432 4125 3476 4176 si
3505 4124 3752 4190 cognorit

484 4219 760 4276 pranerea,
787 4209 1111 4264 Gallicorum
1141 4210 1334 4264 seriem
1373 4210 1658 4278 variasque
1688 4211 1965 4277 lectiones,
1997 4214 2098 4267 etsi
2127 4213 2217 4267 diu
2240 4224 2594 4284 exspectatas,
2639 4215 2875 4269 nondum
2905 4222 3084 4268 tamen
3122 4215 3345 4284 perferri
3376 4216 3612 4284 potuisse
3643 4215 3755 4269 Bo-

487 4316 649 4364 mam,
684 4318 791 4356 non
820 4302 979 4356 modo
1006 4301 1216 4356 desinet
1237 4301 1438 4363 mirari,
1469 4317 1660 4355 verum
1687 4304 1851 4356 etiam
1879 4319 2057 4358 secum
2089 4313 2312 4363 statuet.
2336 4304 2463 4360 dum
2484 4306 2550 4360 ad
2571 4322 2669 4360 nos
2689 4305 3049 4375 pervenerint,
3077 4320 3182 4359 non
3223 4319 3344 4359 esse
3383 4320 3471 4358 me
3498 4308 3752 4360 commis-

483 4405 683 4455 surum,
714 4399 774 4445 ut
803 4391 855 4444 iu
883 4391 947 4444 iis
969 4406 1184 4460 quoque
1209 4391 1570 4454 numerandis,
1603 4394 1949 4459 mstimandis,
1981 4403 2146 4464 utque
2175 4412 2271 4465 par
2309 4397 2429 4460 erit,
2463 4397 2798 4452 celebrandis
2825 4396 3060 4450 studium
3090 4396 3372 4464 quisquam
3405 4411 3604 4462 meum,
3635 4398 3756 4450 dili-

481 4471 825 4548 gentiamque
853 4479 1145 4534 desideret.
1172 4479 1532 4546 Quamobrem
1566 4491 1744 4536 autem
1769 4485 2191 4553 exspectandum
2221 4485 2419 4541 diutius
2446 4504 2550 4543 non
2578 4489 2949 4554 existimarim,
2975 4505 3038 4544 ea
3087 4488 3182 4542 fuit
3211 4489 3542 4558 potissimum
3573 4505 3754 4548 causa,

482 4570 627 4638 quod
655 4585 776 4626 cum
797 4571 1126 4638 divulgatum
1153 4570 1331 4637 fuerit,
1361 4572 1653 4640 perfectam
1671 4575 1876 4643 jamdiu
1907 4592 1970 4629 ac
1991 4579 2132 4648 typis
2159 4594 2413 4634 excusam
2453 4580 2829 4635 collectionem
2875 4582 3014 4636 hanc
3059 4590 3300 4636 nostram
3348 4598 3487 4644 esse,
3516 4582 3759 4651 plerique

484 4675 673 4714 omnes
693 4661 866 4714 emitti
889 4661 1059 4730 ipsam
1086 4659 1319 4730 denique
1347 4663 1402 4717 in
1428 4663 1693 4733 publicam
1721 4665 1893 4721 lucem
1923 4676 2256 4736 expeterent.

555 4747 762 4804 XXVII.
805 4749 863 4804 In
903 4751 1261 4820 dijudicaudis
1301 4770 1464 4824 porro
1510 4764 1604 4809 tot‘
1630 4773 1757 4812 mss.
1790 4759 2065 4814 codicibus
2094 4761 2208 4816 hxec
2237 4770 2319 4816 est
2347 4762 2663 4832 principioa
2685 4778 2771 4819 me
2800 4763 3035 4819 adhibita
3085 4765 3282 4828 cautio,
3327 4772 3386 4818 ut
3432 4762 3757 4831 antiquiores

493 4844 786 4909 generatim
846 4843 1156 4913 praeferrem
1208 4846 1624 4911 recentioribus;
1690 4848 1916 4914 deinde,
1977 4859 2037 4904 ut
2090 4853 2481 4909 emendatiores
2527 4855 2700 4911 minus
2757 4856 3030 4924 castigatis
3080 4865 3492 4925 anteponerem,
3547 4855 3756 4908 etiamsi
3831 4833 3848 4851 ’

491 4937 666 4991 minus
711 4939 1094 5008 castigatorum
1147 4947 1292 4996 esset
1334 4948 1466 4996 retas
1505 4944 1796 5010 vetustior;
1853 4953 1977 5014 post
2032 4953 2090 5000 ut
2135 4947 2200 5001 iis
2251 4948 2371 5017 plus
2422 4948 2734 5010 tribuerem,
2788 4965 2923 5018 quos
2979 4965 3045 5004 cx
3102 4949 3318 5019 optimis
3362 4947 3758 5016 exemplaribus

485 5027 786 5098 descriptos
844 5028 1008 5086 fuisse
1062 5046 1373 5102 cognoram.
1421 5032 1480 5088 Id
1533 5049 1662 5088 vero
1715 5043 1777 5088 ut
1825 5035 2231 5105 dignoscerem,
2285 5041 2498 5109 regulas
2552 5041 2684 5096 mihi
2736 5042 2974 5097 subsidio
3022 5049 3131 5096 tres
3176 5041 3500 5109 comparavi.
3562 5039 3759 5094 Earum

488 5117 588 5172 fuit
625 5119 774 5188 prior
817 5120 1061 5176 codicum
1111 5125 1492 5192 plurimorum,
1547 5140 1841 5196 eorumque
1893 5130 2253 5198 antiquiorum
2319 5133 2855 5202 emendatiorumque
2911 5143 3237 5196 concentus;
3295 5133 3462 5186 altera
3517 5139 3759 5185 veterum

487 5218 958 5265 monumentorum
1026 5214 1456 5286 scriptorumque
1511 5219 1841 5284 auctoritas;
1896 5221 2056 5274 tertia
2124 5223 2500 5279 historicorum
2564 5226 2869 5294 critiaeque
2932 5226 3064 5280 artis
3113 5225 3404 5295 peritorum
3452 5223 3757 5278 consensio.

491 5301 587 5358 His
615 5315 715 5370 ego
743 5300 1004 5370 prtesidiis
1032 5304 1287 5370 munitus,
1316 5307 1583 5375 permulta
1613 5308 1872 5378 opuscula
1897 5308 2020 5378 jure
2046 5313 2249 5369 asserui
2296 5312 2549 5380 Maximo,
2591 5316 2690 5370 etsi
2721 5326 2901 5370 essent
2947 5315 3039 5385 qui
3087 5315 3320 5382 ipsorum
3359 5314 3537 5382 aliqua
3584 5313 3757 5368 cidem

489 5401 712 5463 accepta
740 5393 930 5448 referri
965 5401 1218 5464 oportere
1246 5406 1338 5451 aut
1366 5400 1750 5466 inficiareutur,
1782 5409 1874 5456 aut
1917 5402 2242 5458 dubitarent.
2273 5404 2426 5471 Quod
2456 5406 2501 5460 si
2546 5407 2831 5477 aliquando
2879 5407 3070 5460 horum
3100 5405 3230 5460 mihi
3279 5405 3644 5474 praesidiorum
3673 5403 3761 5457 vel

489 5484 668 5555 aliqua
694 5485 779 5541 vel
806 5501 946 5557 pene
965 5487 1148 5541 omnia
1174 5487 1476 5554 defuerunt,
1511 5494 1690 5549 induci
1714 5503 1890 5551 tamen
1921 5511 2028 5550 non
2058 5498 2228 5567 potui,
2261 5506 2320 5551 ut
2345 5507 2533 5554 sancto
2562 5501 2786 5554 antistiti
2817 5499 3168 5570 abjudicanda
3194 5512 3312 5554 esse
3340 5499 3609 5557 ducerem,
3641 5509 3760 5563 qua:

493 5577 562 5631 ab
588 5577 705 5647 ipso
734 5577 897 5633 fuisse
919 5579 1118 5650 scripta
1140 5580 1264 5650 styli
1295 5595 1358 5633 ac
1383 5584 1649 5640 orationis
1678 5587 1992 5653 similitudo,
2024 5595 2080 5642 et
2097 5587 2376 5652 doctrinm,
2408 5598 2569 5659 atque
2591 5589 2985 5646 all‘erendorum
3009 5590 3250 5646 locorum
3274 5601 3436 5644 sacra:
3469 5584 3758 5652 Scriptum:

491 5661 813 5726 Maximiana
835 5671 995 5739 plane
1013 5672 1170 5738 ratio,
1193 5670 1456 5745 simulque
1477 5675 1632 5731 unius
1656 5678 1944 5735 alteriusve
1974 5677 2176 5736 codicis
2196 5679 2490 5736 auctoritas
2517 5681 2788 5738 suaderet.
2821 5679 3006 5751 Neque
3033 5696 3163 5736 vero
3189 5677 3332 5748 quod
3361 5676 3414 5732 in
3443 5669 3758 5742 quibusdam
