4138 6186
356 279 426 336 57
1788 271 2169 328 PREFATIO.
3554 295 3622 352 53

355 412 629 483 opusculis
658 410 930 477 humilior,
963 427 1123 482 quam
1153 413 1205 466 in
1235 413 1441 466 ueteris
1471 413 1540 467 sit
1569 415 1764 478 oratio,
1802 414 2004 469 idcirco
2045 414 2111 466 ab
2155 412 2347 467 iisdem
2396 412 2630 468 Maximo
2659 414 2990 473 ascribendis
3021 418 3281 480 deterreri
3309 428 3485 493 potui.
3507 425 3629 484 Non

352 504 498 559 enim
520 501 902 565 sum'nescius,
937 517 1228 556 consuesse
1276 509 1510 566 sanctos,
1557 501 1676 571 ejus
1707 502 2004 572 prmsertim
2052 502 2244 562 artatis,
2279 502 2545 556 antistites
2592 502 2901 559 sublimiore
2925 506 3359 580 elegantioreque
3387 515 3628 570 oratione

351 597 453 661 uti,
501 609 623 649 cum
654 594 798 648 nacti
827 593 1099 647 auditores
1129 594 1448 661 eloquentitc
1495 594 1858 662 doctrinteque
1895 592 2050 647 laude
2091 601 2411 662 praestantes
2457 603 2665 660 essent;
2715 595 2900 668 [xxxv]
2931 598 3212 655 humiliore
3254 610 3460 668 contra,
3503 622 3627 660 cum

351 686 646 740 conciones
668 683 734 737 ad
765 685 1072 752 imperitum
1101 685 1288 751 vulgus
1321 686 1600 738 haberent.
1627 684 1932 739 Honoratus
1958 694 2104 739 certe
2144 686 2196 738 in
2237 685 2406 739 sancti
2430 684 2612 739 llilarii
2643 686 2968 743 Arelatensis
2991 692 3228 761 episcopi
3257 693 3376 748 Vita
3404 714 3415 747 :
3450 695 3510 750 Si
3535 715 3628 767 pe-

350 779 592 838 ritorum,
625 776 814 843 inquit,
868 776 1018 828 turba
1047 777 1315 847 defuisset,
1349 778 1571 846 simplici
1615 793 1853 829 sermone
1883 777 2188 830 rusticorum
2237 777 2395 830 corda
2442 777 2730 842 nutriebat;
2777 787 2830 831 at
2859 779 2944 832 ubi
2972 783 3246 836 instructos
3277 790 3626 855 supervenisse

349 865 586 927 vidisset,
616 880 852 918 sermone
882 882 942 917 ac
965 866 1103 920 vultu
1133 869 1328 934 pariter
1356 868 1407 920 in
1431 868 1653 937 quadam
1671 869 1842 938 gratia
1858 869 2069 921 insolita
2099 867 2380 920 excitabat.
2408 867 2607 922 Verum
2632 870 2730 922 etsi
2754 885 2850 937 par
2871 873 3088 928 omnino
3111 875 3161 928 in
3183 877 3382 944 aliquot
3409 878 3624 932 Maximi

355 960 626 1028 opusculis
658 967 820 1028 atque
851 961 903 1013 in
934 960 1052 1016 aliis
1097 961 1335 1031 pluribus
1364 977 1482 1016 esse
1529 979 1633 1016 non
1676 963 1920 1016 videatur
1948 963 2244 1017 sublimitas
2273 964 2535 1018 sermonis
2580 971 2633 1018 et
2661 966 2942 1033 elegantia,
2971 968 3103 1022 adeo
3126 976 3298 1022 tamen
3329 979 3410 1023 est
3437 971 3622 1036 series,

357 1047 661 1110 collocatio,
692 1048 979 1101 verborum
1012 1049 1224 1113 ductus,
1258 1051 1759 1122 all'erendorumque
1789 1068 1955 1107 sacra:
1985 1052 2276 1122 Scriptura:
2320 1054 2563 1110 locorum
2612 1057 2750 1111 ratio
2794 1058 3000 1125 similis,
3033 1069 3092 1114 ut
3119 1059 3273 1117 facile
3301 1064 3353 1117 in
3385 1065 3624 1132 utrisque

356 1139 648 1194 Maximum
678 1149 956 1195 auctorem
979 1144 1152 1211 possis
1176 1158 1491 1210 agnoscere.

421 1229 538 1281 Jam
571 1245 698 1285 vero
721 1231 764 1284 si
786 1245 889 1299 qua
922 1232 974 1285 in
997 1235 1253 1302 opuscula
1284 1236 1501 1300 incurri,
1534 1251 1652 1305 qua:
1681 1252 1930 1291 sermone
1961 1246 2072 1292 tam
2099 1239 2320 1307 vulgari,
2345 1241 2552 1305 humili,
2577 1241 2806 1309 abjecto,
2835 1243 3103 1311 implicata
3124 1246 3315 1316 scripta
3343 1254 3543 1314 essent,
3564 1252 3620 1299 ut

350 1334 573 1392 prorsus
601 1320 811 1388 indigna
841 1321 1075 1377 Maximo
1103 1324 1428 1389 viderentur,
1463 1343 1524 1380 ea
1556 1327 1803 1395 equidem
1834 1327 1964 1381 nihil
1995 1329 2245 1384 luesitans
2273 1331 2454 1393 statui,
2505 1331 2654 1398 rejici
2684 1342 2936 1402 oportere
2977 1336 3028 1388 in
3073 1352 3350 1390 numerum
3399 1354 3622 1407 operum

349 1410 677 1479 spuriorum,
708 1425 1011 1479 quanquam
1042 1414 1095 1467 in
1124 1415 1328 1483 aliquot
1356 1417 1628 1471 codicibus
1660 1418 1911 1486 inscripta
1941 1427 2121 1472 essent
2150 1418 2364 1472 Maximi
2413 1420 2651 1487 ejusdem
2680 1424 2911 1477 nomine.
2964 1423 3079 1490 Qua
3123 1426 3176 1478 in
3231 1441 3291 1480 re
3320 1429 3620 1496 exemplum

351 1517 470 1554 sum
494 1502 728 1556 imitatus
755 1505 1140 1558 monachorum
1171 1509 1600 1576 congregationis
1632 1509 1988 1564 Benedictintc
2015 1511 2196 1566 Sancti
2221 1513 2409 1579 Mauri,
2433 1515 2766 1584 aliorumque
2788 1519 3021 1572 virorum
3052 1521 3240 1589 peritia
3269 1522 3466 1577 critica:
3488 1522 3618 1578 artis

355 1591 658 1657 illustrium,
701 1594 791 1661 qui
822 1595 873 1647 in
922 1609 988 1649 eo
1019 1596 1381 1662 elaborarant,
1410 1607 1469 1652 ut
1516 1615 1680 1669 opera
1709 1610 2012 1655 sanctorum
2056 1601 2271 1657 Patrum
2312 1614 2404 1658 aut
2432 1617 2792 1671 recenserent,
2825 1618 2917 1663 aut
2943 1612 3238 1678 vulgarent.
3271 1613 3347 1667 Ac
3371 1616 3617 1670 monachi

347 1681 564 1749 quidem
595 1681 777 1736 Sancti
806 1683 994 1748 Mauri,
1027 1687 1118 1754 qui
1149 1687 1436 1742 editionem
1460 1690 1630 1743 s'aucti
1655 1691 1918 1744 Ambrosii
1939 1707 2161 1761 operum
2193 1705 2467 1760 curarunt,
2492 1712 2557 1750 eo
2586 1713 2693 1751 uno
2720 1700 2935 1754 nomine
2965 1701 3143 1768 plures
3171 1712 3358 1758 sancto
3383 1705 3479 1772 ipsi
3499 1705 3631 1758 Am-

352 1771 536 1827 brosio
559 1790 834 1829 sermones
854 1776 1166 1831 adimendos
1180 1777 1505 1845 judicarunt,
1539 1795 1832 1850 eorumque
1852 1792 2057 1852 partem
2081 1784 2397 1852 Augustino,
2422 1795 2626 1855 partem
2657 1787 2908 1852 Maximo,
2939 1799 3146 1859 partem
3172 1793 3402 1861 denique
3430 1794 3619 1848 horum

352 1868 548 1930 neutri,
578 1868 668 1921 sed
698 1869 780 1923 vel
820 1869 1074 1935 Ctesario,
1101 1873 1187 1926 vel
1215 1875 1457 1929 obscuris
1504 1876 1820 1943 quibusdam
1850 1877 2196 1945 scriptoribus
2226 1877 2487 1945 sequioris
2515 1878 2614 1931 mvi
2653 1879 3033 1947 adjudicandos
3062 1897 3179 1936 esse
3209 1891 3526 1949 statuerunt,
3553 1886 3620 1940 de

349 1955 541 2026 qmbus
568 1970 634 2008 ne
663 1956 823 2010 fando
852 1958 1066 2024 quidem
1097 1975 1330 2028 unquam
1361 1963 1652 2017 audissent.
1684 1963 1835 2030 Quod
1864 1965 2002 2018 idem
2028 1964 2221 2020 factum
2253 1967 2319 2020 ab
2352 1966 2415 2020 iis
2445 1965 2608 2020 fuisse
2639 1967 2896 2033 videmus,
2929 1969 3019 2037 qui
3049 1986 3185 2024 onus
3206 1972 3305 2025 sibi
3326 1988 3616 2030 secernen-

349 2044 538 2099 dorum
570 2048 923 2113 genuinorum
946 2051 1116 2103 sancti
1141 2052 1418 2120 Augustini
1442 2070 1664 2122 operum
1687 2069 1715 2107 a
1746 2055 1943 2118 nothis,
1973 2071 2291 2124 rursumque
2318 2057 2371 2110 in
2402 2057 2572 2111 lucem
2603 2059 3018 2114 emittendorum
3050 2070 3410 2130 susceperant.
3445 2062 3620 2131 Atque

354 2134 409 2188 hi
438 2151 565 2190 sane
595 2137 649 2189 in
685 2140 1084 2194 accuratissima
1129 2142 1217 2195 illa
1249 2158 1311 2197 ac
1352 2145 1776 2200 elaboratissima
1807 2146 2040 2200 editione
2066 2161 2180 2211 sua,
2232 2160 2425 2214 magno
2473 2164 2694 2202 numero
2722 2164 3013 2214 sermones,
3045 2152 3137 2218 qui
3167 2151 3291 2205 olim
3324 2151 3617 2219 Augustino

343 2225 591 2279 attributi
619 2225 862 2290 fuissent,
895 2229 964 2282 ob
1000 2230 1259 2283 orationis
1288 2231 1792 2298 dissimilitudinem,
1824 2233 2102 2301 Augustini
2130 2248 2246 2288 esse
2271 2243 2552 2302 negarunt.
2583 2234 2818 2299 Quorum
2848 2251 3158 2290 sermonum
3184 2239 3391 2307 aliquos
3419 2239 3617 2296 idcirco

344 2331 627 2370 asseruere
657 2316 909 2381 Maximo,
928 2319 1071 2387 quod
1093 2335 1202 2388 prae
1230 2336 1288 2373 se
1310 2321 1708 2375 similitudinem
1733 2324 1991 2376 orationis
2021 2338 2083 2376 ac
2111 2323 2232 2392 styli
2262 2321 2566 2374 Maximiani
2595 2321 2811 2386 ferrent,
2845 2331 2898 2375 et
2927 2323 2978 2376 in
3008 2325 3326 2391 quibusdam
3349 2327 3617 2384 codicibus

349 2404 565 2459 Maximi
587 2407 823 2474 ejusdem
857 2424 1052 2462 nomen
1092 2424 1278 2463 eorum
1311 2411 1474 2464 titulis
1499 2411 1810 2480 inscriptum
1842 2411 2125 2478 legeretur.
2159 2409 2296 2475 Quin
2336 2410 2495 2463 etiam
2529 2408 2714 2462 Petrus
2750 2418 2803 2462 et
2832 2409 3184 2481 Hieronymus
3215 2412 3484 2467 Ballarinii
3509 2415 3614 2470 fra-

349 2503 463 2552 tres
487 2499 596 2566 (qui
626 2507 703 2552 tot
725 2499 884 2553 editis
908 2501 1133 2568 egregiis
1159 2501 1308 2556 libris
1335 2517 1441 2555 non
1471 2502 1645 2555 minus
1673 2501 1854 2554 decori
1886 2501 2108 2554 Verona:
2138 2499 2319 2567 patria:
2345 2513 2472 2561 sum,
2499 2512 2658 2565 quam
2689 2498 3050 2552 emolumento
3079 2500 3155 2553 rei
3187 2501 3488 2556 christiante
3517 2521 3608 2574 pu-

349 2589 502 2644 blica:
526 2589 756 2658 fuerunt)
782 2591 832 2642 in
862 2589 1098 2644 editione
1118 2607 1339 2660 operum
1370 2593 1538 2647 sancti
1570 2591 1764 2647 Leonis
1789 2589 1982 2657 Magni,
2005 2604 2164 2657 quam
2204 2603 2409 2641 summa
2438 2603 2532 2640 sua
2563 2596 2622 2640 ut
2650 2588 2939 2656 diligentia,
2967 2589 3037 2641 ita
3067 2590 3236 2656 gloria
3272 2605 3614 2662 curaverunt,

347 2679 597 2733 homilias
622 2694 737 2744 sex,
769 2695 903 2748 quas
931 2688 1116 2734 sancto
1148 2681 1322 2736 eidem
1345 2683 1584 2751 pontici
1613 2683 1678 2736 ab
1699 2682 1991 2735 editoribus
2020 2681 2146 2735 olim
2175 2679 2334 2734 fuisse
2361 2679 2644 2732 attributas
2670 2688 2947 2744 noverant,
2979 2680 3120 2747 quod
3148 2683 3286 2752 Stylo
3317 2699 3432 2738 esse
3462 2689 3618 2755 plane

346 2769 674 2825 Maximiano
708 2773 935 2840 scriptas
967 2773 1244 2837 vidissent,
1273 2774 1879 2840 animadvertissentque
1927 2773 1978 2825 in
2019 2771 2292 2825 codicibus
2333 2771 2537 2838 aliquot
2565 2786 2726 2823 manu
2755 2770 2988 2823 exaratis
3013 2769 3226 2825 Maximi
3255 2789 3346 2827 eas
3373 2777 3618 2843 prmlerre

349 2875 583 2926 nomen;
612 2861 741 2914 nihil
789 2862 1094 2917 htcsitantes
1123 2863 1356 2917 Maximo
1387 2863 1489 2932 ipsi
1510 2863 1878 2916 restituerunt.
1909 2861 2105 2914 Earum
2135 2860 2470 2914 homiliarum
2513 2859 2658 2928 prior
2687 2866 2768 2911 est
2797 2859 2859 2910 de
2886 2857 3204 2927 Epiphania,
3233 2875 3352 2928 quae
3384 2863 3569 2932 incipit
3599 2883 3612 2918 :

349 2949 414 3003 In
433 2952 545 3014 ltac,
578 2951 919 3018 dilectissimi,
950 2952 1282 3018 celebritate;
1313 2953 1546 3008 secunda
1587 2969 1716 3006 vero
1747 2962 1798 3004 et
1829 2952 1982 3003 tertia
2003 2988 2018 3011 ,
2055 2957 2108 3004 et
2137 2958 2324 3017 quarta
2363 2956 2484 3001 sunt
2514 2949 2577 3000 de
2606 2949 2800 3001 sanctis
2845 2948 3108 3027 Apostolis
3135 2948 3296 3003 Petro
3325 2961 3373 3004 et
3396 2952 3563 3008 Paulo
3591 2971 3611 3009 :

351 3049 639 3109 postremae
660 3042 892 3110 denique
919 3043 1037 3096 duze
1057 3044 1122 3097 de
1144 3043 1330 3096 Natali
1353 3046 1520 3096 sancti
1544 3043 1807 3096 Laurentii
1837 3043 2003 3095 lcrittc
2032 3051 2079 3094 et
2111 3043 2375 3110 martyris.

419 3133 603 3200 Longe
633 3148 790 3186 secus
815 3135 884 3188 de
921 3135 1259 3190 sermonibus
1289 3136 1496 3189 duobus
1527 3135 1598 3188 illi
1647 3134 1990 3190 statuendum
2031 3140 2370 3194 censuerunt,
2398 3145 2626 3200 quorum
2675 3138 2756 3184 est
2797 3146 2930 3184 unus
2958 3132 3021 3183 de
3067 3129 3355 3186 Nativitate
3385 3133 3614 3201 Domini,

345 3220 641 3291 incipitque
675 3241 687 3274 :
721 3221 1055 3278 Exsultemus
1093 3227 1149 3278 in
1198 3223 1414 3295 [xxxvr]
1447 3223 1688 3288 Domino,
1745 3223 2083 3284 dilectissimi,
2134 3230 2182 3273 et
2230 3220 2452 3289 spiritali
2497 3219 2822 3288 jucunditate
2864 3220 3124 3285 lwtemur;
3157 3221 3294 3274 alter
3323 3229 3521 3289 autem,
3556 3227 3620 3280 de

349 3310 675 3383 Epiphania,
715 3316 806 3384 qui
835 3317 986 3371 initio
1011 3318 1088 3372 sic
1127 3318 1287 3372 habet
1320 3335 1332 3369 :
1377 3317 1646 3372 Celebrate
1676 3319 1911 3387 proximo
1941 3316 2042 3378 die,
2079 3331 2175 3385 quo
2203 3317 2509 3366 intemerata
2533 3315 2824 3383 virginitas,
2858 3323 2960 3367 etc.
2994 3315 3126 3368 Nam
3156 3316 3253 3370 etsi
3278 3317 3330 3370 in
3352 3319 3619 3376 codicibus

351 3406 553 3473 aliquot
583 3406 762 3461 ell'erri
785 3409 884 3462 hos
905 3409 980 3462 illi
1011 3410 1302 3464 cernebant
1331 3408 1547 3463 Maximi
1571 3410 1805 3470 nomine,
1841 3422 1960 3461 eum
1989 3414 2168 3459 tamen
2201 3405 2328 3457 nihil
2372 3405 2515 3472 ipsos
2537 3419 2646 3470 pra:
2675 3418 2733 3455 se
2778 3403 3112 3457 Maximianus
3141 3407 3403 3459 orationis
3455 3407 3616 3472 ferre,

349 3495 596 3565 styloque
615 3496 773 3564 plane
801 3512 918 3552 esse
941 3497 1260 3564 Leonianos,
1297 3499 1454 3568 idque
1485 3499 1603 3553 aliis
1631 3497 1902 3552 codicibus
1928 3494 2250 3558 confu'mari,
2284 3493 2668 3562 perspicerent,
2701 3492 2977 3561 ademptos
3007 3492 3256 3560 Maximo,
3284 3513 3378 3553 eos
3401 3499 3453 3553 in
3483 3499 3619 3554 Leo-

352 3588 635 3641 niauorum
663 3604 969 3643 sermonum
991 3590 1184 3643 seriem
1214 3591 1531 3644 retulerunt.

422 3677 552 3732 Haec
575 3693 696 3733 vero
713 3681 760 3733 si
786 3688 1050 3732 tantorum
1075 3682 1310 3734 virorum
1344 3681 1440 3735 fuit
1466 3683 1518 3735 in
1549 3678 1902 3749 dijudicandis
1932 3677 2182 3747 operibus
2221 3673 2435 3728 Patrum
2467 3674 2636 3740 iisque
2675 3687 2704 3724 a
2743 3672 2938 3739 spuriis
2967 3675 3308 3728 secernendis
3331 3679 3487 3740 ratio,
3521 3696 3617 3733 cur

351 3770 564 3823 demum
596 3785 625 3823 a
654 3785 741 3825 me
765 3771 1006 3838 neglecta
1029 3770 1232 3834 fuisset,
1275 3787 1394 3825 cum
1425 3772 1718 3841 praesertim
1740 3785 2036 3832 cernerem,
2069 3783 2314 3835 magnam
2346 3767 2469 3820 inde
2497 3767 2758 3818 invectam
2799 3778 2917 3817 esse
2947 3766 2997 3817 iu
3030 3780 3141 3818 rem
3174 3766 3483 3824 litterariam
3514 3789 3617 3841 pu-

349 3861 541 3916 blicam
564 3871 770 3930 partem
801 3863 1246 3917 commodorum?
1271 3864 1455 3932 Itaque
1477 3877 1576 3930 ego
1607 3865 1670 3926 is,
1701 3862 1792 3931 qui
1822 3861 2094 3914 homiliatn
2124 3859 2185 3911 de
2208 3857 2371 3910 Manu
2397 3857 2546 3911 arida
2569 3874 2599 3909 a
2630 3855 2852 3909 Domino
2883 3867 3061 3908 curata
3082 3857 3157 3927 (ut
3191 3857 3344 3912 Luem
3376 3861 3445 3926 vt)
3471 3864 3618 3933 cujus

351 3949 460 4004 hoc
485 3958 565 4004 est
595 3951 799 4004 initium
825 3969 838 4002 :
859 3949 1150 4020 Diligenter
1175 3952 1379 4004 audisse
1405 3952 1578 4014 credo,
1595 3951 1924 4020 alteramque
1954 3949 2007 4002 in
2024 3947 2296 4016 Evangelii
2321 3947 2480 4000 Marci
2505 3947 2679 4000 locum
2705 3963 2716 3997 :
2742 3945 2868 3998 Cum
2891 3947 3316 4000 turawirrucrent
3341 3951 3393 4001 in
3414 3949 3614 4017 Iesum,

349 4056 469 4110 quzc
499 4042 684 4110 incipit
714 4061 726 4094 :
759 4043 992 4096 Christus
1019 4043 1072 4094 in
1097 4042 1337 4095 humanis
1365 4042 1561 4095 actibus
1583 4043 1756 4095 divina
1789 4042 2005 4112 gessisse
2044 4041 2310 4111 mysteria,
2339 4047 2466 4104 etc.,
2498 4037 2658 4091 Petro
2687 4035 3021 4108 Chrysoiogo
3051 4039 3118 4092 ab
3161 4040 3424 4127 aliquibus
3454 4045 3618 4099 tribui

352 4128 620 4192 vidissem,
662 4139 846 4183 contra
877 4138 1038 4198 atque
1066 4137 1122 4184 et
1150 4131 1342 4194 oratio,
1374 4145 1492 4199 qua:
1532 4131 1754 4185 omnino
1779 4131 2098 4184 Maximiano
2128 4129 2177 4183 in
2207 4129 2394 4182 iisdem
2420 4136 2516 4194 est,
2550 4136 2604 4182 et
2632 4128 2845 4183 codices
2884 4130 3088 4199 antiqui
3118 4133 3406 4200 postulent,
3442 4133 3616 4190 facere

346 4217 522 4268 minus
547 4232 653 4269 non
683 4218 851 4285 potui,
882 4219 1010 4286 quin
1043 4226 1322 4286 utramque
1352 4219 1565 4271 Maximi
1589 4219 1805 4272 nomine
1836 4219 2143 4288 inscriptam
2175 4219 2408 4272 ederem.
2438 4215 2590 4282 Quod
2614 4217 2749 4270 idem
2782 4218 2834 4270 in
2856 4219 2973 4272 aliis
3002 4220 3141 4272 haud
3170 4223 3355 4289 paucis
3384 4225 3616 4280 homiliis

345 4306 793 4372 sermonibusque
820 4307 1150 4375 publicandis
1180 4308 1251 4360 ita
1275 4309 1518 4376 praestiti,
1554 4317 1611 4361 ut
1654 4310 1910 4378 majorem
1936 4311 1986 4363 in
2018 4310 2233 4364 modum
2261 4310 2514 4371 caverim,
2538 4323 2605 4362 ne
2634 4308 2761 4377 quid
2793 4307 2953 4362 alieni
2983 4309 3217 4365 Maximo
3243 4315 3610 4382 attribuerem,

348 4411 482 4450 neve
509 4397 803 4465 quidquam
848 4397 1062 4452 Maximi
1108 4407 1386 4468 acceptum
1417 4400 1507 4453 alii
1538 4402 1785 4469 cuiquam
1817 4403 2092 4465 referrem,
2127 4401 2335 4454 etiamsi
2368 4400 2547 4468 plures
2589 4400 2803 4453 codices
2841 4415 2996 4454 secus
3029 4415 3252 4468 poscere
3282 4403 3610 4458 viderentur.

347 4485 484 4550 Quid
509 4487 653 4540 enim
681 4503 777 4541 eos
800 4489 1014 4544 codices
1035 4504 1294 4552 morarer,
1321 4490 1374 4542 in
1404 4505 1539 4558 quos
1554 4492 1836 4545 oscitantia
1862 4493 2195 4561 imperitiave
2227 4491 2563 4543 librariorum
2595 4489 2848 4556 opuscula
2875 4487 3092 4543 Patrum
3121 4490 3279 4544 etiam
3308 4490 3612 4546 Gnccorum

347 4578 524 4631 intulit
553 4579 809 4646 inscripta
833 4579 1143 4632 Latinormn
1180 4580 1521 4634 nominibus?
1542 4579 1800 4650 Exemplo
1839 4583 1947 4635 sint
1974 4578 2402 4635 concionesdua:
2429 4592 2653 4646 quarum
2685 4584 2768 4630 est
2801 4592 2905 4629 una
2935 4577 3000 4628 de
3027 4576 3367 4648 Confessione
3386 4581 3608 4649 peccati,

345 4684 508 4736 quam
534 4669 703 4722 codex
733 4668 1111 4724 Vallicellanus
1135 4672 1280 4724 velut
1312 4686 1342 4724 a
1391 4670 1623 4725 Maximo
1668 4673 1921 4741 scriptam
1970 4671 2208 4731 exhibet,
2239 4685 2466 4738 qumque
2495 4685 2524 4721 a
2563 4667 2822 4736 Gymnico
2854 4676 2974 4736 post
3003 4668 3352 4722 Maximianus
3383 4669 3614 4725 refertur

347 4769 470 4824 pag.
504 4753 621 4818 557,
653 4773 718 4811 ac
744 4758 789 4810 si
819 4756 1002 4812 Graece
1033 4757 1192 4813 fuerit
1216 4760 1515 4828 composita
1545 4775 1574 4812 a
1616 4759 1825 4814 Joanne
1855 4759 2261 4829 Chrysostomo.
2295 4757 2484 4810 Exstat
2531 4757 2644 4810 haec
2674 4757 2836 4810 etiam
2880 4757 2930 4808 in
2962 4757 3164 4824 aliquot
3192 4773 3412 4826 operum
3442 4762 3611 4815 sancti

345 4843 564 4900 Joannis
589 4845 960 4918 Chrysostomi
989 4849 1330 4914 editionibus,
1359 4857 1691 4918 quarum-est
1719 4864 1822 4903 una
1853 4847 2168 4902 Parisiensis
2195 4863 2336 4900 anno
2370 4843 2536 4912 1556,
2569 4853 2696 4900 tom.
2730 4844 2768 4909 l,
2805 4859 2932 4898 cura
2963 4843 3189 4913 Philippi
3231 4845 3468 4900 Montani
3508 4849 3611 4901 Ar-

345 4938 715 4993 menteriensis
742 4937 1011 5007 perlecta;
1037 4941 1206 4995 altera
1245 4941 1372 4995 item
1405 4939 1721 4994 Parisiensis
1749 4949 1924 5008 ctepta
1953 4949 2114 5008 atque
2150 4937 2393 4991 absoluta
2423 4953 2566 4990 anno
2598 4934 2724 4987 l581
2760 4937 2900 5005 typis
2925 4934 3136 4988 Henrici
3167 4934 3394 4990 Thierrii
3420 4953 3481 4993 ac
3509 4937 3611 4994 Se-

347 5026 573 5081 bastiani
603 5027 811 5083 Nivellii
837 5031 1158 5101 sumptibus,
1193 5039 1324 5086 tom.
1358 5031 1398 5096 l,
1431 5032 1533 5087 col.
1569 5031 1672 5084 989
1702 5039 1756 5084 et
1779 5030 1899 5094 990,
1933 5040 2036 5084 etc.
2069 5031 2265 5083 Verum
2305 5029 2356 5082 id
2385 5028 2660 5083 concionis
2689 5041 2856 5093 genus
2884 5042 3004 5080 cum
3030 5028 3360 5095 posteriores
3389 5046 3611 5100 operum

348 5119 515 5171 sancti
536 5117 757 5176 Joannis
780 5120 1153 5192 Chrysostomi
1176 5123 1410 5177 editores
1440 5123 1570 5176 nihil
1619 5122 1766 5176 olere
1793 5120 2252 5190 Chrysostomiani
2281 5119 2608 5181 censuerint,
2660 5117 2975 5172 omiserunt.
3007 5115 3188 5171 Altera
3218 5125 3300 5173 est
3328 5120 3517 5174 concio
3547 5122 3612 5174 de

347 5211 513 5262 Avaro
540 5213 715 5275 dicite,
749 5228 844 5267 seu
890 5215 955 5268 de
1007 5231 1068 5268 eo
1115 5215 1249 5284 quod
1277 5216 1520 5285 scriptum
1549 5222 1624 5266 est
1667 5216 1720 5266 in
1753 5213 2034 5283 Evangelia
2065 5228 2082 5265 :
2137 5211 2418 5281 Cujusdam
2464 5210 2637 5263 divitis
2685 5211 2879 5279 fructus
2908 5205 3083 5262 uberes
3111 5226 3234 5280 ager
3264 5211 3452 5264 attulit.
3495 5211 3615 5267 Fuit

343 5300 458 5369 haec
486 5315 515 5353 a
543 5301 735 5356 Runo
757 5304 824 5358 de
843 5303 1031 5360 Graeco
1060 5322 1113 5358 In
1136 5303 1382 5358 Latinum
1413 5319 1692 5369 conversa;
1725 5311 2005 5372 exstatque
2028 5311 2158 5356 tom.
2184 5301 2242 5353 Ill
2275 5316 2496 5369 operum
2521 5299 2701 5352 Basilii
2728 5298 2920 5364 Magni,
2945 5313 3064 5368 pag.
3099 5299 3202 5352 72?.
3226 5309 3280 5354 et
3308 5316 3457 5369 seqq.
3484 5303 3611 5356 edit.

340 5385 514 5442 Paris.
546 5406 632 5444 an.
664 5391 820 5444 1722.
855 5393 1028 5462 Atque
1055 5395 1196 5447 hanc
1240 5395 1474 5462 quidem,
1507 5408 1624 5461 quae
1652 5393 1834 5446 Basilii
1882 5400 1981 5455 est,
2017 5392 2068 5444 in
2099 5390 2415 5459 quibusdam
2466 5389 2740 5443 codicibus
2785 5388 3099 5454 Ambrosio,
3143 5391 3193 5442 in
3224 5391 3340 5442 aliis
3383 5391 3614 5445 Maximo

337 5477 594 5531 tributam
627 5479 766 5548 lego.
793 5480 1072 5536 Sexcenttc
1102 5490 1225 5536 sunt
1249 5483 1460 5549 generis
1481 5481 1736 5548 ejusdem,
1768 5496 1888 5549 quae
1916 5481 2071 5549 plane
2117 5479 2484 5533 demonstrant
2513 5493 2672 5546 quam
2700 5478 2770 5534 sit
2808 5495 2994 5548 parum
3024 5480 3457 5548 inscriptionibus
3484 5495 3610 5534 mss.

335 5569 586 5624 codicum
613 5572 924 5639 sequiorum
957 5580 1256 5639 temporum
1291 5571 1578 5636 lidcntum,
1610 5571 1709 5625 nisi
1738 5569 1804 5624 ad
1834 5569 2048 5624 easdem
2077 5567 2472 5623 conrmandus
2507 5577 2829 5623 concurrant
2849 5569 3023 5636 aliqua
3045 5569 3236 5623 saltem
3256 5584 3464 5637 eorum,
3495 5585 3614 5639 qua:

331 5673 500 5733 Supra
527 5663 946 5716 commemoravi
976 5662 1243 5730 praesidia.
