4138 6186
495 226 564 281 ’59
1924 229 2127 284 FBA-1F

2122 229 2312 287 'ATIO.
3688 239 3756 295 40

565 340 798 395 ΧΧῊΠ·
847 339 962 404 QUO
1005 351 1166 407 P0l‘l‘0
1195 335 1403 397 ordine.
1463 350 1676 406 quaque
1731 342 1872 395 serie
1899 341 2258 408 bomiliarum,
2299 357 2605 399 sermonum
2642 353 3068 416 ceterorumque
3123 347 3501 417 opusculorum
3539 349 3758 411 Maximi

495 433 607 488 lucc
636 441 811 487 nostra
849 432 916 485 sit
955 430 1159 498 digesta
1211 435 1374 497 atque
1417 429 1664 518 perfecta
1716 431 1985 498 collectio,
2019 433 2298 502 explicabo
2352 434 2521 488 brevi.
2568 433 2754 490 Priore
2809 436 2929 490 loco
2983 437 3230 491 homilias
3281 439 3480 506 protuli
3534 439 3758 518 [xxxvnj

497 525 797 580 distributas
850 522 901 574 in
949 521 1145 575 classes
1193 527 1322 574 tres.
1387 517 1587 572 llarum
1631 528 1755 575 sunt
1804 521 1980 590 primo
2027 522 2146 576 loco
2191 537 2310 590 quae
2340 523 2403 576 de
2459 522 2722 590 Tempore,
2775 532 2886 578 tum
2935 541 3054 594 qua:
3096 527 3160 580 de
3189 526 3422 592 Sanctis,
3471 539 3593 597 post
3637 517 3756 600 qua;

496 618 554 669 de
582 615 810 667 Diversis
852 613 1119 682 inscriptae
1165 619 1310 665 sunt.
1356 609 1430 664 De
1458 610 1707 681 Tempore
1749 611 1852 665 dici
1900 613 2214 682 plerumque
2243 613 2419 667 solent
2461 627 2538 666 ea:
2566 628 2685 681 quas
2710 614 2902 668 habita:
2939 614 3087 669 fuere
3131 615 3421 682 mobilibus,
3453 625 3512 670 ut
3538 630 3752 688 vocant,

489 710 674 764 diebus
704 708 886 774 festis;
917 708 980 761 de
1012 707 1222 762 Sanctis
1252 712 1452 768 autem,
1493 719 1611 772 quae
1637 705 1705 760 de
1734 705 1976 759 laudibus
2015 705 2220 772 aliquot
2260 713 2569 760 sanctorum
2597 715 2890 775 martyrum
2920 705 3355 761 confessorumve
3376 708 3613 763 recitata:
3641 709 3758 767 fue-

489 805 613 853 runt
642 811 828 851 eorum
858 796 1085 849 solemni
1114 793 1277 848 natali
1299 793 1384 846 die
1408 810 1422 858 ;
1453 793 1517 845 de
1547 791 1778 846 Diversis
1804 791 2034 856 tandem,
2057 806 2178 858 qua:
2199 792 2265 846 ad
2294 793 2471 847 locum
2497 793 2733 861 aliquem
2761 781 3033 848 sacrarum
3061 793 3458 864 Scripturarum
3488 797 3756 854 illustran-

487 889 612 942 dum
642 887 930 957 pertinent.
962 886 1094 940 Post
1119 883 1386 949 homilias,
1417 883 1816 938 distribuendos
1842 884 1968 936 item
2003 897 2281 938 sermones
2310 885 2361 938 in
2397 884 2619 938 totidem
2647 884 2844 939 classes
2871 885 3073 954 put'avi,
3105 901 3333 954 quarum
3373 888 3560 942 iisdem
3589 891 3758 947 titulis

491 979 738 1047 insignita
768 985 910 1031 esset
956 974 1191 1045 partitio.
1226 973 1579 1028 Homiliarum
1635 987 1766 1026 vero
1813 980 1977 1040 atque
2023 987 2332 1027 sermonum
2361 973 2465 1028 hoc
2491 989 2610 1029 esse
2655 973 2939 1029 discrimen
2977 974 3353 1030 animadvertit
3379 976 3434 1030 in
3482 977 3757 1037 Glossario

487 1067 719 1138 Cangius
748 1085 762 1120 :
802 1086 819 1119 ‹
857 1065 1132 1128 Homilias,
1167 1063 1364 1132 inquit,
1390 1061 1554 1116 fuisse
1585 1061 1871 1116 familiares
1895 1061 2230 1127 collationes,
2261 1077 2380 1132 qua:
2406 1079 2436 1118 a
2466 1065 2779 1134 przesulibus
2807 1065 3143 1120 habebantur
3170 1065 3225 1120 in
3253 1067 3456 1123 aedibus
3484 1073 3667 1138 sacris,
3700 1073 3756 1127 in

487 1160 683 1227 quibus
710 1165 760 1213 et
792 1156 1194 1223 interrogabant
1220 1154 1496 1224 populum,
1543 1160 1598 1207 et
1645 1153 2111 1220 interrogabantur

2137 1169 2167 1207 a
2198 1155 2398 1224 populo
2429 1173 2440 1206 :
2486 1156 2562 1210 lta
2591 1157 2736 1214 enim
2779 1158 2973 1230 ὁμιλίας
3005 1174 3036 1212 a
3074 1161 3204 1231 λόγῳ
3231 1161 3508 1230 distinguit
3534 1161 3755 1219 Pbotius

488 1251 544 1306 in
572 1249 816 1305 biblioth.
848 1246 968 1302 cod.
1003 1245 1124 1299 i72.
1164 1266 1183 1297 ι
1215 1246 1345 1300 Nam
1369 1262 1491 1301 cum
1519 1263 1685 1300 sermo
1714 1247 2006 1302 haberetur
2045 1263 2146 1303 nec
2185 1249 2612 1318 interrogabatur
2639 1261 2824 1308 orator
2850 1268 2880 1307 a
2921 1253 3151 1323 populo,
3182 1269 3357 1323 neque
3384 1257 3640 1325 populum
3671 1258 3753 1311 ἰιιτ

486 1343 810 1412 terrogabat.
845 1340 1128 1396 Tractatus
1155 1341 1441 1410 populares
1465 1356 1497 1394 a
1528 1340 1728 1395 Latinis
1758 1340 2007 1398 Patribus
2031 1343 2137 1397 dici
2166 1359 2455 1399 consuesse
2483 1361 2597 1411 eos,
2628 1347 2718 1416 qui
2767 1362 2797 1401 a
2824 1346 3024 1403 Graecis
3065 1349 3297 1404 homilia:
3325 1351 3749 1420 appellabantur,

487 1435 626 1491 idem
655 1441 737 1488 est
763 1431 997 1498 Cangius
1019 1439 1225 1495 auctor,
1258 1432 1348 1500 qui
1370 1438 1612 1486 sanctum
1641 1432 1996 1501 Augustinum
2039 1442 2231 1489 testem
2259 1437 2405 1490 citat.
2432 1436 2712 1505 Augustini
2741 1449 2920 1494 autem
2949 1441 3090 1495 hunc
3119 1441 3272 1495 aﬂ‘ert
3308 1456 3374 1496 ex
3403 1443 3667 1511 promntio
3696 1442 3751 1497 in

451 1521 456 1526 ’
485 1529 616 1598 psal.
649 1544 806 1583 cxvm
828 1528 1004 1582 locum
1036 1543 1048 1576 :
1079 1524 1255 1579 Statui
1281 1539 1373 1592 per
1406 1538 1668 1576 sermones
1689 1523 1744 1577 id
1764 1540 1939 1593 agere,
1964 1526 2049 1595 qui
2074 1527 2410 1596 proferuntur
2427 1527 2480 1580 in
2501 1527 2722 1598 populis,
2747 1545 2871 1598 quos
2902 1527 3068 1584 (ἕνωεὶ
3090 1530 3284 1602 ὁμιλίας
3314 1538 3515 1584 vocant.
3547 1531 3616 1583 At
3639 1529 3752 1598 jam

486 1621 609 1676 inde
639 1621 705 1676 ab
727 1621 906 1689 aliquo
937 1627 1176 1686 tempore
1205 1614 1352 1668 vocis
1382 1613 1578 1685 ὁμιλίας
1608 1615 1809 1668 variata
1838 1622 1922 1669 est
1945 1615 2112 1669 notio.
2146 1614 2296 1670 Nunc
2324 1617 2465 1669 enim
2509 1631 2602 1672 eas
2629 1633 2885 1673 vocamus
2924 1619 3028 1674 hoc
3067 1618 3284 1673 nomine
3331 1620 3604 1674 orationes
3632 1634 3753 1689 qua:

486 1713 806 1781 explanandi
837 1709 1060 1777 alicujus
1089 1707 1190 1760 loci
1221 1705 1514 1773 evangelici
1539 1719 1700 1759 causa
1729 1707 2048 1775 conscripta:
2077 1705 2292 1760 fuerint.
2323 1706 2515 1761 Curavi
2558 1724 2720 1777 porro
2750 1719 2809 1762 ut
2844 1711 3182 1765 sermonibus
3210 1717 3468 1764 tractatus
3494 1711 3751 1765 succede-

485 1810 608 1856 rent
638 1809 747 1854 tres
775 1801 838 1853 de
866 1799 1151 1868 Baptismo,
1184 1811 1320 1864 quos
1345 1810 1463 1849 esse
1494 1794 1726 1849 Maximo
1757 1796 2122 1862 ascribendos,
2152 1797 2350 1851 evincit
2388 1798 2632 1853 codicum
2672 1801 3073 1870 subalpinorum
3103 1802 3409 1857 consensio.
3440 1803 3751 1870 Sequuntur

485 1908 645 1963 porro
674 1897 931 1945 tractatus
959 1889 1064 1943 duo
1099 1888 1189 1955 qui
1219 1903 1250 1940 e
1279 1887 1465 1941 codice
1495 1886 1789 1942 Veronensi
1817 1887 2119 1957 dcprompti
2168 1897 2309 1954 sunt,
2342 1904 2676 1959 quorumque
2723 1893 2858 1946 alter
2885 1901 3067 1947 contra
3106 1893 3376 1964 Paganos,
3407 1894 3543 1948 alter
3569 1904 3751 1947 contra

483 1984 698 2040 ludaros
731 1981 1054 2037 inscribitur.
1085 1977 1291 2032 Nullius
1335 1977 1410 2031 illi
1456 1978 1732 2046 scriptoris
1774 1993 1969 2032 nomen
2011 1979 2342 2047 prmferunt;
2386 1990 2755 2036 verumtamen
2781 1983 3033 2050 quoniam
3075 1990 3130 2037 et
3156 1984 3278 2053 styli
3329 1998 3516 2037 eorum
3545 1985 3683 2038 ratio
3713 2000 3745 2038 a

484 2081 806 2136 Maximiana
832 2093 941 2132 non
971 2077 1254 2144 discrepat,
1305 2080 1359 2126 et
1387 2089 1454 2128 ex
1483 2089 1550 2128 eo
1585 2073 1856 2128 volumine
1895 2077 2148 2145 exscripti
2179 2084 2304 2131 sunt
2330 2092 2437 2145 quo
2473 2076 2579 2130 alia
2607 2077 2780 2131 sancti
2818 2076 3056 2146 episcopi
3096 2077 3351 2145 opuscula
3382 2079 3747 2141 continentur,
3833 2115 3835 2117 ι

483 2173 709 2240 egissem
731 2173 968 2243 profecto
997 2169 1382 2238 imprudenter,
1413 2169 1458 2223 si
1488 2184 1583 2223 eos
1605 2184 1672 2222 ex
1702 2184 1778 2223 sc.
1792 2169 1840 2224 ie
1862 2185 2088 2239 operum
2116 2169 2333 2224 Maximi
2362 2171 2744 2240 expungendos
2773 2171 3178 2225 existimassem.
3211 2169 3306 2223 llis
3325 2171 3538 2224 demum
3569 2171 3750 2227 addidi

487 2262 821 2333 Evangelicas
854 2260 1140 2324 Lectiones,
1186 2274 1283 2314 seu
1311 2259 1550 2329 Capitula
1580 2257 2002 2329 Evangeliorum,
2027 2275 2254 2328 quorum
2285 2260 2364 2330 (ut
2389 2275 2550 2330 supra
2579 2260 2952 2332 animadverti)
2982 2258 3308 2322 Gennadius,
3344 2259 3750 2326 recentioreque

486 2353 742 2406 memoria
775 2350 1097 2404 Trithemius
1124 2349 1506 2404 meminerunt.
1539 2347 1656 2402 Non
1687 2357 1812 2402 sum‘
1834 2351 2066 2416 nescius,
2097 2349 2366 2406 Lectiones
2393 2351 2653 2420 ejusmodi
2681 2350 3024 2422 Evangelicas
3055 2351 3108 2404 in
3137 2351 3324 2406 codice
3343 2349 3629 2404 Veronensi
3657 2363 3750 2402 ne-

484 2457 590 2513 que
613 2441 846 2504 Maximi,
874 2456 1046 2510 neque
1079 2441 1298 2494 alterius
1332 2439 1647 2507 cujusquam
1676 2441 1901 2493 nomen“
1916 2441 2186 2509 prteferre.
2218 2440 2326 2495 Sed
2360 2456 2425 2496 ea
2453 2442 2684 2496 nominis
2712 2441 3096 2512 praetermissio
3125 2439 3262 2494 tanti
3289 2453 3396 2492 non
3427 2445 3529 2502 est,
3559 2437 3636 2490 uti
3666 2453 3752 2494 me

483 2549 511 2586 a
545 2532 809 2586 sententia
833 2531 1104 2586 deterrere
1134 2531 1321 2600 possit,
1350 2545 1510 2599 quam
1538 2538 1593 2584 et
1619 2529 1944 2598 conjectura:
1971 2544 2099 2584 sane
2125 2544 2332 2597 graves,
2365 2539 2421 2586 et
2448 2534 2735 2600 insignium
2762 2539 3030 2588 vetustate
3073 2531 3575 2596 existimationeque
3617 2526 3750 2580 scri-

484 2631 696 2692 ptorum
737 2618 1016 2675 continuet
1041 2620 1349 2674 auctoritas.
1383 2619 1514 2674 Cum
1556 2620 1700 2673 enim
1730 2620 1994 2688 permulta
2023 2629 2358 2687 argumenta,
2386 2636 2504 2690 qua:
2525 2623 2576 2675 in
2606 2622 2838 2676 homiliis
2865 2629 3027 2689 atque
3053 2621 3389 2676 sermonibus
3417 2618 3682 2672 illustrata
3711 2631 3741 2669 a

487 2711 714 2765 Maximo
753 2717 897 2774 sunt,
927 2703 989 2764 'ea
1018 2710 1126 2764 sint
1149 2709 1411 2774 oratione,
1463 2725 1526 2764 ac
1572 2709 1733 2780 stylo,
1767 2723 1937 2777 eaque
1986 2711 2193 2766 ratione
2218 2719 2466 2778 tractata,
2498 2725 2602 2783 qua
2633 2714 2687 2766 in
2725 2713 3047 2769 lectionibus
3076 2713 3265 2767 iisdem
3295 2718 3610 2776 tractantur,
3640 2724 3748 2764 non
3827 2728 3835 2732 ί

482 2802 726 2872 equidem
751 2801 926 2867 video,
968 2815 1064 2854 cur
1092 2800 1174 2853 hae
1201 2815 1311 2853 non
1335 2799 1568 2853 debeant
1595 2800 1647 2854 ei
1684 2801 1902 2854 attribui
1931 2801 2137 2855 auctori
2165 2817 2195 2855 a
2219 2816 2327 2870 quo
2353 2803 2599 2858 homilias
2623 2803 2741 2857 illas
2769 2803 2997 2873 illosque
3025 2818 3303 2859 sermones
3326 2803 3489 2858 fuisse
3514 2797 3746 2873 perscri-

485 2902 608 2960 ptos
633 2899 864 2946 constat.
894 2889 1010 2943 Jam
1038 2905 1169 2944 vero
1197 2905 1340 2954 cum,
1363 2896 1502 2943 teste
1522 2888 1821 2956 Gennadio’,
1853 2907 1902 2956 οξ
1921 2905 1988 2944 us
2017 2889 2080 2944 de
2107 2890 2358 2962 Capitulis
2383 2893 2786 2965 Evangeliorum
2813 2895 3011 2949 editum
3037 2911 3069 2949 a
3098 2894 3330 2950 Maximo
3358 2893 3538 2959 fuerit,
3564 2907 3749 2962 eatque

485 2978 751 3033 Lectiones
781 2979 852 3031 ita
881 2977 988 3032 sint
1009 2983 1352 3045 comparate,
1383 2984 1441 3030 ut
1469 2977 1686 3031 inscribi
1714 2980 1953 3032 rectut'r:
1982 2970 2233 3047 Capitulis
2261 2979 2664 3052 Evangetiorum
2685 2983 2911 3052 possint,
2942 2982 3184 3055 [xxxvm]
3211 2983 3338 3054 quid
3371 2992 3455 3040 est
3479 2983 3620 3054 quod
3651 2983 3749 3038 im-

484 3070 683 3143 pediat,
711 3071 839 3141 quin
869 3070 1135 3124 Lectiones
1164 3071 1292 3140 ipsas
1320 3070 1427 3123 sint
1446 3068 1649 3123 eaedem
1675 3084 1738 3124 ac
1767 3069 2163 3126 illa'snMaximo
2184 3071 2325 3126 edita
2349 3073 2585 3144 Capitula
2607 3072 3011 3145 Evangeliorum
3036 3074 3063 3128 .’

552 3157 690 3213 Sunt
718 3161 840 3213 haec
859 3157 1142 3213 selectiora
1171 3157 1387 3211 Maximi
1415 3159 1693 3226 opuscula,
1725 3158 1917 3227 quibus
1956 3161 2226 3230 praecipue
2255 3170 2436 3217 nostra
2465 3164 2578 3219 haec
2605 3164 2874 3218 constabit
2893 3164 3161 3219 collectio.
3187 3161 3504 3232 Quanquam
3532 3177 3663 3218 vero
3691 3163 3748 3219 in

488 3248 593 3304 alia
619 3247 860 3316 quaedam
890 3248 1224 3312 incurrerim,
1257 3261 1375 3315 qua:
1403 3255 1554 3302 tanto
1583 3255 1804 3302 auctore
1851 3248 2067 3317 indigna
2105 3266 2212 3305 non
2240 3266 2360 3306 esse
2389 3252 2731 3318 viderentur;
2762 3253 3016 3322 quoniam
3045 3261 3224 3306 tamen
3252 3267 3361 3305 non
3389 3259 3544 3305 erant
3585 3252 3743 3306 nobis

485 3337 614 3392 satis
642 3336 823 3404 gravia
853 3344 1124 3390 momenta
1161 3335 1430 3389 rationum
1472 3336 1524 3389 in
1555 3344 1826 3406 promptu,
1857 3338 2051 3406 quibus
2079 3337 2382 3396 efficeretur
2423 3357 2488 3398 ea
2532 3343 2744 3397 nonnisi
2773 3359 2839 3396 ex
2879 3342 3111 3396 Maximo
3139 3341 3302 3395 fuisse
3329 3339 3592 3410 profecta,
3617 3341 3745 3395 lunai

484 3424 731 3493 equidem
772 3438 969 3492 anceps
995 3440 1010 3489 ;
1037 3437 1266 3490 cumque
1295 3422 1416 3478 inde
1440 3423 1573 3477 mihi
1617 3423 1685 3478 dc
1715 3424 1778 3479 iis
1806 3432 2010 3480 temere
2048 3429 2386 3484 statuendum
2420 3447 2528 3486 non
2569 3448 2688 3488 esse
2722 3431 3066 3502 iudicassem,
3093 3429 3332 3486 continui
3363 3429 3434 3483 ita
3463 3445 3568 3495 me,
3600 3437 3658 3484 ut
3683 3446 3746 3488 ea

481 3527 654 3582 neque
699 3511 1040 3579 afﬁrmarem,
1097 3526 1270 3582 neque
1315 3528 1566 3582 negarem
1614 3513 1831 3568 Maximi
1885 3515 2125 3584 ejusdem
2173 3535 2310 3585 esse,
2345 3520 2730 3592 rejiceremque
2760 3521 2989 3592 proinde
3031 3523 3085 3577 in
3131 3519 3479 3591 appendicem
3526 3534 3746 3591 operum

486 3607 790 3663 dubiorum.

549 3697 618 3751 At.
661 3699 802 3752 enim
851 3714 969 3753 cum
1013 3698 1179 3751 multa
1226 3707 1500 3752 onstarent
1540 3699 1826 3767 quominus
1873 3700 2183 3767 extorqueri
2251 3715 2319 3755 ex
2375 3715 2461 3755 me
2519 3708 2700 3770 posset
2747 3709 2806 3755 ut
2848 3701 3098 3754 homilias
3130 3701 3384 3765 quasdam
3433 3710 3592 3768 atque
3635 3715 3746 3756 ser-

483 3805 672 3844 mones
699 3797 791 3842 aut
838 3789 890 3841 in
934 3786 1124 3850 certis,
1156 3794 1248 3838 aut
1294 3787 1344 3837 in
1376 3787 1551 3838 dubiis
1591 3787 1805 3837 Maximi
1855 3788 2126 3852 opusculis
2166 3789 2436 3838 numerari
2479 3795 2732 3854 Oportcre
2761 3785 3069 3848 arbitrarer,
3121 3800 3212 3839 eas
3259 3785 3505 3840 homilias
3551 3803 3782 3856 eosque-

481 3895 760 3935 sermoncs
803 3879 854 3933 in
886 3875 1233 3944 appendicem
1263 3875 1484 3928 alteram
1521 3874 1701 3938 retuli,
1733 3889 1852 3942 quac
1892 3883 1975 3928 est
2001 3875 2294 3941 spuriorum
2323 3891 2553 3943 operum.
2598 3875 2779 3942 Neque
2811 3889 2954 3936 vero,
2985 3873 3112 3941 quin
3139 3873 3192 3927 id
3221 3872 3471 3938 facerem,
3501 3891 3742 3934 commo-

481 3986 606 4026 vere
634 3985 720 4023 me
749 3969 923 4038 potuit
947 3970 1032 4024 vel
1060 3965 1303 4020 codicum
1334 3963 1689 4034 quorumdam
1719 3963 2023 4028 celebritas,
2054 3966 2140 4020 vel
2169 3965 2448 4020 doctorum
2479 3966 2682 4033 aliquot
2715 3965 2950 4018 virorum
2979 3965 3183 4034 opinio,
3211 3966 3426 4020 Maximi
3455 3981 3546 4020 eas
3575 3967 3747 4026 homi-

479 4063 578 4119 lias
599 4075 796 4128 eosque
824 4073 1102 4113 sermones
1129 4071 1246 4110 esse
1271 4055 1546 4110 aientium.
1566 4053 1710 4120 Quas
1739 4063 1918 4110 autem
1946 4057 2014 4111 ob
2043 4072 2234 4112 causas
2261 4056 2344 4110 bis
2368 4056 2614 4110 assentiri
2643 4055 2968 4124 nequiverim
2988 4094 3003 4119 ,
3034 4071 3156 4110 cum
3185 4057 3316 4111 satis
3344 4057 3394 4110 in
3435 4056 3748 4126 praefatione

481 4155 548 4208 ad
572 4153 792 4206 alteram
823 4150 967 4204 illam
998 4147 1347 4218 appendicem
1375 4146 1700 4216 explicatum
1723 4148 1812 4212 sit,
1845 4138 1951 4203 non
1982 4158 2063 4204 est
2092 4165 2187 4204 cur
2217 4164 2334 4204 esse
2360 4163 2571 4202 rursum
2598 4147 2968 4218 explicandum
2999 4155 3203 4217 putem.

547 4242 667 4297 Jam
696 4241 953 4311 opuscula
984 4239 1200 4294 Maximi
1248 4239 1486 4295 nondum
1516 4239 1657 4294 edita
1687 4239 1879 4309 quibus
1907 4256 1972 4294 ex
2001 4241 2276 4296 codicibus
2317 4240 2638 4309 acceperim,
2669 4253 2830 4308 supra
2875 4239 3053 4294 docui.
3084 4239 3235 4296 Nunc
3261 4241 3327 4294 de
3364 4239 3565 4309 jamdiu
3590 4244 3746 4298 editis

477 4336 670 4399 dicam,
703 4343 968 4403 quamque
997 4334 1050 4386 in
1080 4332 1144 4386 iis
1173 4348 1382 4386 rursum
1413 4333 1744 4400 publicandis
1790 4333 2074 4388 lectionem
2105 4343 2320 4389 secutus
2368 4333 2589 4398 fuerim,
2619 4333 2883 4388 indicabo.
2916 4333 3100 4402 Itaque
3127 4334 3269 4404 quod
3299 4337 3367 4389 ad
3397 4336 3640 4392 homilias
3679 4337 3746 4390 7L

480 4443 510 4482 a
539 4419 797 4497 Gymnico
826 4426 1075 4495 primum,
1101 4433 1215 4478 tum
1243 4440 1273 4477 a
1300 4422 1573 4478 Galesinio
1602 4425 1842 4494 volgatas
1870 4427 2082 4492 attinet,
2128 4429 2263 4482 sciat
2300 4428 2525 4496 quisque
2553 4428 2731 4494 velim,
2775 4428 2852 4482 sic
2880 4442 2964 4482 me
2985 4413 3226 4498 Gymnici
3255 4425 3496 4494 ejusdem
3526 4427 3744 4482 lectioni

480 4517 784 4581 adbtnsisse,
813 4524 871 4570 ut
900 4517 1016 4584 ejus
1045 4521 1226 4568 tamen
1256 4514 1630 4590 nonnullaaut
1658 4515 2036 4584 suppleverim,
2068 4525 2161 4571 aut
2189 4517 2541 4582 emendarim,
2570 4517 2951 4587 exegerimque
2988 4516 3054 4570 ad
3083 4516 3449 4586 probatiorum
3480 4530 3608 4570 mss.
3650 4530 3743 4569 co-

480 4603 661 4661 dicum
713 4606 890 4660 tidem.
923 4603 980 4657 In
1027 4603 1251 4671 reliquis
1275 4603 1557 4669 vulgandis
1581 4605 1829 4675 exempla
1876 4620 1994 4660 sum
2023 4614 2240 4661 secutus
2279 4607 2574 4663 editionum
2620 4606 3000 4662 Parisiensium
3028 4622 3250 4676 Operum
3281 4607 3449 4663 sancti
3478 4605 3743 4661 Ambrosii

481 4712 670 4752 annor.
705 4696 843 4750 1569
869 4703 923 4752 et
953 4695 1110 4760 1690,
1143 4693 1538 4750 Anecdotorum
1566 4695 1840 4751 Muratorii
1872 4713 1960 4752 an.
1994 4695 2152 4765 l7l5,
2183 4707 2238 4754 et
2266 4699 2446 4755 Musaei
2475 4700 2643 4756 Italici
2673 4699 3035 4754 Mabilloniani
3062 4715 3150 4754 an.
3185 4699 3340 4752 1725.

551 4789 863 4844 Extremum
890 4797 990 4854 est,
1014 4797 1073 4843 ut
1101 4789 1330 4844 lectores
1354 4804 1603 4843 moneam
1636 4807 1648 4842 :
1671 4790 1930 4860 quidquid
1958 4793 2010 4845 in
2032 4792 2134 4847 bac
2162 4778 2342 4847 nostra
2364 4791 2599 4846 editione
2627 4793 2781 4846 boum
2808 4791 2991 4859 frugis,
3016 4791 3363 4859 praeclarique
3383 4798 3479 4852 est,
3505 4788 3556 4840 id
3575 4801 3744 4858 quan-

483 4889 596 4934 tum
621 4888 879 4945 quantum
907 4879 1322 4949 prospicientize,
1353 4877 1641 4947 vigilantia:
1665 4881 2150 4951 muniticentiaaque
2173 4881 2254 4936 Pii
2276 4881 2426 4938 Sexti
2448 4882 2636 4952 optimi
2654 4882 3139 4952 sapientissimique
3166 4878 3432 4952 pontificis
3465 4885 3741 4946 acceptum

485 4981 605 5022 esse
631 4966 988 5020 referendum.
1035 4966 1168 5022 Cum
1199 4967 1341 5022 enim
1380 4966 1512 5020 nihil
1553 4967 1602 5020 ei
1641 4969 1810 5036 magis
1839 4970 1909 5022 sit
1931 4969 2100 5038 cordi,
2131 4985 2291 5040 quam
2321 4979 2379 5024 ut
2408 4973 2587 5026 omnia
2630 4978 2802 5040 paret,
2830 4985 2949 5040 quae
2977 4970 3045 5025 ad
3085 4972 3394 5039 religionem
3421 4967 3742 5021 catholicam

484 5057 904 5130 propagandam,
936 5057 1333 5121 illustrandam,
1383 5055 1801 5111 conﬁmtandam
1853 5059 2099 5116 conferre
2145 5061 2433 5130 plurimum
2453 5076 2612 5130 posse
2653 5060 2970 5126 videantur;
3019 5074 3245 5127 cumque
3290 5058 3448 5128 plane
3476 5055 3739 5132 cognorit,

482 5155 740 5217 quantum
771 5146 1021 5214 operibus
1049 5151 1218 5203 sancti
1257 5149 1472 5204 Maximi
1501 5148 1568 5202 ad
1597 5163 1714 5202 eam
1745 5164 1857 5202 rem
1887 5153 2304 5219 opportunitatis
2334 5150 2498 5218 insit;
2530 5167 2638 5206 non
2665 5165 2773 5206 (ere
2795 5151 2968 5206 solum
2995 5162 3286 5220 permagno
3307 5163 3435 5211 suo,
3467 5148 3562 5202 sed
3596 5145 3744 5201 omni

484 5237 650 5292 etiam
676 5235 1054 5299 sollicitudine,
1087 5238 1381 5306 diligentia,
1413 5238 1610 5304 studio,
1644 5247 1702 5292 ut
1742 5240 1976 5307 undique
2005 5241 2400 5309 colligerentur,
2445 5240 2874 5306 emendarentur,
2922 5241 3331 5302 illustrarentur,
3366 5242 3506 5308 typis
3533 5235 3741 5305 magni-

484 5325 584 5388 fice
607 5327 1017 5391 excuderentur,
1050 5327 1430 5398 prodirentque
1451 5329 1502 5384 in
1529 5329 1794 5398 publicam
1824 5330 2015 5396 lucem,
2044 5333 2268 5387 curavit.
2301 5332 2472 5398 Quem
2500 5332 2716 5401 quidem
2743 5331 3050 5402 pontiﬁcem
3077 5333 3460 5386 sanctissimum
3483 5315 3744 5385 dominum

482 5425 716 5472 nostrum
743 5416 882 5471 Deus
915 5427 1117 5472 creator
1145 5420 1369 5472 omnium
1419 5429 1679 5473 conservet
1717 5421 2000 5489 longwi'um
2041 5419 2110 5473 ad
2150 5431 2446 5475 sanctarum
2488 5421 2600 5491 ejus
2627 5418 2979 5474 Ecclesiarum
3022 5427 3071 5472 et
3103 5418 3406 5474 orthodoxa:
3430 5420 3557 5486 ﬁdei
3592 5417 3745 5470 stabi~

483 5508 678 5564 litatem
723 5507 822 5578 (a).

550 5596 631 5668 (α)
661 5596 908 5670 Episcopi
941 5599 1124 5656 insula:
1151 5599 1310 5670 Cypri
1340 5600 1495 5669 epist.
1540 5599 1606 5655 ad
1635 5610 1880 5657 sanctum
1925 5599 2265 5656 Theodorum
2303 5615 2518 5671 papam,
2562 5615 2681 5666 qua:
2724 5607 2898 5654 exstat
2938 5599 2990 5654 in
3027 5597 3176 5654 Actis
3204 5595 3406 5654 Concil.
3442 5592 3618 5646 Later.
3644 5588 3746 5642 sub
