  <div class='ocr_page' id='page_1' title='image "/cluster/home/n/w/nwhite01/storage/ocr_20150623/57/hvd.32044054758669/036.png"; bbox 0 0 4138 6186; ppageno 0'>
   <div class='ocr_carea' id='block_1_1' title="bbox 312 359 3568 447">
    <p class='ocr_par' dir='ltr' id='par_1_1' title="bbox 312 359 3568 447">
     <span class='ocr_line' id='line_1_1' title="bbox 312 359 3568 447; baseline -0.003 -24"><span class='ocrx_word' id='word_1_1' title='bbox 312 370 376 423; x_wconf 75' lang='grc' dir='ltr'><strong>ιι</strong></span> <span class='ocrx_word' id='word_1_2' title='bbox 1368 442 1371 447; x_wconf 20' lang='grc' dir='ltr'><strong><em>ν</em></strong></span> <span class='ocrx_word' id='word_1_3' title='bbox 1733 366 2117 422; x_wconf 70' lang='grc' dir='ltr'><strong>ΡΒᾸΞΡᾹΤΙΟ.</strong></span> <span class='ocrx_word' id='word_1_4' title='bbox 2246 368 2253 373; x_wconf 90' lang='grc'><strong>·</strong></span> <span class='ocrx_word' id='word_1_5' title='bbox 3495 359 3568 415; x_wconf 75' lang='lat' dir='ltr'><strong>ts</strong></span> 
     </span>
    </p>
   </div>
   <div class='ocr_carea' id='block_1_2' title="bbox 1726 587 2140 663">
    <p class='ocr_par' dir='ltr' id='par_1_2' title="bbox 1726 587 2140 663">
     <span class='ocr_line' id='line_1_2' title="bbox 1726 587 2140 663; baseline -0.005 -1"><span class='ocrx_word' id='word_1_6' title='bbox 1726 587 1966 663; x_wconf 76' lang='lat' dir='ltr'><strong>PARS</strong></span> <span class='ocrx_word' id='word_1_7' title='bbox 2042 587 2140 663; x_wconf 92' lang='lat' dir='ltr'><strong>II.</strong></span> 
     </span>
    </p>
   </div>
   <div class='ocr_carea' id='block_1_3' title="bbox 565 715 3319 797">
    <p class='ocr_par' dir='ltr' id='par_1_3' title="bbox 565 715 3319 797">
     <span class='ocr_line' id='line_1_3' title="bbox 565 715 3319 797; baseline -0.003 -19"><span class='ocrx_word' id='word_1_8' title='bbox 565 720 716 797; x_wconf 66' lang='lat' dir='ltr'><strong>Qui:</strong></span> <span class='ocrx_word' id='word_1_9' title='bbox 741 727 830 779; x_wconf 86' lang='lat' dir='ltr'><strong>est</strong></span> <span class='ocrx_word' id='word_1_10' title='bbox 861 717 934 781; x_wconf 80' lang='lat' dir='ltr'><strong>de</strong></span> <span class='ocrx_word' id='word_1_11' title='bbox 962 717 1251 780; x_wconf 74' lang='lat' dir='ltr'><strong>doctrina</strong></span> <span class='ocrx_word' id='word_1_12' title='bbox 1277 717 1572 787; x_wconf 72' lang='lat' dir='ltr'><strong>Maximi,</strong></span> <span class='ocrx_word' id='word_1_13' title='bbox 1610 717 1797 795; x_wconf 82' lang='lat' dir='ltr'><strong><em>deque</em></strong></span> <span class='ocrx_word' id='word_1_14' title='bbox 1830 719 2063 778; x_wconf 68' lang='lat' dir='ltr'><strong>cateris</strong></span> <span class='ocrx_word' id='word_1_15' title='bbox 2098 718 2169 778; x_wconf 88' lang='lat' dir='ltr'><strong>de</strong></span> <span class='ocrx_word' id='word_1_16' title='bbox 2200 716 2421 795; x_wconf 78' lang='lat' dir='ltr'><strong><em>quibus</em></strong></span> <span class='ocrx_word' id='word_1_17' title='bbox 2452 735 2572 777; x_wconf 79' lang='lat' dir='ltr'><strong>esse</strong></span> <span class='ocrx_word' id='word_1_18' title='bbox 2607 734 2719 776; x_wconf 87' lang='lat' dir='ltr'><strong>nos</strong></span> <span class='ocrx_word' id='word_1_19' title='bbox 2745 718 2815 778; x_wconf 85' lang='lat' dir='ltr'><strong>in</strong></span> <span class='ocrx_word' id='word_1_20' title='bbox 2851 715 3319 792; x_wconf 81' lang='lat' dir='ltr'><strong>Prolegomeuis</strong></span> 
     </span>
    </p>
   </div>
   <div class='ocr_carea' id='block_1_4' title="bbox 1594 797 2296 874">
    <p class='ocr_par' dir='ltr' id='par_1_4' title="bbox 1594 797 2296 874">
     <span class='ocr_line' id='line_1_4' title="bbox 1594 797 2296 874; baseline 0 -20"><span class='ocrx_word' id='word_1_21' title='bbox 1594 804 1848 855; x_wconf 86' lang='lat' dir='ltr'><strong>acturos</strong></span> <span class='ocrx_word' id='word_1_22' title='bbox 1870 797 2296 874; x_wconf 73' lang='lat' dir='ltr'><strong>promisimus.</strong></span> 
     </span>
    </p>
   </div>
   <div class='ocr_carea' id='block_1_5' title="bbox 388 912 3567 990">
    <p class='ocr_par' dir='ltr' id='par_1_5' title="bbox 388 912 3567 990">
     <span class='ocr_line' id='line_1_5' title="bbox 388 912 3567 990; baseline 0.001 -21"><span class='ocrx_word' id='word_1_23' title='bbox 388 913 593 990; x_wconf 66' lang='lat' dir='ltr'><strong>[xxxix]</strong></span> <span class='ocrx_word' id='word_1_24' title='bbox 621 914 662 968; x_wconf 85' lang='lat' dir='ltr'><strong>l.</strong></span> <span class='ocrx_word' id='word_1_25' title='bbox 695 914 772 969; x_wconf 78' lang='lat' dir='ltr'><strong>Ac</strong></span> <span class='ocrx_word' id='word_1_26' title='bbox 798 914 866 968; x_wconf 90' lang='lat' dir='ltr'><strong>de</strong></span> <span class='ocrx_word' id='word_1_27' title='bbox 898 922 1079 969; x_wconf 87' lang='lat' dir='ltr'><strong>nostra</strong></span> <span class='ocrx_word' id='word_1_28' title='bbox 1108 915 1321 985; x_wconf 83' lang='lat' dir='ltr'><strong>quidem</strong></span> <span class='ocrx_word' id='word_1_29' title='bbox 1346 913 1722 984; x_wconf 84' lang='lat' dir='ltr'><strong>opusculorum</strong></span> <span class='ocrx_word' id='word_1_30' title='bbox 1750 912 1967 968; x_wconf 77' lang='lat' dir='ltr'><strong>Maximi</strong></span> <span class='ocrx_word' id='word_1_31' title='bbox 2002 914 2338 980; x_wconf 76' lang='lat' dir='ltr'><strong>collectione,</strong></span> <span class='ocrx_word' id='word_1_32' title='bbox 2372 914 2441 969; x_wconf 92' lang='lat' dir='ltr'><strong>de</strong></span> <span class='ocrx_word' id='word_1_33' title='bbox 2475 914 2723 969; x_wconf 79' lang='lat' dir='ltr'><strong>subsidiis</strong></span> <span class='ocrx_word' id='word_1_34' title='bbox 2748 929 2867 984; x_wconf 66' lang='lat' dir='ltr'><strong>qua:</strong></span> <span class='ocrx_word' id='word_1_35' title='bbox 2907 915 3061 970; x_wconf 91' lang='lat' dir='ltr'><strong>nobis</strong></span> <span class='ocrx_word' id='word_1_36' title='bbox 3086 915 3204 984; x_wconf 77' lang='lat' dir='ltr'><strong>ejus</strong></span> <span class='ocrx_word' id='word_1_37' title='bbox 3232 912 3567 985; x_wconf 66' lang='lat' dir='ltr'><strong>perﬁcienda</strong></span> 
     </span>
    </p>
   </div>
   <div class='ocr_carea' id='block_1_6' title="bbox 310 1005 3573 1076">
    <p class='ocr_par' dir='ltr' id='par_1_6' title="bbox 310 1005 3573 1076">
     <span class='ocr_line' id='line_1_6' title="bbox 310 1005 3573 1076; baseline 0.001 -16"><span class='ocrx_word' id='word_1_38' title='bbox 310 1022 472 1060; x_wconf 80' lang='lat' dir='ltr'><strong>causa</strong></span> <span class='ocrx_word' id='word_1_39' title='bbox 508 1006 834 1074; x_wconf 79' lang='lat' dir='ltr'><strong>paravimus,</strong></span> <span class='ocrx_word' id='word_1_40' title='bbox 870 1005 1044 1074; x_wconf 87' lang='lat' dir='ltr'><strong>deque</strong></span> <span class='ocrx_word' id='word_1_41' title='bbox 1082 1006 1270 1061; x_wconf 85' lang='lat' dir='ltr'><strong>ordine</strong></span> <span class='ocrx_word' id='word_1_42' title='bbox 1310 1020 1469 1075; x_wconf 89' lang='lat' dir='ltr'><strong>quem</strong></span> <span class='ocrx_word' id='word_1_43' title='bbox 1498 1005 1552 1059; x_wconf 91' lang='lat' dir='ltr'><strong>in</strong></span> <span class='ocrx_word' id='word_1_44' title='bbox 1582 1020 1644 1060; x_wconf 89' lang='lat' dir='ltr'><strong>ea</strong></span> <span class='ocrx_word' id='word_1_45' title='bbox 1670 1005 1999 1074; x_wconf 90' lang='lat' dir='ltr'><strong>disponenda</strong></span> <span class='ocrx_word' id='word_1_46' title='bbox 2029 1014 2190 1076; x_wconf 89' lang='lat' dir='ltr'><strong>atque</strong></span> <span class='ocrx_word' id='word_1_47' title='bbox 2218 1006 2525 1061; x_wconf 83' lang='lat' dir='ltr'><strong>adornanda</strong></span> <span class='ocrx_word' id='word_1_48' title='bbox 2554 1007 2725 1061; x_wconf 89' lang='lat' dir='ltr'><strong>secuti</strong></span> <span class='ocrx_word' id='word_1_49' title='bbox 2754 1022 2955 1071; x_wconf 88' lang='lat' dir='ltr'><strong>sumus,</strong></span> <span class='ocrx_word' id='word_1_50' title='bbox 2986 1008 3265 1063; x_wconf 77' lang='lat' dir='ltr'><strong>hactenus.</strong></span> <span class='ocrx_word' id='word_1_51' title='bbox 3298 1009 3486 1064; x_wconf 82' lang='lat' dir='ltr'><strong>Restat</strong></span> <span class='ocrx_word' id='word_1_52' title='bbox 3512 1017 3573 1064; x_wconf 92' lang='lat' dir='ltr'><strong>ut</strong></span> 
     </span>
    </p>
   </div>
   <div class='ocr_carea' id='block_1_7' title="bbox 312 1097 3575 1170">
    <p class='ocr_par' dir='ltr' id='par_1_7' title="bbox 312 1097 3575 1170">
     <span class='ocr_line' id='line_1_7' title="bbox 312 1097 3575 1170; baseline 0 -15"><span class='ocrx_word' id='word_1_53' title='bbox 312 1102 379 1155; x_wconf 93' lang='lat' dir='ltr'><strong>de</strong></span> <span class='ocrx_word' id='word_1_54' title='bbox 405 1102 571 1155; x_wconf 78' lang='lat' dir='ltr'><strong>sancti</strong></span> <span class='ocrx_word' id='word_1_55' title='bbox 599 1099 839 1169; x_wconf 85' lang='lat' dir='ltr'><strong>ejusdem</strong></span> <span class='ocrx_word' id='word_1_56' title='bbox 875 1099 1108 1167; x_wconf 81' lang='lat' dir='ltr'><strong>episcopi</strong></span> <span class='ocrx_word' id='word_1_57' title='bbox 1144 1098 1387 1153; x_wconf 83' lang='lat' dir='ltr'><strong>doctrina</strong></span> <span class='ocrx_word' id='word_1_58' title='bbox 1418 1098 1590 1168; x_wconf 89' lang='lat' dir='ltr'><strong>deque</strong></span> <span class='ocrx_word' id='word_1_59' title='bbox 1618 1098 1825 1153; x_wconf 76' lang='lat' dir='ltr'><strong>caeteris</strong></span> <span class='ocrx_word' id='word_1_60' title='bbox 1862 1110 2048 1165; x_wconf 88' lang='lat' dir='ltr'><strong>agam,</strong></span> <span class='ocrx_word' id='word_1_61' title='bbox 2081 1097 2148 1151; x_wconf 90' lang='lat' dir='ltr'><strong>de</strong></span> <span class='ocrx_word' id='word_1_62' title='bbox 2175 1098 2367 1167; x_wconf 86' lang='lat' dir='ltr'><strong>quibus</strong></span> <span class='ocrx_word' id='word_1_63' title='bbox 2406 1113 2492 1153; x_wconf 91' lang='lat' dir='ltr'><strong>me</strong></span> <span class='ocrx_word' id='word_1_64' title='bbox 2521 1098 2573 1151; x_wconf 92' lang='lat' dir='ltr'><strong>in</strong></span> <span class='ocrx_word' id='word_1_65' title='bbox 2602 1098 2995 1169; x_wconf 80' lang='lat' dir='ltr'><strong>prolegomenis</strong></span> <span class='ocrx_word' id='word_1_66' title='bbox 3018 1099 3279 1155; x_wconf 88' lang='lat' dir='ltr'><strong>dicturum</strong></span> <span class='ocrx_word' id='word_1_67' title='bbox 3308 1100 3575 1170; x_wconf 85' lang='lat' dir='ltr'><strong>promise-</strong></span> 
     </span>
    </p>
   </div>
   <div class='ocr_carea' id='block_1_8' title="bbox 310 1190 3570 1263">
    <p class='ocr_par' dir='ltr' id='par_1_8' title="bbox 310 1190 3570 1263">
     <span class='ocr_line' id='line_1_8' title="bbox 310 1190 3570 1263; baseline 0 -16"><span class='ocrx_word' id='word_1_68' title='bbox 310 1210 442 1247; x_wconf 87' lang='lat' dir='ltr'><strong>ram.</strong></span> <span class='ocrx_word' id='word_1_69' title='bbox 493 1194 623 1259; x_wconf 81' lang='lat' dir='ltr'><strong>Quae</strong></span> <span class='ocrx_word' id='word_1_70' title='bbox 651 1200 830 1246; x_wconf 89' lang='lat' dir='ltr'><strong>autem</strong></span> <span class='ocrx_word' id='word_1_71' title='bbox 861 1192 998 1245; x_wconf 82' lang='lat' dir='ltr'><strong>tanti</strong></span> <span class='ocrx_word' id='word_1_72' title='bbox 1042 1192 1142 1245; x_wconf 87' lang='lat' dir='ltr'><strong>viri</strong></span> <span class='ocrx_word' id='word_1_73' title='bbox 1171 1191 1412 1246; x_wconf 88' lang='lat' dir='ltr'><strong>doctrina</strong></span> <span class='ocrx_word' id='word_1_74' title='bbox 1441 1192 1599 1247; x_wconf 88' lang='lat' dir='ltr'><strong>luerit</strong></span> <span class='ocrx_word' id='word_1_75' title='bbox 1617 1230 1633 1257; x_wconf 92' lang='lat'><strong>,</strong></span> <span class='ocrx_word' id='word_1_76' title='bbox 1662 1206 1823 1259; x_wconf 90' lang='lat' dir='ltr'><strong>quam</strong></span> <span class='ocrx_word' id='word_1_77' title='bbox 1848 1192 2139 1255; x_wconf 81' lang='lat' dir='ltr'><strong>excellens,</strong></span> <span class='ocrx_word' id='word_1_78' title='bbox 2172 1206 2330 1261; x_wconf 89' lang='lat' dir='ltr'><strong>quam</strong></span> <span class='ocrx_word' id='word_1_79' title='bbox 2359 1191 2641 1260; x_wconf 77' lang='lat' dir='ltr'><strong>exquisita,</strong></span> <span class='ocrx_word' id='word_1_80' title='bbox 2672 1208 2831 1263; x_wconf 87' lang='lat' dir='ltr'><strong>quam</strong></span> <span class='ocrx_word' id='word_1_81' title='bbox 2860 1201 2989 1261; x_wconf 87' lang='lat' dir='ltr'><strong>apte</strong></span> <span class='ocrx_word' id='word_1_82' title='bbox 3014 1191 3083 1246; x_wconf 89' lang='lat' dir='ltr'><strong>ad</strong></span> <span class='ocrx_word' id='word_1_83' title='bbox 3109 1206 3259 1246; x_wconf 82' lang='lat' dir='ltr'><strong>sacra</strong></span> <span class='ocrx_word' id='word_1_84' title='bbox 3286 1190 3477 1257; x_wconf 90' lang='lat' dir='ltr'><strong>Biblia,</strong></span> <span class='ocrx_word' id='word_1_85' title='bbox 3504 1190 3570 1247; x_wconf 88' lang='lat' dir='ltr'><strong>ad</strong></span> 
     </span>
    </p>
   </div>
   <div class='ocr_carea' id='block_1_9' title="bbox 310 1284 3573 1356">
    <p class='ocr_par' dir='ltr' id='par_1_9' title="bbox 310 1284 3573 1356">
     <span class='ocr_line' id='line_1_9' title="bbox 310 1284 3573 1356; baseline -0.001 -15"><span class='ocrx_word' id='word_1_86' title='bbox 310 1288 651 1341; x_wconf 74' lang='lat' dir='ltr'><strong>traditionem</strong></span> <span class='ocrx_word' id='word_1_87' title='bbox 669 1327 684 1350; x_wconf 91' lang='lat'><strong>,</strong></span> <span class='ocrx_word' id='word_1_88' title='bbox 728 1285 795 1339; x_wconf 89' lang='lat' dir='ltr'><strong>ad</strong></span> <span class='ocrx_word' id='word_1_89' title='bbox 824 1284 1075 1342; x_wconf 71' lang='lat' dir='ltr'><strong>Ecclesia:</strong></span> <span class='ocrx_word' id='word_1_90' title='bbox 1103 1284 1315 1339; x_wconf 87' lang='lat' dir='ltr'><strong>decreta</strong></span> <span class='ocrx_word' id='word_1_91' title='bbox 1334 1322 1349 1347; x_wconf 95' lang='lat'><strong>,</strong></span> <span class='ocrx_word' id='word_1_92' title='bbox 1380 1300 1539 1354; x_wconf 89' lang='lat' dir='ltr'><strong>quam</strong></span> <span class='ocrx_word' id='word_1_93' title='bbox 1565 1284 1815 1339; x_wconf 86' lang='lat' dir='ltr'><strong>distincte</strong></span> <span class='ocrx_word' id='word_1_94' title='bbox 1843 1298 2111 1352; x_wconf 86' lang='lat' dir='ltr'><strong>quamque</strong></span> <span class='ocrx_word' id='word_1_95' title='bbox 2139 1285 2401 1354; x_wconf 81' lang='lat' dir='ltr'><strong>explicate</strong></span> <span class='ocrx_word' id='word_1_96' title='bbox 2429 1286 2495 1339; x_wconf 88' lang='lat' dir='ltr'><strong>ab</strong></span> <span class='ocrx_word' id='word_1_97' title='bbox 2523 1300 2591 1339; x_wconf 88' lang='lat' dir='ltr'><strong>eo</strong></span> <span class='ocrx_word' id='word_1_98' title='bbox 2618 1285 2869 1341; x_wconf 78' lang='lat' dir='ltr'><strong>adversus</strong></span> <span class='ocrx_word' id='word_1_99' title='bbox 2895 1287 3148 1356; x_wconf 71' lang='lat' dir='ltr'><strong>profanas</strong></span> <span class='ocrx_word' id='word_1_100' title='bbox 3188 1285 3573 1355; x_wconf 78' lang='lat' dir='ltr'><strong>sententiarum</strong></span> 
     </span>
    </p>
   </div>
   <div class='ocr_carea' id='block_1_10' title="bbox 309 1372 3574 1449">
    <p class='ocr_par' dir='ltr' id='par_1_10' title="bbox 309 1372 3574 1449">
     <span class='ocr_line' id='line_1_10' title="bbox 309 1372 3574 1449; baseline -0.001 -17"><span class='ocrx_word' id='word_1_101' title='bbox 309 1395 585 1449; x_wconf 77' lang='lat' dir='ltr'><strong>vocumque</strong></span> <span class='ocrx_word' id='word_1_102' title='bbox 628 1377 881 1431; x_wconf 79' lang='lat' dir='ltr'><strong>novitates</strong></span> <span class='ocrx_word' id='word_1_103' title='bbox 910 1374 1182 1444; x_wconf 88' lang='lat' dir='ltr'><strong>proposita</strong></span> <span class='ocrx_word' id='word_1_104' title='bbox 1201 1413 1217 1441; x_wconf 94' lang='lat'><strong>,</strong></span> <span class='ocrx_word' id='word_1_105' title='bbox 1248 1389 1315 1428; x_wconf 81' lang='lat' dir='ltr'><strong>ex</strong></span> <span class='ocrx_word' id='word_1_106' title='bbox 1345 1374 1461 1443; x_wconf 83' lang='lat' dir='ltr'><strong>ejus</strong></span> <span class='ocrx_word' id='word_1_107' title='bbox 1488 1374 1738 1441; x_wconf 87' lang='lat' dir='ltr'><strong>homiliis,</strong></span> <span class='ocrx_word' id='word_1_108' title='bbox 1769 1372 2109 1428; x_wconf 89' lang='lat' dir='ltr'><strong>sermonibus</strong></span> <span class='ocrx_word' id='word_1_109' title='bbox 2147 1374 2477 1444; x_wconf 85' lang='lat' dir='ltr'><strong>reliquisque</strong></span> <span class='ocrx_word' id='word_1_110' title='bbox 2501 1373 2772 1443; x_wconf 88' lang='lat' dir='ltr'><strong>opusculis</strong></span> <span class='ocrx_word' id='word_1_111' title='bbox 2794 1374 3045 1442; x_wconf 75' lang='lat' dir='ltr'><strong>cognosci</strong></span> <span class='ocrx_word' id='word_1_112' title='bbox 3073 1373 3209 1429; x_wconf 88' lang='lat' dir='ltr'><strong>adeo</strong></span> <span class='ocrx_word' id='word_1_113' title='bbox 3237 1372 3574 1443; x_wconf 85' lang='lat' dir='ltr'><strong>perspicique</strong></span> 
     </span>
    </p>
   </div>
   <div class='ocr_carea' id='block_1_11' title="bbox 312 1464 3574 1541">
    <p class='ocr_par' dir='ltr' id='par_1_11' title="bbox 312 1464 3574 1541">
     <span class='ocr_line' id='line_1_11' title="bbox 312 1464 3574 1541; baseline -0.002 -15"><span class='ocrx_word' id='word_1_114' title='bbox 312 1480 510 1541; x_wconf 86' lang='lat' dir='ltr'><strong>potest,</strong></span> <span class='ocrx_word' id='word_1_115' title='bbox 544 1469 671 1523; x_wconf 84' lang='lat' dir='ltr'><strong>nihil</strong></span> <span class='ocrx_word' id='word_1_116' title='bbox 702 1475 759 1521; x_wconf 88' lang='lat' dir='ltr'><strong>ut</strong></span> <span class='ocrx_word' id='word_1_117' title='bbox 788 1466 855 1521; x_wconf 90' lang='lat' dir='ltr'><strong>ad</strong></span> <span class='ocrx_word' id='word_1_118' title='bbox 882 1481 1002 1521; x_wconf 91' lang='lat' dir='ltr'><strong>eam</strong></span> <span class='ocrx_word' id='word_1_119' title='bbox 1032 1465 1399 1520; x_wconf 85' lang='lat' dir='ltr'><strong>illustrandam</strong></span> <span class='ocrx_word' id='word_1_120' title='bbox 1427 1472 1612 1519; x_wconf 86' lang='lat' dir='ltr'><strong>nostra</strong></span> <span class='ocrx_word' id='word_1_121' title='bbox 1641 1464 1712 1519; x_wconf 80' lang='lat' dir='ltr'><strong>sit</strong></span> <span class='ocrx_word' id='word_1_122' title='bbox 1742 1480 1877 1534; x_wconf 90' lang='lat' dir='ltr'><strong>opus</strong></span> <span class='ocrx_word' id='word_1_123' title='bbox 1905 1467 2170 1521; x_wconf 89' lang='lat' dir='ltr'><strong>oratione.</strong></span> <span class='ocrx_word' id='word_1_124' title='bbox 2210 1467 2330 1533; x_wconf 85' lang='lat' dir='ltr'><strong>Quo</strong></span> <span class='ocrx_word' id='word_1_125' title='bbox 2358 1482 2488 1523; x_wconf 85' lang='lat' dir='ltr'><strong>sane</strong></span> <span class='ocrx_word' id='word_1_126' title='bbox 2533 1468 2704 1537; x_wconf 90' lang='lat' dir='ltr'><strong>magis</strong></span> <span class='ocrx_word' id='word_1_127' title='bbox 2729 1467 2983 1532; x_wconf 84' lang='lat' dir='ltr'><strong>admiror,</strong></span> <span class='ocrx_word' id='word_1_128' title='bbox 3012 1468 3313 1534; x_wconf 79' lang='lat' dir='ltr'><strong>hominem,</strong></span> <span class='ocrx_word' id='word_1_129' title='bbox 3345 1467 3437 1539; x_wconf 88' lang='lat' dir='ltr'><strong>qui</strong></span> <span class='ocrx_word' id='word_1_130' title='bbox 3464 1482 3574 1523; x_wconf 89' lang='lat' dir='ltr'><strong>non</strong></span> 
     </span>
    </p>
   </div>
   <div class='ocr_carea' id='block_1_12' title="bbox 313 1555 3574 1630">
    <p class='ocr_par' dir='ltr' id='par_1_12' title="bbox 313 1555 3574 1630">
     <span class='ocr_line' id='line_1_12' title="bbox 313 1555 3574 1630; baseline 0 -14"><span class='ocrx_word' id='word_1_131' title='bbox 313 1561 568 1616; x_wconf 77' lang='lat' dir='ltr'><strong>adversus</strong></span> <span class='ocrx_word' id='word_1_132' title='bbox 596 1557 876 1613; x_wconf 83' lang='lat' dir='ltr'><strong>haereticos</strong></span> <span class='ocrx_word' id='word_1_133' title='bbox 905 1571 971 1611; x_wconf 81' lang='lat' dir='ltr'><strong>ex</strong></span> <span class='ocrx_word' id='word_1_134' title='bbox 998 1556 1239 1611; x_wconf 88' lang='lat' dir='ltr'><strong>instituto</strong></span> <span class='ocrx_word' id='word_1_135' title='bbox 1268 1556 1534 1619; x_wconf 88' lang='lat' dir='ltr'><strong>scribere,</strong></span> <span class='ocrx_word' id='word_1_136' title='bbox 1565 1555 1660 1611; x_wconf 88' lang='lat' dir='ltr'><strong>sed</strong></span> <span class='ocrx_word' id='word_1_137' title='bbox 1703 1555 1783 1610; x_wconf 67' lang='lat' dir='ltr'><strong>de&#39;</strong></span> <span class='ocrx_word' id='word_1_138' title='bbox 1813 1556 2037 1611; x_wconf 88' lang='lat' dir='ltr'><strong>colenda</strong></span> <span class='ocrx_word' id='word_1_139' title='bbox 2075 1558 2305 1625; x_wconf 83' lang='lat' dir='ltr'><strong>virtute,</strong></span> <span class='ocrx_word' id='word_1_140' title='bbox 2333 1573 2397 1613; x_wconf 91' lang='lat' dir='ltr'><strong>ac</strong></span> <span class='ocrx_word' id='word_1_141' title='bbox 2439 1560 2641 1629; x_wconf 87' lang='lat' dir='ltr'><strong>pietate</strong></span> <span class='ocrx_word' id='word_1_142' title='bbox 2686 1560 2956 1615; x_wconf 88' lang='lat' dir='ltr'><strong>orationes</strong></span> <span class='ocrx_word' id='word_1_143' title='bbox 2984 1561 3051 1615; x_wconf 90' lang='lat' dir='ltr'><strong>ad</strong></span> <span class='ocrx_word' id='word_1_144' title='bbox 3080 1561 3334 1630; x_wconf 89' lang='lat' dir='ltr'><strong>populum</strong></span> <span class='ocrx_word' id='word_1_145' title='bbox 3373 1561 3574 1617; x_wconf 86' lang='lat' dir='ltr'><strong>habere</strong></span> 
     </span>
    </p>
   </div>
   <div class='ocr_carea' id='block_1_13' title="bbox 317 1646 3570 1723">
    <p class='ocr_par' dir='ltr' id='par_1_13' title="bbox 317 1646 3570 1723">
     <span class='ocr_line' id='line_1_13' title="bbox 317 1646 3570 1723; baseline 0 -18"><span class='ocrx_word' id='word_1_146' title='bbox 317 1650 661 1713; x_wconf 82' lang='lat' dir='ltr'><strong>instituisset,</strong></span> <span class='ocrx_word' id='word_1_147' title='bbox 694 1656 801 1703; x_wconf 89' lang='lat' dir='ltr'><strong>tam</strong></span> <span class='ocrx_word' id='word_1_148' title='bbox 831 1654 1082 1703; x_wconf 88' lang='lat' dir='ltr'><strong>accurate</strong></span> <span class='ocrx_word' id='word_1_149' title='bbox 1108 1646 1177 1701; x_wconf 93' lang='lat' dir='ltr'><strong>de</strong></span> <span class='ocrx_word' id='word_1_150' title='bbox 1204 1646 1601 1701; x_wconf 88' lang='lat' dir='ltr'><strong>sublimioribus</strong></span> <span class='ocrx_word' id='word_1_151' title='bbox 1628 1646 1943 1701; x_wconf 69' lang='lat' dir='ltr'><strong>orthodoxa:</strong></span> <span class='ocrx_word' id='word_1_152' title='bbox 1982 1648 2255 1717; x_wconf 75' lang='lat' dir='ltr'><strong>religionis</strong></span> <span class='ocrx_word' id='word_1_153' title='bbox 2294 1650 2594 1720; x_wconf 84' lang='lat' dir='ltr'><strong>mysteriis,</strong></span> <span class='ocrx_word' id='word_1_154' title='bbox 2625 1657 2733 1703; x_wconf 82' lang='lat' dir='ltr'><strong>tam</strong></span> <span class='ocrx_word' id='word_1_155' title='bbox 2760 1664 2942 1720; x_wconf 85' lang='lat' dir='ltr'><strong>presse</strong></span> <span class='ocrx_word' id='word_1_156' title='bbox 2969 1659 3155 1706; x_wconf 87' lang='lat' dir='ltr'><strong>contra</strong></span> <span class='ocrx_word' id='word_1_157' title='bbox 3199 1652 3415 1707; x_wconf 83' lang='lat' dir='ltr'><strong>inventa</strong></span> <span class='ocrx_word' id='word_1_158' title='bbox 3443 1668 3570 1723; x_wconf 91' lang='lat' dir='ltr'><strong>per-</strong></span> 
     </span>
    </p>
   </div>
   <div class='ocr_carea' id='block_1_14' title="bbox 312 1728 3575 1812">
    <p class='ocr_par' dir='ltr' id='par_1_14' title="bbox 312 1728 3575 1812">
     <span class='ocr_line' id='line_1_14' title="bbox 312 1728 3575 1812; baseline -0.001 -14"><span class='ocrx_word' id='word_1_159' title='bbox 312 1758 573 1812; x_wconf 76' lang='lat' dir='ltr'><strong>versaque</strong></span> <span class='ocrx_word' id='word_1_160' title='bbox 612 1741 859 1810; x_wconf 82' lang='lat' dir='ltr'><strong>dogmata</strong></span> <span class='ocrx_word' id='word_1_161' title='bbox 888 1728 1285 1803; x_wconf 63' lang='lat' dir='ltr'><strong>harreticorum,</strong></span> <span class='ocrx_word' id='word_1_162' title='bbox 1319 1745 1427 1792; x_wconf 87' lang='lat' dir='ltr'><strong>tam</strong></span> <span class='ocrx_word' id='word_1_163' title='bbox 1452 1737 1523 1793; x_wconf 83' lang='lat' dir='ltr'><strong>ad</strong></span> <span class='ocrx_word' id='word_1_164' title='bbox 1552 1737 1955 1808; x_wconf 75' lang='lat' dir='ltr'><strong>intelligentiam</strong></span> <span class='ocrx_word' id='word_1_165' title='bbox 1985 1738 2154 1810; x_wconf 86' lang='lat' dir='ltr'><strong>plebis</strong></span> <span class='ocrx_word' id='word_1_166' title='bbox 2194 1755 2353 1810; x_wconf 90' lang='lat' dir='ltr'><strong>quam</strong></span> <span class='ocrx_word' id='word_1_167' title='bbox 2397 1739 2657 1804; x_wconf 87' lang='lat' dir='ltr'><strong>docebat,</strong></span> <span class='ocrx_word' id='word_1_168' title='bbox 2680 1742 3107 1797; x_wconf 78' lang='lat' dir='ltr'><strong>accommodate</strong></span> <span class='ocrx_word' id='word_1_169' title='bbox 3134 1741 3479 1808; x_wconf 86' lang='lat' dir='ltr'><strong>disseruisse,</strong></span> <span class='ocrx_word' id='word_1_170' title='bbox 3516 1751 3575 1798; x_wconf 89' lang='lat' dir='ltr'><strong>ut</strong></span> 
     </span>
    </p>
   </div>
   <div class='ocr_carea' id='block_1_15' title="bbox 314 1830 1425 1901">
    <p class='ocr_par' dir='ltr' id='par_1_15' title="bbox 314 1830 1425 1901">
     <span class='ocr_line' id='line_1_15' title="bbox 314 1830 1425 1901; baseline -0.007 -11"><span class='ocrx_word' id='word_1_171' title='bbox 314 1836 444 1891; x_wconf 87' lang='lat' dir='ltr'><strong>nihil</strong></span> <span class='ocrx_word' id='word_1_172' title='bbox 474 1833 756 1888; x_wconf 85' lang='lat' dir='ltr'><strong>desiderari</strong></span> <span class='ocrx_word' id='word_1_173' title='bbox 785 1846 943 1901; x_wconf 88' lang='lat' dir='ltr'><strong>supra</strong></span> <span class='ocrx_word' id='word_1_174' title='bbox 978 1846 1138 1900; x_wconf 86' lang='lat' dir='ltr'><strong>posse</strong></span> <span class='ocrx_word' id='word_1_175' title='bbox 1164 1830 1425 1885; x_wconf 83' lang='lat' dir='ltr'><strong>videatur.</strong></span> 
     </span>
    </p>
   </div>
   <div class='ocr_carea' id='block_1_16' title="bbox 382 1920 3573 1993">
    <p class='ocr_par' dir='ltr' id='par_1_16' title="bbox 382 1920 3573 1993">
     <span class='ocr_line' id='line_1_16' title="bbox 382 1920 3573 1993; baseline 0.002 -15"><span class='ocrx_word' id='word_1_176' title='bbox 382 1924 443 1978; x_wconf 90' lang='lat' dir='ltr'><strong>ll.</strong></span> <span class='ocrx_word' id='word_1_177' title='bbox 477 1923 592 1978; x_wconf 83' lang='lat' dir='ltr'><strong>Jam</strong></span> <span class='ocrx_word' id='word_1_178' title='bbox 621 1923 686 1976; x_wconf 87' lang='lat' dir='ltr'><strong>de</strong></span> <span class='ocrx_word' id='word_1_179' title='bbox 716 1922 970 1993; x_wconf 83' lang='lat' dir='ltr'><strong>mysterio</strong></span> <span class='ocrx_word' id='word_1_180' title='bbox 996 1920 1271 1975; x_wconf 82' lang='lat' dir='ltr'><strong>Trinitatis</strong></span> <span class='ocrx_word' id='word_1_181' title='bbox 1300 1920 1376 1973; x_wconf 89' lang='lat' dir='ltr'><strong>sic</strong></span> <span class='ocrx_word' id='word_1_182' title='bbox 1407 1920 1495 1973; x_wconf 92' lang='lat' dir='ltr'><strong>ille</strong></span> <span class='ocrx_word' id='word_1_183' title='bbox 1521 1920 1660 1988; x_wconf 82' lang='lat' dir='ltr'><strong>agit,</strong></span> <span class='ocrx_word' id='word_1_184' title='bbox 1686 1928 1744 1974; x_wconf 92' lang='lat' dir='ltr'><strong>ut</strong></span> <span class='ocrx_word' id='word_1_185' title='bbox 1782 1934 2090 1990; x_wconf 87' lang='lat' dir='ltr'><strong>quanquam</strong></span> <span class='ocrx_word' id='word_1_186' title='bbox 2118 1923 2334 1978; x_wconf 70' lang='lat' dir='ltr'><strong>brevius</strong></span> <span class='ocrx_word' id='word_1_187' title='bbox 2362 1925 2529 1978; x_wconf 91' lang='lat' dir='ltr'><strong>multo</strong></span> <span class='ocrx_word' id='word_1_188' title='bbox 2558 1939 2717 1993; x_wconf 90' lang='lat' dir='ltr'><strong>quam</strong></span> <span class='ocrx_word' id='word_1_189' title='bbox 2746 1924 3099 1992; x_wconf 86' lang='lat' dir='ltr'><strong>Athanasius,</strong></span> <span class='ocrx_word' id='word_1_190' title='bbox 3124 1925 3388 1993; x_wconf 83' lang='lat' dir='ltr'><strong>Hilarius,</strong></span> <span class='ocrx_word' id='word_1_191' title='bbox 3421 1928 3573 1985; x_wconf 88' lang='lat' dir='ltr'><strong>Basi-</strong></span> 
     </span>
    </p>
   </div>
   <div class='ocr_carea' id='block_1_17' title="bbox 310 2009 3571 2088">
    <p class='ocr_par' dir='ltr' id='par_1_17' title="bbox 310 2009 3571 2088">
     <span class='ocr_line' id='line_1_17' title="bbox 310 2009 3571 2088; baseline 0.001 -18"><span class='ocrx_word' id='word_1_192' title='bbox 310 2017 433 2081; x_wconf 86' lang='lat' dir='ltr'><strong>lius,</strong></span> <span class='ocrx_word' id='word_1_193' title='bbox 468 2014 790 2082; x_wconf 79' lang='lat' dir='ltr'><strong>Augustinus</strong></span> <span class='ocrx_word' id='word_1_194' title='bbox 830 2011 1027 2079; x_wconf 88' lang='lat' dir='ltr'><strong>aliique</strong></span> <span class='ocrx_word' id='word_1_195' title='bbox 1055 2009 1239 2065; x_wconf 88' lang='lat' dir='ltr'><strong>Patres</strong></span> <span class='ocrx_word' id='word_1_196' title='bbox 1270 2010 1782 2066; x_wconf 85' lang='lat' dir='ltr'><strong>Antitrinitariorum</strong></span> <span class='ocrx_word' id='word_1_197' title='bbox 1812 2020 2227 2079; x_wconf 83' lang='lat' dir='ltr'><strong>oppugnatores,</strong></span> <span class='ocrx_word' id='word_1_198' title='bbox 2252 2021 2308 2065; x_wconf 91' lang='lat' dir='ltr'><strong>at</strong></span> <span class='ocrx_word' id='word_1_199' title='bbox 2334 2028 2487 2081; x_wconf 71' lang='lat' dir='ltr'><strong>tuque</strong></span> <span class='ocrx_word' id='word_1_200' title='bbox 2522 2021 2700 2068; x_wconf 85' lang='lat' dir='ltr'><strong>tamen</strong></span> <span class='ocrx_word' id='word_1_201' title='bbox 2741 2014 2910 2069; x_wconf 89' lang='lat' dir='ltr'><strong>solide</strong></span> <span class='ocrx_word' id='word_1_202' title='bbox 2938 2024 3293 2084; x_wconf 87' lang='lat' dir='ltr'><strong>accurateque</strong></span> <span class='ocrx_word' id='word_1_203' title='bbox 3319 2016 3571 2088; x_wconf 89' lang='lat' dir='ltr'><strong>disputet.</strong></span> 
     </span>
    </p>
   </div>
   <div class='ocr_carea' id='block_1_18' title="bbox 312 2100 3574 2177">
    <p class='ocr_par' dir='ltr' id='par_1_18' title="bbox 312 2100 3574 2177">
     <span class='ocr_line' id='line_1_18' title="bbox 312 2100 3574 2177; baseline -0 -13"><span class='ocrx_word' id='word_1_204' title='bbox 312 2110 442 2164; x_wconf 86' lang='lat' dir='ltr'><strong>Nam</strong></span> <span class='ocrx_word' id='word_1_205' title='bbox 473 2121 724 2162; x_wconf 88' lang='lat' dir='ltr'><strong>sermone</strong></span> <span class='ocrx_word' id='word_1_206' title='bbox 750 2104 836 2169; x_wconf 68' lang='lat'><strong>48,</strong></span> <span class='ocrx_word' id='word_1_207' title='bbox 868 2105 958 2174; x_wconf 92' lang='lat' dir='ltr'><strong>qui</strong></span> <span class='ocrx_word' id='word_1_208' title='bbox 989 2112 1068 2160; x_wconf 88' lang='lat' dir='ltr'><strong>est</strong></span> <span class='ocrx_word' id='word_1_209' title='bbox 1096 2102 1120 2157; x_wconf 79' lang='grc'><strong>1</strong></span> <span class='ocrx_word' id='word_1_210' title='bbox 1157 2104 1220 2157; x_wconf 89' lang='lat' dir='ltr'><strong>de</strong></span> <span class='ocrx_word' id='word_1_211' title='bbox 1258 2103 1577 2168; x_wconf 75' lang='lat' dir='ltr'><strong>Pentecoste,</strong></span> <span class='ocrx_word' id='word_1_212' title='bbox 1605 2116 1726 2171; x_wconf 83' lang='lat' dir='ltr'><strong>pag.</strong></span> <span class='ocrx_word' id='word_1_213' title='bbox 1761 2101 1901 2155; x_wconf 69' lang='lat'><strong>523:</strong></span> <span class='ocrx_word' id='word_1_214' title='bbox 1931 2100 2159 2166; x_wconf 88' lang='lat' dir='ltr'><strong>Quorum</strong></span> <span class='ocrx_word' id='word_1_215' title='bbox 2178 2146 2190 2168; x_wconf 92' lang='lat'><strong>,</strong></span> <span class='ocrx_word' id='word_1_216' title='bbox 2226 2104 2424 2171; x_wconf 86' lang='lat' dir='ltr'><strong>inquit,</strong></span> <span class='ocrx_word' id='word_1_217' title='bbox 2456 2105 2678 2157; x_wconf 87' lang='lat' dir='ltr'><strong>indivisa</strong></span> <span class='ocrx_word' id='word_1_218' title='bbox 2708 2114 2828 2158; x_wconf 89' lang='lat' dir='ltr'><strong>sunt</strong></span> <span class='ocrx_word' id='word_1_219' title='bbox 2854 2122 3089 2169; x_wconf 84' lang='lat' dir='ltr'><strong>munera,</strong></span> <span class='ocrx_word' id='word_1_220' title='bbox 3115 2115 3192 2160; x_wconf 91' lang='lat' dir='ltr'><strong>est</strong></span> <span class='ocrx_word' id='word_1_221' title='bbox 3226 2109 3398 2177; x_wconf 88' lang='lat' dir='ltr'><strong>utique</strong></span> <span class='ocrx_word' id='word_1_222' title='bbox 3434 2111 3574 2163; x_wconf 83' lang='lat' dir='ltr'><strong>inse-</strong></span> 
     </span>
    </p>
   </div>
   <div class='ocr_carea' id='block_1_19' title="bbox 312 2194 3571 2269">
    <p class='ocr_par' dir='ltr' id='par_1_19' title="bbox 312 2194 3571 2269">
     <span class='ocr_line' id='line_1_19' title="bbox 312 2194 3571 2269; baseline 0 -17"><span class='ocrx_word' id='word_1_223' title='bbox 312 2210 496 2269; x_wconf 92' lang='lat' dir='ltr'><strong>parata</strong></span> <span class='ocrx_word' id='word_1_224' title='bbox 526 2198 803 2251; x_wconf 83' lang='lat' dir='ltr'><strong>Divinitas.</strong></span> <span class='ocrx_word' id='word_1_225' title='bbox 830 2195 979 2260; x_wconf 82' lang='lat' dir='ltr'><strong>Quod</strong></span> <span class='ocrx_word' id='word_1_226' title='bbox 998 2213 1116 2250; x_wconf 88' lang='lat' dir='ltr'><strong>vero</strong></span> <span class='ocrx_word' id='word_1_227' title='bbox 1145 2196 1434 2267; x_wconf 81' lang='lat' dir='ltr'><strong>ingreditur</strong></span> <span class='ocrx_word' id='word_1_228' title='bbox 1456 2194 1687 2265; x_wconf 82' lang='lat' dir='ltr'><strong>Spiritus</strong></span> <span class='ocrx_word' id='word_1_229' title='bbox 1715 2195 1769 2247; x_wconf 90' lang='lat' dir='ltr'><strong>in</strong></span> <span class='ocrx_word' id='word_1_230' title='bbox 1790 2211 1919 2264; x_wconf 87' lang='lat' dir='ltr'><strong>quos</strong></span> <span class='ocrx_word' id='word_1_231' title='bbox 1940 2195 2138 2248; x_wconf 78' lang='lat' dir='ltr'><strong>habitat</strong></span> <span class='ocrx_word' id='word_1_232' title='bbox 2160 2194 2414 2257; x_wconf 53' lang='lat' dir='ltr'><strong>Christus,</strong></span> <span class='ocrx_word' id='word_1_233' title='bbox 2444 2211 2547 2250; x_wconf 88' lang='lat' dir='ltr'><strong>non</strong></span> <span class='ocrx_word' id='word_1_234' title='bbox 2573 2196 2645 2247; x_wconf 88' lang='lat' dir='ltr'><strong>eis</strong></span> <span class='ocrx_word' id='word_1_235' title='bbox 2673 2195 2742 2247; x_wconf 91' lang='lat' dir='ltr'><strong>ad</strong></span> <span class='ocrx_word' id='word_1_236' title='bbox 2771 2194 2991 2248; x_wconf 80' lang='lat' dir='ltr'><strong>Deitatis</strong></span> <span class='ocrx_word' id='word_1_237' title='bbox 3013 2197 3195 2249; x_wconf 79' lang='lat' dir='ltr'><strong>crescit</strong></span> <span class='ocrx_word' id='word_1_238' title='bbox 3222 2208 3571 2268; x_wconf 88' lang='lat' dir='ltr'><strong>augmentum,</strong></span> 
     </span>
    </p>
   </div>
   <div class='ocr_carea' id='block_1_20' title="bbox 313 2285 3573 2361">
    <p class='ocr_par' dir='ltr' id='par_1_20' title="bbox 313 2285 3573 2361">
     <span class='ocr_line' id='line_1_20' title="bbox 313 2285 3573 2361; baseline 0 -16"><span class='ocrx_word' id='word_1_239' title='bbox 313 2292 402 2345; x_wconf 88' lang='lat' dir='ltr'><strong>sed</strong></span> <span class='ocrx_word' id='word_1_240' title='bbox 430 2290 498 2342; x_wconf 87' lang='lat' dir='ltr'><strong>ad</strong></span> <span class='ocrx_word' id='word_1_241' title='bbox 525 2291 681 2359; x_wconf 88' lang='lat' dir='ltr'><strong>ﬁdem</strong></span> <span class='ocrx_word' id='word_1_242' title='bbox 707 2291 909 2361; x_wconf 88' lang='lat' dir='ltr'><strong>proﬁcit</strong></span> <span class='ocrx_word' id='word_1_243' title='bbox 936 2290 1175 2344; x_wconf 84' lang='lat' dir='ltr'><strong>unitatis.</strong></span> <span class='ocrx_word' id='word_1_244' title='bbox 1210 2328 1224 2343; x_wconf 91' lang='lat'><strong>.</strong></span> <span class='ocrx_word' id='word_1_245' title='bbox 1253 2332 1264 2343; x_wconf 92' lang='lat'><strong>.</strong></span> <span class='ocrx_word' id='word_1_246' title='bbox 1295 2330 1307 2343; x_wconf 90' lang='lat'><strong>.</strong></span> <span class='ocrx_word' id='word_1_247' title='bbox 1336 2330 1349 2343; x_wconf 93' lang='lat'><strong>.</strong></span> <span class='ocrx_word' id='word_1_248' title='bbox 1381 2289 1511 2345; x_wconf 65' lang='lat' dir='ltr'><strong>Haec</strong></span> <span class='ocrx_word' id='word_1_249' title='bbox 1537 2298 1632 2353; x_wconf 90' lang='lat' dir='ltr'><strong>est,</strong></span> <span class='ocrx_word' id='word_1_250' title='bbox 1662 2294 1718 2339; x_wconf 91' lang='lat' dir='ltr'><strong>ut</strong></span> <span class='ocrx_word' id='word_1_251' title='bbox 1746 2288 2019 2351; x_wconf 81' lang='lat' dir='ltr'><strong>credimus,</strong></span> <span class='ocrx_word' id='word_1_252' title='bbox 2050 2288 2490 2357; x_wconf 78' lang='lat' dir='ltr'><strong>incomprehensa:</strong></span> <span class='ocrx_word' id='word_1_253' title='bbox 2516 2286 2828 2356; x_wconf 83' lang='lat' dir='ltr'><strong>dispensatio</strong></span> <span class='ocrx_word' id='word_1_254' title='bbox 2860 2285 3147 2353; x_wconf 85' lang='lat' dir='ltr'><strong>Trinitatis,</strong></span> <span class='ocrx_word' id='word_1_255' title='bbox 3175 2294 3230 2339; x_wconf 89' lang='lat' dir='ltr'><strong>ut</strong></span> <span class='ocrx_word' id='word_1_256' title='bbox 3258 2304 3374 2342; x_wconf 88' lang='lat' dir='ltr'><strong>cum</strong></span> <span class='ocrx_word' id='word_1_257' title='bbox 3396 2292 3573 2346; x_wconf 87' lang='lat' dir='ltr'><strong>omnia</strong></span> 
     </span>
    </p>
   </div>
   <div class='ocr_carea' id='block_1_21' title="bbox 314 2374 3573 2452">
    <p class='ocr_par' dir='ltr' id='par_1_21' title="bbox 314 2374 3573 2452">
     <span class='ocr_line' id='line_1_21' title="bbox 314 2374 3573 2452; baseline -0 -15"><span class='ocrx_word' id='word_1_258' title='bbox 314 2380 465 2437; x_wconf 81' lang='lat' dir='ltr'><strong>simul</strong></span> <span class='ocrx_word' id='word_1_259' title='bbox 494 2380 670 2442; x_wconf 91' lang='lat' dir='ltr'><strong>Pater,</strong></span> <span class='ocrx_word' id='word_1_260' title='bbox 700 2388 748 2431; x_wconf 90' lang='lat' dir='ltr'><strong>et</strong></span> <span class='ocrx_word' id='word_1_261' title='bbox 778 2378 966 2443; x_wconf 86' lang='lat' dir='ltr'><strong>Filius,</strong></span> <span class='ocrx_word' id='word_1_262' title='bbox 997 2387 1047 2433; x_wconf 87' lang='lat' dir='ltr'><strong>et</strong></span> <span class='ocrx_word' id='word_1_263' title='bbox 1074 2378 1303 2449; x_wconf 86' lang='lat' dir='ltr'><strong>Spiritus</strong></span> <span class='ocrx_word' id='word_1_264' title='bbox 1333 2390 1541 2434; x_wconf 89' lang='lat' dir='ltr'><strong>sanctus</strong></span> <span class='ocrx_word' id='word_1_265' title='bbox 1568 2381 1798 2452; x_wconf 80' lang='lat' dir='ltr'><strong>ejusdem</strong></span> <span class='ocrx_word' id='word_1_266' title='bbox 1847 2379 2073 2433; x_wconf 87' lang='lat' dir='ltr'><strong>Deitatis</strong></span> <span class='ocrx_word' id='word_1_267' title='bbox 2122 2377 2306 2446; x_wconf 64' lang='lat' dir='ltr'><strong>eﬁectu</strong></span> <span class='ocrx_word' id='word_1_268' title='bbox 2352 2374 2767 2445; x_wconf 84' lang='lat' dir='ltr'><strong>inseparabiliter</strong></span> <span class='ocrx_word' id='word_1_269' title='bbox 2805 2384 3108 2445; x_wconf 83' lang='lat' dir='ltr'><strong>operentur;</strong></span> <span class='ocrx_word' id='word_1_270' title='bbox 3135 2378 3372 2450; x_wconf 65' lang='lat' dir='ltr'><strong>quaedam</strong></span> <span class='ocrx_word' id='word_1_271' title='bbox 3403 2390 3573 2437; x_wconf 87' lang='lat' dir='ltr'><strong>tamen</strong></span> 
     </span>
    </p>
   </div>
   <div class='ocr_carea' id='block_1_22' title="bbox 316 2464 3576 2540">
    <p class='ocr_par' dir='ltr' id='par_1_22' title="bbox 316 2464 3576 2540">
     <span class='ocr_line' id='line_1_22' title="bbox 316 2464 3576 2540; baseline 0.001 -17"><span class='ocrx_word' id='word_1_272' title='bbox 316 2470 604 2540; x_wconf 80' lang='lat' dir='ltr'><strong>specialiter</strong></span> <span class='ocrx_word' id='word_1_273' title='bbox 633 2484 663 2521; x_wconf 90' lang='lat' dir='ltr'><strong>a</strong></span> <span class='ocrx_word' id='word_1_274' title='bbox 690 2469 910 2538; x_wconf 86' lang='lat' dir='ltr'><strong>singulis</strong></span> <span class='ocrx_word' id='word_1_275' title='bbox 942 2467 1248 2521; x_wconf 81' lang='lat' dir='ltr'><strong>tribuantur.</strong></span> <span class='ocrx_word' id='word_1_276' title='bbox 1276 2507 1289 2521; x_wconf 94' lang='lat'><strong>.</strong></span> <span class='ocrx_word' id='word_1_277' title='bbox 1317 2506 1331 2520; x_wconf 93' lang='lat'><strong>.</strong></span> <span class='ocrx_word' id='word_1_278' title='bbox 1364 2507 1377 2521; x_wconf 91' lang='lat'><strong>.</strong></span> <span class='ocrx_word' id='word_1_279' title='bbox 1410 2469 1546 2540; x_wconf 88' lang='lat' dir='ltr'><strong>quod</strong></span> <span class='ocrx_word' id='word_1_280' title='bbox 1572 2478 1787 2539; x_wconf 72' lang='lat' dir='ltr'><strong>prarstat</strong></span> <span class='ocrx_word' id='word_1_281' title='bbox 1818 2470 2067 2539; x_wconf 85' lang='lat' dir='ltr'><strong>Spiritus,</strong></span> <span class='ocrx_word' id='word_1_282' title='bbox 2112 2484 2160 2538; x_wconf 74' lang='lat' dir='ltr'><strong>p.</strong></span> <span class='ocrx_word' id='word_1_283' title='bbox 2186 2474 2325 2519; x_wconf 64' lang='lat' dir='ltr'><strong>‘lstal</strong></span> <span class='ocrx_word' id='word_1_284' title='bbox 2363 2473 2411 2519; x_wconf 88' lang='lat' dir='ltr'><strong>et</strong></span> <span class='ocrx_word' id='word_1_285' title='bbox 2438 2464 2616 2530; x_wconf 91' lang='lat' dir='ltr'><strong>Pater,</strong></span> <span class='ocrx_word' id='word_1_286' title='bbox 2647 2467 2731 2536; x_wconf 86' lang='lat' dir='ltr'><strong>qui</strong></span> <span class='ocrx_word' id='word_1_287' title='bbox 2763 2464 3056 2536; x_wconf 85' lang='lat' dir='ltr'><strong>(Spiritus)</strong></span> <span class='ocrx_word' id='word_1_288' title='bbox 3089 2476 3248 2522; x_wconf 88' lang='lat' dir='ltr'><strong>totum</strong></span> <span class='ocrx_word' id='word_1_289' title='bbox 3276 2486 3388 2524; x_wconf 88' lang='lat' dir='ltr'><strong>cum</strong></span> <span class='ocrx_word' id='word_1_290' title='bbox 3415 2470 3576 2527; x_wconf 85' lang='lat' dir='ltr'><strong>Patre</strong></span> 
     </span>
    </p>
   </div>
   <div class='ocr_carea' id='block_1_23' title="bbox 318 2557 3578 2633">
    <p class='ocr_par' dir='ltr' id='par_1_23' title="bbox 318 2557 3578 2633">
     <span class='ocr_line' id='line_1_23' title="bbox 318 2557 3578 2633; baseline 0.002 -20"><span class='ocrx_word' id='word_1_291' title='bbox 318 2560 500 2625; x_wconf 87' lang='lat' dir='ltr'><strong>habet;</strong></span> <span class='ocrx_word' id='word_1_292' title='bbox 528 2562 609 2632; x_wconf 85' lang='lat' dir='ltr'><strong>qui</strong></span> <span class='ocrx_word' id='word_1_293' title='bbox 642 2570 775 2615; x_wconf 89' lang='lat' dir='ltr'><strong>totus</strong></span> <span class='ocrx_word' id='word_1_294' title='bbox 803 2577 1005 2631; x_wconf 87' lang='lat' dir='ltr'><strong>semper</strong></span> <span class='ocrx_word' id='word_1_295' title='bbox 1032 2578 1063 2614; x_wconf 91' lang='lat' dir='ltr'><strong>a</strong></span> <span class='ocrx_word' id='word_1_296' title='bbox 1092 2560 1255 2615; x_wconf 87' lang='lat' dir='ltr'><strong>Patre</strong></span> <span class='ocrx_word' id='word_1_297' title='bbox 1279 2561 1536 2631; x_wconf 78' lang='lat' dir='ltr'><strong>procedit;</strong></span> <span class='ocrx_word' id='word_1_298' title='bbox 1564 2571 1612 2615; x_wconf 90' lang='lat' dir='ltr'><strong>et</strong></span> <span class='ocrx_word' id='word_1_299' title='bbox 1654 2561 1789 2632; x_wconf 91' lang='lat' dir='ltr'><strong>quod</strong></span> <span class='ocrx_word' id='word_1_300' title='bbox 1816 2569 2030 2631; x_wconf 66' lang='lat' dir='ltr'><strong>praestat</strong></span> <span class='ocrx_word' id='word_1_301' title='bbox 2058 2575 2175 2616; x_wconf 83' lang='lat' dir='ltr'><strong>cum</strong></span> <span class='ocrx_word' id='word_1_302' title='bbox 2212 2557 2371 2612; x_wconf 85' lang='lat' dir='ltr'><strong>Patre</strong></span> <span class='ocrx_word' id='word_1_303' title='bbox 2411 2557 2665 2628; x_wconf 83' lang='lat' dir='ltr'><strong>Spiritus,</strong></span> <span class='ocrx_word' id='word_1_304' title='bbox 2692 2565 2906 2627; x_wconf 66' lang='lat' dir='ltr'><strong>prastat</strong></span> <span class='ocrx_word' id='word_1_305' title='bbox 2951 2569 3001 2613; x_wconf 89' lang='lat' dir='ltr'><strong>et</strong></span> <span class='ocrx_word' id='word_1_306' title='bbox 3029 2559 3218 2625; x_wconf 85' lang='lat' dir='ltr'><strong>Filius,</strong></span> <span class='ocrx_word' id='word_1_307' title='bbox 3245 2565 3486 2633; x_wconf 88' lang='lat' dir='ltr'><strong>quoniam</strong></span> <span class='ocrx_word' id='word_1_308' title='bbox 3514 2567 3578 2620; x_wconf 91' lang='lat' dir='ltr'><strong>de</strong></span> 
     </span>
    </p>
   </div>
   <div class='ocr_carea' id='block_1_24' title="bbox 318 2648 3575 2723">
    <p class='ocr_par' dir='ltr' id='par_1_24' title="bbox 318 2648 3575 2723">
     <span class='ocr_line' id='line_1_24' title="bbox 318 2648 3575 2723; baseline 0.003 -21"><span class='ocrx_word' id='word_1_309' title='bbox 318 2650 494 2706; x_wconf 81' lang='lat' dir='ltr'><strong>eodem</strong></span> <span class='ocrx_word' id='word_1_310' title='bbox 520 2651 681 2705; x_wconf 89' lang='lat' dir='ltr'><strong>Patre</strong></span> <span class='ocrx_word' id='word_1_311' title='bbox 706 2659 859 2704; x_wconf 86' lang='lat' dir='ltr'><strong>natus</strong></span> <span class='ocrx_word' id='word_1_312' title='bbox 888 2658 965 2704; x_wconf 89' lang='lat' dir='ltr'><strong>est</strong></span> <span class='ocrx_word' id='word_1_313' title='bbox 993 2649 1182 2716; x_wconf 84' lang='lat' dir='ltr'><strong>Filius,</strong></span> <span class='ocrx_word' id='word_1_314' title='bbox 1213 2667 1245 2704; x_wconf 93' lang='lat' dir='ltr'><strong>a</strong></span> <span class='ocrx_word' id='word_1_315' title='bbox 1270 2668 1367 2723; x_wconf 80' lang='lat' dir='ltr'><strong>quo</strong></span> <span class='ocrx_word' id='word_1_316' title='bbox 1395 2653 1623 2720; x_wconf 84' lang='lat' dir='ltr'><strong>procedit</strong></span> <span class='ocrx_word' id='word_1_317' title='bbox 1650 2661 1699 2706; x_wconf 88' lang='lat' dir='ltr'><strong>et</strong></span> <span class='ocrx_word' id='word_1_318' title='bbox 1730 2651 1976 2722; x_wconf 81' lang='lat' dir='ltr'><strong>Spiritus.</strong></span> <span class='ocrx_word' id='word_1_319' title='bbox 2009 2651 2095 2704; x_wconf 83' lang='lat' dir='ltr'><strong>Ait</strong></span> <span class='ocrx_word' id='word_1_320' title='bbox 2129 2652 2265 2705; x_wconf 90' lang='lat' dir='ltr'><strong>enim</strong></span> <span class='ocrx_word' id='word_1_321' title='bbox 2303 2649 2537 2704; x_wconf 83' lang='lat' dir='ltr'><strong>Christus</strong></span> <span class='ocrx_word' id='word_1_322' title='bbox 2578 2667 2595 2703; x_wconf 92' lang='lat'><strong><em>:</em></strong></span> <span class='ocrx_word' id='word_1_323' title='bbox 2638 2648 2827 2705; x_wconf 89' lang='lat' dir='ltr'><strong>Omnia</strong></span> <span class='ocrx_word' id='word_1_324' title='bbox 2875 2665 2994 2719; x_wconf 69' lang='lat' dir='ltr'><strong>quae</strong></span> <span class='ocrx_word' id='word_1_325' title='bbox 3042 2652 3203 2707; x_wconf 87' lang='lat' dir='ltr'><strong>habet</strong></span> <span class='ocrx_word' id='word_1_326' title='bbox 3247 2653 3408 2710; x_wconf 88' lang='lat' dir='ltr'><strong>Pater</strong></span> <span class='ocrx_word' id='word_1_327' title='bbox 3456 2673 3575 2713; x_wconf 87' lang='lat' dir='ltr'><strong>mea</strong></span> 
     </span>
    </p>
   </div>
   <div class='ocr_carea' id='block_1_25' title="bbox 318 2738 3573 2813">
    <p class='ocr_par' dir='ltr' id='par_1_25' title="bbox 318 2738 3573 2813">
     <span class='ocr_line' id='line_1_25' title="bbox 318 2738 3573 2813; baseline 0.001 -16"><span class='ocrx_word' id='word_1_328' title='bbox 318 2751 458 2797; x_wconf 82' lang='lat' dir='ltr'><strong>sunt.</strong></span> <span class='ocrx_word' id='word_1_329' title='bbox 503 2741 563 2797; x_wconf 88' lang='lat' dir='ltr'><strong>Si</strong></span> <span class='ocrx_word' id='word_1_330' title='bbox 603 2743 776 2796; x_wconf 88' lang='lat' dir='ltr'><strong>omnia</strong></span> <span class='ocrx_word' id='word_1_331' title='bbox 812 2757 925 2813; x_wconf 71' lang='lat' dir='ltr'><strong>qua:</strong></span> <span class='ocrx_word' id='word_1_332' title='bbox 967 2741 1118 2795; x_wconf 82' lang='lat' dir='ltr'><strong>habet</strong></span> <span class='ocrx_word' id='word_1_333' title='bbox 1146 2741 1326 2805; x_wconf 89' lang='lat' dir='ltr'><strong>Pater,</strong></span> <span class='ocrx_word' id='word_1_334' title='bbox 1372 2740 1497 2795; x_wconf 85' lang='lat' dir='ltr'><strong>Filii</strong></span> <span class='ocrx_word' id='word_1_335' title='bbox 1526 2750 1677 2805; x_wconf 90' lang='lat' dir='ltr'><strong>sunt,</strong></span> <span class='ocrx_word' id='word_1_336' title='bbox 1709 2758 1829 2812; x_wconf 90' lang='lat' dir='ltr'><strong>ergo</strong></span> <span class='ocrx_word' id='word_1_337' title='bbox 1858 2748 1906 2793; x_wconf 91' lang='lat' dir='ltr'><strong>et</strong></span> <span class='ocrx_word' id='word_1_338' title='bbox 1934 2740 2069 2811; x_wconf 87' lang='lat' dir='ltr'><strong>quod</strong></span> <span class='ocrx_word' id='word_1_339' title='bbox 2099 2740 2329 2808; x_wconf 87' lang='lat' dir='ltr'><strong>Spiritus</strong></span> <span class='ocrx_word' id='word_1_340' title='bbox 2358 2738 2540 2804; x_wconf 84' lang='lat' dir='ltr'><strong>habet,</strong></span> <span class='ocrx_word' id='word_1_341' title='bbox 2572 2755 2687 2792; x_wconf 88' lang='lat' dir='ltr'><strong>cum</strong></span> <span class='ocrx_word' id='word_1_342' title='bbox 2716 2738 2878 2793; x_wconf 77' lang='lat' dir='ltr'><strong>Patre</strong></span> <span class='ocrx_word' id='word_1_343' title='bbox 2916 2748 2969 2793; x_wconf 88' lang='lat' dir='ltr'><strong>et</strong></span> <span class='ocrx_word' id='word_1_344' title='bbox 3005 2738 3147 2795; x_wconf 84' lang='lat' dir='ltr'><strong>Filio</strong></span> <span class='ocrx_word' id='word_1_345' title='bbox 3174 2758 3439 2798; x_wconf 84' lang='lat' dir='ltr'><strong>commune</strong></span> <span class='ocrx_word' id='word_1_346' title='bbox 3477 2755 3573 2801; x_wconf 84' lang='lat' dir='ltr'><strong>est.</strong></span> 
     </span>
    </p>
   </div>
   <div class='ocr_carea' id='block_1_26' title="bbox 320 2829 3573 2905">
    <p class='ocr_par' dir='ltr' id='par_1_26' title="bbox 320 2829 3573 2905">
     <span class='ocr_line' id='line_1_26' title="bbox 320 2829 3573 2905; baseline 0.001 -17"><span class='ocrx_word' id='word_1_347' title='bbox 320 2833 387 2888; x_wconf 81' lang='lat' dir='ltr'><strong>Et</strong></span> <span class='ocrx_word' id='word_1_348' title='bbox 413 2834 527 2887; x_wconf 89' lang='lat' dir='ltr'><strong>ideo</strong></span> <span class='ocrx_word' id='word_1_349' title='bbox 549 2848 763 2903; x_wconf 82' lang='lat' dir='ltr'><strong>quorum</strong></span> <span class='ocrx_word' id='word_1_350' title='bbox 790 2832 843 2885; x_wconf 89' lang='lat' dir='ltr'><strong>in</strong></span> <span class='ocrx_word' id='word_1_351' title='bbox 874 2833 1081 2885; x_wconf 85' lang='lat' dir='ltr'><strong>nomine</strong></span> <span class='ocrx_word' id='word_1_352' title='bbox 1102 2832 1247 2886; x_wconf 84' lang='lat' dir='ltr'><strong>nulla</strong></span> <span class='ocrx_word' id='word_1_353' title='bbox 1276 2832 1456 2886; x_wconf 85' lang='lat' dir='ltr'><strong>divisio</strong></span> <span class='ocrx_word' id='word_1_354' title='bbox 1485 2840 1579 2898; x_wconf 86' lang='lat' dir='ltr'><strong>est,</strong></span> <span class='ocrx_word' id='word_1_355' title='bbox 1608 2848 1711 2885; x_wconf 89' lang='lat' dir='ltr'><strong>una</strong></span> <span class='ocrx_word' id='word_1_356' title='bbox 1734 2846 1912 2887; x_wconf 82' lang='lat' dir='ltr'><strong>eorum</strong></span> <span class='ocrx_word' id='word_1_357' title='bbox 1937 2831 1990 2883; x_wconf 84' lang='lat' dir='ltr'><strong>in</strong></span> <span class='ocrx_word' id='word_1_358' title='bbox 2016 2831 2160 2886; x_wconf 84' lang='lat' dir='ltr'><strong>omni</strong></span> <span class='ocrx_word' id='word_1_359' title='bbox 2182 2829 2498 2901; x_wconf 76' lang='lat' dir='ltr'><strong>operatione,</strong></span> <span class='ocrx_word' id='word_1_360' title='bbox 2523 2838 2572 2883; x_wconf 88' lang='lat' dir='ltr'><strong>et</strong></span> <span class='ocrx_word' id='word_1_361' title='bbox 2594 2830 2830 2883; x_wconf 76' lang='lat' dir='ltr'><strong>voluntas</strong></span> <span class='ocrx_word' id='word_1_362' title='bbox 2851 2831 3105 2885; x_wconf 86' lang='lat' dir='ltr'><strong>credenda</strong></span> <span class='ocrx_word' id='word_1_363' title='bbox 3130 2843 3225 2898; x_wconf 88' lang='lat' dir='ltr'><strong>est,</strong></span> <span class='ocrx_word' id='word_1_364' title='bbox 3252 2844 3301 2887; x_wconf 91' lang='lat' dir='ltr'><strong>et</strong></span> <span class='ocrx_word' id='word_1_365' title='bbox 3328 2845 3573 2905; x_wconf 89' lang='lat' dir='ltr'><strong>potestas.</strong></span> 
     </span>
    </p>
   </div>
   <div class='ocr_carea' id='block_1_27' title="bbox 322 2921 3576 2994">
    <p class='ocr_par' dir='ltr' id='par_1_27' title="bbox 322 2921 3576 2994">
     <span class='ocr_line' id='line_1_27' title="bbox 322 2921 3576 2994; baseline 0.002 -17"><span class='ocrx_word' id='word_1_366' title='bbox 322 2923 409 2978; x_wconf 86' lang='lat' dir='ltr'><strong>Sic</strong></span> <span class='ocrx_word' id='word_1_367' title='bbox 439 2923 595 2994; x_wconf 87' lang='lat' dir='ltr'><strong>igitur</strong></span> <span class='ocrx_word' id='word_1_368' title='bbox 624 2922 676 2975; x_wconf 88' lang='lat' dir='ltr'><strong>in</strong></span> <span class='ocrx_word' id='word_1_369' title='bbox 706 2923 812 2976; x_wconf 84' lang='lat' dir='ltr'><strong>suis</strong></span> <span class='ocrx_word' id='word_1_370' title='bbox 840 2921 1079 2991; x_wconf 81' lang='lat' dir='ltr'><strong>ﬁdelibus</strong></span> <span class='ocrx_word' id='word_1_371' title='bbox 1112 2922 1335 2977; x_wconf 69' lang='lat' dir='ltr'><strong>caelestia</strong></span> <span class='ocrx_word' id='word_1_372' title='bbox 1362 2921 1591 2977; x_wconf 85' lang='lat' dir='ltr'><strong>Trinitas</strong></span> <span class='ocrx_word' id='word_1_373' title='bbox 1611 2925 1811 2993; x_wconf 85' lang='lat' dir='ltr'><strong>peragit</strong></span> <span class='ocrx_word' id='word_1_374' title='bbox 1841 2930 2147 2978; x_wconf 65' lang='lat' dir='ltr'><strong>sacramenti</strong></span> <span class='ocrx_word' id='word_1_375' title='bbox 2182 2961 2195 2976; x_wconf 92' lang='lat'><strong>.</strong></span> <span class='ocrx_word' id='word_1_376' title='bbox 2225 2932 2282 2975; x_wconf 90' lang='lat' dir='ltr'><strong>ut</strong></span> <span class='ocrx_word' id='word_1_377' title='bbox 2307 2922 2534 2993; x_wconf 81' lang='lat' dir='ltr'><strong>quamvis</strong></span> <span class='ocrx_word' id='word_1_378' title='bbox 2554 2923 2775 2976; x_wconf 88' lang='lat' dir='ltr'><strong>discreta</strong></span> <span class='ocrx_word' id='word_1_379' title='bbox 2802 2922 3029 2977; x_wconf 77' lang='lat' dir='ltr'><strong>rideatur</strong></span> <span class='ocrx_word' id='word_1_380' title='bbox 3054 2927 3301 2994; x_wconf 78' lang='lat' dir='ltr'><strong>operatio,</strong></span> <span class='ocrx_word' id='word_1_381' title='bbox 3326 2929 3576 2985; x_wconf 80' lang='lat' dir='ltr'><strong>indiscre-</strong></span> 
     </span>
    </p>
   </div>
   <div class='ocr_carea' id='block_1_28' title="bbox 321 3011 3579 3088">
    <p class='ocr_par' dir='ltr' id='par_1_28' title="bbox 321 3011 3579 3088">
     <span class='ocr_line' id='line_1_28' title="bbox 321 3011 3579 3088; baseline 0.002 -20"><span class='ocrx_word' id='word_1_382' title='bbox 321 3025 427 3069; x_wconf 87' lang='lat' dir='ltr'><strong>tum</strong></span> <span class='ocrx_word' id='word_1_383' title='bbox 457 3024 626 3068; x_wconf 89' lang='lat' dir='ltr'><strong>tamen</strong></span> <span class='ocrx_word' id='word_1_384' title='bbox 666 3012 911 3083; x_wconf 87' lang='lat' dir='ltr'><strong>probetur</strong></span> <span class='ocrx_word' id='word_1_385' title='bbox 938 3011 1053 3087; x_wconf 71' lang='lat' dir='ltr'><strong>[XL]</strong></span> <span class='ocrx_word' id='word_1_386' title='bbox 1083 3015 1405 3084; x_wconf 82' lang='lat' dir='ltr'><strong>mysterium.</strong></span> <span class='ocrx_word' id='word_1_387' title='bbox 1439 3012 1557 3067; x_wconf 89' lang='lat' dir='ltr'><strong>Una</strong></span> <span class='ocrx_word' id='word_1_388' title='bbox 1585 3016 1758 3084; x_wconf 87' lang='lat' dir='ltr'><strong>itaque</strong></span> <span class='ocrx_word' id='word_1_389' title='bbox 1786 3011 1929 3067; x_wconf 88' lang='lat' dir='ltr'><strong>Filio</strong></span> <span class='ocrx_word' id='word_1_390' title='bbox 1958 3030 2020 3066; x_wconf 89' lang='lat' dir='ltr'><strong>ac</strong></span> <span class='ocrx_word' id='word_1_391' title='bbox 2048 3013 2145 3083; x_wconf 71' lang='lat' dir='ltr'><strong>Sp.’</strong></span> <span class='ocrx_word' id='word_1_392' title='bbox 2184 3014 2269 3066; x_wconf 50' lang='grc' dir='ltr'>’λιι</span> <span class='ocrx_word' id='word_1_393' title='bbox 2312 3022 2490 3067; x_wconf 90' lang='lat' dir='ltr'><strong>sancto</strong></span> <span class='ocrx_word' id='word_1_394' title='bbox 2532 3029 2649 3065; x_wconf 89' lang='lat' dir='ltr'><strong>cum</strong></span> <span class='ocrx_word' id='word_1_395' title='bbox 2675 3012 2837 3067; x_wconf 88' lang='lat' dir='ltr'><strong>Patre</strong></span> <span class='ocrx_word' id='word_1_396' title='bbox 2863 3021 2939 3066; x_wconf 90' lang='lat' dir='ltr'><strong>est</strong></span> <span class='ocrx_word' id='word_1_397' title='bbox 2971 3012 3165 3079; x_wconf 86' lang='lat' dir='ltr'><strong>Deitas,</strong></span> <span class='ocrx_word' id='word_1_398' title='bbox 3198 3019 3319 3088; x_wconf 88' lang='lat' dir='ltr'><strong>quia</strong></span> <span class='ocrx_word' id='word_1_399' title='bbox 3358 3021 3489 3073; x_wconf 86' lang='lat' dir='ltr'><strong>sicut</strong></span> <span class='ocrx_word' id='word_1_400' title='bbox 3517 3022 3579 3076; x_wconf 86' lang='lat' dir='ltr'><strong>de</strong></span> 
     </span>
    </p>
   </div>
   <div class='ocr_carea' id='block_1_29' title="bbox 324 3100 3580 3177">
    <p class='ocr_par' dir='ltr' id='par_1_29' title="bbox 324 3100 3580 3177">
     <span class='ocr_line' id='line_1_29' title="bbox 324 3100 3580 3177; baseline 0.002 -17"><span class='ocrx_word' id='word_1_401' title='bbox 324 3106 431 3161; x_wconf 91' lang='lat' dir='ltr'><strong>Deo</strong></span> <span class='ocrx_word' id='word_1_402' title='bbox 460 3107 605 3161; x_wconf 86' lang='lat' dir='ltr'><strong>nasci</strong></span> <span class='ocrx_word' id='word_1_403' title='bbox 631 3124 734 3161; x_wconf 91' lang='lat' dir='ltr'><strong>non</strong></span> <span class='ocrx_word' id='word_1_404' title='bbox 763 3105 945 3177; x_wconf 81' lang='lat' dir='ltr'><strong>potuit,</strong></span> <span class='ocrx_word' id='word_1_405' title='bbox 977 3106 1079 3159; x_wconf 87' lang='lat' dir='ltr'><strong>nisi</strong></span> <span class='ocrx_word' id='word_1_406' title='bbox 1107 3104 1281 3171; x_wconf 88' lang='lat' dir='ltr'><strong>Deus,</strong></span> <span class='ocrx_word' id='word_1_407' title='bbox 1327 3107 1401 3159; x_wconf 90' lang='lat' dir='ltr'><strong>ita</strong></span> <span class='ocrx_word' id='word_1_408' title='bbox 1429 3103 1640 3158; x_wconf 87' lang='lat' dir='ltr'><strong>dubium</strong></span> <span class='ocrx_word' id='word_1_409' title='bbox 1680 3120 1783 3158; x_wconf 89' lang='lat' dir='ltr'><strong>non</strong></span> <span class='ocrx_word' id='word_1_410' title='bbox 1821 3112 1897 3158; x_wconf 86' lang='lat' dir='ltr'><strong>est</strong></span> <span class='ocrx_word' id='word_1_411' title='bbox 1935 3120 2046 3158; x_wconf 89' lang='lat' dir='ltr'><strong>esse</strong></span> <span class='ocrx_word' id='word_1_412' title='bbox 2086 3103 2159 3158; x_wconf 79' lang='lat' dir='ltr'><strong>De</strong></span> <span class='ocrx_word' id='word_1_413' title='bbox 2221 3120 2270 3167; x_wconf 83' lang='grc' dir='ltr'><em>η,</em></span> <span class='ocrx_word' id='word_1_414' title='bbox 2311 3103 2399 3175; x_wconf 85' lang='lat' dir='ltr'><strong>qui</strong></span> <span class='ocrx_word' id='word_1_415' title='bbox 2434 3103 2663 3173; x_wconf 84' lang='lat' dir='ltr'><strong>procedit</strong></span> <span class='ocrx_word' id='word_1_416' title='bbox 2692 3120 2725 3156; x_wconf 88' lang='lat' dir='ltr'><strong>a</strong></span> <span class='ocrx_word' id='word_1_417' title='bbox 2753 3100 2883 3158; x_wconf 91' lang='lat' dir='ltr'><strong>Deo.</strong></span> <span class='ocrx_word' id='word_1_418' title='bbox 2917 3103 3151 3169; x_wconf 87' lang='lat' dir='ltr'><strong>Qualiter</strong></span> <span class='ocrx_word' id='word_1_419' title='bbox 3177 3118 3349 3162; x_wconf 87' lang='lat' dir='ltr'><strong>autem</strong></span> <span class='ocrx_word' id='word_1_420' title='bbox 3383 3109 3447 3163; x_wconf 83' lang='lat' dir='ltr'><strong>ab</strong></span> <span class='ocrx_word' id='word_1_421' title='bbox 3476 3128 3580 3167; x_wconf 85' lang='lat' dir='ltr'><strong>uno</strong></span> 
     </span>
    </p>
   </div>
   <div class='ocr_carea' id='block_1_30' title="bbox 324 3194 3581 3268">
    <p class='ocr_par' dir='ltr' id='par_1_30' title="bbox 324 3194 3581 3268">
     <span class='ocr_line' id='line_1_30' title="bbox 324 3194 3581 3268; baseline 0.001 -15"><span class='ocrx_word' id='word_1_422' title='bbox 324 3198 595 3268; x_wconf 84' lang='lat' dir='ltr'><strong>eodemque</strong></span> <span class='ocrx_word' id='word_1_423' title='bbox 617 3198 797 3261; x_wconf 88' lang='lat' dir='ltr'><strong>Patre,</strong></span> <span class='ocrx_word' id='word_1_424' title='bbox 826 3205 876 3250; x_wconf 91' lang='lat' dir='ltr'><strong>et</strong></span> <span class='ocrx_word' id='word_1_425' title='bbox 902 3194 1094 3260; x_wconf 86' lang='lat' dir='ltr'><strong>Filius,</strong></span> <span class='ocrx_word' id='word_1_426' title='bbox 1124 3195 1211 3267; x_wconf 89' lang='lat' dir='ltr'><strong>qui</strong></span> <span class='ocrx_word' id='word_1_427' title='bbox 1238 3206 1378 3261; x_wconf 89' lang='lat' dir='ltr'><strong>erat,</strong></span> <span class='ocrx_word' id='word_1_428' title='bbox 1411 3206 1563 3249; x_wconf 88' lang='lat' dir='ltr'><strong>natus</strong></span> <span class='ocrx_word' id='word_1_429' title='bbox 1602 3197 1703 3257; x_wconf 91' lang='lat' dir='ltr'><strong>sit;</strong></span> <span class='ocrx_word' id='word_1_430' title='bbox 1734 3204 1783 3248; x_wconf 92' lang='lat' dir='ltr'><strong>et</strong></span> <span class='ocrx_word' id='word_1_431' title='bbox 1822 3195 2069 3264; x_wconf 88' lang='lat' dir='ltr'><strong>Spiritus,</strong></span> <span class='ocrx_word' id='word_1_432' title='bbox 2101 3195 2189 3262; x_wconf 88' lang='lat' dir='ltr'><strong>qui</strong></span> <span class='ocrx_word' id='word_1_433' title='bbox 2218 3203 2368 3248; x_wconf 88' lang='lat' dir='ltr'><strong>natus</strong></span> <span class='ocrx_word' id='word_1_434' title='bbox 2399 3210 2504 3248; x_wconf 87' lang='lat' dir='ltr'><strong>non</strong></span> <span class='ocrx_word' id='word_1_435' title='bbox 2548 3203 2669 3258; x_wconf 78' lang='lat' dir='ltr'><strong>est,</strong></span> <span class='ocrx_word' id='word_1_436' title='bbox 2700 3195 2977 3264; x_wconf 86' lang='lat' dir='ltr'><strong>procedat,</strong></span> <span class='ocrx_word' id='word_1_437' title='bbox 3024 3198 3125 3250; x_wconf 89' lang='lat' dir='ltr'><strong>nisi</strong></span> <span class='ocrx_word' id='word_1_438' title='bbox 3168 3198 3265 3251; x_wconf 89' lang='lat' dir='ltr'><strong>soli</strong></span> <span class='ocrx_word' id='word_1_439' title='bbox 3307 3198 3581 3256; x_wconf 86' lang='lat' dir='ltr'><strong>Divinitati</strong></span> 
     </span>
    </p>
   </div>
   <div class='ocr_carea' id='block_1_31' title="bbox 326 3280 3583 3361">
    <p class='ocr_par' dir='ltr' id='par_1_31' title="bbox 326 3280 3583 3361">
     <span class='ocr_line' id='line_1_31' title="bbox 326 3280 3583 3361; baseline 0.002 -21"><span class='ocrx_word' id='word_1_440' title='bbox 326 3297 502 3340; x_wconf 85' lang='lat' dir='ltr'><strong>notum</strong></span> <span class='ocrx_word' id='word_1_441' title='bbox 528 3295 623 3353; x_wconf 83' lang='lat' dir='ltr'><strong>est,</strong></span> <span class='ocrx_word' id='word_1_442' title='bbox 651 3303 765 3358; x_wconf 67' lang='lat' dir='ltr'><strong>qua:</strong></span> <span class='ocrx_word' id='word_1_443' title='bbox 800 3295 855 3337; x_wconf 87' lang='lat' dir='ltr'><strong>ut</strong></span> <span class='ocrx_word' id='word_1_444' title='bbox 878 3295 953 3339; x_wconf 89' lang='lat' dir='ltr'><strong>est</strong></span> <span class='ocrx_word' id='word_1_445' title='bbox 983 3286 1117 3351; x_wconf 91' lang='lat' dir='ltr'><strong>sola,</strong></span> <span class='ocrx_word' id='word_1_446' title='bbox 1151 3302 1208 3339; x_wconf 88' lang='lat' dir='ltr'><strong>se</strong></span> <span class='ocrx_word' id='word_1_447' title='bbox 1246 3287 1406 3339; x_wconf 87' lang='lat' dir='ltr'><strong>novit.</strong></span> <span class='ocrx_word' id='word_1_448' title='bbox 1431 3283 1599 3338; x_wconf 86' lang='lat' dir='ltr'><strong>Nemo</strong></span> <span class='ocrx_word' id='word_1_449' title='bbox 1627 3284 1791 3347; x_wconf 90' lang='lat' dir='ltr'><strong>enim,</strong></span> <span class='ocrx_word' id='word_1_450' title='bbox 1822 3284 1955 3337; x_wconf 88' lang='lat' dir='ltr'><strong>sicut</strong></span> <span class='ocrx_word' id='word_1_451' title='bbox 1993 3284 2179 3336; x_wconf 86' lang='lat' dir='ltr'><strong>lectum</strong></span> <span class='ocrx_word' id='word_1_452' title='bbox 2199 3292 2296 3347; x_wconf 89' lang='lat' dir='ltr'><strong>est,</strong></span> <span class='ocrx_word' id='word_1_453' title='bbox 2328 3283 2477 3337; x_wconf 83' lang='lat' dir='ltr'><strong>novit</strong></span> <span class='ocrx_word' id='word_1_454' title='bbox 2505 3280 2737 3350; x_wconf 87' lang='lat' dir='ltr'><strong>Patrem,</strong></span> <span class='ocrx_word' id='word_1_455' title='bbox 2768 3284 2870 3339; x_wconf 88' lang='lat' dir='ltr'><strong>nisi</strong></span> <span class='ocrx_word' id='word_1_456' title='bbox 2900 3284 3079 3339; x_wconf 88' lang='lat' dir='ltr'><strong>Filius.</strong></span> <span class='ocrx_word' id='word_1_457' title='bbox 3115 3284 3266 3349; x_wconf 82' lang='lat' dir='ltr'><strong>Quod</strong></span> <span class='ocrx_word' id='word_1_458' title='bbox 3291 3305 3416 3361; x_wconf 87' lang='lat' dir='ltr'><strong>ergo</strong></span> <span class='ocrx_word' id='word_1_459' title='bbox 3444 3294 3583 3345; x_wconf 85' lang='lat' dir='ltr'><strong>novit</strong></span> 
     </span>
    </p>
   </div>
   <div class='ocr_carea' id='block_1_32' title="bbox 328 3372 3585 3447">
    <p class='ocr_par' dir='ltr' id='par_1_32' title="bbox 328 3372 3585 3447">
     <span class='ocr_line' id='line_1_32' title="bbox 328 3372 3585 3447; baseline 0.001 -13"><span class='ocrx_word' id='word_1_460' title='bbox 328 3379 373 3434; x_wconf 65' lang='grc' dir='ltr'><em>Ε</em></span> <span class='ocrx_word' id='word_1_461' title='bbox 374 3382 513 3444; x_wconf 87' lang='lat' dir='ltr'><strong>ilius,</strong></span> <span class='ocrx_word' id='word_1_462' title='bbox 545 3380 682 3434; x_wconf 85' lang='lat' dir='ltr'><strong>novit</strong></span> <span class='ocrx_word' id='word_1_463' title='bbox 703 3386 751 3430; x_wconf 86' lang='lat' dir='ltr'><strong>et</strong></span> <span class='ocrx_word' id='word_1_464' title='bbox 780 3377 1025 3447; x_wconf 75' lang='lat' dir='ltr'><strong>SpiriIus,</strong></span> <span class='ocrx_word' id='word_1_465' title='bbox 1058 3379 1136 3430; x_wconf 90' lang='lat' dir='ltr'><strong>cui</strong></span> <span class='ocrx_word' id='word_1_466' title='bbox 1165 3393 1277 3430; x_wconf 91' lang='lat' dir='ltr'><strong>cum</strong></span> <span class='ocrx_word' id='word_1_467' title='bbox 1312 3375 1470 3441; x_wconf 85' lang='lat' dir='ltr'><strong>Filio,</strong></span> <span class='ocrx_word' id='word_1_468' title='bbox 1499 3382 1549 3428; x_wconf 87' lang='lat' dir='ltr'><strong>et</strong></span> <span class='ocrx_word' id='word_1_469' title='bbox 1578 3373 1738 3428; x_wconf 87' lang='lat' dir='ltr'><strong>Patre</strong></span> <span class='ocrx_word' id='word_1_470' title='bbox 1754 3390 1916 3428; x_wconf 90' lang='lat' dir='ltr'><strong>unum</strong></span> <span class='ocrx_word' id='word_1_471' title='bbox 1943 3390 2147 3439; x_wconf 87' lang='lat' dir='ltr'><strong>nomen,</strong></span> <span class='ocrx_word' id='word_1_472' title='bbox 2177 3388 2240 3426; x_wconf 89' lang='lat' dir='ltr'><strong>ac</strong></span> <span class='ocrx_word' id='word_1_473' title='bbox 2266 3389 2371 3425; x_wconf 91' lang='lat' dir='ltr'><strong>una</strong></span> <span class='ocrx_word' id='word_1_474' title='bbox 2398 3382 2473 3427; x_wconf 90' lang='lat' dir='ltr'><strong>est</strong></span> <span class='ocrx_word' id='word_1_475' title='bbox 2503 3372 2699 3427; x_wconf 88' lang='lat' dir='ltr'><strong>Deitas.</strong></span> <span class='ocrx_word' id='word_1_476' title='bbox 2726 3373 2929 3429; x_wconf 88' lang='lat' dir='ltr'><strong>Eodem</strong></span> <span class='ocrx_word' id='word_1_477' title='bbox 2951 3384 3196 3446; x_wconf 86' lang='lat' dir='ltr'><strong>spectant</strong></span> <span class='ocrx_word' id='word_1_478' title='bbox 3222 3391 3341 3446; x_wconf 73' lang='lat' dir='ltr'><strong>quae</strong></span> <span class='ocrx_word' id='word_1_479' title='bbox 3366 3392 3585 3436; x_wconf 88' lang='lat' dir='ltr'><strong>sanctus</strong></span> 
     </span>
    </p>
   </div>
   <div class='ocr_carea' id='block_1_33' title="bbox 328 3464 3582 3542">
    <p class='ocr_par' dir='ltr' id='par_1_33' title="bbox 328 3464 3582 3542">
     <span class='ocr_line' id='line_1_33' title="bbox 328 3464 3582 3542; baseline 0 -14"><span class='ocrx_word' id='word_1_480' title='bbox 328 3475 445 3542; x_wconf 83' lang='lat' dir='ltr'><strong>ipse</strong></span> <span class='ocrx_word' id='word_1_481' title='bbox 473 3472 697 3525; x_wconf 83' lang='lat' dir='ltr'><strong>antistes</strong></span> <span class='ocrx_word' id='word_1_482' title='bbox 725 3472 1060 3540; x_wconf 87' lang='lat' dir='ltr'><strong>persequitur</strong></span> <span class='ocrx_word' id='word_1_483' title='bbox 1087 3484 1251 3524; x_wconf 86' lang='lat' dir='ltr'><strong>serm.</strong></span> <span class='ocrx_word' id='word_1_484' title='bbox 1284 3468 1369 3535; x_wconf 77' lang='grc'><strong>51,</strong></span> <span class='ocrx_word' id='word_1_485' title='bbox 1400 3470 1491 3539; x_wconf 90' lang='lat' dir='ltr'><strong>qui</strong></span> <span class='ocrx_word' id='word_1_486' title='bbox 1519 3476 1604 3526; x_wconf 89' lang='lat' dir='ltr'><strong>est</strong></span> <span class='ocrx_word' id='word_1_487' title='bbox 1630 3470 1694 3523; x_wconf 89' lang='lat' dir='ltr'><strong>de</strong></span> <span class='ocrx_word' id='word_1_488' title='bbox 1714 3468 2019 3524; x_wconf 85' lang='lat' dir='ltr'><strong>Pentecoste</strong></span> <span class='ocrx_word' id='word_1_489' title='bbox 2045 3466 2104 3534; x_wconf 70' lang='grc'><strong>4,</strong></span> <span class='ocrx_word' id='word_1_490' title='bbox 2128 3480 2250 3537; x_wconf 87' lang='lat' dir='ltr'><strong>pag.</strong></span> <span class='ocrx_word' id='word_1_491' title='bbox 2275 3464 2397 3529; x_wconf 76' lang='lat'><strong>550,</strong></span> <span class='ocrx_word' id='word_1_492' title='bbox 2421 3480 2529 3534; x_wconf 89' lang='lat' dir='ltr'><strong>quo</strong></span> <span class='ocrx_word' id='word_1_493' title='bbox 2555 3466 2672 3520; x_wconf 92' lang='lat' dir='ltr'><strong>loco</strong></span> <span class='ocrx_word' id='word_1_494' title='bbox 2693 3465 2880 3521; x_wconf 85' lang='lat' dir='ltr'><strong>Filium</strong></span> <span class='ocrx_word' id='word_1_495' title='bbox 2896 3507 2912 3532; x_wconf 95' lang='lat'><strong>,</strong></span> <span class='ocrx_word' id='word_1_496' title='bbox 2934 3467 3297 3537; x_wconf 85' lang='lat' dir='ltr'><strong>Spiritumque</strong></span> <span class='ocrx_word' id='word_1_497' title='bbox 3317 3480 3582 3539; x_wconf 75' lang='lat' dir='ltr'><strong>sanctum,</strong></span> 
     </span>
    </p>
   </div>
   <div class='ocr_carea' id='block_1_34' title="bbox 329 3553 3580 3630">
    <p class='ocr_par' dir='ltr' id='par_1_34' title="bbox 329 3553 3580 3630">
     <span class='ocr_line' id='line_1_34' title="bbox 329 3553 3580 3630; baseline 0.001 -18"><span class='ocrx_word' id='word_1_498' title='bbox 329 3570 488 3629; x_wconf 85' lang='lat' dir='ltr'><strong>atque</strong></span> <span class='ocrx_word' id='word_1_499' title='bbox 516 3559 649 3613; x_wconf 87' lang='lat' dir='ltr'><strong>adeo</strong></span> <span class='ocrx_word' id='word_1_500' title='bbox 680 3558 892 3611; x_wconf 84' lang='lat' dir='ltr'><strong>Patrem</strong></span> <span class='ocrx_word' id='word_1_501' title='bbox 927 3557 1205 3611; x_wconf 77' lang='lat' dir='ltr'><strong>indiscreta</strong></span> <span class='ocrx_word' id='word_1_502' title='bbox 1239 3557 1507 3627; x_wconf 81' lang='lat' dir='ltr'><strong>majestate</strong></span> <span class='ocrx_word' id='word_1_503' title='bbox 1528 3574 1748 3630; x_wconf 87' lang='lat' dir='ltr'><strong>regnare</strong></span> <span class='ocrx_word' id='word_1_504' title='bbox 1772 3557 1987 3622; x_wconf 88' lang='lat' dir='ltr'><strong>scribit;</strong></span> <span class='ocrx_word' id='word_1_505' title='bbox 2019 3565 2073 3611; x_wconf 91' lang='lat' dir='ltr'><strong>et</strong></span> <span class='ocrx_word' id='word_1_506' title='bbox 2100 3570 2260 3611; x_wconf 87' lang='lat' dir='ltr'><strong>serm.</strong></span> <span class='ocrx_word' id='word_1_507' title='bbox 2294 3553 2377 3621; x_wconf 75' lang='lat'><strong>52,</strong></span> <span class='ocrx_word' id='word_1_508' title='bbox 2411 3555 2473 3609; x_wconf 89' lang='lat' dir='ltr'><strong>de</strong></span> <span class='ocrx_word' id='word_1_509' title='bbox 2500 3553 2801 3610; x_wconf 85' lang='lat' dir='ltr'><strong>Pentecoste</strong></span> <span class='ocrx_word' id='word_1_510' title='bbox 2827 3555 2881 3622; x_wconf 85' lang='lat'><strong>5,</strong></span> <span class='ocrx_word' id='word_1_511' title='bbox 2911 3570 3033 3626; x_wconf 89' lang='lat' dir='ltr'><strong>pag.</strong></span> <span class='ocrx_word' id='word_1_512' title='bbox 3066 3557 3189 3622; x_wconf 76' lang='grc'><strong>552,</strong></span> <span class='ocrx_word' id='word_1_513' title='bbox 3216 3559 3305 3613; x_wconf 90' lang='lat' dir='ltr'><strong>ubi</strong></span> <span class='ocrx_word' id='word_1_514' title='bbox 3332 3579 3344 3614; x_wconf 89' lang='lat'>:</span> <span class='ocrx_word' id='word_1_515' title='bbox 3377 3560 3580 3627; x_wconf 76' lang='lat' dir='ltr'><strong>Mutua,</strong></span> 
     </span>
    </p>
   </div>
   <div class='ocr_carea' id='block_1_35' title="bbox 338 3646 3575 3720">
    <p class='ocr_par' dir='ltr' id='par_1_35' title="bbox 338 3646 3575 3720">
     <span class='ocr_line' id='line_1_35' title="bbox 338 3646 3575 3720; baseline 0 -15"><span class='ocrx_word' id='word_1_516' title='bbox 338 3652 527 3720; x_wconf 84' lang='lat' dir='ltr'><strong>inquit,</strong></span> <span class='ocrx_word' id='word_1_517' title='bbox 553 3652 763 3704; x_wconf 82' lang='lat' dir='ltr'><strong>invicem</strong></span> <span class='ocrx_word' id='word_1_518' title='bbox 786 3667 838 3703; x_wconf 80' lang='lat' dir='ltr'><strong>se</strong></span> <span class='ocrx_word' id='word_1_519' title='bbox 863 3650 1188 3703; x_wconf 86' lang='lat' dir='ltr'><strong>attestatione</strong></span> <span class='ocrx_word' id='word_1_520' title='bbox 1224 3650 1603 3720; x_wconf 76' lang='lat' dir='ltr'><strong>prwnuntiant,</strong></span> <span class='ocrx_word' id='word_1_521' title='bbox 1646 3656 1701 3702; x_wconf 91' lang='lat' dir='ltr'><strong>ut</strong></span> <span class='ocrx_word' id='word_1_522' title='bbox 1728 3666 1885 3703; x_wconf 88' lang='lat' dir='ltr'><strong>unum</strong></span> <span class='ocrx_word' id='word_1_523' title='bbox 1912 3666 2038 3714; x_wconf 89' lang='lat' dir='ltr'><strong>esse,</strong></span> <span class='ocrx_word' id='word_1_524' title='bbox 2065 3664 2226 3701; x_wconf 88' lang='lat' dir='ltr'><strong>unum</strong></span> <span class='ocrx_word' id='word_1_525' title='bbox 2252 3646 2393 3711; x_wconf 86' lang='lat' dir='ltr'><strong>velle,</strong></span> <span class='ocrx_word' id='word_1_526' title='bbox 2425 3653 2474 3701; x_wconf 86' lang='lat' dir='ltr'><strong>et</strong></span> <span class='ocrx_word' id='word_1_527' title='bbox 2514 3650 2674 3700; x_wconf 85' lang='lat' dir='ltr'><strong>unum</strong></span> <span class='ocrx_word' id='word_1_528' title='bbox 2700 3662 2898 3715; x_wconf 87' lang='lat' dir='ltr'><strong>semper</strong></span> <span class='ocrx_word' id='word_1_529' title='bbox 2923 3663 3074 3715; x_wconf 87' lang='lat' dir='ltr'><strong>posse</strong></span> <span class='ocrx_word' id='word_1_530' title='bbox 3102 3650 3396 3703; x_wconf 86' lang='lat' dir='ltr'><strong>credantur.</strong></span> <span class='ocrx_word' id='word_1_531' title='bbox 3428 3692 3440 3704; x_wconf 92' lang='lat'><strong>.</strong></span> <span class='ocrx_word' id='word_1_532' title='bbox 3468 3689 3481 3705; x_wconf 97' lang='lat'><strong>.</strong></span> <span class='ocrx_word' id='word_1_533' title='bbox 3515 3692 3529 3705; x_wconf 91' lang='lat'><strong>.</strong></span> <span class='ocrx_word' id='word_1_534' title='bbox 3561 3694 3575 3707; x_wconf 94' lang='lat'><strong>.</strong></span> 
     </span>
    </p>
   </div>
   <div class='ocr_carea' id='block_1_36' title="bbox 332 3735 3576 3811">
    <p class='ocr_par' dir='ltr' id='par_1_36' title="bbox 332 3735 3576 3811">
     <span class='ocr_line' id='line_1_36' title="bbox 332 3735 3576 3811; baseline 0 -13"><span class='ocrx_word' id='word_1_535' title='bbox 332 3745 457 3798; x_wconf 63' lang='lat' dir='ltr'><strong>nec</strong></span> <span class='ocrx_word' id='word_1_536' title='bbox 482 3743 673 3798; x_wconf 85' lang='lat' dir='ltr'><strong>idcirco</strong></span> <span class='ocrx_word' id='word_1_537' title='bbox 702 3751 999 3796; x_wconf 89' lang='lat' dir='ltr'><strong>sanctarum</strong></span> <span class='ocrx_word' id='word_1_538' title='bbox 1022 3742 1416 3811; x_wconf 87' lang='lat' dir='ltr'><strong>Scripturarum</strong></span> <span class='ocrx_word' id='word_1_539' title='bbox 1442 3741 1751 3794; x_wconf 88' lang='lat' dir='ltr'><strong>testimoniis</strong></span> <span class='ocrx_word' id='word_1_540' title='bbox 1784 3740 2072 3802; x_wconf 88' lang='lat' dir='ltr'><strong>edocemur,</strong></span> <span class='ocrx_word' id='word_1_541' title='bbox 2110 3748 2165 3791; x_wconf 89' lang='lat' dir='ltr'><strong>ut</strong></span> <span class='ocrx_word' id='word_1_542' title='bbox 2200 3751 2549 3807; x_wconf 89' lang='lat' dir='ltr'><strong>personarum</strong></span> <span class='ocrx_word' id='word_1_543' title='bbox 2589 3735 2733 3790; x_wconf 88' lang='lat' dir='ltr'><strong>nobis</strong></span> <span class='ocrx_word' id='word_1_544' title='bbox 2764 3736 3048 3791; x_wconf 87' lang='lat' dir='ltr'><strong>indiscreta</strong></span> <span class='ocrx_word' id='word_1_545' title='bbox 3076 3739 3279 3810; x_wconf 88' lang='lat' dir='ltr'><strong>quidem</strong></span> <span class='ocrx_word' id='word_1_546' title='bbox 3306 3741 3576 3809; x_wconf 86' lang='lat' dir='ltr'><strong>majestas,</strong></span> 
     </span>
    </p>
   </div>
   <div class='ocr_carea' id='block_1_37' title="bbox 328 3828 3586 3908">
    <p class='ocr_par' dir='ltr' id='par_1_37' title="bbox 328 3828 3586 3908">
     <span class='ocr_line' id='line_1_37' title="bbox 328 3828 3586 3908; baseline -0.002 -15"><span class='ocrx_word' id='word_1_547' title='bbox 328 3839 416 3893; x_wconf 88' lang='lat' dir='ltr'><strong>sed</strong></span> <span class='ocrx_word' id='word_1_548' title='bbox 444 3839 692 3894; x_wconf 87' lang='lat' dir='ltr'><strong>distincta</strong></span> <span class='ocrx_word' id='word_1_549' title='bbox 722 3838 1020 3908; x_wconf 88' lang='lat' dir='ltr'><strong>proprietas</strong></span> <span class='ocrx_word' id='word_1_550' title='bbox 1049 3835 1313 3889; x_wconf 83' lang='lat' dir='ltr'><strong>reveletur.</strong></span> <span class='ocrx_word' id='word_1_551' title='bbox 1348 3831 1489 3886; x_wconf 90' lang='lat' dir='ltr'><strong>Nam</strong></span> <span class='ocrx_word' id='word_1_552' title='bbox 1528 3842 1777 3905; x_wconf 91' lang='lat' dir='ltr'><strong>quantum</strong></span> <span class='ocrx_word' id='word_1_553' title='bbox 1804 3832 1873 3885; x_wconf 90' lang='lat' dir='ltr'><strong>ad</strong></span> <span class='ocrx_word' id='word_1_554' title='bbox 1904 3830 2123 3885; x_wconf 90' lang='lat' dir='ltr'><strong>Deitatis</strong></span> <span class='ocrx_word' id='word_1_555' title='bbox 2152 3831 2371 3901; x_wconf 84' lang='lat' dir='ltr'><strong>pertinet</strong></span> <span class='ocrx_word' id='word_1_556' title='bbox 2412 3830 2686 3893; x_wconf 89' lang='lat' dir='ltr'><strong>unitatem,</strong></span> <span class='ocrx_word' id='word_1_557' title='bbox 2724 3830 2779 3882; x_wconf 89' lang='lat' dir='ltr'><strong>in</strong></span> <span class='ocrx_word' id='word_1_558' title='bbox 2820 3828 2971 3883; x_wconf 83' lang='lat' dir='ltr'><strong>verbo</strong></span> <span class='ocrx_word' id='word_1_559' title='bbox 3000 3829 3177 3884; x_wconf 86' lang='lat' dir='ltr'><strong>Patris</strong></span> <span class='ocrx_word' id='word_1_560' title='bbox 3207 3848 3486 3887; x_wconf 87' lang='lat' dir='ltr'><strong>consensus</strong></span> <span class='ocrx_word' id='word_1_561' title='bbox 3510 3845 3586 3889; x_wconf 87' lang='lat' dir='ltr'><strong>est</strong></span> 
     </span>
    </p>
   </div>
   <div class='ocr_carea' id='block_1_38' title="bbox 330 3919 3587 3997">
    <p class='ocr_par' dir='ltr' id='par_1_38' title="bbox 330 3919 3587 3997">
     <span class='ocr_line' id='line_1_38' title="bbox 330 3919 3587 3997; baseline -0.001 -16"><span class='ocrx_word' id='word_1_562' title='bbox 330 3926 578 3997; x_wconf 87' lang='lat' dir='ltr'><strong>Spiritus,</strong></span> <span class='ocrx_word' id='word_1_563' title='bbox 608 3937 656 3981; x_wconf 92' lang='lat' dir='ltr'><strong>et</strong></span> <span class='ocrx_word' id='word_1_564' title='bbox 685 3928 739 3981; x_wconf 90' lang='lat' dir='ltr'><strong>in</strong></span> <span class='ocrx_word' id='word_1_565' title='bbox 761 3941 995 3980; x_wconf 87' lang='lat' dir='ltr'><strong>sermone</strong></span> <span class='ocrx_word' id='word_1_566' title='bbox 1018 3924 1245 3995; x_wconf 84' lang='lat' dir='ltr'><strong>Spiritus</strong></span> <span class='ocrx_word' id='word_1_567' title='bbox 1274 3922 1512 3976; x_wconf 87' lang='lat' dir='ltr'><strong>voluntas</strong></span> <span class='ocrx_word' id='word_1_568' title='bbox 1532 3930 1609 3975; x_wconf 90' lang='lat' dir='ltr'><strong>est</strong></span> <span class='ocrx_word' id='word_1_569' title='bbox 1640 3920 1838 3975; x_wconf 90' lang='lat' dir='ltr'><strong>Patris.</strong></span> <span class='ocrx_word' id='word_1_570' title='bbox 1884 3919 2012 3985; x_wconf 84' lang='lat' dir='ltr'><strong>Quis</strong></span> <span class='ocrx_word' id='word_1_571' title='bbox 2045 3921 2181 3973; x_wconf 90' lang='lat' dir='ltr'><strong>enim</strong></span> <span class='ocrx_word' id='word_1_572' title='bbox 2220 3919 2475 3990; x_wconf 89' lang='lat' dir='ltr'><strong>Spiritum</strong></span> <span class='ocrx_word' id='word_1_573' title='bbox 2503 3926 2758 3985; x_wconf 89' lang='lat' dir='ltr'><strong>sanctum,</strong></span> <span class='ocrx_word' id='word_1_574' title='bbox 2790 3919 2893 3973; x_wconf 86' lang='lat' dir='ltr'><strong>nisi</strong></span> <span class='ocrx_word' id='word_1_575' title='bbox 2932 3921 3064 3991; x_wconf 81' lang='lat' dir='ltr'><strong>[orte</strong></span> <span class='ocrx_word' id='word_1_576' title='bbox 3090 3930 3180 3974; x_wconf 90' lang='lat' dir='ltr'><strong>aut</strong></span> <span class='ocrx_word' id='word_1_577' title='bbox 3205 3923 3390 3993; x_wconf 87' lang='lat' dir='ltr'><strong>impius</strong></span> <span class='ocrx_word' id='word_1_578' title='bbox 3420 3924 3587 3979; x_wconf 77' lang='lat' dir='ltr'><strong>hwre-</strong></span> 
     </span>
    </p>
   </div>
   <div class='ocr_carea' id='block_1_39' title="bbox 330 4009 3588 4091">
    <p class='ocr_par' dir='ltr' id='par_1_39' title="bbox 330 4009 3588 4091">
     <span class='ocr_line' id='line_1_39' title="bbox 330 4009 3588 4091; baseline -0.001 -19"><span class='ocrx_word' id='word_1_579' title='bbox 330 4022 476 4086; x_wconf 74' lang='lat' dir='ltr'><strong>licus,</strong></span> <span class='ocrx_word' id='word_1_580' title='bbox 509 4029 595 4073; x_wconf 91' lang='lat' dir='ltr'><strong>aut</strong></span> <span class='ocrx_word' id='word_1_581' title='bbox 623 4019 850 4091; x_wconf 87' lang='lat' dir='ltr'><strong>perﬁdus</strong></span> <span class='ocrx_word' id='word_1_582' title='bbox 876 4017 1091 4071; x_wconf 74' lang='lat' dir='ltr'><strong>Judtrus</strong></span> <span class='ocrx_word' id='word_1_583' title='bbox 1118 4016 1324 4068; x_wconf 88' lang='lat' dir='ltr'><strong>dubitat</strong></span> <span class='ocrx_word' id='word_1_584' title='bbox 1351 4031 1462 4069; x_wconf 88' lang='lat' dir='ltr'><strong>esse</strong></span> <span class='ocrx_word' id='word_1_585' title='bbox 1492 4013 1801 4069; x_wconf 84' lang='lat' dir='ltr'><strong>Deum</strong></span> <span class='ocrx_word' id='word_1_586' title='bbox 1828 4010 1955 4075; x_wconf 83' lang='lat' dir='ltr'><strong>Quis</strong></span> <span class='ocrx_word' id='word_1_587' title='bbox 1980 4012 2129 4065; x_wconf 91' lang='lat' dir='ltr'><strong>illum</strong></span> <span class='ocrx_word' id='word_1_588' title='bbox 2156 4013 2231 4066; x_wconf 87' lang='lat' dir='ltr'><strong>ita</strong></span> <span class='ocrx_word' id='word_1_589' title='bbox 2256 4013 2463 4066; x_wconf 89' lang='lat' dir='ltr'><strong>demens</strong></span> <span class='ocrx_word' id='word_1_590' title='bbox 2491 4010 2713 4081; x_wconf 82' lang='lat' dir='ltr'><strong>abnegat</strong></span> <span class='ocrx_word' id='word_1_591' title='bbox 2740 4009 2925 4076; x_wconf 86' lang='lat' dir='ltr'><strong>Deum,</strong></span> <span class='ocrx_word' id='word_1_592' title='bbox 2956 4012 3008 4065; x_wconf 90' lang='lat' dir='ltr'><strong>in</strong></span> <span class='ocrx_word' id='word_1_593' title='bbox 3039 4029 3185 4084; x_wconf 87' lang='lat' dir='ltr'><strong>quem</strong></span> <span class='ocrx_word' id='word_1_594' title='bbox 3211 4012 3588 4085; x_wconf 86' lang='lat' dir='ltr'><strong>blasphemasse</strong></span> 
     </span>
    </p>
   </div>
   <div class='ocr_carea' id='block_1_40' title="bbox 330 4097 3587 4182">
    <p class='ocr_par' dir='ltr' id='par_1_40' title="bbox 330 4097 3587 4182">
     <span class='ocr_line' id='line_1_40' title="bbox 330 4097 3587 4182; baseline -0.002 -15"><span class='ocrx_word' id='word_1_595' title='bbox 330 4116 402 4167; x_wconf 89' lang='lat' dir='ltr'><strong>ita</strong></span> <span class='ocrx_word' id='word_1_596' title='bbox 428 4123 505 4167; x_wconf 84' lang='lat' dir='ltr'><strong>est</strong></span> <span class='ocrx_word' id='word_1_597' title='bbox 523 4114 757 4182; x_wconf 85' lang='lat' dir='ltr'><strong>impium,</strong></span> <span class='ocrx_word' id='word_1_598' title='bbox 788 4118 936 4180; x_wconf 85' lang='lat' dir='ltr'><strong>atque</strong></span> <span class='ocrx_word' id='word_1_599' title='bbox 964 4108 1309 4179; x_wconf 73' lang='lat' dir='ltr'><strong>mortiferum,</strong></span> <span class='ocrx_word' id='word_1_600' title='bbox 1339 4114 1395 4159; x_wconf 89' lang='lat' dir='ltr'><strong>ut</strong></span> <span class='ocrx_word' id='word_1_601' title='bbox 1425 4105 1831 4175; x_wconf 88' lang='lat' dir='ltr'><strong>blasphemantis</strong></span> <span class='ocrx_word' id='word_1_602' title='bbox 1875 4111 2139 4173; x_wconf 87' lang='lat' dir='ltr'><strong>peccatum</strong></span> <span class='ocrx_word' id='word_1_603' title='bbox 2185 4102 2327 4155; x_wconf 89' lang='lat' dir='ltr'><strong>nulla</strong></span> <span class='ocrx_word' id='word_1_604' title='bbox 2355 4102 2503 4156; x_wconf 87' lang='lat' dir='ltr'><strong>venia</strong></span> <span class='ocrx_word' id='word_1_605' title='bbox 2540 4100 2911 4171; x_wconf 80' lang='lat' dir='ltr'><strong>subsequatur?</strong></span> <span class='ocrx_word' id='word_1_606' title='bbox 2939 4097 3069 4167; x_wconf 80' lang='lat' dir='ltr'><strong>Hic,</strong></span> <span class='ocrx_word' id='word_1_607' title='bbox 3101 4105 3329 4175; x_wconf 89' lang='lat' dir='ltr'><strong>inquam,</strong></span> <span class='ocrx_word' id='word_1_608' title='bbox 3362 4106 3587 4175; x_wconf 88' lang='lat' dir='ltr'><strong>Spiritus</strong></span> 
     </span>
    </p>
   </div>
   <div class='ocr_carea' id='block_1_41' title="bbox 328 4189 3584 4272">
    <p class='ocr_par' dir='ltr' id='par_1_41' title="bbox 328 4189 3584 4272">
     <span class='ocr_line' id='line_1_41' title="bbox 328 4189 3584 4272; baseline -0.002 -14"><span class='ocrx_word' id='word_1_609' title='bbox 328 4211 536 4261; x_wconf 80' lang='lat' dir='ltr'><strong>sanctus</strong></span> <span class='ocrx_word' id='word_1_610' title='bbox 563 4201 843 4272; x_wconf 83' lang='lat' dir='ltr'><strong>procedens</strong></span> <span class='ocrx_word' id='word_1_611' title='bbox 871 4216 903 4252; x_wconf 91' lang='lat' dir='ltr'><strong>a</strong></span> <span class='ocrx_word' id='word_1_612' title='bbox 933 4197 1113 4261; x_wconf 90' lang='lat' dir='ltr'><strong>Patre,</strong></span> <span class='ocrx_word' id='word_1_613' title='bbox 1146 4197 1430 4266; x_wconf 87' lang='lat' dir='ltr'><strong>promissus</strong></span> <span class='ocrx_word' id='word_1_614' title='bbox 1457 4211 1489 4247; x_wconf 92' lang='lat' dir='ltr'><strong>a</strong></span> <span class='ocrx_word' id='word_1_615' title='bbox 1516 4192 1656 4247; x_wconf 87' lang='lat' dir='ltr'><strong>Filio</strong></span> <span class='ocrx_word' id='word_1_616' title='bbox 1680 4194 1817 4246; x_wconf 88' lang='lat' dir='ltr'><strong>dona</strong></span> <span class='ocrx_word' id='word_1_617' title='bbox 1845 4193 2025 4263; x_wconf 75' lang='lat' dir='ltr'><strong>gloria:</strong></span> <span class='ocrx_word' id='word_1_618' title='bbox 2051 4208 2159 4247; x_wconf 73' lang='lat' dir='ltr'><strong>sua:</strong></span> <span class='ocrx_word' id='word_1_619' title='bbox 2186 4193 2240 4245; x_wconf 90' lang='lat' dir='ltr'><strong>in</strong></span> <span class='ocrx_word' id='word_1_620' title='bbox 2268 4191 2527 4261; x_wconf 87' lang='lat' dir='ltr'><strong>apostolos</strong></span> <span class='ocrx_word' id='word_1_621' title='bbox 2557 4189 2749 4244; x_wconf 81' lang='lat' dir='ltr'><strong>Christi</strong></span> <span class='ocrx_word' id='word_1_622' title='bbox 2775 4202 2851 4245; x_wconf 89' lang='lat' dir='ltr'><strong>est</strong></span> <span class='ocrx_word' id='word_1_623' title='bbox 2878 4192 3121 4263; x_wconf 88' lang='lat' dir='ltr'><strong>dignatus</strong></span> <span class='ocrx_word' id='word_1_624' title='bbox 3149 4195 3441 4265; x_wconf 75' lang='lat' dir='ltr'><strong>infundere,</strong></span> <span class='ocrx_word' id='word_1_625' title='bbox 3476 4205 3584 4255; x_wconf 85' lang='lat' dir='ltr'><strong>etc.</strong></span> 
     </span>
    </p>
   </div>
   <div class='ocr_carea' id='block_1_42' title="bbox 330 4281 3588 4358">
    <p class='ocr_par' dir='ltr' id='par_1_42' title="bbox 330 4281 3588 4358">
     <span class='ocr_line' id='line_1_42' title="bbox 330 4281 3588 4358; baseline -0.005 -7"><span class='ocrx_word' id='word_1_626' title='bbox 330 4296 395 4350; x_wconf 84' lang='lat' dir='ltr'><strong>Et</strong></span> <span class='ocrx_word' id='word_1_627' title='bbox 424 4310 585 4350; x_wconf 89' lang='lat' dir='ltr'><strong>serm.</strong></span> <span class='ocrx_word' id='word_1_628' title='bbox 612 4292 699 4352; x_wconf 76' lang='grc'><strong>55,</strong></span> <span class='ocrx_word' id='word_1_629' title='bbox 734 4291 793 4343; x_wconf 91' lang='lat' dir='ltr'><strong>de</strong></span> <span class='ocrx_word' id='word_1_630' title='bbox 822 4288 1127 4343; x_wconf 87' lang='lat' dir='ltr'><strong>Pentecoste</strong></span> <span class='ocrx_word' id='word_1_631' title='bbox 1156 4286 1208 4352; x_wconf 90' lang='lat'><strong>6,</strong></span> <span class='ocrx_word' id='word_1_632' title='bbox 1240 4300 1361 4356; x_wconf 86' lang='lat' dir='ltr'><strong>pag.</strong></span> <span class='ocrx_word' id='word_1_633' title='bbox 1396 4284 1500 4339; x_wconf 82' lang='grc'><strong>5⁵55</strong></span> <span class='ocrx_word' id='word_1_634' title='bbox 1525 4303 1536 4337; x_wconf 87' lang='lat'><strong>:</strong></span> <span class='ocrx_word' id='word_1_635' title='bbox 1581 4285 1809 4354; x_wconf 89' lang='lat' dir='ltr'><strong>Spiritus</strong></span> <span class='ocrx_word' id='word_1_636' title='bbox 1835 4295 2042 4337; x_wconf 74' lang='lat' dir='ltr'><strong>sanctus</strong></span> <span class='ocrx_word' id='word_1_637' title='bbox 2064 4292 2141 4337; x_wconf 90' lang='lat' dir='ltr'><strong>est</strong></span> <span class='ocrx_word' id='word_1_638' title='bbox 2165 4283 2414 4336; x_wconf 81' lang='lat' dir='ltr'><strong>indiuisus</strong></span> <span class='ocrx_word' id='word_1_639' title='bbox 2442 4298 2475 4335; x_wconf 92' lang='lat' dir='ltr'><strong>a</strong></span> <span class='ocrx_word' id='word_1_640' title='bbox 2502 4281 2683 4346; x_wconf 89' lang='lat' dir='ltr'><strong>Patre,</strong></span> <span class='ocrx_word' id='word_1_641' title='bbox 2714 4290 2763 4334; x_wconf 91' lang='lat' dir='ltr'><strong>et</strong></span> <span class='ocrx_word' id='word_1_642' title='bbox 2791 4281 3116 4351; x_wconf 86' lang='lat' dir='ltr'><strong>inseparatus</strong></span> <span class='ocrx_word' id='word_1_643' title='bbox 3145 4301 3177 4338; x_wconf 89' lang='lat' dir='ltr'><strong>a</strong></span> <span class='ocrx_word' id='word_1_644' title='bbox 3219 4283 3383 4349; x_wconf 83' lang='lat' dir='ltr'><strong>Filio,</strong></span> <span class='ocrx_word' id='word_1_645' title='bbox 3407 4288 3588 4358; x_wconf 77' lang='lat' dir='ltr'><strong>quibus</strong></span> 
     </span>
    </p>
   </div>
   <div class='ocr_carea' id='block_1_43' title="bbox 328 4373 3589 4458">
    <p class='ocr_par' dir='ltr' id='par_1_43' title="bbox 328 4373 3589 4458">
     <span class='ocr_line' id='line_1_43' title="bbox 328 4373 3589 4458; baseline -0.002 -18"><span class='ocrx_word' id='word_1_646' title='bbox 328 4390 519 4458; x_wconf 85' lang='lat' dir='ltr'><strong>utique,</strong></span> <span class='ocrx_word' id='word_1_647' title='bbox 567 4386 697 4439; x_wconf 90' lang='lat' dir='ltr'><strong>sicut</strong></span> <span class='ocrx_word' id='word_1_648' title='bbox 724 4398 888 4437; x_wconf 72' lang='lat' dir='ltr'><strong>sacrm</strong></span> <span class='ocrx_word' id='word_1_649' title='bbox 914 4381 1150 4435; x_wconf 86' lang='lat' dir='ltr'><strong>lectionis</strong></span> <span class='ocrx_word' id='word_1_650' title='bbox 1179 4379 1351 4450; x_wconf 88' lang='lat' dir='ltr'><strong>ﬁdelis</strong></span> <span class='ocrx_word' id='word_1_651' title='bbox 1394 4394 1561 4432; x_wconf 86' lang='lat' dir='ltr'><strong>sermo</strong></span> <span class='ocrx_word' id='word_1_652' title='bbox 1590 4393 1685 4431; x_wconf 89' lang='lat' dir='ltr'><strong>nos</strong></span> <span class='ocrx_word' id='word_1_653' title='bbox 1726 4377 1933 4440; x_wconf 88' lang='lat' dir='ltr'><strong>edocet,</strong></span> <span class='ocrx_word' id='word_1_654' title='bbox 1963 4394 2066 4431; x_wconf 87' lang='lat' dir='ltr'><strong>non</strong></span> <span class='ocrx_word' id='word_1_655' title='bbox 2112 4384 2188 4429; x_wconf 89' lang='lat' dir='ltr'><strong>est</strong></span> <span class='ocrx_word' id='word_1_656' title='bbox 2234 4376 2288 4428; x_wconf 92' lang='lat' dir='ltr'><strong>in</strong></span> <span class='ocrx_word' id='word_1_657' title='bbox 2329 4374 2511 4427; x_wconf 89' lang='lat' dir='ltr'><strong>virtute</strong></span> <span class='ocrx_word' id='word_1_658' title='bbox 2555 4373 2836 4439; x_wconf 85' lang='lat' dir='ltr'><strong>distantia,</strong></span> <span class='ocrx_word' id='word_1_659' title='bbox 2866 4381 2974 4429; x_wconf 91' lang='lat' dir='ltr'><strong>etc.</strong></span> <span class='ocrx_word' id='word_1_660' title='bbox 3022 4374 3158 4428; x_wconf 87' lang='lat' dir='ltr'><strong>Item</strong></span> <span class='ocrx_word' id='word_1_661' title='bbox 3196 4376 3259 4429; x_wconf 91' lang='lat' dir='ltr'><strong>de</strong></span> <span class='ocrx_word' id='word_1_662' title='bbox 3299 4381 3468 4449; x_wconf 72' lang='lat' dir='ltr'><strong>seipse</strong></span> <span class='ocrx_word' id='word_1_663' title='bbox 3514 4382 3589 4433; x_wconf 88' lang='lat' dir='ltr'><strong>ait</strong></span> 
     </span>
    </p>
   </div>
   <div class='ocr_carea' id='block_1_44' title="bbox 332 4462 3588 4543">
    <p class='ocr_par' dir='ltr' id='par_1_44' title="bbox 332 4462 3588 4543">
     <span class='ocr_line' id='line_1_44' title="bbox 332 4462 3588 4543; baseline -0.005 -10"><span class='ocrx_word' id='word_1_664' title='bbox 332 4478 615 4533; x_wconf 81' lang='lat' dir='ltr'><strong>Salvator:</strong></span> <span class='ocrx_word' id='word_1_665' title='bbox 647 4472 758 4543; x_wconf 85' lang='lat' dir='ltr'><strong>Ego</strong></span> <span class='ocrx_word' id='word_1_666' title='bbox 787 4489 904 4529; x_wconf 91' lang='lat' dir='ltr'><strong>sum</strong></span> <span class='ocrx_word' id='word_1_667' title='bbox 934 4473 1038 4535; x_wconf 86' lang='lat' dir='ltr'><strong>via,</strong></span> <span class='ocrx_word' id='word_1_668' title='bbox 1073 4472 1291 4535; x_wconf 82' lang='lat' dir='ltr'><strong>veritas,</strong></span> <span class='ocrx_word' id='word_1_669' title='bbox 1321 4478 1376 4524; x_wconf 89' lang='lat' dir='ltr'><strong>et</strong></span> <span class='ocrx_word' id='word_1_670' title='bbox 1401 4469 1530 4523; x_wconf 85' lang='lat' dir='ltr'><strong>vita.</strong></span> <span class='ocrx_word' id='word_1_671' title='bbox 1574 4468 1687 4540; x_wconf 87' lang='lat' dir='ltr'><strong>Ego</strong></span> <span class='ocrx_word' id='word_1_672' title='bbox 1728 4485 1873 4531; x_wconf 89' lang='lat' dir='ltr'><strong>sum,</strong></span> <span class='ocrx_word' id='word_1_673' title='bbox 1906 4469 2101 4539; x_wconf 87' lang='lat' dir='ltr'><strong>inquit,</strong></span> <span class='ocrx_word' id='word_1_674' title='bbox 2150 4469 2355 4521; x_wconf 86' lang='lat' dir='ltr'><strong>veritas.</strong></span> <span class='ocrx_word' id='word_1_675' title='bbox 2386 4464 2449 4519; x_wconf 89' lang='lat' dir='ltr'><strong>Si</strong></span> <span class='ocrx_word' id='word_1_676' title='bbox 2476 4462 2596 4537; x_wconf 81' lang='lat' dir='ltr'><strong>ergo</strong></span> <span class='ocrx_word' id='word_1_677' title='bbox 2625 4465 2825 4532; x_wconf 87' lang='lat' dir='ltr'><strong>Filius,</strong></span> <span class='ocrx_word' id='word_1_678' title='bbox 2870 4467 2954 4537; x_wconf 87' lang='lat' dir='ltr'><strong>qui</strong></span> <span class='ocrx_word' id='word_1_679' title='bbox 2981 4468 3166 4520; x_wconf 79' lang='lat' dir='ltr'><strong>veritas</strong></span> <span class='ocrx_word' id='word_1_680' title='bbox 3192 4474 3299 4533; x_wconf 89' lang='lat' dir='ltr'><strong>est,</strong></span> <span class='ocrx_word' id='word_1_681' title='bbox 3333 4469 3588 4541; x_wconf 77' lang='lat' dir='ltr'><strong>Spiritum</strong></span> 
     </span>
    </p>
   </div>
   <div class='ocr_carea' id='block_1_45' title="bbox 330 4556 3587 4630">
    <p class='ocr_par' dir='ltr' id='par_1_45' title="bbox 330 4556 3587 4630">
     <span class='ocr_line' id='line_1_45' title="bbox 330 4556 3587 4630; baseline -0.002 -10"><span class='ocrx_word' id='word_1_682' title='bbox 330 4567 515 4621; x_wconf 86' lang='lat' dir='ltr'><strong>asserit</strong></span> <span class='ocrx_word' id='word_1_683' title='bbox 541 4580 654 4619; x_wconf 87' lang='lat' dir='ltr'><strong>esse</strong></span> <span class='ocrx_word' id='word_1_684' title='bbox 683 4564 932 4624; x_wconf 79' lang='lat' dir='ltr'><strong>veritatis,</strong></span> <span class='ocrx_word' id='word_1_685' title='bbox 964 4562 1077 4630; x_wconf 86' lang='lat' dir='ltr'><strong>quis</strong></span> <span class='ocrx_word' id='word_1_686' title='bbox 1100 4560 1249 4614; x_wconf 91' lang='lat' dir='ltr'><strong>illum</strong></span> <span class='ocrx_word' id='word_1_687' title='bbox 1277 4576 1468 4630; x_wconf 88' lang='lat' dir='ltr'><strong>negare</strong></span> <span class='ocrx_word' id='word_1_688' title='bbox 1492 4560 1682 4627; x_wconf 89' lang='lat' dir='ltr'><strong>poterit</strong></span> <span class='ocrx_word' id='word_1_689' title='bbox 1720 4558 1915 4623; x_wconf 86' lang='lat' dir='ltr'><strong>Deum,</strong></span> <span class='ocrx_word' id='word_1_690' title='bbox 1957 4560 2058 4611; x_wconf 89' lang='lat' dir='ltr'><strong>nisi</strong></span> <span class='ocrx_word' id='word_1_691' title='bbox 2099 4559 2185 4627; x_wconf 87' lang='lat' dir='ltr'><strong>qui</strong></span> <span class='ocrx_word' id='word_1_692' title='bbox 2211 4558 2413 4610; x_wconf 85' lang='lat' dir='ltr'><strong>veritati</strong></span> <span class='ocrx_word' id='word_1_693' title='bbox 2452 4557 2515 4609; x_wconf 88' lang='lat' dir='ltr'><strong>de</strong></span> <span class='ocrx_word' id='word_1_694' title='bbox 2542 4557 2753 4609; x_wconf 78' lang='lat' dir='ltr'><strong>veritate</strong></span> <span class='ocrx_word' id='word_1_695' title='bbox 2780 4573 2883 4611; x_wconf 89' lang='lat' dir='ltr'><strong>non</strong></span> <span class='ocrx_word' id='word_1_696' title='bbox 2913 4556 3111 4611; x_wconf 82' lang='lat' dir='ltr'><strong>credit?</strong></span> <span class='ocrx_word' id='word_1_697' title='bbox 3140 4556 3321 4628; x_wconf 85' lang='lat' dir='ltr'><strong>Itaque</strong></span> <span class='ocrx_word' id='word_1_698' title='bbox 3360 4558 3587 4630; x_wconf 89' lang='lat' dir='ltr'><strong>Spiritus</strong></span> 
     </span>
    </p>
   </div>
   <div class='ocr_carea' id='block_1_46' title="bbox 329 4648 3587 4725">
    <p class='ocr_par' dir='ltr' id='par_1_46' title="bbox 329 4648 3587 4725">
     <span class='ocr_line' id='line_1_46' title="bbox 329 4648 3587 4725; baseline -0.002 -13"><span class='ocrx_word' id='word_1_699' title='bbox 329 4674 475 4712; x_wconf 87' lang='lat' dir='ltr'><strong>verus</strong></span> <span class='ocrx_word' id='word_1_700' title='bbox 503 4665 580 4710; x_wconf 89' lang='lat' dir='ltr'><strong>est</strong></span> <span class='ocrx_word' id='word_1_701' title='bbox 611 4655 765 4717; x_wconf 89' lang='lat' dir='ltr'><strong>Deus,</strong></span> <span class='ocrx_word' id='word_1_702' title='bbox 800 4670 949 4725; x_wconf 89' lang='lat' dir='ltr'><strong>quem</strong></span> <span class='ocrx_word' id='word_1_703' title='bbox 973 4652 1205 4706; x_wconf 84' lang='lat' dir='ltr'><strong>Christus</strong></span> <span class='ocrx_word' id='word_1_704' title='bbox 1245 4659 1295 4705; x_wconf 88' lang='lat' dir='ltr'><strong>et</strong></span> <span class='ocrx_word' id='word_1_705' title='bbox 1333 4667 1364 4703; x_wconf 86' lang='grc' dir='ltr'><em>α</em></span> <span class='ocrx_word' id='word_1_706' title='bbox 1405 4649 1567 4703; x_wconf 91' lang='lat' dir='ltr'><strong>Patre</strong></span> <span class='ocrx_word' id='word_1_707' title='bbox 1591 4650 1886 4720; x_wconf 88' lang='lat' dir='ltr'><strong>procedere,</strong></span> <span class='ocrx_word' id='word_1_708' title='bbox 1929 4660 1977 4702; x_wconf 91' lang='lat' dir='ltr'><strong>et</strong></span> <span class='ocrx_word' id='word_1_709' title='bbox 1997 4666 2030 4701; x_wconf 90' lang='lat' dir='ltr'><strong>a</strong></span> <span class='ocrx_word' id='word_1_710' title='bbox 2057 4665 2111 4702; x_wconf 91' lang='lat' dir='ltr'><strong>se</strong></span> <span class='ocrx_word' id='word_1_711' title='bbox 2139 4648 2443 4701; x_wconf 85' lang='lat' dir='ltr'><strong>mittendum</strong></span> <span class='ocrx_word' id='word_1_712' title='bbox 2471 4648 2587 4717; x_wconf 90' lang='lat' dir='ltr'><strong>pari</strong></span> <span class='ocrx_word' id='word_1_713' title='bbox 2615 4649 2936 4717; x_wconf 76' lang='lat' dir='ltr'><strong>professione</strong></span> <span class='ocrx_word' id='word_1_714' title='bbox 2966 4656 3198 4707; x_wconf 87' lang='lat' dir='ltr'><strong>testatur.</strong></span> <span class='ocrx_word' id='word_1_715' title='bbox 3233 4649 3393 4703; x_wconf 81' lang='lat' dir='ltr'><strong>Mittit</strong></span> <span class='ocrx_word' id='word_1_716' title='bbox 3417 4660 3587 4706; x_wconf 84' lang='lat' dir='ltr'><strong>autem</strong></span> 
     </span>
    </p>
   </div>
   <div class='ocr_carea' id='block_1_47' title="bbox 331 4737 3588 4814">
    <p class='ocr_par' dir='ltr' id='par_1_47' title="bbox 331 4737 3588 4814">
     <span class='ocr_line' id='line_1_47' title="bbox 331 4737 3588 4814; baseline -0 -14"><span class='ocrx_word' id='word_1_717' title='bbox 331 4748 429 4801; x_wconf 89' lang='lat' dir='ltr'><strong>Dei</strong></span> <span class='ocrx_word' id='word_1_718' title='bbox 463 4746 631 4800; x_wconf 84' lang='lat' dir='ltr'><strong>Filius</strong></span> <span class='ocrx_word' id='word_1_719' title='bbox 666 4744 922 4814; x_wconf 88' lang='lat' dir='ltr'><strong>Spiritum</strong></span> <span class='ocrx_word' id='word_1_720' title='bbox 946 4741 1125 4795; x_wconf 86' lang='lat' dir='ltr'><strong>Patris</strong></span> <span class='ocrx_word' id='word_1_721' title='bbox 1152 4742 1266 4805; x_wconf 88' lang='lat' dir='ltr'><strong>sui;</strong></span> <span class='ocrx_word' id='word_1_722' title='bbox 1296 4742 1482 4804; x_wconf 89' lang='lat' dir='ltr'><strong>mittit,</strong></span> <span class='ocrx_word' id='word_1_723' title='bbox 1532 4757 1637 4794; x_wconf 88' lang='lat' dir='ltr'><strong>non</strong></span> <span class='ocrx_word' id='word_1_724' title='bbox 1664 4749 1809 4810; x_wconf 86' lang='lat' dir='ltr'><strong>quast</strong></span> <span class='ocrx_word' id='word_1_725' title='bbox 1839 4740 2158 4792; x_wconf 89' lang='lat' dir='ltr'><strong>obedientem</strong></span> <span class='ocrx_word' id='word_1_726' title='bbox 2185 4749 2458 4809; x_wconf 78' lang='lat' dir='ltr'><strong>prwcepto,</strong></span> <span class='ocrx_word' id='word_1_727' title='bbox 2485 4737 2576 4791; x_wconf 87' lang='lat' dir='ltr'><strong>sed</strong></span> <span class='ocrx_word' id='word_1_728' title='bbox 2603 4739 2842 4807; x_wconf 86' lang='lat' dir='ltr'><strong>mysterio</strong></span> <span class='ocrx_word' id='word_1_729' title='bbox 2869 4738 3282 4793; x_wconf 84' lang='lat' dir='ltr'><strong>concordantem.</strong></span> <span class='ocrx_word' id='word_1_730' title='bbox 3316 4738 3384 4793; x_wconf 86' lang='lat' dir='ltr'><strong>Et</strong></span> <span class='ocrx_word' id='word_1_731' title='bbox 3407 4741 3472 4796; x_wconf 89' lang='lat' dir='ltr'><strong>ob</strong></span> <span class='ocrx_word' id='word_1_732' title='bbox 3494 4741 3588 4799; x_wconf 83' lang='lat' dir='ltr'><strong>hoc</strong></span> 
     </span>
    </p>
   </div>
   <div class='ocr_carea' id='block_1_48' title="bbox 330 4829 3590 4909">
    <p class='ocr_par' dir='ltr' id='par_1_48' title="bbox 330 4829 3590 4909">
     <span class='ocr_line' id='line_1_48' title="bbox 330 4829 3590 4909; baseline -0.004 -15"><span class='ocrx_word' id='word_1_733' title='bbox 330 4842 436 4909; x_wconf 86' lang='lat' dir='ltr'><strong>ipse</strong></span> <span class='ocrx_word' id='word_1_734' title='bbox 461 4838 689 4909; x_wconf 88' lang='lat' dir='ltr'><strong>Spiritus</strong></span> <span class='ocrx_word' id='word_1_735' title='bbox 719 4836 997 4907; x_wconf 87' lang='lat' dir='ltr'><strong>procedens</strong></span> <span class='ocrx_word' id='word_1_736' title='bbox 1026 4851 1057 4886; x_wconf 94' lang='lat' dir='ltr'><strong>a</strong></span> <span class='ocrx_word' id='word_1_737' title='bbox 1082 4834 1241 4886; x_wconf 87' lang='lat' dir='ltr'><strong>Patre</strong></span> <span class='ocrx_word' id='word_1_738' title='bbox 1263 4834 1489 4903; x_wconf 90' lang='lat' dir='ltr'><strong>sequitur</strong></span> <span class='ocrx_word' id='word_1_739' title='bbox 1509 4834 1698 4885; x_wconf 89' lang='lat' dir='ltr'><strong>missus</strong></span> <span class='ocrx_word' id='word_1_740' title='bbox 1727 4831 1944 4895; x_wconf 62' lang='lat' dir='ltr'><strong>a‘Fitio,</strong></span> <span class='ocrx_word' id='word_1_741' title='bbox 1969 4849 2031 4885; x_wconf 90' lang='lat' dir='ltr'><strong>ne</strong></span> <span class='ocrx_word' id='word_1_742' title='bbox 2056 4840 2144 4884; x_wconf 90' lang='lat' dir='ltr'><strong>aut</strong></span> <span class='ocrx_word' id='word_1_743' title='bbox 2174 4830 2316 4884; x_wconf 88' lang='lat' dir='ltr'><strong>aliud</strong></span> <span class='ocrx_word' id='word_1_744' title='bbox 2344 4846 2454 4883; x_wconf 88' lang='lat' dir='ltr'><strong>esse</strong></span> <span class='ocrx_word' id='word_1_745' title='bbox 2490 4847 2644 4901; x_wconf 88' lang='lat' dir='ltr'><strong>quam</strong></span> <span class='ocrx_word' id='word_1_746' title='bbox 2670 4829 2833 4883; x_wconf 89' lang='lat' dir='ltr'><strong>Pater</strong></span> <span class='ocrx_word' id='word_1_747' title='bbox 2852 4838 2953 4894; x_wconf 89' lang='lat' dir='ltr'><strong>est,</strong></span> <span class='ocrx_word' id='word_1_748' title='bbox 2998 4840 3087 4882; x_wconf 89' lang='lat' dir='ltr'><strong>aut</strong></span> <span class='ocrx_word' id='word_1_749' title='bbox 3123 4831 3400 4902; x_wconf 85' lang='lat' dir='ltr'><strong>quidquam</strong></span> <span class='ocrx_word' id='word_1_750' title='bbox 3427 4835 3590 4892; x_wconf 71' lang='lat' dir='ltr'><strong>diser.</strong></span> 
     </span>
    </p>
   </div>
   <div class='ocr_carea' id='block_1_49' title="bbox 330 4921 3589 4997">
    <p class='ocr_par' dir='ltr' id='par_1_49' title="bbox 330 4921 3589 4997">
     <span class='ocr_line' id='line_1_49' title="bbox 330 4921 3589 4997; baseline 0.001 -16"><span class='ocrx_word' id='word_1_751' title='bbox 330 4944 444 4982; x_wconf 86' lang='lat' dir='ltr'><strong>sum</strong></span> <span class='ocrx_word' id='word_1_752' title='bbox 471 4928 618 4992; x_wconf 87' lang='lat' dir='ltr'><strong>velle,</strong></span> <span class='ocrx_word' id='word_1_753' title='bbox 647 4941 803 4997; x_wconf 86' lang='lat' dir='ltr'><strong>quam</strong></span> <span class='ocrx_word' id='word_1_754' title='bbox 842 4924 946 4978; x_wconf 83' lang='lat' dir='ltr'><strong>vult</strong></span> <span class='ocrx_word' id='word_1_755' title='bbox 983 4923 1186 4987; x_wconf 80' lang='lat' dir='ltr'><strong>Filius,</strong></span> <span class='ocrx_word' id='word_1_756' title='bbox 1218 4921 1527 4975; x_wconf 86' lang='lat' dir='ltr'><strong>crederetur.</strong></span> <span class='ocrx_word' id='word_1_757' title='bbox 1555 4921 1780 4991; x_wconf 90' lang='lat' dir='ltr'><strong>Pr0pter</strong></span> <span class='ocrx_word' id='word_1_758' title='bbox 1817 4922 1981 4994; x_wconf 88' lang='lat' dir='ltr'><strong>quod,</strong></span> <span class='ocrx_word' id='word_1_759' title='bbox 2011 4924 2228 4995; x_wconf 80' lang='lat' dir='ltr'><strong>fratres,</strong></span> <span class='ocrx_word' id='word_1_760' title='bbox 2262 4924 2374 4977; x_wconf 89' lang='lat' dir='ltr'><strong>sine</strong></span> <span class='ocrx_word' id='word_1_761' title='bbox 2399 4924 2724 4977; x_wconf 87' lang='lat' dir='ltr'><strong>cunctatione</strong></span> <span class='ocrx_word' id='word_1_762' title='bbox 2752 4923 3018 4987; x_wconf 88' lang='lat' dir='ltr'><strong>clarescit,</strong></span> <span class='ocrx_word' id='word_1_763' title='bbox 3059 4940 3219 4977; x_wconf 89' lang='lat' dir='ltr'><strong>unam</strong></span> <span class='ocrx_word' id='word_1_764' title='bbox 3246 4942 3357 4983; x_wconf 87' lang='lat' dir='ltr'><strong>esse</strong></span> <span class='ocrx_word' id='word_1_765' title='bbox 3394 4927 3589 4995; x_wconf 86' lang='lat' dir='ltr'><strong>Patris,</strong></span> 
     </span>
    </p>
   </div>
   <div class='ocr_carea' id='block_1_50' title="bbox 329 5008 3589 5089">
    <p class='ocr_par' dir='ltr' id='par_1_50' title="bbox 329 5008 3589 5089">
     <span class='ocr_line' id='line_1_50' title="bbox 329 5008 3589 5089; baseline 0.002 -20"><span class='ocrx_word' id='word_1_766' title='bbox 329 5025 378 5069; x_wconf 84' lang='lat' dir='ltr'><strong>et</strong></span> <span class='ocrx_word' id='word_1_767' title='bbox 417 5014 464 5068; x_wconf 83' lang='lat' dir='ltr'><em>F</em></span> <span class='ocrx_word' id='word_1_768' title='bbox 467 5016 565 5080; x_wconf 87' lang='lat' dir='ltr'><strong>itii,</strong></span> <span class='ocrx_word' id='word_1_769' title='bbox 597 5024 645 5068; x_wconf 90' lang='lat' dir='ltr'><strong>et</strong></span> <span class='ocrx_word' id='word_1_770' title='bbox 672 5012 902 5084; x_wconf 85' lang='lat' dir='ltr'><strong>Spiritus</strong></span> <span class='ocrx_word' id='word_1_771' title='bbox 923 5013 1089 5066; x_wconf 90' lang='lat' dir='ltr'><strong>sancti</strong></span> <span class='ocrx_word' id='word_1_772' title='bbox 1115 5011 1448 5066; x_wconf 89' lang='lat' dir='ltr'><strong>voluntatem.</strong></span> <span class='ocrx_word' id='word_1_773' title='bbox 1482 5008 1589 5066; x_wconf 89' lang='lat' dir='ltr'><strong>Sed</strong></span> <span class='ocrx_word' id='word_1_774' title='bbox 1617 5011 1814 5066; x_wconf 91' lang='lat' dir='ltr'><strong>nimius</strong></span> <span class='ocrx_word' id='word_1_775' title='bbox 1840 5027 2035 5077; x_wconf 89' lang='lat' dir='ltr'><strong>essem,</strong></span> <span class='ocrx_word' id='word_1_776' title='bbox 2065 5012 2109 5066; x_wconf 89' lang='lat' dir='ltr'><strong>si</strong></span> <span class='ocrx_word' id='word_1_777' title='bbox 2138 5013 2314 5067; x_wconf 88' lang='lat' dir='ltr'><strong>omnia</strong></span> <span class='ocrx_word' id='word_1_778' title='bbox 2357 5028 2476 5081; x_wconf 66' lang='lat' dir='ltr'><strong>quae</strong></span> <span class='ocrx_word' id='word_1_779' title='bbox 2504 5012 2570 5067; x_wconf 92' lang='lat' dir='ltr'><strong>de</strong></span> <span class='ocrx_word' id='word_1_780' title='bbox 2610 5022 2806 5067; x_wconf 63' lang='lat' dir='ltr'><strong>sancta:</strong></span> <span class='ocrx_word' id='word_1_781' title='bbox 2848 5012 3121 5069; x_wconf 86' lang='lat' dir='ltr'><strong>Trinitatis</strong></span> <span class='ocrx_word' id='word_1_782' title='bbox 3156 5021 3410 5089; x_wconf 87' lang='lat' dir='ltr'><strong>mysterio</strong></span> <span class='ocrx_word' id='word_1_783' title='bbox 3443 5036 3589 5076; x_wconf 86' lang='lat' dir='ltr'><strong>com-</strong></span> 
     </span>
    </p>
   </div>
   <div class='ocr_carea' id='block_1_51' title="bbox 331 5104 2820 5178">
    <p class='ocr_par' dir='ltr' id='par_1_51' title="bbox 331 5104 2820 5178">
     <span class='ocr_line' id='line_1_51' title="bbox 331 5104 2820 5178; baseline -0.002 -18"><span class='ocrx_word' id='word_1_784' title='bbox 331 5109 519 5178; x_wconf 80' lang='lat' dir='ltr'><strong>plexus</strong></span> <span class='ocrx_word' id='word_1_785' title='bbox 551 5107 765 5174; x_wconf 83' lang='lat' dir='ltr'><strong>egregie</strong></span> <span class='ocrx_word' id='word_1_786' title='bbox 791 5105 1053 5160; x_wconf 82' lang='lat' dir='ltr'><strong>Maximus</strong></span> <span class='ocrx_word' id='word_1_787' title='bbox 1080 5112 1180 5168; x_wconf 91' lang='lat' dir='ltr'><strong>est,</strong></span> <span class='ocrx_word' id='word_1_788' title='bbox 1214 5106 1404 5161; x_wconf 83' lang='lat' dir='ltr'><strong>vellem</strong></span> <span class='ocrx_word' id='word_1_789' title='bbox 1434 5104 1756 5160; x_wconf 85' lang='lat' dir='ltr'><strong>describere.</strong></span> <span class='ocrx_word' id='word_1_790' title='bbox 1786 5105 1957 5158; x_wconf 79' lang='lat' dir='ltr'><strong>Venio</strong></span> <span class='ocrx_word' id='word_1_791' title='bbox 1987 5104 2052 5159; x_wconf 91' lang='lat' dir='ltr'><strong>ad</strong></span> <span class='ocrx_word' id='word_1_792' title='bbox 2081 5104 2467 5159; x_wconf 86' lang='lat' dir='ltr'><strong>lncarnationis</strong></span> <span class='ocrx_word' id='word_1_793' title='bbox 2491 5106 2820 5174; x_wconf 83' lang='lat' dir='ltr'><strong>mysterium.</strong></span> 
     </span>
    </p>
   </div>
   <div class='ocr_carea' id='block_1_52' title="bbox 401 5196 3589 5270">
    <p class='ocr_par' dir='ltr' id='par_1_52' title="bbox 401 5196 3589 5270">
     <span class='ocr_line' id='line_1_52' title="bbox 401 5196 3589 5270; baseline 0 -16"><span class='ocrx_word' id='word_1_794' title='bbox 401 5200 485 5255; x_wconf 85' lang='lat' dir='ltr'><strong>Ill.</strong></span> <span class='ocrx_word' id='word_1_795' title='bbox 520 5201 670 5255; x_wconf 88' lang='lat' dir='ltr'><strong>llaud</strong></span> <span class='ocrx_word' id='word_1_796' title='bbox 699 5201 872 5255; x_wconf 90' lang='lat' dir='ltr'><strong>minus</strong></span> <span class='ocrx_word' id='word_1_797' title='bbox 897 5209 1148 5255; x_wconf 87' lang='lat' dir='ltr'><strong>accurate</strong></span> <span class='ocrx_word' id='word_1_798' title='bbox 1176 5198 1439 5254; x_wconf 73' lang='lat' dir='ltr'><strong>Maximus</strong></span> <span class='ocrx_word' id='word_1_799' title='bbox 1466 5214 1624 5268; x_wconf 89' lang='lat' dir='ltr'><strong>quam</strong></span> <span class='ocrx_word' id='word_1_800' title='bbox 1654 5198 1885 5269; x_wconf 80' lang='lat' dir='ltr'><strong>Cyrillus</strong></span> <span class='ocrx_word' id='word_1_801' title='bbox 1913 5198 2323 5262; x_wconf 82' lang='lat' dir='ltr'><strong>Alexandrinus,</strong></span> <span class='ocrx_word' id='word_1_802' title='bbox 2350 5212 2508 5267; x_wconf 90' lang='lat' dir='ltr'><strong>quam</strong></span> <span class='ocrx_word' id='word_1_803' title='bbox 2551 5196 2659 5251; x_wconf 86' lang='lat' dir='ltr'><strong>Leo</strong></span> <span class='ocrx_word' id='word_1_804' title='bbox 2681 5196 2901 5264; x_wconf 81' lang='lat' dir='ltr'><strong>Magnus</strong></span> <span class='ocrx_word' id='word_1_805' title='bbox 2920 5237 2935 5264; x_wconf 93' lang='lat'><strong>,</strong></span> <span class='ocrx_word' id='word_1_806' title='bbox 2962 5213 3121 5266; x_wconf 88' lang='lat' dir='ltr'><strong>quam</strong></span> <span class='ocrx_word' id='word_1_807' title='bbox 3163 5202 3252 5255; x_wconf 87' lang='lat' dir='ltr'><strong>alii</strong></span> <span class='ocrx_word' id='word_1_808' title='bbox 3293 5203 3383 5270; x_wconf 85' lang='lat' dir='ltr'><strong>qui</strong></span> <span class='ocrx_word' id='word_1_809' title='bbox 3412 5203 3589 5258; x_wconf 84' lang='lat' dir='ltr'><strong>medio</strong></span> 
     </span>
    </p>
   </div>
   <div class='ocr_carea' id='block_1_53' title="bbox 332 5287 3588 5365">
    <p class='ocr_par' dir='ltr' id='par_1_53' title="bbox 332 5287 3588 5365">
     <span class='ocr_line' id='line_1_53' title="bbox 332 5287 3588 5365; baseline 0.002 -19"><span class='ocrx_word' id='word_1_810' title='bbox 332 5292 520 5363; x_wconf 73' lang='lat' dir='ltr'><strong>quinto</strong></span> <span class='ocrx_word' id='word_1_811' title='bbox 547 5292 746 5348; x_wconf 59' lang='lat' dir='ltr'><strong>saeculo</strong></span> <span class='ocrx_word' id='word_1_812' title='bbox 775 5300 966 5346; x_wconf 87' lang='lat' dir='ltr'><strong>contra</strong></span> <span class='ocrx_word' id='word_1_813' title='bbox 996 5291 1300 5346; x_wconf 88' lang='lat' dir='ltr'><strong>Nestorium</strong></span> <span class='ocrx_word' id='word_1_814' title='bbox 1330 5300 1384 5346; x_wconf 88' lang='lat' dir='ltr'><strong>et</strong></span> <span class='ocrx_word' id='word_1_815' title='bbox 1431 5289 1725 5360; x_wconf 81' lang='lat' dir='ltr'><strong>Eutychem</strong></span> <span class='ocrx_word' id='word_1_816' title='bbox 1771 5289 2154 5343; x_wconf 64' lang='lat' dir='ltr'><strong>haeresiarchas</strong></span> <span class='ocrx_word' id='word_1_817' title='bbox 2200 5305 2298 5359; x_wconf 87' lang='lat' dir='ltr'><strong>pro</strong></span> <span class='ocrx_word' id='word_1_818' title='bbox 2343 5290 2590 5357; x_wconf 77' lang='lat' dir='ltr'><strong>dogmate</strong></span> <span class='ocrx_word' id='word_1_819' title='bbox 2636 5287 2937 5344; x_wconf 82' lang='lat' dir='ltr'><strong>orthodoxe</strong></span> <span class='ocrx_word' id='word_1_820' title='bbox 2983 5301 3314 5359; x_wconf 81' lang='lat' dir='ltr'><strong>pugnarunt,</strong></span> <span class='ocrx_word' id='word_1_821' title='bbox 3356 5295 3588 5365; x_wconf 81' lang='lat' dir='ltr'><strong>scripsit.</strong></span> 
     </span>
    </p>
   </div>
   <div class='ocr_carea' id='block_1_54' title="bbox 333 5380 3590 5454">
    <p class='ocr_par' dir='ltr' id='par_1_54' title="bbox 333 5380 3590 5454">
     <span class='ocr_line' id='line_1_54' title="bbox 333 5380 3590 5454; baseline 0.001 -15"><span class='ocrx_word' id='word_1_822' title='bbox 333 5380 549 5439; x_wconf 78' lang='lat' dir='ltr'><strong>Factam</strong></span> <span class='ocrx_word' id='word_1_823' title='bbox 579 5382 723 5437; x_wconf 90' lang='lat' dir='ltr'><strong>enim</strong></span> <span class='ocrx_word' id='word_1_824' title='bbox 751 5382 805 5437; x_wconf 91' lang='lat' dir='ltr'><strong>in</strong></span> <span class='ocrx_word' id='word_1_825' title='bbox 831 5398 1059 5453; x_wconf 87' lang='lat' dir='ltr'><strong>persona</strong></span> <span class='ocrx_word' id='word_1_826' title='bbox 1090 5382 1256 5439; x_wconf 86' lang='lat' dir='ltr'><strong>divini</strong></span> <span class='ocrx_word' id='word_1_827' title='bbox 1283 5382 1464 5450; x_wconf 86' lang='lat' dir='ltr'><strong>Verbi,</strong></span> <span class='ocrx_word' id='word_1_828' title='bbox 1492 5397 1589 5437; x_wconf 90' lang='lat' dir='ltr'><strong>seu</strong></span> <span class='ocrx_word' id='word_1_829' title='bbox 1618 5381 1735 5436; x_wconf 87' lang='lat' dir='ltr'><strong>Filii</strong></span> <span class='ocrx_word' id='word_1_830' title='bbox 1760 5380 1893 5454; x_wconf 80' lang='lat' dir='ltr'><strong>[xu]</strong></span> <span class='ocrx_word' id='word_1_831' title='bbox 1923 5382 2174 5437; x_wconf 86' lang='lat' dir='ltr'><strong>unionem</strong></span> <span class='ocrx_word' id='word_1_832' title='bbox 2198 5381 2421 5436; x_wconf 89' lang='lat' dir='ltr'><strong>duarum</strong></span> <span class='ocrx_word' id='word_1_833' title='bbox 2447 5388 2779 5449; x_wconf 88' lang='lat' dir='ltr'><strong>naturarum,</strong></span> <span class='ocrx_word' id='word_1_834' title='bbox 2810 5382 3000 5437; x_wconf 72' lang='lat' dir='ltr'><strong>divina:</strong></span> <span class='ocrx_word' id='word_1_835' title='bbox 3027 5383 3229 5438; x_wconf 89' lang='lat' dir='ltr'><strong>scilicet</strong></span> <span class='ocrx_word' id='word_1_836' title='bbox 3251 5393 3306 5440; x_wconf 89' lang='lat' dir='ltr'><strong>et</strong></span> <span class='ocrx_word' id='word_1_837' title='bbox 3324 5386 3590 5453; x_wconf 72' lang='lat' dir='ltr'><strong>humanae,</strong></span> 
     </span>
    </p>
   </div>
   <div class='ocr_carea' id='block_1_55' title="bbox 330 5576 3591 5664">
    <p class='ocr_par' dir='ltr' id='par_1_55' title="bbox 330 5576 3591 5664">
     <span class='ocr_line' id='line_1_55' title="bbox 330 5576 3591 5664; baseline 0.001 -31"><span class='ocrx_word' id='word_1_838' title='bbox 330 5586 520 5664; x_wconf 66' lang='lat' dir='ltr'><strong>sancto</strong></span> <span class='ocrx_word' id='word_1_839' title='bbox 543 5576 776 5664; x_wconf 35' lang='lat' dir='ltr'><strong>&#39;MartinQO</strong></span> <span class='ocrx_word' id='word_1_840' title='bbox 805 5592 889 5632; x_wconf 90' lang='lat' dir='ltr'><strong>an.</strong></span> <span class='ocrx_word' id='word_1_841' title='bbox 919 5578 1050 5664; x_wconf 64' lang='grc' dir='ltr'><strong>βω,</strong></span> <span class='ocrx_word' id='word_1_842' title='bbox 1080 5580 1279 5664; x_wconf 79' lang='lat' dir='ltr'><strong>action.</strong></span> <span class='ocrx_word' id='word_1_843' title='bbox 1308 5578 1360 5648; x_wconf 77' lang='grc'><strong>2,</strong></span> <span class='ocrx_word' id='word_1_844' title='bbox 1393 5594 1512 5664; x_wconf 85' lang='lat' dir='ltr'><strong>pag.</strong></span> <span class='ocrx_word' id='word_1_845' title='bbox 1548 5579 1668 5664; x_wconf 58' lang='lat' dir='ltr'><strong>73d,</strong></span> <span class='ocrx_word' id='word_1_846' title='bbox 1701 5578 2244 5664; x_wconf 43' lang='lat' dir='ltr'><strong>tom._lll.Concilior.</strong></span> <span class='ocrx_word' id='word_1_847' title='bbox 2275 5577 2405 5664; x_wconf 78' lang='lat' dir='ltr'><strong>edit.</strong></span> <span class='ocrx_word' id='word_1_848' title='bbox 2430 5576 2606 5664; x_wconf 42' lang='lat' dir='ltr'><strong>&#39;Paris.</strong></span> <span class='ocrx_word' id='word_1_849' title='bbox 2639 5594 2731 5664; x_wconf 57' lang='lat' dir='ltr'><strong>an:</strong></span> <span class='ocrx_word' id='word_1_850' title='bbox 2757 5579 2932 5664; x_wconf 59' lang='lat' dir='ltr'><strong>fill:</strong></span> <span class='ocrx_word' id='word_1_851' title='bbox 2966 5584 3192 5664; x_wconf 62' lang='lat' dir='ltr'><strong>&#39;0_ec_&#39;;,</strong></span> <span class='ocrx_word' id='word_1_852' title='bbox 3227 5580 3591 5664; x_wconf 52' lang='grc' dir='ltr'><strong>ὁρημεουργός</strong></span> 
     </span>
    </p>
   </div>
   <div class='ocr_carea' id='block_1_56' title="bbox 326 5649 3592 5784">
    <p class='ocr_par' dir='ltr' id='par_1_56' title="bbox 326 5649 3592 5784">
     <span class='ocr_line' id='line_1_56' title="bbox 332 5649 3592 5784; baseline 0 -81"><span class='ocrx_word' id='word_1_853' title='bbox 332 5657 433 5731; x_wconf 64' lang='grc' dir='ltr'><strong>τῷν</strong></span> <span class='ocrx_word' id='word_1_854' title='bbox 454 5649 688 5784; x_wconf 40' lang='lat' dir='ltr'><strong>argutam</strong></span> <span class='ocrx_word' id='word_1_855' title='bbox 726 5649 1017 5735; x_wconf 67' lang='grc' dir='ltr'><strong>διᾳτηρήσοι</strong></span> <span class='ocrx_word' id='word_1_856' title='bbox 1043 5655 1337 5727; x_wconf 69' lang='grc' dir='ltr'><strong>μακραίωνα</strong></span> <span class='ocrx_word' id='word_1_857' title='bbox 1377 5649 1725 5725; x_wconf 49' lang='lat' dir='ltr'><strong>aberravitth</strong></span> <span class='ocrx_word' id='word_1_858' title='bbox 1750 5654 1889 5722; x_wconf 75' lang='grc' dir='ltr'><strong>ἡμῶν</strong></span> <span class='ocrx_word' id='word_1_859' title='bbox 1918 5650 2187 5717; x_wconf 83' lang='grc' dir='ltr'><strong>δεσπότην,</strong></span> <span class='ocrx_word' id='word_1_860' title='bbox 2219 5651 2349 5724; x_wconf 78' lang='grc' dir='ltr'><strong>πρὸς</strong></span> <span class='ocrx_word' id='word_1_861' title='bbox 2378 5653 2635 5707; x_wconf 59' lang='grc' dir='ltr'><strong>σύστασιν</strong></span> <span class='ocrx_word' id='word_1_862' title='bbox 2668 5660 2765 5709; x_wconf 79' lang='grc' dir='ltr'><strong>τῶν</strong></span> <span class='ocrx_word' id='word_1_863' title='bbox 2794 5654 2945 5725; x_wconf 74' lang='grc' dir='ltr'><strong>ἁγίων</strong></span> <span class='ocrx_word' id='word_1_864' title='bbox 2974 5654 3129 5707; x_wconf 78' lang='grc' dir='ltr'><strong>αὑτοῦ</strong></span> <span class='ocrx_word' id='word_1_865' title='bbox 3158 5649 3592 5716; x_wconf 56' lang='grc' dir='ltr'><strong>Ἐκκληάιῶνίιὶαὶ</strong></span> 
     </span>
     <span class='ocr_line' id='line_1_57' title="bbox 326 5738 982 5784; baseline -0.006 -8"><span class='ocrx_word' id='word_1_866' title='bbox 326 5738 430 5784; x_wconf 81' lang='grc' dir='ltr'><strong>της</strong></span> <span class='ocrx_word' id='word_1_867' title='bbox 450 5742 510 5784; x_wconf 79' lang='grc' dir='ltr'><strong>ορ</strong></span> <span class='ocrx_word' id='word_1_868' title='bbox 541 5740 595 5781; x_wconf 84' lang='lat' dir='ltr'><strong>oo</strong></span> <span class='ocrx_word' id='word_1_869' title='bbox 656 5742 711 5773; x_wconf 84' lang='lat' dir='ltr'><strong>ou</strong></span> <span class='ocrx_word' id='word_1_870' title='bbox 740 5741 982 5781; x_wconf 80' lang='grc' dir='ltr'><strong>πιστεως.</strong></span> 
     </span>
    </p>
   </div>
   <div class='ocr_carea' id='block_1_57' title="bbox 388 5741 982 5795">
    <p class='ocr_par' dir='ltr' id='par_1_57' title="bbox 388 5741 982 5795">
     <span class='ocr_line' id='line_1_58' title="bbox 388 5741 982 5795; baseline -0.002 -22"><span class='ocrx_word' id='word_1_871' title='bbox 388 5741 430 5790; x_wconf 60' lang='grc' dir='ltr'><strong>λς</strong></span> <span class='ocrx_word' id='word_1_872' title='bbox 450 5741 711 5795; x_wconf 68' lang='grc' dir='ltr'><strong>ορτιοοοςου</strong></span> <span class='ocrx_word' id='word_1_873' title='bbox 740 5741 982 5781; x_wconf 80' lang='grc' dir='ltr'><strong>πιστεως.</strong></span> 
     </span>
    </p>
   </div>
   <div class='ocr_carea' id='block_1_58' title="bbox 689 5808 3245 5892">
    <p class='ocr_par' dir='ltr' id='par_1_58' title="bbox 689 5808 3245 5892">
     <span class='ocr_line' id='line_1_59' title="bbox 689 5808 3245 5892; baseline 0.014 -26"><span class='ocrx_word' id='word_1_874' title='bbox 689 5808 961 5871; x_wconf 75' lang='grc' dir='ltr'>Ρηιιοι.</span> <span class='ocrx_word' id='word_1_875' title='bbox 1011 5809 1089 5868; x_wconf 74' lang='lat' dir='ltr'><strong>L‘</strong></span> <span class='ocrx_word' id='word_1_876' title='bbox 1117 5809 1194 5870; x_wconf 86' lang='grc' dir='ltr'>ιι.</span> <span class='ocrx_word' id='word_1_877' title='bbox 2318 5884 2350 5892; x_wconf 45' lang='grc' dir='ltr'><strong>η,</strong></span> <span class='ocrx_word' id='word_1_878' title='bbox 2402 5888 2423 5889; x_wconf 44' lang='grc' dir='ltr'>η</span> <span class='ocrx_word' id='word_1_879' title='bbox 3205 5812 3245 5870; x_wconf 69' lang='lat'><strong>2</strong></span> 
     </span>
    </p>
   </div>
  </div>
