4138 6186
505 334 575 389 45
1941 327 2139 384 ΡΠΑΕΡ

2129 330 2231 384 ’ΛΤ
2236 328 2318 384 10.
3693 330 3728 386 1.
3742 331 3763 385 ι

495 450 572 503 ita
602 456 659 501 ut
689 460 792 501 una
820 448 873 502 in
900 444 1114 501 Christo
1142 458 1371 515 persona
1415 443 1521 509 sit,
1562 449 1767 497 naturae
1800 440 1950 508 dum,
1981 442 2160 506 clare,
2184 441 2467 508 distincte,
2507 451 2698 500 exacte
2720 440 2789 499 ad
2812 458 2965 500 saera
2993 442 3186 510 Biblia,
3214 442 3283 498 ad
3305 442 3668 506 traditionem,
3691 443 3761 496 ad

500 536 822 611 synodorum
850 514 1212 606 Ephesinaaiet
1238 533 1706 600 Chalcedonensis,
1750 541 1807 589 et
1844 533 1913 588 ad
1943 534 2229 603 epistolam
2254 535 2426 591 sancti
2448 514 2652 591 Leonis
2672 535 2738 591 ad
2766 535 3079 593 Flavianum
3105 536 3418 612 episcopum
3445 532 3763 589 Constanti-

500 630 868 700 nopolitanum
893 627 1090 694 docet;
1141 642 1317 695 neque
1346 642 1474 682 vero
1503 640 1634 691 uno,
1665 625 1907 680 alterove
1953 625 2009 679 in
2047 625 2191 691 loco,
2232 625 2326 681 sed
2364 626 2624 696 pluribus.
2684 626 2926 696 Longum
2969 636 3051 684 est
3078 627 3306 699 proinde
3345 626 3525 683 omnia
3549 625 3667 695 ejus
3691 622 3760 679 de

500 723 745 791 dogmate
765 722 956 776 eodem
984 719 1126 776 dicta
1154 718 1423 789 persequi.
1455 716 1729 788 Perpauea
1758 716 2081 783 describam,
2111 733 2143 773 e
2169 718 2383 787 quibus,
2411 717 2541 787 quid
2567 718 2772 787 reliqua
2800 720 2996 785 ferant,
3020 716 3317 788 diiudicare
3342 718 3569 790 quisque
3600 723 3759 785 atque

500 821 735 868 statuere
765 820 879 865 tuto
908 810 1095 880 possit.
1136 808 1335 864 Homil.
1371 807 1422 874 6,
1450 823 1570 877 qua:
1609 816 1692 863 est
1720 806 1745 860 1
1796 806 1858 861 de
1900 804 2187 861 Natiritate
2213 806 2453 873 Domini,
2496 821 2617 877 pag.
2651 807 2753 862 l9:
2794 808 2995 875 Hodie,
3026 810 3235 878 inquit,
3263 825 3329 863 ea:
3351 809 3545 881 virgine
3572 806 3760 860 nullius

499 905 591 959 viri
616 918 781 974 gnara
812 900 1103 959 commercii
1128 899 1280 953 homo
1308 899 1588 967 processit,
1620 896 1868 970 qui.Deus
1896 896 2049 952 simul
2073 906 2178 964 est,
2209 906 2258 952 et
2291 898 2459 953 homo.
2502 898 2676 954 Hodie
2698 915 2833 954 unus
2859 898 3089 971 idemque
3116 900 3316 955 carnali
3347 900 3460 957 sine
3495 898 3603 953 ulta
3633 914 3759 953 con-

500 997 727 1065 ceptione
771 1000 923 1046 natus
962 999 1038 1045 est
1073 988 1213 1044 Deus
1237 1027 1251 1053 ,
1290 997 1340 1042 et
1376 990 1488 1043 sine
1512 988 1619 1042 ullo
1664 997 1942 1059 generante
1969 990 2136 1060 [actus
2163 996 2238 1044 est
2262 988 2433 1044 homo.
2487 988 2645 1045 Illum
2665 989 2730 1045 ab
2755 1000 2947 1047 aeterno
2974 993 3147 1062 genuit
3175 989 3347 1055 Deus;
3375 1000 3424 1043 et
3450 991 3504 1044 in
3533 999 3758 1060 tempore

504 1088 595 1141 Dei
624 1085 986 1155 omnipotentis
1030 1090 1276 1152 operante
1316 1082 1498 1135 virtute
1542 1088 1686 1133 casta
1721 1080 1862 1150 virgo
1912 1080 2155 1149 suscepit.
2217 1077 2388 1135 Natus
2414 1089 2493 1135 est
2531 1079 2594 1134 ab
2621 1091 2813 1137 aeterno
2840 1084 2951 1136 sine
2976 1082 3083 1136 ullo
3112 1083 3422 1137 conditionis
3460 1083 3757 1153 principio;

488 1186 639 1231 ortus
679 1182 756 1228 est
795 1175 850 1227 in
881 1182 1103 1243 tempore
1140 1187 1205 1225 ea:
1248 1169 1581 1227 immaculata
1608 1170 1821 1240 virgine.
1888 1168 1953 1227 In
1997 1171 2164 1239 prima
2204 1172 2475 1229 nativitate
2509 1182 2665 1227 natus
2707 1182 2786 1228 est
2830 1172 2990 1239 Deus,
3030 1175 3086 1228 in
3113 1174 3338 1228 secunda
3362 1184 3656 1244 procreatus
3685 1188 3760 1230 est

484 1270 668 1320 homo.
725 1264 841 1319 Huc
885 1264 1155 1333 pertinent
1193 1277 1313 1332 qum
1356 1261 1498 1317 idem
1537 1260 1848 1329 complexus
1894 1268 1977 1314 est
2023 1259 2288 1317 Maximus
2335 1262 2521 1317 homil.
2571 1262 2625 1326 8,
2658 1263 2722 1319 de
2767 1262 3055 1320 Naticitate
3084 1263 3293 1320 Domini
3323 1266 3387 1330 5,
3419 1278 3539 1335 pag.
3576 1265 3672 1329 21,
3704 1277 3757 1320 et

498 1357 679 1413 homil.
709 1354 762 1419 9,
790 1354 853 1409 de
879 1352 1167 1408 Nativitate
1189 1351 1400 1407 Domini
1420 1350 1472 1417 ι,
1498 1364 1616 1421 pag.
1647 1348 1738 1403 24.
1782 1349 2010 1407 Rursum
2048 1349 2234 1405 homil.
2270 1350 2354 1416 10,
2386 1352 2452 1406 de
2480 1350 2768 1409 Nativitate
2787 1353 2999 1409 Domini
3041 1353 3106 1420 5,
3136 1367 3258 1424 pag.
3289 1353 3380 1419 25,
3410 1363 3514 1410 etc.
3565 1354 3754 1416 Hodie,
3796 1384 3811 1403 κ

482 1449 687 1517 inquit,
716 1445 958 1503 Salvator
983 1444 1171 1499 mundi,
1188 1458 1279 1513 per
1302 1451 1520 1513 matrem
1548 1440 1793 1495 nascendi
1823 1448 2020 1511 tempus
2047 1442 2242 1511 accepit
2259 1482 2274 1507 ,
2297 1444 2383 1512 qui
2412 1442 2475 1498 de
2501 1442 2664 1501 Patre
2690 1446 2977 1501 nativitatis
3005 1460 3108 1502 non
3138 1444 3289 1500 habet
3317 1455 3533 1520 tempus.
3586 1445 3758 1502 Ilodie

497 1555 589 1608 per
633 1538 889 1592 hominem
933 1534 1105 1589 Filius
1148 1532 1248 1588 Dei
1294 1533 1553 1601 ingressus
1595 1538 1672 1583 est
1717 1529 1963 1583 mundum
1987 1569 2002 1591 ,
2048 1530 2195 1600 cujus
2237 1547 2394 1585 manu
2423 1541 2543 1595 ante
2567 1532 2825 1589 hominem
2852 1536 3025 1605 {actus
3051 1542 3126 1588 est
3149 1533 3396 1589 mundus.
3417 1572 3432 1587 .
3455 1572 3469 1586 .
3491 1573 3505 1586 .
3526 1573 3540 1587 .
3563 1573 3577 1587 .
3612 1534 3757 1589 Unus

496 1627 726 1696 idemque
749 1628 861 1682 sine
885 1624 1212 1693 conceptione
1250 1633 1401 1674 natus
1428 1629 1505 1677 est
1532 1618 1672 1675 Deus
1695 1659 1711 1684 ,
1759 1626 1808 1672 et
1833 1619 1946 1673 sine
1990 1627 2226 1673 creatura
2257 1621 2423 1690 {actus
2451 1629 2525 1674 est
2554 1622 2726 1676 homo.
2753 1620 2901 1676 Duas
2928 1623 2982 1677 in
3011 1619 3214 1677 Chrisfo
3242 1622 3597 1693 generationes
3627 1624 3757 1695 legi-

496 1737 610 1775 mus
631 1758 647 1784 ,
688 1719 778 1774 sed
823 1720 879 1773 in
922 1698 1138 1786 utraque
1177 1713 1615 1783 incomprehenscc
1641 1712 1940 1768 Diuinitatis
1969 1720 2044 1765 est
2073 1712 2249 1766 virtus.
2294 1710 2374 1767 lbi
2396 1713 2535 1767 enim
2560 1712 2707 1766 illum
2739 1728 2804 1767 ex
2828 1713 3114 1784 semetipso
3142 1715 3317 1784 genuit
3340 1713 3500 1779 Deus,
3530 1714 3614 1769 hic
3641 1731 3754 1769 eum

494 1810 654 1879 virgo,
684 1807 793 1867 Deo
824 1815 1084 1873 aperante,
1131 1804 1382 1874 concepit.
1447 1801 1529 1857 Ibi
1573 1803 1687 1857 sine
1729 1802 1899 1865 initio,
1930 1803 2013 1855 hic
2042 1803 2154 1856 sine
2176 1802 2429 1872 exemplo.
2472 1802 2626 1868 Quod
2653 1803 2741 1857 hic
2763 1811 2942 1858 natum
2965 1819 3076 1858 esse
3100 1802 3265 1859 Deum
3291 1806 3403 1860 sine
3429 1805 3755 1877 conceptione

492 1898 641 1961 dicit,
690 1912 757 1953 eo
783 1911 913 1953 sane
939 1895 1105 1961 dicit,
1146 1902 1205 1949 ut
1232 1894 1458 1966 genitum
1483 1908 1552 1948 ex
1584 1892 1760 1959 Patre,
1790 1901 1987 1947 natum.
2026 1906 2133 1946 non
2163 1894 2358 1963 {actum
2384 1891 2573 1947 Filium
2618 1892 2837 1958 indicet,
2869 1893 3226 1963 excludatque
3254 1896 3512 1965 temporis
3539 1910 3752 1952 succes-

492 1993 706 2048 sionem
731 1987 1026 2058 quamlibet
1066 2000 1135 2041 ex
1162 1986 1280 2055 ipso
1321 1984 1451 2040 Deo.
1494 1983 1631 2038 Hinc
1659 1982 1843 2038 homil.
1875 1980 1927 2048 6,
1958 1982 2022 2036 de
2053 1980 2339 2036 Natiritate
2367 1981 2596 2047 Domini,
2630 1997 2751 2052 pag.
2786 1982 2884 2036 l9:
2920 1981 3091 2039 Natus
3118 1992 3194 2039 est
3221 1983 3287 2038 ab
3310 1995 3524 2053 (eterna,
3555 1986 3748 2056 inquit,

477 2098 607 2141 1133
632 2095 770 2137 ULLO
797 2093 1125 2137 CONDITIONIS
1170 2090 1454 2142 PRINCIPIO;
1497 2090 1668 2131 OR’I'US
1698 2090 1797 2129 EST
1839 2089 1889 2128 IN
1938 2088 2111 2128 τιςδιΡο

2119 2090 2184 2128 ne
2214 2089 2282 2127 sx
2323 2089 2659 2129 [nuncnum
2708 2090 2934 2130 vmcme.
2981 2073 3048 2128 Et
3074 2074 3260 2130 homil.
3294 2076 3346 2142 9,
3376 2078 3440 2131 de
3468 2075 3753 2133 Nutivitate

478 2173 702 2234 Domini
728 2169 782 2237 4,
804 2168 1062 2241 pag..24:
1095 2168 1161 2222 In
1189 2169 1295 2238 ﬁne
1314 2175 1600 2239 temporum
1628 2168 1716 2222 ille
1757 2175 1906 2222 natus
1933 2176 2012 2221 est
2059 2166 2208 2221 homo
2237 2167 2324 2239 qui
2351 2176 2471 2221 ante
2498 2168 2671 2221 omnia
2698 2167 2886 2223 saecula
2918 2166 3224 2241 Unigenitus
3252 2171 3481 2238 procedit
3507 2187 3540 2223 α
3573 2169 3746 2225 Patre.

492 2261 664 2323 Natus
692 2261 894 2333 quidem
920 2259 1070 2315 homo
1097 2259 1151 2313 in
1178 2267 1422 2329 tempore,
1448 2258 1538 2312 sed
1561 2256 1626 2312 ab
1649 2269 1842 2314 a'terno
1871 2256 2029 2312 Deus.
2072 2257 2228 2323 Quod
2255 2267 2435 2313 autem
2466 2259 2739 2327 adjungit:
2771 2260 2883 2313 sine
2905 2268 3113 2314 creante
3139 2263 3306 2332 [actus
3332 2269 3407 2316 est
3436 2262 3607 2329 Itonia,
3638 2276 3748 2317 non

489 2354 597 2409 alio
632 2360 842 2424 spectat
885 2366 1047 2421 quam
1072 2358 1131 2405 ut
1157 2349 1438 2418 signiticet,
1467 2366 1575 2405 non
1600 2368 1757 2421 opera
1787 2352 1900 2415 viri,
1928 2366 2023 2406 seu
2050 2366 2157 2405 non
2188 2360 2464 2422 generante
2492 2354 2617 2416 riro,
2650 2352 2844 2407 Filium
2870 2351 2968 2407 Dei
2996 2354 3193 2411 factum
3221 2356 3513 2410 hominem.
3573 2355 3749 2422 Quare

486 2446 633 2516 quod
659 2446 763 2502 hoc
789 2445 909 2501 loco
935 2445 1111 2500 verbis
1140 2445 1305 2507 hisce,
1347 2443 1460 2498 sine
1489 2452 1712 2506 creante,
1746 2442 2030 2511 exprimit;
2065 2442 2224 2507 idem,
2255 2443 2332 2497 uti
2353 2443 2515 2512 paulo
2541 2452 2677 2507 ante,
2696 2443 2944 2509 vidimus,
2974 2444 3121 2499 hisce
3140 2444 3260 2499 aliis
3277 2445 3455 2501 verbis
3483 2446 3748 2516 explicat:

489 2540 601 2595 sine
626 2545 918 2610 generante.
951 2536 1125 2606 Atque
1144 2536 1245 2591 hac
1267 2537 1380 2605 ipsa
1410 2536 1462 2590 in
1488 2536 1706 2590 humilia
1737 2543 1821 2590 τοῦ
1857 2537 1968 2589 sine
1996 2545 2203 2590 creante
2230 2537 2371 2601 loco,
2401 2537 2596 2604 legitur
2624 2537 2677 2591 in
2715 2537 2837 2592 cod.
2870 2536 3003 2599 1267
3047 2537 3333 2604 Vaticano,
3365 2552 3486 2608 pag.
3520 2538 3606 2605 90,
3639 2540 3749 2594 sine

489 2640 784 2701 generante.
842 2628 1010 2697 Quid?
1053 2630 1111 2685 Si
1141 2630 1324 2684 homil.
1356 2629 1449 2695 15,
1483 2629 1546 2684 de
1589 2627 1877 2683 Nativitate
1914 2626 2127 2682 Domini
2174 2626 2261 2691 10,
2310 2641 2429 2696 pag.
2477 2626 2564 2692 il,
2593 2629 2653 2685 τὸ
2680 2628 2793 2682 sine
2818 2636 3097 2695 generante
3124 2628 3202 2685 sic
3220 2628 3451 2683 eﬂ'erat:
3493 2637 3644 2682 natus
3672 2636 3746 2681 est

489 2724 641 2778 homo
666 2738 773 2777 non
799 2739 889 2793 per
912 2721 1170 2776 hominem
1196 2730 1514 2793 procreatus.
1546 2719 1778 2789 Moxque
1810 2717 1973 2773 addat
1996 2736 2008 2770 :
2043 2716 2149 2772 Sed
2174 2717 2403 2787 quamvis
2423 2733 2606 2775 novum
2635 2716 2883 2784 uideatur,
2924 2734 3027 2773 non
3050 2726 3218 2772 tamen
3245 2717 3582 2783 incredulum,
3613 2718 3746 2788 quod

486 2811 723 2868 Christus
768 2815 824 2867 in
867 2821 1015 2867 utero
1045 2810 1233 2866 Maria:
1269 2827 1385 2867 sine
1428 2824 1742 2867 assensum
1788 2817 2061 2877 conceptus
2091 2816 2201 2872 est;
2254 2808 2339 2877 qui
2368 2806 2431 2861 de
2474 2805 2584 2861 Deo
2616 2804 2778 2863 Patre
2803 2808 2917 2863 sine
2944 2807 3098 2880 [xw]
3119 2808 3450 2877 conceptione
3465 2807 3743 2877 processit!

486 2901 603 2958 lani
629 2918 759 2957 vero
779 2905 835 2957 ri
859 2903 975 2956 sine
1002 2910 1206 2956 creante
1243 2916 1275 2954 a
1303 2900 1536 2956 Maximo
1576 2900 1796 2956 humilia
1846 2898 1912 2953 10
1942 2909 2252 2968 usurpatum
2287 2897 2477 2953 eodem
2506 2898 2767 2965 recidere,
2799 2913 2865 2956 ac
2890 2904 2945 2955 τὸ
2973 2900 3088 2955 sine
3110 2909 3435 2969 procreante,
3465 2915 3530 2955 ac
3557 2902 3609 2954 τὸ
3637 2900 3745 2955 sine

486 3005 780 3069 generante,
810 2997 976 3065 liquet
1002 2996 1165 3051 etiam
1190 3011 1257 3051 ex
1287 2996 1504 3050 homilia
1532 2992 1621 3060 25,
1650 3006 1769 3063 qua:
1791 3001 1873 3050 est
1900 2993 1964 3047 10
1990 2993 2055 3047 de
2092 2992 2412 3064 Epiphania,
2443 3005 2565 3062 pag.
2598 2992 2687 3059 67,
2717 2993 2810 3048 ubi
2837 2993 2904 3049 de
2931 2991 3147 3049 Christo
3174 2994 3400 3064 loquens
3442 3013 3455 3049 :
3493 2994 3651 3051 Vadit
3675 2992 3744 3047 ad

488 3089 711 3159 nuptias,
758 3087 950 3155 inquit,
989 3104 1137 3158 quem
1172 3087 1366 3157 nuptia!
1406 3101 1507 3141 non
1552 3101 1850 3141 casuum.
1892 3084 2209 3153 Quanquam
2254 3092 2433 3139 autem
2472 3093 2660 3140 natura
2704 3082 2901 3141 Christi
2941 3086 3175 3155 humana
3218 3095 3392 3141 creata
3434 3102 3463 3142 a
3511 3087 3623 3143 Deo
3667 3093 3745 3140 est

490 3178 683 3249 (sancti
712 3177 927 3231 Maximi
953 3176 1137 3231 homil.
1173 3177 1221 3243 7,
1253 3192 1375 3247 pag.
1406 3176 1520 3248 22),
1546 3177 1684 3233 adeo
1711 3184 1772 3232 ut
1796 3177 1903 3233 dici
1934 3184 2166 3246 nequeat
2206 3185 2326 3231 e‘am
2354 3177 2467 3231 sine
2490 3184 2698 3231 creante
2744 3176 2852 3232 Deo
2878 3175 3074 3233 factam
3103 3180 3309 3249 (confer
3332 3193 3575 3236 sanctum
3606 3180 3744 3237 Tho-

489 3285 631 3324 mam
661 3270 818 3326 tertia
864 3276 1018 3339 parte
1065 3268 1294 3324 Summe
1339 3270 1655 3342 theologicae,
1701 3277 1891 3340 quam.
1939 3267 2023 3335 16,
2057 3272 2159 3322 art.
2192 3266 2302 3339 10),
2345 3266 2450 3323 dici
2475 3274 2653 3323 tamen
2683 3276 2830 3324 recte
2858 3280 2963 3325 non
2988 3276 3169 3339 potest
3196 3278 3441 3324 creatura
3468 3266 3737 3331 Christus,

485 3362 611 3429 quin
661 3375 768 3415 una
806 3359 1051 3415 dicatur:
1096 3359 1375 3414 secundum
1419 3359 1699 3414 humanam
1742 3367 2005 3413 naturam.
2070 3358 2285 3427 Alioqui
2330 3356 2591 3426 suspicari
2636 3357 2757 3425 quis
2802 3365 3021 3427 posset,
3067 3373 3342 3428 personam
3380 3354 3579 3410 Christi
3621 3369 3741 3411 esse

484 3461 731 3517 creatam,
763 3450 906 3522 quod
946 3460 1028 3507 est
1074 3451 1347 3507 Ariannm.
1406 3450 1697 3508 Catholicae
1736 3466 1864 3507 vero
1911 3449 2034 3507 ﬁdei
2078 3450 2271 3520 dogma
2299 3458 2413 3515 est,
2456 3466 2743 3521 personam
2769 3450 2964 3509 Christi
2998 3451 3224 3506 divinam
3248 3464 3388 3515 esse,
3418 3458 3578 3520 atque
3606 3448 3739 3503 adeo

468 3546 799 3602 increataln.
839 3546 1048 3603 Videsis
1074 3555 1315 3603 sanctum
1346 3545 1610 3603 Thomam
1637 3547 1762 3603 ibid.
1784 3555 1888 3619 art.
1916 3545 1969 3600 8.
2011 3546 2190 3614 Pergit
2214 3544 2475 3598 Maximus
2502 3544 2570 3599 de
2593 3544 2980 3601 incarnationis
3009 3544 3261 3615 mysterio
3290 3544 3523 3600 scribere
3544 3542 3729 3598 homil.

486 3635 572 3701 15,
595 3652 714 3706 qua:
753 3646 837 3693 est
871 3639 937 3694 de
976 3638 1266 3697 Natipitate
1306 3624 1462 3695 Dom.
1506 3638 1561 3705 8,
1590 3652 1711 3710 pag.
1745 3637 1833 3693 $5.
1874 3636 2130 3700 Christus,
2172 3636 2361 3705 inquit,
2392 3637 2448 3689 in
2471 3651 2570 3705 quo
2599 3633 2902 3688 Divinitatis
2929 3642 3006 3687 est
3031 3633 3313 3702 plenitudo,
3345 3634 3521 3693 carnis
3548 3641 3739 3687 nostris

478 3726 692 3798 inﬁrma
732 3730 1014 3797 suscipiens
1041 3768 1055 3791 ,
1109 3732 1264 3784 nocui
1308 3738 1462 3783 natus
1509 3738 1584 3783 est
1632 3728 1812 3784 homo.
1832 3768 1846 3781 .
1867 3767 1881 3779 .
1903 3766 1918 3780 .
1951 3723 2130 3798 Neque
2147 3727 2283 3779 enim
2311 3733 2365 3777 ut
2390 3724 2688 3795 temporalis
2716 3723 2942 3793 quidam,
2971 3730 3060 3775 aut
3085 3724 3171 3791 qui
3191 3731 3313 3775 ante
3341 3738 3445 3775 non
3475 3722 3646 3789 fuerit,
3676 3721 3737 3775 de

482 3818 674 3887 femina
696 3818 846 3872 nobis
876 3818 1168 3887 repentinus
1196 3818 1431 3879 emersit;
1459 3816 1552 3869 sed
1573 3819 1659 3880 qui
1687 3832 1886 3884 semper
1912 3826 2026 3868 erat
2051 3832 2167 3866 cum
2195 3814 2356 3866 Patre
2379 3813 2537 3876 Deus,
2569 3827 2860 3881 semmrque
2887 3810 3170 3880 regnabat,
3219 3826 3346 3865 noro
3374 3826 3465 3879 per
3492 3811 3736 3880 virginem

479 3908 638 3961 voluit
665 3906 965 3961 mortalibus
995 3922 1246 3976 apparere
1273 3906 1514 3974 mysterio
1540 3921 1558 3958 :
1587 3920 1744 3959 novus
1765 3904 1967 3976 quidem
1996 3905 2167 3967 homo,
2196 3904 2286 3957 sed
2312 3903 2569 3957 Dominus
2593 3904 2952 3973 sempiternus.
2994 3901 3196 3958 Horum
3236 3910 3363 3959 sunt
3399 3904 3592 3961 similia
3619 3919 3736 3975 qum

480 3993 685 4061 profert
709 3994 876 4047 homil
926 3992 1013 4051 14.
1040 4008 1160 4062 pag.
1190 3990 1259 4046 59
1277 4007 1425 4060 seq.;
1448 3991 1632 4046 homil.
1660 3990 1746 4058 20,
1780 4005 1901 4061 pag.
1927 3989 2033 4058 55;
2068 3992 2253 4046 homil.
2277 3990 2366 4056 25,
2398 4005 2519 4061 pag.
2553 3992 2621 4045 73
2646 4006 2820 4060 seqq.,
2851 4006 2961 4060 quo
2986 3994 3138 4047 loco:
3171 3991 3325 4049 Nova
3347 3994 3516 4062 stella,
3542 3986 3734 4065 inquit,

458 4100 662 4138 .uovum
700 4084 1004 4138 adventasse
1042 4084 1298 4137 hominem
1348 4082 1637 4148 reuelabat,
1681 4092 1730 4135 et
1767 4083 1844 4136 ita
1888 4097 2063 4137 revera
2110 4098 2311 4148 novum,
2352 4092 2426 4147 ut,
2476 4098 2590 4136 cum
2627 4093 2756 4137 esset
2782 4081 2879 4137 Dei
2910 4081 2955 4134 F
2958 4082 3097 4147 ilius,
3128 4083 3363 4138 indueret
3389 4101 3599 4139 carnem
3624 4087 3735 4140 sine

456 4175 805 4249 .generatione
847 4174 1068 4237 cameli,
1099 4185 1147 4227 et
1175 4175 1399 4237 haberet,
1442 4175 1720 4229 secundum
1766 4177 2043 4241 hominem,
2075 4185 2274 4246 tempus
2315 4176 2580 4238 nascendi,
2613 4177 2698 4248 qui
2737 4175 3013 4230 secundum
3038 4174 3202 4230 Deum
3225 4176 3506 4231 natiuitatis
3532 4178 3732 4233 initium

478 4279 580 4316 non
607 4256 851 4314 habebat.
868 4300 882 4314 .
906 4301 919 4315 .
941 4303 955 4316 .
997 4259 1148 4326 Quod
1173 4263 1309 4317 enim
1338 4262 1476 4318 Deus
1495 4273 1590 4329 est,
1617 4274 1817 4320 creator
1842 4275 1919 4320 est
1943 4266 2156 4331 mundi;
2185 4266 2321 4338 quod
2341 4267 2492 4321 homo
2521 4273 2615 4326 est,
2650 4266 2939 4333 redemptor
2958 4274 3033 4319 est
3060 4266 3258 4323 mundi.
3319 4263 3586 4330 Quomodo
3612 4285 3731 4338 ergo

472 4364 577 4417 non
598 4348 864 4421 privilegio
893 4364 1185 4413 maiusque
1214 4366 1550 4406 suosunus
1581 4351 1834 4408 Dominus
1863 4364 1939 4409 est
1970 4357 2196 4409 omnium
2221 4353 2475 4419 Christus,
2503 4356 2591 4427 qui
2608 4355 2706 4410 sibi
2734 4355 2972 4411 uniuersa
3001 4366 3088 4408 aut
3108 4357 3384 4421 creatione,
3413 4368 3501 4410 aut
3529 4359 3722 4412 redem-

473 4440 646 4506 ptione
682 4440 913 4511 subegit?
959 4440 1153 4496 ilomil.
1200 4440 1289 4505 26,
1338 4456 1461 4511 pag.
1507 4440 1592 4508 75,
1617 4451 1671 4497 et
1698 4444 1882 4500 homil.
1915 4444 2002 4511 27,
2036 4459 2157 4515 pag.
2193 4444 2278 4511 79,
2311 4445 2402 4501 ubi
2429 4446 2505 4501 sic
2531 4446 2806 4516 loquitur;
2838 4445 3073 4500 Christus
3098 4446 3252 4502 Iesus
3280 4465 3312 4502 a
3337 4447 3499 4504 Patre
3526 4450 3729 4504 veniens

476 4527 634 4593 Deus,
657 4540 706 4585 et
732 4530 882 4582 homo
904 4538 1055 4583 natus
1076 4547 1110 4583 a
1138 4532 1332 4601 femina
1360 4531 1453 4585 sub
1481 4534 1649 4603 specie
1670 4534 2003 4590 adorantium
2024 4535 2380 4591 Chaldaaorum
2405 4536 2560 4606 ﬁdem
2588 4538 2817 4608 gentium
2841 4536 3099 4592 dedicauit
3116 4576 3130 4600 ,
3160 4540 3247 4609 qui
3272 4540 3503 4609 quamris
3532 4538 3727 4595 Divini-

472 4628 627 4674 tatem
672 4637 817 4674 suam
852 4620 1015 4675 nostri
1057 4622 1289 4691 corporis
1333 4622 1723 4679 obumbratione
1766 4625 1975 4690 velaret,
2023 4627 2190 4681 Deum
2231 4636 2402 4681 tamen
2445 4628 2731 4682 esse-illum
2775 4627 2955 4683 calum
2983 4629 3210 4698 prodidit
3241 4639 3289 4683 et
3314 4640 3447 4684 terra
3472 4631 3724 4701 cognovit.

375 4760 382 4775 ,
474 4711 700 4766 Humilis
735 4712 955 4784 quidem,
987 4712 1076 4766 sed
1104 4711 1356 4768 mirabilis
1383 4716 1538 4780 venit,
1582 4724 1640 4768 ut
1668 4718 1862 4787 pariter
1888 4718 1943 4770 in
1972 4733 2032 4773 eo
2059 4726 2109 4771 et
2137 4726 2413 4788 assumpta:
2441 4719 2617 4773 carnis
2640 4719 2854 4783 veritas,
2898 4728 2946 4771 et
2973 4718 3253 4788 ineﬁabilis
3282 4718 3505 4775 Deitatis
3542 4731 3726 4775 natura

473 4802 705 4872 fulgeret.
747 4803 853 4858 llis“
863 4811 1162 4859 consonant
1179 4817 1301 4873 qua:
1328 4803 1486 4860 docet
1512 4805 1697 4860 homil.
1729 4804 1817 4871 29,
1849 4820 1967 4875 qum
1991 4814 2072 4862 est
2115 4807 2179 4860 de
2210 4806 2474 4878 Buptismo
2520 4805 2712 4861 Christi
2740 4807 2906 4875 prima
2933 4844 2947 4871 ,
2980 4819 3100 4874 pag.
3133 4805 3200 4859 87
3229 4822 3378 4877 seq.;
3421 4807 3604 4861 homil.
3636 4806 3723 4871 50,

472 4905 591 4960 pag.
617 4891 714 4958 92;
742 4894 925 4949 homil.
959 4892 1048 4961 35,
1078 4904 1200 4964 pag.
1232 4891 1318 4957 99,
1350 4894 1405 4949 in
1425 4910 1531 4964 qua
1561 4894 1947 4966 Redemptionis
1967 4936 1984 4962 ,
2015 4898 2207 4968 inquit,
2238 4907 2429 4953 nostra:
2453 4907 2635 4951 auctor
2663 4907 2905 4961 a'ternus,
2934 4881 3255 4967 omnipotens
3288 4897 3557 4961 Dominus,
3592 4896 3724 4951 Uni-

469 4992 670 5054 gemtus
713 4981 812 5035 Dei
836 4986 931 5037 vivi
959 4983 1320 5055 inseparabilis
1350 5002 1550 5057 semper
1582 5003 1889 5056 permanens
1916 4989 2055 5055 apud
2095 4988 2327 5053 Patrem,
2358 4989 2432 5041 ita
2456 5004 2551 5059 pro
2580 4986 2724 5042 nobis
2755 5002 3072 5043 penrecruu
3096 4987 3352 5055 suscipere
3381 4985 3621 5055 dignatus
3649 4999 3725 5041 est

471 5071 755 5135 hominem;
784 5073 859 5124 ita
878 5074 1011 5129 quod
1038 5072 1177 5128 Deus
1205 5083 1317 5129 erat
1340 5077 1625 5130 exinanivit
1651 5078 1703 5130 in
1733 5079 2025 5147 semetipso,
2047 5088 2103 5132 ut
2126 5095 2218 5148 per
2238 5080 2467 5133 omnium
2494 5079 2737 5148 legalium
2755 5078 3076 5139 sanctionem
3103 5082 3430 5151 sacramenta
3462 5078 3723 5133 transiret.

473 5156 618 5214 Nam
641 5166 695 5215 ut
721 5159 940 5226 primunt
968 5157 1128 5214 beata:
1153 5164 1334 5216 matris
1361 5171 1540 5217 sancto
1562 5165 1807 5234 processit
1836 5164 1898 5218 ab
1929 5174 2092 5232 utero,
2119 5168 2525 5221 circumcisionis
2551 5165 2820 5237 signaculo
2845 5165 3135 5229 dedicatur,
3165 5164 3270 5217 sive
3294 5172 3350 5216 ut
3368 5179 3725 5224 monstrauit

467 5264 652 5306 camus
678 5263 789 5304 sua:
825 5263 1171 5306 osrannsasr
1209 5269 1533 5317 VERITATBI,
1562 5255 1684 5307 sive
1726 5270 1790 5307 ne
1815 5271 1929 5309 eum
1957 5257 2317 5328 alienigenam
2346 5257 2557 5310 alumna
2584 5257 2987 5310 circumcisionis
3009 5253 3149 5325 plebs
3175 5251 3398 5308 Iudaica
3420 5256 3723 5314 declinaret.

469 5335 641 5411 [xuii]
669 5336 826 5392 Paria
847 5337 1007 5392 habet
1034 5338 1218 5392 homil.
1250 5339 1338 5404 42,
1371 5357 1490 5412 pag.
1520 5340 1654 5409 l23;
1682 5342 1869 5410 homil,
1914 5344 2001 5410 45,
2033 5361 2155 5416 pag.
2184 5346 2312 5411 129;
2363 5346 2546 5400 homil.
2594 5344 2679 5407 56,
2729 5359 2849 5413 pag.
2879 5345 3000 5405 177,
3031 5344 3122 5398 ubi
3151 5352 3500 5416 posteaquam
3528 5348 3596 5404 de
3624 5350 3723 5404 bu-

470 5433 729 5484 inanitate
773 5426 971 5482 Christi
1014 5443 1080 5483 ac
1122 5428 1188 5483 de
1227 5428 1441 5486 Christo
1469 5448 1501 5486 e
1548 5434 1776 5489 mortuis
1822 5445 2133 5504 resurgente
2179 5436 2332 5499 dixit,
2364 5435 2539 5503 deque
2566 5434 2684 5501 ejus
2704 5434 2882 5489 verbis
2920 5432 2989 5487 ad
3033 5432 3256 5488 Mariam
3304 5435 3670 5506 Magdalenam
3704 5457 3720 5493 :

467 5516 713 5590 Nondum
736 5534 869 5571 enim
899 5518 1109 5573 escendi
1130 5518 1198 5572 ad
1220 5518 1448 5584 Patrem,
1494 5529 1625 5585 tum,
1661 5521 1953 5589 Videamus,
1988 5524 2151 5594 inQuit
2234 5522 2483 5594 quomodo
2522 5522 2590 5575 ad
2632 5519 2840 5575 Patrem
2883 5521 3113 5575 nondum
3152 5525 3445 5578 ascenderit
3470 5524 3717 5590 Christus,

463 5623 577 5662 cum
597 5608 707 5676 ipse
729 5607 867 5661 dicat
898 5624 910 5660 :
951 5625 968 5659 ι
1006 5605 1142 5672 Quia
1161 5598 1400 5663 Pater'in
1424 5626 1523 5675 me,
1547 5620 1593 5665 et
1621 5624 1713 5681 ego
1742 5615 1795 5667 in
1817 5611 1997 5674 Patre,
2033 5630 2050 5663 ι
2083 5628 2116 5664 a
2144 5628 2240 5680 quo
2260 5627 2350 5678 per
2364 5626 2711 5667 mniscnsnn
2728 5626 3045 5669 ntvmiu'ns
3070 5628 3430 5669 sunsrxmuu
3462 5630 3719 5684 nunquam

462 5704 539 5750 est
565 5705 863 5763 separatus;
890 5696 1005 5749 dum
1035 5698 1168 5751 cnim
1199 5713 1329 5750 unus
1351 5698 1401 5750 in
1441 5716 1542 5754 uno
1573 5711 1761 5763 manet,
1798 5717 1997 5766 semper
2016 5698 2228 5753 Patrem
2260 5698 2553 5769 Filiumque
2572 5702 2726 5755 simul
2764 5717 2873 5757 esse
2912 5704 3207 5774 signiﬁcat;
3236 5719 3327 5757 au!
3345 5704 3572 5774 nunquid
3598 5704 3728 5759 illud
