4138 6186
349 372 419 425 εις
1790 370 1873 423 ΡΠ
1952 371 1983 424 ιω

1974 370 2167 424 πΑτιο.
3543 362 3608 411 liii

351 481 633 533 ascendere
659 493 713 532 se
734 476 857 531 dicit
884 475 1072 542 Filius,
1101 476 1182 532 ubi
1213 485 1331 531 ante
1346 477 1564 542 habitat,
1588 494 1737 549 quam
1759 478 2044 531 ascendat?
2068 476 2215 530 Dixit
2242 478 2376 529 enim
2406 477 2539 528 idem
2569 475 2821 528 Dominus
2844 492 2858 527 :
2893 472 3058 527 Nemo
3086 472 3312 527 ascendit
3339 475 3388 525 in
3410 480 3607 537 cadum,

351 570 456 621 nisi
484 568 573 636 qui
603 566 869 620 descendit
895 566 960 621 de
980 566 1126 630 ctrlo,
1154 564 1199 619 F
1203 567 1321 621 ilius
1344 566 1584 629 hominis,
1612 566 1700 637 qui
1719 568 1772 619 in
1795 568 1917 620 caelo
1944 576 2037 620 est.
2072 566 2134 621 Si
2170 582 2290 638 ergo
2320 582 2431 619 cum
2460 566 2722 620 descendit
2749 566 3012 629 Salvator,
3058 566 3111 617 in
3142 568 3264 618 certe
3292 574 3405 627 est;
3454 565 3612 619 multo

351 661 512 713 etiam
550 660 739 730 magis,
764 660 1063 729 priusquam
1092 657 1356 723 ascendat,
1380 659 1435 712 in
1457 658 1583 712 curto
1609 667 1703 710 est.
1738 656 1845 712 Sed
1884 656 1996 711 uide
2042 674 2105 711 ne
2148 660 2280 727 forte
2321 659 2388 709 ad
2426 656 2837 729 objurgationem
2865 655 3052 710 Maria:
3078 670 3176 709 vos:
3217 655 3315 708 ista
3340 655 3611 725 pertineat,

352 754 436 806 cui
465 752 621 822 paulo
643 760 763 804 ante
782 751 918 805 inter
936 750 1171 820 sepulcra
1197 752 1443 821 quarenti
1477 748 2000 805 Dominumdicitur:
2027 746 2161 812 Quid
2182 748 2375 817 ,quteris
2406 750 2651 802 viventem
2678 764 2793 802 cum
2824 748 3059 809 mortuis,
3090 754 3194 801 etc.
3214 746 3237 800 ἲ
3261 745 3377 800 Non
3406 744 3612 799 discre-

353 851 485 913 pant
505 858 625 911 qua:
653 842 993 912 persequitur
1020 841 1204 907 homil,
1231 840 1318 905 59,
1350 856 1470 910 pag.
1498 842 1616 905 190,
1648 850 1705 895 et
1733 841 1916 895 homil.
1951 840 2038 905 68,
2071 853 2193 908 pag.
2241 840 2363 906 9.17,
2397 856 2505 909 quo
2544 840 2597 895 in
2635 840 2755 895 loco
2778 840 2990 894 disserit
3019 840 3120 893 hoc
3157 838 3350 891 modo:
3378 836 3473 902 Tu,
3502 834 3615 889 Do-

353 934 512 999 mine,
526 933 589 985 de
604 946 759 985 carne
778 930 992 1001 virginis
1008 932 1175 1000 factus
1205 946 1258 983 es
1283 929 1532 994 Christus,
1565 930 1650 1000 qui
1674 929 1774 983 Dei
1804 929 1901 982 viri
1929 946 1982 983 es
2012 928 2183 982 Filius
2212 929 2567 997 sempiternus.
2600 928 2695 994 Tu,
2722 927 2962 994 Domine,
2988 927 3051 981 ab
3079 926 3365 981 hominibus
3393 936 3544 979 natus
3565 941 3615 978 es

355 1027 532 1086 liomo,
563 1026 649 1093 qui
672 1021 996 1095 incogitabili
1018 1023 1286 1092 majestate
1315 1021 1455 1076 Deus
1484 1039 1535 1076 es
1558 1022 1697 1092 apud
1728 1022 1909 1087 Deum,
1934 1031 2039 1077 etc.
2071 1021 2445 1077 Consentanea
2474 1031 2599 1076 sunt
2633 1036 2752 1091 qua:
2790 1021 3051 1076 Maximus
3079 1020 3486 1090 comprehendit
3512 1019 3615 1072 ho-

356 1118 471 1173 mil.
504 1116 595 1183 83,
619 1132 739 1187 pag.
767 1116 904 1183 270;
937 1127 991 1173 et
1018 1132 1266 1174 sermone
1296 1118 1327 1171 7
1355 1118 1421 1171 de
1450 1116 1714 1183 Tempore,
1746 1132 1865 1185 pag.
1893 1116 2030 1181 M5;
2061 1130 2221 1171 serm.
2267 1116 2353 1183 10,
2385 1132 2506 1187 pag.
2539 1116 2670 1181 421;
2713 1133 2874 1171 serm.
2919 1117 3003 1181 12,
3038 1131 3158 1186 pag.
3205 1116 3339 1179 49.7;
3371 1125 3426 1170 et
3453 1131 3613 1171 serm.

357 1209 447 1275 £6,
478 1225 602 1278 pag.
630 1207 751 1274 458,
777 1218 883 1264 etc.
911 1208 1029 1263 Jam
1056 1225 1124 1264 ex
1151 1210 1215 1263 iis
1244 1216 1352 1263 tam
1381 1209 1608 1279 egregiis
1634 1209 1951 1265 testimoniis
1986 1209 2267 1279 perspicue
2307 1210 2481 1279 palam
2510 1218 2613 1275 est,
2657 1210 2943 1264 Maximum
2992 1210 3044 1264 in
3074 1226 3181 1263 uno
3210 1209 3421 1264 Christo
3464 1208 3612 1263 faten'

355 1309 582 1355 naturas
604 1300 755 1354 duas.
786 1298 941 1367 Quod
961 1283 1175 1369 quidem
1204 1298 1466 1368 majorem
1495 1300 1548 1353 in
1577 1299 1795 1355 modum
1815 1297 2120 1355 conﬁrmari
2156 1308 2332 1368 potest
2360 1301 2549 1355 illustri
2603 1300 2723 1356 loco
2763 1300 2856 1355 illo
2903 1301 2995 1369 qui
3042 1300 3223 1355 [torni].
3256 1298 3339 1365 li,
3372 1312 3493 1368 pag.
3524 1296 3613 1359 Ml.

354 1391 688 1455 continetur,
739 1399 928 1461 estque
956 1389 1260 1459 huiusmodi
1305 1408 1317 1442 :
1360 1388 1545 1459 Stupet
1569 1390 1739 1444 omnis
1776 1397 2011 1444 creatura
2058 1397 2166 1444 tam
2199 1390 2395 1461 grande
2430 1392 2756 1457 miraculum,
2794 1392 2928 1463 quod
2963 1406 3093 1446 unus
3122 1406 3351 1454 ωειιρυε
3380 1398 3429 1443 et
3475 1389 3616 1444 Deus

356 1492 544 1552 regnat
574 1484 627 1537 in
653 1483 797 1545 caelo,
820 1490 870 1536 et
896 1483 1046 1537 Immo
1066 1483 1293 1535 nutritur
1321 1481 1375 1534 in
1402 1489 1560 1535 terra.
1587 1479 1769 1549 Neque
1793 1496 1925 1536 vero
1971 1480 2074 1536 hoc
2111 1481 2311 1547 solum,
2345 1497 2528 1538 verum
2570 1484 2734 1539 etiam
2782 1484 2847 1539 iis
2889 1498 3007 1552 qua:
3052 1490 3264 1538 exstant
3293 1482 3476 1537 bomiL
3524 1481 3610 1546 ΓΙ,

365 1589 492 1647 pag.
524 1574 588 1628 50
622 1594 634 1628 :
664 1575 730 1628 Id
757 1591 1086 1647 quoquenos.
1119 1575 1326 1645 fratres,
1357 1580 1464 1627 toto
1486 1571 1641 1627 corde
1678 1572 1950 1627 credamus
1991 1591 2003 1625 :
2040 1589 2191 1628 trsuu
2226 1590 2434 1643 nempe,
2476 1576 2570 1627 etsi
2600 1582 2791 1629 nostra:
2826 1582 3113 1633 consortem
3151 1582 3369 1636 naturae,
3394 1579 3620 1642 paterna:

352 1679 535 1723 tamen
562 1668 747 1722 divine:
766 1667 1065 1721 substantia:
1092 1683 1202 1721 esse
1228 1666 1555 1736 eotequalem.
1578 1663 1645 1718 Et
1674 1666 1857 1719 homil.
1894 1665 1977 1729 l9,
1993 1680 2111 1734 pag.
2144 1665 2236 1719 ὅδε
2255 1664 2381 1730 Quis
2409 1668 2673 1735 explicare
2690 1676 2840 1737 queat
2871 1683 2961 1723 cur
2988 1666 3281 1737 unigenitus
3305 1663 3402 1717 Dei
3430 1662 3620 1727 Filius,

361 1762 448 1813 cui
470 1777 582 1812 cum
611 1759 770 1811 Patre
789 1766 837 1810 et
860 1756 1059 1827 Spiritu
1082 1766 1262 1809 sancto
1286 1772 1387 1810 uss
1429 1771 1603 1821 noue
1650 1771 1827 1810 mnu
1870 1772 1965 1810 esr

2008 1773 2268 1813 DIVINXTAS
2292 1774 2465 1821 ATQUE
2506 1749 2929 1821 οΙΞΙΡΟΤΕΚΤΙΛ,
2972 1772 3160 1820 CUIQUB
3208 1772 3347 1810 UNUM
3392 1771 3621 1818 ιυεκρυε

365 1868 541 1907 νειιε
560 1868 627 1907 ιτ
647 1866 800 1905 cesse
829 1866 945 1915 επ,
978 1865 1219 1904 noenum
1247 1858 1419 1902 tamen
1446 1848 1653 1919 dignari
1675 1848 1801 1902 adeo
1822 1847 2032 1901 voluerit
2059 1864 2330 1913 NA‘I‘URAI,
2359 1856 2434 1914 ut,
2461 1849 2595 1921 quod
2623 1865 2726 1904 non
2755 1847 2991 1915 habebat,
3023 1862 3304 1913 assensus,
3336 1855 3385 1901 et
3407 1861 3543 1910 quon
3572 1862 3621 1900 in

356 1960 422 1998 SE
453 1959 611 2007 ERAT,
642 1958 744 1996 non
773 1955 1074 2003 DMTTENS,
1107 1954 1319 1994 DIVINAI
1364 1954 1469 1994 εωι
1514 1954 1725 1993 ΠΟΙΔΝΔ
1752 1952 2217 1992 INSEPARABILITEB
2254 1953 2401 1992 -Αυεο
2446 1953 2695 1994 NATURAM
2737 1952 3172 2003 COIPUTAVERIT,
3199 1952 3265 1992 UT
3297 1935 3441 1990 DEUS
3467 1948 3620 1989 SIIUL

360 2049 525 2088 ESSET
548 2050 617 2089 ετ
642 2048 800 2088 nouo.
828 2030 893 2085 Et
916 2031 1097 2086 bomil.
1126 2028 1213 2096 29,
1250 2042 1372 2099 pag.
1405 2027 1510 2084 85:
1541 2028 1791 2099 Magnum
1812 2028 1905 2082 hoc
1927 2029 2342 2100 tremendumque
2367 2030 2682 2098 mysterium,
2714 2044 2831 2083 cum
2857 2044 2989 2083 unus
3018 2028 3249 2096 idemque
3284 2026 3621 2079 annuntiatur

360 2122 427 2175 de
457 2122 618 2176 Patre
636 2122 797 2187 Deus,
826 2129 875 2175 et
921 2121 1072 2176 homo
1111 2120 1175 2174 de
1205 2129 1402 2185 matre;
1444 2135 1578 2173 unus
1606 2118 1839 2189 idemque
1870 2116 2037 2172 Filius
2059 2120 2282 2188 feminte,
2315 2128 2363 2172 et
2392 2118 2560 2171 Filius
2600 2120 2885 2188 ntajestatis
2902 2136 2921 2183 ;
2942 2134 3072 2172 unus
3107 2119 3335 2188 idemque
3360 2117 3618 2170 hominum

360 2215 617 2284 particeps
645 2221 694 2267 et
736 2212 983 2267 Dominus
1012 2212 1426 2282 angelorum.....
1460 2208 1560 2263 Ille
1598 2209 1731 2280 fugit
1768 2209 1955 2274 ubera,
2000 2210 2085 2279 qui
2114 2210 2280 2278 pascit
2310 2210 2504 2273 omnia,
2537 2220 2585 2262 et
2610 2209 2697 2279 qui
2728 2211 2977 2263 universis
3027 2206 3376 2262 animantibus
3422 2207 3623 2261 vivendi

356 2306 702 2359 substantiam
731 2312 945 2374 prazstat
964 2320 991 2357 e
1019 2303 1165 2368 coelo,
1199 2300 1262 2356 ob
1290 2303 1507 2355 salutem
1529 2301 1844 2354 terrestrium
1872 2308 2072 2353 terreno
2101 2299 2233 2352 lacte
2256 2301 2499 2353 nutritur.
2518 2298 2570 2353 Ν
2576 2300 2708 2354 ullus
2729 2318 2850 2370 ergo
2879 2299 3136 2371 ambigat;
3160 2316 3307 2354 nemo
3335 2308 3620 2362 cunctetur,

354 2395 497 2468 quod
526 2394 755 2449 Christus
780 2397 833 2448 in
857 2404 994 2448 terra
1038 2393 1246 2465 degens,
1271 2391 1496 2463 fulgebat
1519 2391 1573 2445 in
1596 2390 1738 2454 creto,
1771 2391 1891 2460 quia
1919 2390 1995 2443 sic
2018 2391 2149 2443 venit
2172 2390 2241 2442 ad
2268 2398 2451 2454 terras,
2476 2400 2530 2443 ut
2552 2406 2653 2443 non
2672 2390 2976 2461 relinqueret
3006 2388 3172 2462 [κων]
3202 2389 3382 2445 calum
3430 2389 3497 2443 Et
3528 2390 3621 2442 lm-

362 2487 479 2540 mil.
511 2486 595 2549 7'1,
627 2499 748 2555 pag.
772 2482 880 2536 245
909 2483 975 2537 de
1003 2482 1163 2537 Petro
1184 2497 1367 2551 agens,
1396 2482 1696 2537 ostendisse
1725 2482 1896 2550 ipsum
1930 2482 2004 2534 ait
2046 2501 2058 2537 :
2104 2480 2230 2546 Quae
2266 2492 2399 2536 esset
2436 2484 2490 2535 in
2531 2497 2631 2538 uno
2670 2498 2948 2545 sensuque
2991 2482 3088 2537 Dei
3127 2483 3266 2540 Filio
3292 2493 3339 2538 et
3376 2493 3624 2555 suscepta:

358 2578 538 2630 carnis
568 2577 719 2640 ratio,
738 2583 788 2627 et
826 2573 1082 2627 naturalis
1110 2572 1429 2643 privilegium
1469 2570 1712 2625 Deitatis.
1751 2571 1817 2625 Et
1858 2571 2044 2626 liomil.
2078 2570 2166 2634 85,
2201 2586 2328 2639 pag.
2382 2571 2485 2625 9.70
2519 2589 2531 2623 :
2582 2569 2732 2635 Quod
2770 2571 3005 2626 Christus
3025 2584 3099 2627 est
3120 2576 3307 2643 factus,
3330 2576 3417 2644 qui
3457 2574 3624 2629 Filias

356 2674 493 2729 erat,
523 2665 837 2734 dispensatio
861 2672 938 2716 est
964 2661 1325 2731 redemptionis
1368 2661 1607 2714 humana:
1620 2678 1637 2724 ;
1678 2659 1813 2729 quod
1852 2658 2105 2714 Dominus
2140 2668 2246 2722 est,
2280 2659 2345 2712 de
2376 2660 2692 2729 proprietate
2727 2670 2930 2714 natura:
2970 2668 3046 2714 est
3082 2677 3101 2714 :
3138 2663 3320 2715 unicus
3344 2672 3514 2716 autem
3553 2668 3626 2717 vel

362 2751 672 2829 Unigenitus
701 2757 1055 2819 annuntiatur,
1088 2763 1136 2807 et
1154 2754 1399 2817 creditur,
1432 2754 1551 2824 quia
1570 2769 1702 2805 unus
1734 2754 1806 2805 ita
1834 2760 1911 2806 est
1940 2753 2157 2823 genitus,
2188 2767 2279 2805 nec
2308 2751 2455 2805 habet
2490 2753 2543 2805 in
2573 2752 2840 2806 nativitate
2875 2760 3180 2807 consortem.
3223 2752 3270 2804 F
3275 2753 3417 2807 ilium
3445 2755 3614 2813 audis.

360 2866 469 2903 non
496 2859 550 2900 ut
570 2847 716 2901 illum
745 2862 869 2900 sexu
899 2847 1072 2915 aliqua
1095 2843 1287 2897 editum
1315 2852 1482 2913 putes,
1513 2843 1604 2897 sed
1624 2850 1677 2895 ut
1697 2842 1876 2896 credas
1897 2842 2397 2909 incomprehensibili
2421 2842 2692 2912 majestate
2712 2842 2877 2897 Deum
2903 2844 3156 2915 prodiisse
3197 2844 3258 2898 de
3282 2844 3411 2910 Deo,
3442 2854 3498 2899 ut
3520 2848 3623 2917 ipsa

357 2940 442 2991 ait
469 2954 487 2991 :
510 2936 624 3009 Ego
654 2953 686 2989 a
708 2935 867 2990 Patre
894 2936 1046 2999 exiri,
1075 2942 1123 2987 et
1152 2935 1265 2988 veni
1294 2936 1347 2987 in
1377 2934 1511 2987 hunc
1544 2933 1790 2987 mundum
1808 2974 1819 2985 .
1856 2930 1954 2996 Qui
1993 2944 2143 2987 natus
2181 2942 2255 2986 est
2284 2932 2348 2986 de
2382 2932 2580 3003 Spiritu
2611 2944 2790 2989 sancto
2817 2950 2881 2989 ex
2908 2934 3081 2988 Maria
3130 2936 3339 3007 rirgine.
3374 2936 3624 3007 Spiritum

360 3038 604 3082 sanctum
629 3029 798 3092 audis,
829 3037 884 3079 ut
906 3036 1111 3097 partum
1132 3028 1276 3080 illum
1304 3025 1589 3079 mirabilem
1620 3026 1771 3079 simul
1795 3034 1844 3077 et
1870 3023 2231 3095 inculpabilem
2264 3042 2668 3097 recognoscas...
2702 3025 2843 3081 Nam
2883 3046 2997 3082 cum
3036 3028 3365 3099 Unigenitum
3394 3029 3489 3084 Dei
3510 3031 3625 3100 fieri

368 3119 628 3171 hominem
658 3116 1022 3186 redemptionis
1045 3125 1235 3169 nostra:
1273 3115 1549 3169 necessitas
1578 3116 1866 3185 ﬂagitaret,
1910 3116 2005 3169 hoc
2034 3117 2317 3169 nativitatis
2349 3133 2457 3171 suae
2484 3118 2803 3188 privilegium
2832 3122 3058 3189 prapria:
3085 3120 3385 3175 Dirinitatis
3407 3124 3619 3186 invexit,

372 3219 428 3261 ut
455 3210 521 3261 de
549 3209 747 3279 rirgine
782 3216 1143 3261 nasceretur...
1181 3206 1483 3275 Unigenitus
1524 3208 1682 3276 igitur
1710 3205 1806 3260 Dei
1830 3208 1996 3276 factus
2034 3216 2109 3261 est
2144 3206 2310 3262 Filius
2344 3208 2588 3272 hominis,
2616 3217 2672 3261 ut
2709 3209 2796 3279 qui
2815 3219 3015 3264 creator
3042 3212 3221 3265 mundi
3259 3221 3391 3277 erat,
3414 3213 3558 3282 fieret
3580 3223 3626 3266 et

362 3300 683 3368 redemptor.
716 3298 784 3352 Et
812 3314 971 3353 serm.
1007 3297 1059 3363 8,
1090 3312 1211 3367 pag.
1242 3296 1345 3350 415
1378 3315 1389 3350 :
1423 3296 1511 3350 Ita
1547 3297 1798 3367 disposuit
1838 3297 2158 3373 Dominus...
2191 3307 2313 3353 ut...
2354 3300 2479 3352 certi
2519 3309 2686 3354 essent
2714 3301 2968 3366 homines,
3000 3303 3120 3372 quia
3153 3304 3263 3373 ipse
3289 3315 3423 3359 esset
3461 3305 3629 3363 Filius

366 3391 488 3454 Dei,
515 3408 663 3462 quem
685 3392 827 3462 virgo
853 3400 1138 3460 pepererat,
1166 3388 1425 3444 Dioinitas
1463 3388 1791 3462 agnoscebat,
1827 3396 1931 3443 etc.
1976 3388 2081 3443 Sed
2110 3388 2542 3445 adducendorum
2590 3390 2805 3446 Maximi
2845 3392 3083 3447 locorum
3131 3402 3212 3448 est
3258 3396 3471 3451 tandem
3504 3398 3630 3453 mihi

364 3486 645 3541 faciendus
668 3486 876 3551 modus,
903 3501 1022 3540 cum
1049 3492 1103 3540 et
1144 3485 1405 3539 inﬁnitum
1430 3499 1597 3555 prope
1621 3492 1768 3539 esset
1793 3484 1972 3538 omnia
2003 3484 2269 3553 persequi,
2318 3491 2376 3539 et
2421 3485 2638 3541 minime
2665 3488 3043 3541 necessarium.
3086 3488 3215 3542 Nam
3246 3506 3365 3558 quae
3404 3492 3629 3549 adducta

374 3585 523 3642 sunt,
550 3579 675 3633 satis
704 3592 969 3647 superque
992 3577 1381 3642 demonstrant,
1415 3575 1484 3631 de
1511 3575 1768 3647 mysterio
1790 3574 2176 3630 Incarnatiuuis
2203 3587 2363 3641 agere
2391 3582 2633 3629 sanctum
2664 3575 2994 3644 episcopum,
3037 3586 3095 3631 ut
3123 3579 3231 3644 agit
3258 3578 3367 3633 Leo
3391 3580 3627 3648 Magnus,

372 3675 544 3734 utque
574 3676 791 3735 egerunt
811 3665 998 3721 Patres
1025 3666 1353 3736 synodorum
1382 3664 1669 3735 Ephesium
1691 3672 1746 3719 et
1772 3663 2241 3735 Chalcedonensis.
2269 3663 2370 3730 Qui
2395 3664 2536 3717 enim
2572 3680 2730 3717 unum
2765 3665 3093 3736 eamdemque
3113 3666 3303 3720 Filium
3336 3669 3427 3722 Dei
3455 3678 3631 3725 natum

366 3758 439 3811 ab
464 3768 655 3813 aeterno
692 3775 754 3811 ex
776 3760 938 3813 Patre
974 3758 1083 3813 Deo
1106 3760 1219 3813 sine
1242 3758 1348 3812 ullo
1377 3759 1687 3812 conditionis
1711 3758 1985 3828 principio,
2011 3766 2179 3810 ortum
2200 3758 2254 3809 in
2286 3766 2509 3826 tempore
2535 3764 2600 3809 ea:
2620 3757 2832 3827 virgine,
2862 3757 3076 3823 Scribit,
3109 3766 3269 3829 atque
3290 3776 3413 3815 eum
3440 3762 3631 3818 fatetur

371 3849 425 3901 in
452 3848 621 3917 prima
646 3847 913 3900 nativitate
934 3856 1111 3900 natum
1139 3864 1248 3901 esse
1267 3845 1453 3911 Deum,
1484 3847 1537 3900 in
1556 3847 1789 3901 secunda
1817 3855 2141 3917 procreatum
2161 3846 2450 3910 hominem;
2481 3862 2799 3914 rursumque
2826 3847 2917 3915 qui
2938 3846 3163 3902 afﬁrmat
3193 3850 3246 3904 in
3276 3867 3383 3907 uno
3411 3853 3657 3909 codcm-‘

373 3954 481 4006 que
509 3936 720 3991 Christo
742 3945 794 3991 et
816 3938 1184 4008 plenitudinem
1207 3954 1317 3992 esse
1345 3937 1668 4004 Divinitatis,
1700 3946 1755 3992 et
1777 3937 2005 3992 hominis
2033 3945 2296 3999 naturam,
2328 3936 2705 4004 Christumque
2734 3938 2905 4007 ipsum
2932 3939 3195 4009 privilegio
3224 3944 3483 4015 utriusque
3510 3945 3631 4000 sub-

371 4030 582 4084 stantia:
609 4030 893 4083 Dominum
922 4045 1039 4084 esse
1068 4030 1327 4093 omnium,
1358 4029 1501 4099 quod
1530 4029 1779 4083 universa
1804 4030 1903 4082 sibi
1929 4029 2199 4096 subegerit
2227 4035 2319 4081 aut
2346 4028 2609 4082 creatione
2629 4036 2720 4081 aut
2747 4028 3113 4098 redemptione,
3147 4033 3502 4103 eumdemque
3543 4038 3631 4105 qui

379 4130 533 4174 natus
563 4121 625 4172 ab
660 4128 854 4173 a'terno
876 4137 941 4174 ea:
978 4119 1085 4174 Deo
1125 4129 1219 4181 est,
1253 4130 1429 4173 natum
1458 4136 1569 4173 esse
1602 4121 1652 4173 in
1686 4128 1915 4188 tempore
1952 4135 2016 4171 ea:
2052 4120 2266 4188 femina,
2301 4133 2363 4173 ac
2388 4118 2803 4187 inseparabiliter
2822 4136 3021 4189 semper
3048 4124 3215 4190 ipsum
3242 4124 3661 4194 omnipotentent

374 4210 677 4272 Dominum,
715 4209 1046 4281 Unigenitum
1079 4208 1173 4264 Dei
1215 4211 1306 4263 vivi
1336 4226 1639 4279 permanere
1684 4210 1823 4279 apud
1864 4209 2104 4273 Patrem,
2148 4225 2179 4260 a
2213 4224 2312 4278 quo
2341 4224 2429 4277 per
2451 4208 2781 4261 indiscretam
2820 4208 3101 4263 divinitatis
3136 4213 3477 4269 substantiam
3504 4233 3635 4270 nun-

370 4321 529 4377 tpzam
558 4312 634 4356 est
664 4311 959 4373 separatus;
991 4302 1081 4370 qui
1109 4301 1325 4370 quidem
1348 4300 1510 4355 Filius
1539 4303 1824 4372 perfectam
1856 4302 1905 4353 in
1937 4309 2179 4369 tempore
2207 4299 2484 4369 susceperit
2507 4298 2910 4362 humanitatem;
2946 4300 2989 4353 is
3016 4300 3245 4371 denique
3273 4305 3364 4371 qui
3390 4314 3632 4372 testatur,

369 4411 529 4447 unum
562 4384 913 4461 eumdemque
941 4393 1209 4446 Christum
1248 4408 1314 4446 ex
1343 4393 1545 4461 virgine
1574 4401 1753 4446 natum
1784 4410 1897 4447 esse
1924 4394 2195 4460 hominem,
2228 4395 2314 4465 qui
2355 4392 2672 4463 incogitabili
2694 4393 2964 4462 majestate
2992 4391 3128 4446 Deus
3145 4403 3220 4447 est
3249 4397 3387 4465 apud
3430 4397 3592 4451 Deum
3615 4416 3631 4463 ;

369 4490 415 4533 et
441 4479 487 4533 F
492 4482 639 4533 ilium
665 4482 830 4549 ipsum
856 4479 976 4544 Dei,
1006 4480 1087 4532 cui
1108 4497 1222 4533 cum
1252 4480 1413 4534 Patre
1432 4492 1480 4534 et
1502 4482 1702 4551 Spiritu
1731 4493 1913 4535 sancto
1938 4499 2039 4535 una
2068 4492 2218 4553 atque
2238 4483 2418 4536 cadent
2443 4490 2517 4536 est
2548 4482 2808 4537 Dii-initas
2825 4523 2840 4548 ,
2878 4482 3113 4554 idemque
3139 4485 3264 4538 velle
3284 4495 3333 4540 et
3360 4504 3528 4556 posse,
3561 4492 3632 4545 ita

374 4582 612 4626 nostram
641 4572 983 4642 assumpsisse
1012 4579 1272 4636 naturam,
1301 4580 1358 4624 ut
1385 4572 1519 4643 quod
1541 4577 1594 4626 in
1615 4590 1669 4626 se
1689 4582 1800 4627 erat
1828 4590 1930 4627 non
1958 4575 2217 4628 dimittens
2240 4575 2465 4628 divinam
2494 4592 2607 4628 cum
2629 4576 2853 4629 humana
2881 4585 3068 4630 natura
3096 4577 3398 4633 mirabiliter
3425 4584 3633 4650 copula-

373 4662 951 4734 veritinseparabiliter,
977 4672 1032 4715 ut
1051 4663 1204 4718 simul
1236 4662 1370 4717 Deus
1393 4665 1477 4724 sit,
1502 4672 1554 4716 et
1573 4664 1745 4727 homo,
1772 4664 1936 4732 sitque
1976 4662 2022 4715 F
2026 4664 2149 4717 ilius
2190 4666 2413 4735 feminar,
2448 4675 2497 4719 et
2528 4664 2572 4716 F
2577 4664 2696 4720 ilius
2742 4666 3069 4738 majestatis;
3109 4668 3219 4735 qui,
3253 4667 3486 4735 inquam,
3519 4671 3632 4725 haec

372 4752 682 4819 conﬁtetur,
720 4754 766 4808 is
794 4770 1079 4824 personam
1107 4754 1301 4811 Christi
1334 4771 1491 4810 unam
1533 4756 1809 4812 confessus
1856 4756 2015 4811 fuerit
2043 4772 2262 4812 necesse
2308 4767 2410 4822 est,
2444 4759 2497 4813 in
2526 4774 2630 4827 qua
2660 4759 3073 4830 inseparabiliter
3112 4768 3315 4814 natura:
3343 4761 3634 4817 subsistant

369 4843 667 4899 inconfusa:
691 4845 1151 4915 impermixtmque
1178 4846 1313 4911 duce,
1342 4847 1519 4901 divina
1549 4847 1753 4901 scilicet
1779 4856 1835 4903 et
1864 4848 2117 4902 humana.
2148 4848 2282 4905 Nam
2329 4849 2373 4903 si
2403 4865 2648 4919 personae
2694 4848 3022 4918 ﬁngerentur
3044 4852 3161 4905 dum
3184 4892 3199 4916 ,
3249 4869 3355 4906 non
3398 4869 3537 4909 unus
3583 4866 3635 4912 et

368 4936 516 4988 idem
544 4934 709 4988 Filius
736 4943 877 4989 esset
903 4933 1019 4999 Dei,
1042 4943 1098 4990 et
1122 4934 1269 5007 [XLV]
1292 4937 1705 5006 Filiusvirginis,
1734 4938 1829 4993 sed
1858 4948 2035 4993 essent
2065 4939 2156 4993 ﬁlii
2177 4940 2303 5007 duo,
2326 4941 2469 5009 quod
2490 4940 2706 4995 Maximi
2729 4941 2965 5009 dogmati
2994 4951 3268 5011 repugnat.
3293 4942 3429 5010 Quid
3457 4956 3632 5004 autem

370 5025 667 5079 desiderari
695 5040 856 5094 supra
889 5028 1061 5094 potuit
1089 5028 1158 5081 ad
1185 5029 1501 5082 evertendas
1527 5029 1757 5083 hmreses
1787 5030 2013 5085 Nestorii
2059 5040 2113 5085 et
2151 5030 2424 5102 Eutycius.
2457 5047 2683 5101 quorum
2713 5034 2850 5087 alter
2896 5049 3153 5102 personas
3182 5036 3313 5090 duas
3344 5038 3394 5091 in
3420 5038 3631 5095 Christo

374 5120 757 5186 comtituebat,
805 5120 941 5175 alter
986 5126 1230 5174 naturam
1268 5130 1392 5190 post
1430 5122 1712 5175 unitionem
1748 5123 1941 5175 unam?
1989 5121 2237 5178 Profecto
2274 5125 2366 5193 qui
2414 5127 2528 5179 haec
2574 5123 2789 5178 Maximi
2836 5127 2965 5197 ῥητά
3005 5142 3127 5181 cum
3168 5127 3409 5183 doctrina
3454 5128 3636 5202 Cyrilli

377 5209 726 5265 Alexandrini
754 5218 806 5265 et
835 5212 1005 5265 sancti
1042 5208 1319 5265 leestini
1345 5208 1640 5266 [adversus
1667 5209 2031 5276 Nestorianos,
2079 5228 2309 5282 cumque
2356 5213 2584 5282 epistola
2612 5213 2780 5266 sancti
2810 5212 3004 5268 Leonis
3033 5214 3207 5284 Magni
3237 5217 3301 5270 ad
3328 5217 3637 5275 Flavianum

371 5310 565 5358 contra
596 5300 890 5372 Eutychem
912 5300 1171 5367 conferet,
1202 5300 1248 5354 is
1274 5309 1421 5355 certe
1447 5301 1759 5371 comperiet,
1788 5303 2080 5359 sententias
2114 5302 2329 5357 Maximi
2356 5302 2602 5372 ejusdem
2626 5298 2929 5370 Cyrillianis
2967 5286 3363 5374 Leonianisque
3406 5306 3477 5359 ita
3502 5322 3633 5362 con-

369 5403 569 5457 gruere
590 5402 749 5461 atque
774 5394 846 5448 ita
872 5394 1072 5449 similes
1101 5409 1239 5460 esse,
1271 5401 1329 5447 ut
1357 5408 1516 5449 ovum
1542 5403 1774 5465 nequeat
1799 5410 1902 5448 ovo
1931 5409 2050 5448 esse
2076 5393 2319 5448 similius.

443 5483 533 5537 IV.
577 5483 714 5551 Quid
750 5486 793 5540 si
831 5484 1119 5552 Maximus,
1158 5486 1321 5540 Deum
1350 5484 1446 5540 Dei
1476 5485 1667 5539 Filium
1698 5501 1763 5540 ex
1793 5485 1957 5539 Maria
1986 5485 2204 5551 Virgine
2240 5499 2357 5539 esse
2388 5492 2589 5548 natum,
2626 5483 2868 5553 adeoque
2905 5494 3131 5540 matrem
3180 5487 3351 5555 ipsam
3378 5502 3500 5543 esse
3543 5491 3637 5545 Dei

369 5572 669 5639 afﬁrmans,
693 5575 926 5629 funditus
946 5584 1151 5630 evertat
1175 5576 1482 5630 luereticum
1508 5577 1700 5645 dogma
1735 5575 2190 5641 Nestorianorum,
2220 5573 2463 5629 eamdem
2498 5577 2757 5640 Θιοτόκον,
2789 5574 2887 5630 Dei
2930 5578 3248 5648 genitricem,
3281 5592 3403 5633 esse
3434 5595 3634 5647 negan-

369 5667 550 5721 tium?
581 5666 731 5736 Quod
760 5673 972 5743 quidem
1002 5678 1057 5724 et
1084 5669 1422 5723 manifestum
1466 5685 1533 5725 ex
1578 5671 1747 5724 sancti
1793 5669 2053 5737 episcopi,
2102 5682 2219 5736 quae
2246 5683 2407 5735 supra
2449 5666 2843 5739 descripsimus,
2878 5670 3199 5726 testimoniis
3235 5680 3344 5736 est;
3380 5680 3431 5725 et
3460 5669 3547 5724 ﬁet
3575 5673 3636 5725 iis

370 5779 501 5835 quae
529 5779 652 5819 mox
691 5765 1020 5836 proferemus
1050 5762 1322 5817 illustrius.
1354 5761 1427 5815 Ac
1455 5774 1701 5816 sermone
1725 5758 1941 5828 quidem
1968 5757 2053 5824 '56,
2088 5770 2203 5826 pag.
2239 5756 2378 5811 49:2:
2410 5756 2563 5824 Eum,
2609 5756 2801 5830 inquit,
2832 5774 2896 5815 ex
2922 5756 3096 5817 Maria
3135 5759 3331 5825 virgine
3357 5757 3629 5811 secundr"
