4138 6186
535 343 601 400 Π
1964 343 2166 399 PREF

2156 345 2345 402 'ATIO.
3722 342 3790 399 48

536 471 749 536 carnem
775 463 950 509 natum
979 470 1106 521 esse,
1138 463 1185 508 et
1212 456 1494 510 secundum
1527 454 1862 510 Divinitatem
1890 458 2202 526 processisse
2229 474 2293 511 ea:
2318 456 2414 510 Dei
2445 455 2623 511 Patris
2645 473 2750 511 ore.
2779 455 2847 511 Et
2872 471 3033 512 scrm.
3061 456 3150 523 47,
3168 470 3287 529 pag.
3312 455 3419 512 495
3435 474 3588 530 seqq.
3621 478 3634 514 :
3667 458 3797 528 Quis

534 533 730 603 dubitet
761 547 1097 617 ineﬂ‘abiliter
1131 563 1247 601 eum
1281 546 1479 601 Filium
1507 546 1637 612 Dei,
1672 546 1964 620 Filiumque
1989 565 2100 603 esse
2127 549 2371 616 hominis,
2394 551 2480 620 qui
2501 551 2664 620 potuit
2693 558 2744 603 et
2784 560 2998 605 mortem
3034 544 3248 623 perpeti,
3279 562 3360 621 et,
3392 563 3556 608 morte
3577 553 3795 618 devicta,

537 640 861 710 semetipsum
888 641 1137 693 suscitare
1160 639 1223 692 de
1252 639 1447 694 tumulo
1469 639 1567 711 (a).
1601 637 1741 693 Nam
1764 649 1997 710 suscepta
2018 657 2175 695 carne
2194 639 2258 694 de
2277 642 2491 711 virgine,
2516 656 2580 694 ne
2605 657 2757 712 quam
2782 640 2836 694 in
2857 640 2962 710 ﬁde
2982 650 3175 698 nostra:
3193 645 3532 713 confessionis
3560 644 3796 699 nebulam

537 742 847 805 pateremur,
874 740 975 786 toto
1003 730 1388 802 prcedicationis
1407 746 1515 785 sua:
1539 741 1765 802 tempore
1784 745 1961 785 venunt
1984 747 2045 786 se
2065 746 2377 785 navasse”
2407 730 2580 796 Deuu,
2613 746 2927 786 venenorum
2967 746 3304 787 osreunnnn
3341 742 3392 787 et
3420 749 3794 791 nemnem"...

540 825 628 881 Ita
656 841 784 880 sane
809 822 1387 894 incomprehensibiliter
1414 840 1536 877 caro
1566 825 1620 876 in
1641 822 1772 886 Deo,
1796 833 1844 877 et
1871 824 1928 876 in
1948 840 2105 877 carne
2133 821 2292 887 Deus,
2322 832 2380 876 ut
2408 838 2565 894 neque
2592 821 2757 877 Deum
2776 824 2839 877 ab
2866 825 3071 878 homine
3101 825 3273 895 passio
3303 834 3606 895 separaret,
3639 840 3800 897 neque

536 935 630 990 per
652 918 906 972 hominem
934 916 1071 970 Deus
1099 917 1336 970 humanis
1363 915 1689 986 passionibus
1714 915 2022 986 subjaceret.
2055 914 2207 979 Quod
2225 930 2342 969 vero
2369 913 2710 969 annuntiatur
2745 912 2916 969 Filius
2961 914 3053 969 Dei
3097 930 3266 970 unus
3300 931 3367 968 ne
3397 930 3624 981 \‘lRGlNE,
3657 924 3800 971 tanta

539 1013 595 1066 in
627 1010 874 1064 miraculo
902 1026 1006 1064 non
1027 1008 1174 1062 debet
1202 1000 1426 1062 humana
1446 1009 1698 1075 ﬂuctuare
1719 1009 2000 1080 fragilitas,
2024 1009 2143 1079 quia
2171 1006 2439 1078 stupenda
2479 1006 2597 1061 huic
2623 1009 2842 1063 novitati
2880 1006 3066 1074 Deum,
3115 1010 3195 1063 cui
3215 1024 3365 1062 omne
3393 1025 3519 1079 opus
3558 1006 3803 1079 possibile

542 1112 638 1168 est,
669 1102 975 1173 conﬁtemur
1003 1109 1380 1155 auctorem.....
1413 1100 1589 1154 Voluit
1614 1100 1867 1172 virginem
1905 1114 2117 1169 parere,
2151 1107 2200 1153 et
2234 1098 2623 1154 obumbratione
2651 1099 2940 1169 maj;statis
2967 1100 3110 1170 ejus,
3147 1098 3290 1153 nullo
3328 1100 3544 1171 virginei
3589 1098 3801 1172 pudoris

544 1194 754 1255 damno,
786 1188 1018 1244 Christus
1047 1192 1294 1259 processit
1333 1206 1398 1244 ex
1435 1189 1676 1244 Maria...
1721 1189 1828 1245 Sed
1866 1191 2090 1261 fortasse
2107 1189 2337 1261 perﬁdus
2377 1191 2629 1255 occurrit,
2672 1198 2723 1245 et
2746 1190 2873 1244 dicit
2900 1206 2919 1245 :
2941 1189 3110 1246 Nemo
3140 1207 3363 1262 unquam
3397 1193 3473 1246 ita
3513 1199 3588 1246 est
3623 1203 3798 1247 natus.

553 1284 725 1340 Nemo
752 1301 950 1350 revera,
982 1284 1105 1355 quia
1132 1284 1345 1351 nullius,
1376 1291 1564 1354 prater
1593 1284 1748 1350 hanc,
1770 1298 1905 1337 caro.
1927 1283 2075 1336 unita
2103 1298 2220 1336 cum
2237 1281 2348 1337 Deo
2375 1292 2541 1337 est....
2573 1278 2882 1338 Mirabiliter
2912 1293 3065 1338 natus
3102 1292 3178 1338 est
3223 1282 3474 1349 Christus,
3497 1293 3547 1338 et
3571 1284 3801 1340 obstina-

547 1380 685 1433 tione
710 1376 909 1449 perﬁda
928 1391 1033 1430 non
1054 1374 1234 1434 credis.
1245 1372 1451 1428 Deum?
1476 1370 1627 1438 Quod
1656 1374 1945 1444 principum
1975 1373 2328 1443 apostolorum
2355 1374 2730 1443 redemptorem
2767 1375 2996 1429 omnium
3034 1372 3230 1428 Filium
3266 1373 3365 1428 Dei
3393 1375 3490 1429 vivi
3536 1373 3678 1439 dicit,
3709 1391 3804 1445 pa-

548 1482 715 1526 ter-nte
734 1472 788 1526 in
815 1487 874 1525 eo
902 1468 1128 1524 Deitatis
1142 1466 1489 1523 substantiam
1520 1467 1821 1537 conﬁtetur;
1849 1466 1986 1538 quod
2023 1481 2240 1521 εωιοει
2277 1464 2537 1520 Christum
2565 1467 2885 1537 pronuntiat,
2916 1482 3149 1521 uncam
3178 1467 3347 1520 inesse
3369 1467 3600 1537 corporis
3620 1465 3804 1521 asserit

545 1568 829 1621 veritatem.
864 1565 954 1619 Sic
977 1580 1154 1618 revera
1183 1563 1504 1617 beatissimus
1533 1561 1722 1616 Petrus
1749 1577 2032 1626 UTRAIQUE
2059 1562 2118 1616 'in
2149 1559 2354 1616 Christo
2384 1569 2623 1614 naturam
2654 1559 2728 1631 (b)
2758 1557 2851 1613 sub
2880 1575 2987 1613 una
3007 1569 3082 1612 est
3114 1558 3460 1629 appellatione
3486 1559 3818 1629 complexus,

544 1666 601 1712 ut
621 1654 897 1726 ineﬂ‘abilis
918 1656 1148 1727 mysterii
1166 1653 1860 1710 sacramentumbrevissimo
1888 1671 2122 1709 sermone
2141 1652 2399 1719 delibans,
2430 1668 2603 1717 usque
2639 1667 2906 1708 GEIINATA
2944 1667 3251 1713 mvmaner,
3294 1666 3465 1714 usque
3486 1664 3645 1704 eum
3673 1664 3805 1704 cou-

547 1766 826 1806 ruunenm
850 1748 941 1821 (ο).
980 1748 1046 1803 Ut
1069 1757 1239 1800 autem
1265 1748 1467 1818 plenius
1496 1746 1893 1809 adverteremus,
1916 1747 1973 1800 in
2002 1745 2275 1801 Salvatore
2302 1761 2462 1817 neque
2486 1762 2518 1799 a
2552 1745 2654 1798 Deo
2677 1743 2950 1809 hominem,
2982 1757 3142 1813 neque
3188 1741 3355 1796 Deum
3385 1741 3448 1795 ab
3474 1741 3680 1795 homine
3700 1744 3803 1796 'se-

544 1837 858 1908 parandum,
890 1837 964 1889 ait
999 1834 1399 1906 gloriosissimus
1435 1834 1684 1904 magister
1710 1833 1834 1904 ﬁdei
1863 1832 2065 1887 Paulus
2105 1833 2368 1903 apostolus
2403 1850 2422 1887 :
2458 1832 2605 1886 Misit
2638 1832 2778 1887 Deus
2817 1830 3013 1887 Filium
3057 1848 3205 1886 suum
3233 1833 3425 1902 factum
3461 1847 3526 1886 ea:
3562 1830 3803 1896 muliere,

551 1928 745 1997 factum
774 1922 865 1977 sub
893 1924 1019 1994 lege.
1055 1921 1180 1977 Non
1198 1924 1374 1995 utique
1399 1924 1568 1995 factus
1587 1931 1665 1977 est
1691 1921 1863 1978 Filius
1884 1923 2004 1991 Dei,
2027 1931 2082 1977 ut
2102 1925 2417 1988 mitteretur;
2439 1923 2530 1978 sed
2561 1924 2630 1977 ad
2660 1924 2716 1977 id
2743 1924 2877 1994 quod
2894 1926 3079 1978 missus
3119 1934 3213 1988 est,
3245 1921 3412 1997 [XLVI]
3445 1922 3614 1978 Filius
3640 1926 3807 1995 factus

514 2002 519 2007 ’
550 2026 629 2071 est
649 2017 892 2069 hominis.
918 2014 1078 2071 Salva
1095 2014 1233 2068 enim
1253 2013 1442 2069 divina:
1464 2016 1777 2084 proprietate
1806 2015 1885 2085 (d)
1914 2023 2135 2082 naturae,
2167 2023 2408 2069 naturam
2430 2017 2485 2069 in
2505 2032 2559 2068 se
2585 2015 2805 2085 suscepit
2836 2015 3136 2079 humanam,
3174 2031 3278 2068 non
3308 2016 3449 2086 facta
3480 2015 3807 2086 confusione,

551 2107 646 2162 sed
669 2107 903 2160 unitione
929 2105 1158 2176 perfecta
1189 2104 1283 2175 (ε).
1312 2102 1512 2159 Confer
1537 2118 1657 2172 quae
1676 2113 1989 2173 sequuntur,
2020 2119 2141 2174 quas
2167 2113 2224 2160 et
2250 2105 2326 2161 rei
2342 2113 2539 2160 nostrae
2566 2105 2917 2173 institutoque
2945 2103 3269 2168 conducunt,
3293 2111 3348 2159 et
3375 2110 3548 2157 sunta
3576 2103 3810 2161 Maximo

551 2191 746 2246 tradita
777 2199 937 2260 atque
962 2189 1246 2259 explanata
1276 2189 1508 2259 egregie.
1542 2190 1805 2246 Sermone
1832 2198 2012 2246 autem
2032 2190 2120 2256 45,
2151 2207 2273 2261 pag.
2300 2191 2394 2245 511
2432 2209 2445 2245 :
2476 2191 2580 2246 Per
2607 2193 2721 2258 hoc,
2753 2193 2942 2261 inquit,
2976 2193 3386 2246 sacratissimum
3423 2191 3811 2249 Incarnationis

543 2282 853 2353 mysterium
871 2282 947 2335 ita
971 2283 1026 2335 in
1048 2298 1209 2335 unum
1236 2279 1536 2345 Dominum,
1560 2298 1804 2345 usuque
1833 2298 2103 2338 muscum
2135 2283 2202 2355 (f)
2234 2299 2370 2339 cano
2397 2299 2675 2349 convemr,
2700 2293 2750 2337 et
2776 2300 3008 2349 vannum,
3036 2293 3092 2337 ut
3118 2295 3167 2338 et
3194 2284 3336 2339 Deus
3365 2294 3631 2357 putaretur
3657 2296 3812 2343 natus

529 2391 581 2427 ne
621 2376 833 2445 femina,
857 2382 907 2426 et
927 2373 1079 2427 homo
1096 2373 1339 2426 credatur
1379 2374 1571 2426 venisse
1598 2373 1660 2426 de
1697 2375 1841 2438 creto,
1865 2374 2141 2446 secundum
2187 2375 2322 2446 quod
2356 2376 2431 2428 ait
2460 2374 2712 2429 Dominus
2761 2392 2778 2429 :
2819 2375 2987 2429 Nemo
3021 2376 3252 2429 ascendit
3279 2376 3333 2430 in
3356 2377 3556 2442 calum,
3581 2378 3684 2431 nisi
3724 2379 3812 2448 qui

528 2463 898 2519 >descenditde
919 2462 1241 2529 cmlo,Filius
1268 2462 1508 2527 hominis,
1541 2464 1628 2533 qui
1651 2474 1725 2515 est
1754 2463 1807 2515 in
1835 2463 2074 2517 θεείου...
2099 2463 2231 2516 Erat
2257 2464 2426 2519 Filius
2457 2466 2678 2520 hominis
2707 2475 2757 2519 et
2782 2464 2951 2520 Filius
2981 2464 3096 2519 Dei.
3129 2465 3235 2521 Nec
3262 2482 3542 2535 possumus
3568 2482 3810 2523 seorsum

524 2563 646 2610 »ωλι
672 2554 928 2609 hominem
958 2553 1071 2607 sine
1097 2549 1227 2617 Deo,
1251 2560 1345 2605 aut
1381 2549 1548 2605 Deum
1567 2552 1679 2604 sine
1705 2551 1911 2613 homine
1941 2551 2197 2620 conﬁteri;
2233 2550 2424 2606 Nonne
2452 2553 2647 2607 videtur
2668 2554 2847 2607 calum
2887 2553 3270 2609 transcendisse
3298 2544 3469 2621 homo,
3518 2555 3724 2627 quando
3755 2557 3810 2611 in

526 2657 698 2702 rutero
716 2646 933 2718 virginis
958 2645 1230 2698 unitusest
1248 2642 1347 2697 Dei
1385 2642 1569 2696 Verbo.
1603 2641 1668 2696 Et
1694 2657 1855 2697 serm.
1887 2641 1974 2708 46,
2005 2655 2125 2712 pag.
2161 2640 2262 2694 520
2294 2660 2308 2695 :
2346 2643 2474 2709 Quae
2498 2652 2577 2697 est
2595 2644 2751 2714 hujus
2790 2644 3122 2715 profunditas
3155 2647 3483 2710 sacramenti,
3515 2662 3667 2717 quam
3711 2648 3811 2701 im-

528 2736 920 2812 ~perscrutabile
953 2735 1142 2790 divinat
1168 2734 1483 2806 operationis
1519 2751 1783 2799 arcanum,
1827 2734 1962 2805 quod
1982 2736 2026 2789 is
2065 2736 2150 2806 qui
2179 2744 2299 2788 ante
2326 2736 2517 2789 sarcula
2547 2736 2766 2806 prodivit
2792 2754 2825 2790 a
2854 2735 3034 2800 Patre,
3080 2737 3169 2791 ille
3194 2739 3279 2808 qui
3308 2739 3361 2790 in
3397 2738 3502 2808 ﬁne
3522 2741 3808 2809 temporum

532 2828 806 2900 .processit
832 2842 898 2880 ea:
930 2827 1143 2898 femina,
1173 2840 1308 2878 unus
1340 2827 1508 2895 factus
1541 2820 1618 2878 est
1659 2823 1833 2889 Deus;
1867 2835 2018 2895 atque
2046 2826 2144 2878 hoc
2170 2824 2306 2891 ideo,
2337 2835 2393 2878 ut
2416 2842 2531 2879 cum
2560 2836 2695 2880 esset
2727 2824 3031 2897 Unigenitus
3058 2826 3309 2881 indiuisus
3337 2844 3370 2882 a
3398 2827 3575 2895 Patre,
3605 2826 3812 2882 haberet

556 2922 708 2975 homo
735 2921 790 2973 in
815 2917 1091 2989 Unigenito
1134 2916 1233 2971 Dei
1254 2925 1472 2986 paterna
1499 2932 1612 2969 cum
1636 2916 2028 2970 immortalitate
2072 2918 2405 2970 consortium.
2451 2915 2517 2970 Et
2551 2932 2711 2971 serm.
2766 2916 2849 2984 53,
2884 2932 3003 2987 pag.
3050 2917 3153 2972 555
3184 2937 3196 2971 :
3230 2917 3413 2973 Tenuit
3452 2936 3545 2974 suo
3574 2921 3732 2991 Pater
3758 2922 3815 2976 in

532 3009 699 3064 xFilio
722 3023 933 3065 cautus;
963 3022 1298 3062 suas-nuru:
1316 3007 1587 3071 virtutem,
1634 2994 1884 3077 quatenus
1925 3005 2202 3077 majestate
2247 3008 2448 3061 virtutis
2485 3008 2597 3078 ejus
2634 3024 2945 3063 VENEBANDA
2997 3025 3270 3064 purgarem
3320 3027 3460 3065 unum
3497 3028 3816 3076 ευιυειιρυι

531 3103 835 3159 νϐιιιιιετωι
866 3117 934 3155 ετ
958 3114 1028 3154 υτ
1058 3099 1211 3153 Dsuu
1239 3111 1588 3163 concremer,
1619 3114 1687 3152 ET
1711 3113 1789 3152 «υτ
1811 3113 2047 3154 nomnen
2069 3117 2165 3154 mn

2180 3116 2332 3155 eam.
2355 3101 2436 3154 An
2465 3118 2568 3155 non
2596 3102 2685 3155 ille
2705 3101 2802 3156 Dei
2839 3101 3010 3156 Filius
3037 3103 3233 3158 videtur
3269 3121 3380 3158 esse
3407 3115 3698 3177 conceptus,
3728 3104 3814 3160 ubi

527 3221 541 3239 -.
555 3192 755 3248 carnali
776 3202 1005 3247 cessante
1024 3190 1270 3262 germine,
1295 3195 1343 3241 et
1371 3188 1522 3243 homo
1539 3188 1770 3242 creditur
1796 3191 2022 3261 virgineo
2052 3192 2302 3262 formatus
2330 3193 2383 3246 in
2412 3201 2576 3255 utero,
2607 3203 2656 3246 et
2686 3193 2828 3249 Deos
2875 3208 2975 3249 non
3015 3211 3312 3249 nuerrs'run
3342 3212 3488 3261 esse,
3531 3212 3616 3260 om
3644 3213 3817 3254 unus

538 3287 692 3341 4251‘?
720 3281 975 3339 Mirabilis
996 3290 1388 3353 partustuuius
1414 3280 1642 3334 intactis.
1662 3276 1741 3332 Et
1767 3293 1929 3333 serui.
1962 3278 2051 3344 (il,
2080 3292 2202 3349 pag.
2236 3277 2357 3343 554,
2390 3281 2480 3334 ubi
2506 3281 2574 3335 de
2601 3280 2690 3337 die
2711 3281 2874 3335 natali
2902 3282 3071 3335 sancti
3112 3280 3334 3336 Joannis
3361 3281 3613 3352 Baptista:
3645 3284 3817 3340 disse-

558 3394 685 3433 rens
717 3396 730 3430 :
762 3376 878 3442 Cui,
909 3377 1097 3445 inquit,
1130 3376 1264 3429 tanti
1301 3371 1729 3429 honoriscollata
1757 3379 1834 3426 est
1863 3370 2051 3443 gloria,
2081 3380 2137 3424 ut
2163 3372 2421 3425 nativitati
2449 3372 2558 3442 ejus
2584 3374 2703 3440 ipsa
2728 3371 2826 3427 De:
2846 3387 3098 3427 ocnnmx
3126 3374 3411 3438 interesset,
3437 3373 3644 3445 ejusque
3667 3376 3814 3446 prin—

555 3473 746 3542 cipium
782 3472 949 3525 latens
974 3471 1030 3523 in
1051 3478 1194 3523 utero
1239 3468 1418 3523 mundi
1454 3466 1697 3522 conditor
1736 3483 1833 3520 sua
1876 3467 2152 3536 praesentia
2192 3466 2475 3520 dedicaret.
2519 3465 2587 3521 Et
2614 3483 2778 3523 serm.
2823 3468 2908 3533 6'2,
2940 3483 3062 3539 pag.
3268 3460 3502 3523 Christus
3538 3483 3666 3523 mea
3695 3482 3809 3523 IPSE

565 3561 805 3626 Verbum,
830 3571 879 3616 et
898 3578 1019 3617 caro
1045 3577 1177 3616 unus
1204 3571 1281 3616 est
1307 3560 1581 3625 Dominus,
1605 3567 1759 3630 atque
1795 3573 1927 3611 unus
1946 3556 2181 3627 idemque
2220 3567 2463 3621 aeternus,
2495 3567 2546 3611 et
2573 3562 2733 3612 novus
2772 3559 2850 3630 (g)
2884 3569 2994 3624 est;
3030 3570 3254 3614 wternus
3276 3568 3307 3611 α
3336 3558 3465 3621 Deo,
3498 3575 3654 3613 novus
3682 3575 3714 3612 a
3744 3561 3814 3630 fe-

536 3657 716 3709 mina.
752 3654 833 3708 Ibi
854 3652 1439 3726 incomprehensibiliter
1464 3654 1664 3724 genitus
1693 3650 1755 3704 ab
1792 3651 2039 3722 ingenito.
2070 3651 2152 3704 hic
2173 3650 2479 3706 mirabiliter
2506 3661 2655 3705 natus
2677 3669 2709 3705 a
2737 3653 2964 3724 virgine;
2984 3653 3055 3707 ibi
3089 3663 3304 3725 paterna
3333 3654 3602 3723 majestate
3620 3650 3807 3715 editus,

522 3749 638 3803 «hic
661 3750 870 3819 spiritus
896 3750 1195 3817 operatione
1223 3750 1511 3817 formatus;
1539 3746 1632 3798 tibi
1669 3744 1888 3813 simplex
1917 3746 1972 3797 in
2013 3742 2256 3799 Genitore
2296 3752 2483 3798 natura
2526 3752 2622 3808 est,
2654 3745 2737 3820 hic
2776 3760 2968 3799 caurus
2987 3760 3051 3797 1n
3091 3743 3431 3811 Redemptore
3450 3742 3806 3795 substantia...

560 3838 622 3893 Si
646 3855 830 3892 novum
861 3836 938 3905 (h)
971 3836 1067 3906 fuit
1102 3833 1237 3904 quod
1264 3833 1404 3886 Deus
1432 3840 1510 3885 est
1537 3841 1689 3884 natus
1718 3832 1771 3883 in
1808 3835 1971 3891 terris.
2008 3834 2168 3885 multo
2189 3834 2356 3903 magis
2384 3844 2459 3885 est
2487 3849 2670 3886 novum
2695 3834 2831 3903 quod
2869 3833 3021 3887 homo
3043 3842 3222 3905 regnet
3247 3835 3301 3887 in
3342 3833 3486 3898 uelo,
3515 3838 3620 3887 etc.
3651 3829 3807 3895 Nam,

555 3938 616 3983 ut
641 3943 802 3982 serm.
835 3926 953 3990 107,
984 3940 1105 3994 pag.
1133 3923 1253 3990 669,
1284 3922 1471 3978 scribit
1494 3939 1506 3974 :
1540 3920 1931 3975 Consideranda
1958 3933 2035 3976 est
2059 3924 2113 3976 in
2142 3939 2245 3975 uno
2269 3923 2544 3993 eodemque
2571 3922 2912 3996 Redemptore
2934 3934 3110 3980 nostro
3148 3925 3408 3996 disjuncta
3445 3926 3462 3995 (
3487 3924 3591 3980 hoc
3607 3930 3703 3980 'est
3722 3924 3809 3977 di-

542 4017 767 4085 stincta)
794 4017 854 4087 (i)
886 4016 1115 4086 operatio
1144 4014 1428 4067 divinitatis
1447 4021 1497 4067 et
1519 4012 1886 4077 humanitatis;
1917 4023 2067 4083 atque
2095 4013 2403 4069 omnimodis
2430 4014 2760 4070 detestandus
2793 4034 2941 4073 error
2968 4017 3286 4089 Eutychetis,
3312 4020 3397 4090 qui
3430 4035 3588 4073 unam
3613 4027 3811 4072 tantum

559 4112 615 4164 in
644 4107 849 4162 Christo
889 4107 1239 4177 dogmatizare
1269 4105 1536 4175 praesumit
1563 4105 1931 4174 operationem.
1958 4103 2023 4159 In
2061 4106 2311 4161 alterutra
2343 4110 2479 4162 enim
2500 4119 2668 4180 parte,
2698 4111 2776 4165 vel
2812 4113 2897 4183 qui
2935 4112 3102 4165 solum
3131 4112 3387 4166 hominem
3419 4113 3577 4183 fuisse
3598 4111 3811 4174 dixerit,

559 4196 780 4268 gloriam
808 4193 1012 4265 negabit
1034 4192 1362 4258 conditoris;
1394 4192 1473 4246 vel
1525 4194 1611 4264 qui
1656 4192 1820 4247 solum
1866 4193 2052 4260 Deum,
2110 4194 2315 4266 negabit
2371 4199 2778 4256 misericordiam
2821 4201 3195 4275 Redemptoris.
3229 4201 3419 4276 [XLVII]
3457 4202 3525 4257 Et
3568 4200 3808 4265 tract.'2,

554 4288 620 4340 de
658 4283 944 4353 Baptismo,
975 4297 1097 4353 pag.
1134 4281 1273 4336 7l5:
1307 4282 1436 4339 Haec
1476 4292 1553 4338 est
1592 4281 2004 4339 Christianon
2045 4287 2415 4343 catholicorum
2448 4290 2618 4371 ﬁdes,
2668 4302 2724 4347 ut
2769 4295 3069 4363 credamus,
3121 4314 3215 4353 nos
3255 4313 3372 4351 cum
3424 4298 3539 4363 hac,
3604 4298 3658 4351 in
3712 4312 3812 4367 qua

556 4394 696 4434 nunc
721 4393 913 4443 sumus,
944 4377 1123 4429 miima
1141 4391 1438 4445 resurgere,
1468 4374 1710 4429 habentes
1746 4376 1991 4431 idoneum
2020 4379 2209 4450 futura:
2256 4391 2448 4437 nostra:
2485 4386 2877 4440 resurrectionis
2920 4389 3210 4459 exemplum
3245 4387 3526 4442 Dominum
3580 4397 3813 4459 nostrum

576 4471 801 4527 Verbum
828 4468 1034 4533 Patris,
1066 4468 1153 4538 qui
1172 4483 1288 4519 cum
1311 4467 1380 4520 sit
1407 4465 1566 4533 Deus,
1606 4476 1655 4521 et
1696 4466 1796 4523 Dei
1848 4467 2039 4535 Filius,
2081 4487 2169 4524 seu
2231 4470 2473 4540 Verbum,
2514 4485 2562 4529 et
2609 4478 2889 4532 secundum
2934 4455 3277 4535 substantiam
3332 4455 3814 4535 diiirtitatis'Patri

561 4571 845 4620 cowternus
879 4567 927 4613 et
957 4556 1440 4621 consubstantialis;
1489 4556 1604 4611 ideo
1651 4567 1853 4645 natura:
1896 4567 2090 4615 nostra:
2112 4563 2334 4631 suscepit
2371 4563 2648 4628 hominem,
2665 4566 2822 4635 juxta
2850 4585 2999 4639 quem
3024 4585 3092 4623 ne
3119 4584 3328 4625 VlnGlNB
3356 4586 3502 4625 NASCI
3520 4611 3534 4636 ,
3558 4579 3607 4624 et
3633 4578 3812 4641 postea

567 4655 678 4726 puti
696 4661 745 4708 et
766 4651 899 4705 mori
922 4648 1101 4713 voluit,
1123 4656 1173 4701 et
1192 4646 1276 4700 die
1296 4647 1449 4700 tertia
1468 4663 1755 4718 resurgere,
1782 4659 1829 4702 et
1843 4648 1897 4701 in
1923 4649 2344 4706 caelumascendit
2368 4652 2460 4724 (j),
2483 4662 2540 4707 ut
2559 4671 2652 4709 nos
2671 4655 2740 4709 ad
2768 4673 2909 4728 spem
2928 4660 3314 4714 resurrectionis
3336 4660 3654 4714 accenderet.
3676 4658 3811 4714 Sunt

566 4746 650 4800 liis
677 4740 889 4804 similia,
919 4751 1039 4806 qua:
1065 4735 1402 4806 persequitur
1430 4742 1659 4790 tractatu
1687 4734 1738 4800 5,
1783 4748 1964 4791 contra
1991 4737 2226 4803 Judwos,
2257 4754 2379 4811 pag.
2416 4740 2517 4796 759
2546 4751 2595 4797 et
2628 4744 2693 4797 de
2719 4745 2973 4814 Capitulis
2998 4743 3359 4818 Evangelior.,
3390 4760 3511 4817 pag.
3546 4745 3667 4799 759.
3699 4747 3812 4815 Age

631 4904 707 4973 (ιι)
750 4897 1244 4973 Eodeiii_recidiip_t
1279 4909 1417 4973 quae
1466 4894 1654 4973 scribit
1666 4894 2063 4973 _sanctus_l.eo
2109 4896 2131 4951 ι
2234 4910 2356 4973 pag.
2390 4895 2513 4966 500,
2544 4906 2601 4953 et
2620 4912 2782 4973 se_r_m.
2825 4897 2911 4965 42,
2948 4914 3082 4973 pag.
3114 4898 3234 4965 509,
3283 4908 3339 4954 et
3362 4912 3523 4973 seria.
3564 4896 3652 4963 44,
3684 4912 3809 4973 pag.
3906 4906 3913 4907 ’

631 4912 707 4973 (ιι)
751 4912 953 4956 Eodem
999 4912 1244 4953 recidunt
1299 4912 1417 4964 qua:
1466 4912 1650 4949 senon.
1695 4912 1910 4950 sanctus
1953 4912 2063 4951 Leo
2109 4912 2131 4951 ι

560 4987 720 5027 senii.
753 4970 839 5036 20,
866 4971 930 5025 de
955 4967 1133 5039 Natio.
1167 4964 1357 5039 Christi
1386 4962 1436 5029 1,
1476 4977 1602 5033 pag.
1629 4962 1716 5028 45,
1750 4972 1894 5039 _tom.
1930 4967 1945 5019 Ι
1976 4981 2126 5039 oper.

2255 4912 2301 4979 'a
2340 4936 2356 4950 .
2390 4912 2513 4966 ouo,
2544 4912 2601 4953 et
2620 4912 2782 4953 serm.
2825 4912 2911 4965 42,
2996 4914 3082 4969 ag.
3114 4912 3234 4965 aut),
3283 4912 3339 4954 et
3362 4912 3523 4953 serm.
3564 4912 3652 4963 M,
3706 4912 3807 4979 ‘ag.

2234 4912 2370 5039 Eli,
2390 4977 2448 5039 et
2472 4983 2633 5039 serm.
2658 4967 2747 5034 46,
2779 4982 2902 5039 pag.
2945 4914 3068 5035 £18,
3117 4978 3172 5024 et
3217 4984 3378 5031 serm,
3412 4965 3499 5039 51,
3528 4981 3649 5037 pag.

562 5041 688 5096 edit.
706 5033 1122 5110 ‘Rom:an._l7_55
1141 5055 1152 5089 :
1171 5033 1490 5103 -Deusque
1510 5050 1657 5110 verus
1671 5042 1719 5087 et
1740 5036 1889 5110 homo
1913 5033 2130 5110 verusin
2307 5036 2610 5110 (f)_(_39nl'er
2650 5033 2822 5093 saucii
2854 5033 3065 5095 'Leonis
3110 5040 3266 5110 epist.
3309 5033 3572 5104 eamdem,
3604 5033 3725 5109 cap.
3757 5038 3813 5105 3,

561 5112 809 5178 unitatem
836 5107 1045 5159 Domini
1067 5115 1398 5178 temperatur,
1422 5112 1477 5178 ut
1504 5104 1638 5178 quod
1671 5106 1861 5159 nostris
1893 5106 2132 5178 remediis
2232 5104 2401 5178 pag'J
2416 5106 2481 5178 19
2504 5122 2659 5178 seqq.

565 5177 889 5251 congruebat,
930 5190 1061 5228 unus
1092 5172 1239 5244 atque
1261 5175 1397 5229 idem
1424 5172 1526 5229 Dei
1549 5173 1906 5246 hominumque
1934 5176 2132 5251 media-
2233 5172 2252 5178 “
2304 5172 2381 5247 (9)
2404 5175 2470 5251 §.
2500 5172 2811 5251 gem—iliis!"
2838 5192 2970 5251 cap.
2994 5181 3047 5244 4,
3079 5192 3203 5251 pag:
3242 5175 3548 5251 l_9l.‘hlitto
3591 5187 3815 5251 sancto;

566 5243 727 5314 tor,'et
748 5246 879 5302 mori
899 5253 1068 5315 posset
1089 5255 1359 5305 critico.“
1382 5260 1646 5315 resurgere
1646 5243 1835 5367 lposset
1860 5262 1925 5299 ea:
1944 5246 2126 5300 altero.
2233 5243 2371 5300 mni
2396 5243 2580 5316 Gyrilli
2625 5243 3014 5313 Alexandrini,
3064 5243 3119 5303 et
3155 5243 3463 5313 'leestini,
3514 5263 3579 5304 ac
3622 5248 3814 5322 synodi

637 5317 712 5367 (bl
741 5315 798 5367 S.
832 5314 963 5367 Leo.
989 5314 1146 5367 enist.
1178 5311 1265 5367 25.
1316 5312 1500 5367 alsit
1550 5314 1617 5367 ad
1690 5315 1977 5367 laviannm.
2007 5329 2125 5367 can.
2234 5314 2517 5367 Ephesium
2547 5316 2681 5367 loca.
2713 5332 2779 5367 ne
2808 5318 2906 5367 sim
2940 5319 2992 5367 in
3015 5334 3074 5367 re
3103 5334 3210 5367 non
3240 5318 3546 5367 necessaria
3576 5319 3811 5367 lonainr-

637 5311 712 5388 (b)
741 5315 798 5371 S.
832 5311 963 5376 Leo,
989 5314 1146 5390 epist.
1178 5311 1500 5390 25_,‘_al.‘24,
1528 5311 1617 5372 'ad
1646 5311 1977 5379 Flavianum,
2007 5329 2125 5385 cap.
2234 5311 2524 5390 Ephesian
2547 5316 2691 5390 loca,
2713 5332 2779 5390 ne
2808 5318 2906 5374 sim
2940 5311 3074 5373 inire
3102 5334 3210 5373 non
3240 5311 3546 5374 necessaria
3576 5311 3811 5390 longior.

565 5384 601 5442 5
625 5380 798 5454 ἐθιίιιη
828 5392 957 5438 tom.
988 5380 1051 5454 ll,
1085 5395 1203 5450 pag.
1237 5380 1340 5454 νέξ
1373 5397 1524 5453 seqq.
1751 5453 1757 5454 ί
1788 5453 1794 5454 ί
2075 5380 2090 5385 ’
2283 5380 2383 5454 ’(Ιι)
2404 5383 2468 5454 ,8.
2505 5384 2635 5447 Leo,
2662 5380 2788 5439 ibid.

580 5514 583 5517 ,
633 5451 802 5534 (cf
826 5452 1135 5534 _Le0_,.ibnl.,
1161 5468 1286 5534 cap.
1314 5451 1550 5534 *2_seqq.,
1585 5453 1807 5534 pag.'l‘8
1835 5467 2023 5534 seqq._
2270 5451 2533 5534 ,κῆ-γωδ
2560 5464 2801 5510 ainiotat.
2835 5455 2903 5510 ad
2932 5468 3052 5526 pag.
3083 5456 3368 5528 67l,seqq.
3403 5458 3625 5527 hujusce
3648 5455 3813 5514 colle-

696 5530 713 5594 )
744 5523 875 5579 Vide
902 5523 1063 5578 etiam
1090 5530 1335 5576 sanctum
1360 5520 1616 5587 Leonem,
1659 5520 1809 5590 ibid.,
1838 5520 1963 5592 cap.
1991 5522 2044 5587 5,
2073 5537 2127 5593 p.
2232 5520 2453 5594 ctibhis.
2526 5592 2541 5594 _
2932 5520 2948 5526 ’
3006 5520 3027 5524 ⁷
3119 5575 3129 5585 ,

561 5592 828 5671 419seq._
1014 5670 1020 5671 ί
1337 5669 1343 5671 _
1390 5598 1403 5605 '
1492 5661 1539 5671 __
1615 5662 1627 5671 _
2037 5592 2103 5671 θ
2306 5595 2381 5666 (j)
2431 5593 2486 5650 S.
2523 5592 2653 5664 Leo,
2685 5594 2834 5666 ibid.,
2866 5611 2987 5669 cap.
3021 5595 3070 5664 ὅ,
3104 5614 3227 5671 pag.
3264 5598 3362 5665 121
3414 5611 3525 5667 scq.

629 5610 868 5737 ἴεξᾛιῖἲθ
892 5670 1153 5732 praetcrea
1201 5669 1441 5716 sanctum
1492 5661 1796 5722 Maximum.
1830 5677 1992 5718 scrm.
2037 5660 2124 5728 58,
