4138 6186
324 301 395 357 49
1762 297 2140 354 ΡΙΗΕΡΑΤΙΟ.
3507 285 3578 344 5ο

322 430 451 470 vero
480 429 601 469 cum
624 414 718 469 Dei
740 413 954 481 Filium,
986 412 1128 467 Patri
1158 398 1669 469 consubstantialem
1690 422 1873 467 natum
1897 428 1963 467 ex
1993 412 2158 466 Maria
2188 409 2405 478 Virgine
2434 410 2486 464 in
2510 417 2755 478 tempore
2783 405 3075 463 secundum
3104 402 3394 468 hominem,
3420 401 3581 456 Maxi-

322 522 442 561 mus
468 505 736 572 fateatur;
765 521 995 575 cumque
1022 506 1258 560 divinam
1278 512 1333 560 et
1352 506 1639 559 humanam
1665 513 1934 565 naturam,
1963 505 2106 558 salva
2129 503 2407 571 utriusque
2427 501 2737 556 substantia:
2761 499 3109 569 proprietate,
3145 495 3196 549 in
3226 510 3383 549 unam
3415 493 3580 548 divini

323 597 482 650 Verbi
514 612 801 667 personam
831 598 1056 652 coivisse
1086 605 1329 662 testetur,
1355 597 1632 666 ipsamque
1663 595 1885 665 proinde
1915 595 2134 648 Mariam
2164 602 2217 649 et
2246 602 2474 648 matrem
2503 592 2700 645 Christi
2729 592 2823 645 Dei
2849 599 2903 644 et
2936 589 3029 644 Dei
3058 588 3371 657 genitricem
3400 584 3583 656 appel-

324 689 427 751 let;
458 686 589 755 quid
621 696 722 749 est,
745 687 888 757 quod
907 688 1190 755 quisquam
1211 687 1263 740 in
1290 686 1544 740 invidiam
1568 694 1811 739 sanctum
1828 686 2138 755 episcopum
2160 692 2332 747 vocet,
2357 684 2508 753 quasi
2532 683 2706 737 minus
2730 689 2979 736 accurate
3000 680 3242 733 minusve
3262 677 3329 731 ad
3350 674 3583 747 synodos

325 779 652 849 Ephesinam
682 790 736 832 et
762 778 1255 834 Chalcedonensem
1281 786 1404 848 apte
1431 777 1498 832 de
1525 777 1912 833 lncarnationis
1938 777 2196 848 mysterio
2226 775 2478 830 adversus
2504 774 2809 829 Nestorium
2838 780 2998 842 atque
3026 771 3319 841 Eutychem
3347 768 3584 838 disputa-

323 870 413 935 rit,
440 881 534 925 aut
561 872 855 939 quidquam
882 871 1093 937 dixerit,
1116 870 1259 939 quod
1284 885 1404 925 cum
1431 878 1739 925 sanctorum
1759 868 1962 942 Cyrilli,
1991 869 2288 935 leestini,
2314 869 2508 924 Leonis
2529 869 2771 924 doctrina
2800 866 2941 921 haud
2969 865 3121 920 facile
3147 863 3396 932 componi
3426 874 3586 930 posse

324 960 605 1015 videatur?
635 960 897 1030 Equidem
929 961 1083 1015 tidem
1114 961 1373 1016 lectorum
1394 962 1629 1031 postulo,
1653 970 1711 1014 ut
1735 961 1931 1025 adsint,
1954 969 2297 1029 cognoscant,
2322 959 2767 1023 animadvertant,
2800 959 2938 1013 sitne
2966 958 3018 1011 in
3048 954 3357 1009 deﬁnitione
3392 952 3582 1024 synodi

324 1051 565 1119 ejusdem
586 1052 1038 1107 Chalcedonensis
1064 1053 1334 1122 quidpiam
1373 1053 1517 1123 quod
1546 1069 1652 1108 non
1681 1054 1813 1108 satis
1846 1052 2094 1107 distincte
2122 1053 2509 1121 perspicueque
2529 1060 2745 1106 sanctus
2775 1049 3036 1103 Maximus
3060 1046 3299 1100 adductis
3338 1045 3583 1114 prosime

326 1144 459 1198 locis
478 1142 846 1209 homiliarum,
877 1159 1183 1198 sermonum
1206 1152 1365 1211 atque
1392 1151 1714 1199 tractatuum
1743 1160 1961 1199 suorum
2000 1144 2484 1213 comprehenderit.
2520 1142 2596 1195 En
2638 1141 2825 1211 synodi
2857 1141 3016 1194 verba
3049 1157 3060 1191 ;
3095 1138 3377 1206 Sequentes
3415 1133 3585 1187 sancti

326 1232 535 1299 Patres,
566 1246 728 1287 unum
747 1234 1079 1303 eamdemque
1106 1235 1341 1304 confiteri
1363 1233 1561 1287 Filiam
1607 1243 1657 1289 et
1685 1235 1968 1290 Dominam
1996 1243 2231 1288 nostrum
2257 1233 2437 1286 Jesum
2461 1234 2722 1286 Christum
2743 1242 3088 1288 consonanter
3116 1246 3291 1284 omnes
3319 1228 3581 1287 docemus,

322 1323 564 1377 eumdem
580 1326 865 1394 perfectum
884 1324 939 1377 in
964 1323 1191 1389 Deitate,
1222 1332 1271 1377 et
1297 1325 1533 1379 eumdem
1576 1328 1859 1396 perfectam
1880 1326 1933 1378 in
1963 1324 2305 1386 humanitate,
2339 1322 2507 1377 Deam
2534 1340 2731 1389 verum,
2762 1333 2809 1377 et
2840 1324 3097 1378 hominem
3126 1337 3324 1385 verum,
3352 1318 3585 1373 eamdem

323 1433 389 1472 ex
416 1418 600 1471 animo
621 1418 894 1483 rationali,
919 1426 968 1471 et
995 1434 1233 1489 corpore,
1266 1420 1761 1473 consubstantialem
1786 1418 1934 1473 nobis
1956 1419 2239 1472 secundum
2266 1420 2658 1483 humanitatem,
2682 1435 2771 1487 per
2792 1410 2966 1471 omnia
2987 1418 3134 1471 nobis
3155 1416 3376 1469 similent
3398 1411 3587 1479 absque

323 1514 556 1573 peccato.
582 1506 715 1559 Ante
743 1506 935 1559 swcula
972 1508 1178 1576 quidem
1204 1508 1270 1562 de
1302 1509 1463 1562 Patre
1492 1510 1720 1579 genitam
1746 1510 2024 1564 secundum
2068 1508 2349 1573 Deitatem,
2377 1511 2431 1562 in
2458 1510 2746 1562 novissimis
2772 1518 2943 1561 autem
2971 1508 3168 1571 diebus,
3195 1508 3428 1560 eumdem
3467 1519 3585 1573 pro-

323 1607 443 1665 pter
468 1613 563 1654 nos
585 1606 633 1650 et
657 1606 868 1668 prapter
891 1607 1126 1651 nostram
1152 1598 1372 1652 salutem
1394 1616 1460 1653 ea;
1489 1598 1666 1654 Maria
1687 1602 1886 1672 virgine
1914 1598 2015 1652 Dei
2042 1602 2289 1671 genitrice
2317 1600 2597 1675 secundum
2626 1601 3003 1652 humanitatem
3020 1638 3034 1662 ,
3065 1615 3224 1650 unum
3253 1596 3584 1666 eamdemque

324 1689 608 1755 Christum,
632 1689 680 1743 ιε’
683 1691 849 1755 ilium,
877 1690 1177 1758 Dominum,
1213 1693 1567 1764 Unigenitum,
1599 1694 1653 1747 in
1680 1693 1879 1745 duabus
1901 1694 2103 1745 naturis
2131 1694 2422 1763 inconfuse,
2447 1690 2957 1753 incommutabiliter,
2990 1691 3225 1752 indivise,
3256 1687 3585 1757 inseparabi-

325 1779 449 1833 liter
478 1780 885 1850 agnoscendum;
915 1798 1166 1852 nusquam
1184 1782 1387 1836 sublata
1405 1783 1697 1851 differentia
1718 1789 2025 1835 naturarum
2046 1790 2253 1851 propter
2272 1781 2582 1847 unitionem,
2604 1783 2869 1852 magisque
2898 1781 3041 1834 salva
3066 1781 3381 1850 proprietate
3403 1778 3589 1831 utrius-

325 1885 424 1940 que
452 1879 673 1935 naturae,
705 1878 753 1923 et
780 1872 835 1925 in
877 1888 1038 1925 unam
1063 1888 1357 1941 personam,
1390 1880 1543 1943 atque
1572 1871 1958 1924 subsistentiam
1989 1879 2342 1934 concurrente,
2376 1887 2480 1924 non
2508 1873 2561 1925 in
2592 1871 2724 1924 duas
2746 1886 2998 1941 personas
3020 1871 3299 1939 partitum,
3327 1876 3479 1937 atque
3506 1866 3588 1918 di-

322 1959 507 2022 visam,
536 1959 626 2011 sed
645 1974 831 2025 unum,
864 1961 1191 2031 eamdemque
1222 1960 1266 2012 F
1272 1962 1417 2014 ilium
1443 1962 1536 2031 (a).

395 2050 459 2103 γ.
490 2051 559 2104 At
588 2054 731 2107 enim
752 2054 929 2108 carnis
949 2054 1160 2121 quidem
1188 2055 1538 2122 corporisque
1564 2051 1762 2106 Christi
1794 2053 2035 2107 meminit
2064 2053 2353 2118 Maximus;
2378 2054 2568 2106 anima:
2596 2058 2776 2105 autem
2804 2052 3078 2104 rationalis
3101 2067 3205 2104 non
3238 2051 3365 2103 item
3394 2048 3584 2102 memi-

324 2140 422 2196 nit.
455 2141 619 2207 Quasi
649 2158 779 2198 vero
808 2145 896 2212 qui
952 2142 1245 2213 perfectam
1276 2145 1329 2198 in
1360 2144 1575 2200 Christo
1602 2146 1889 2200 humanam
1920 2156 2167 2201 naturam
2220 2146 2527 2213 salvumque
2557 2146 2670 2215 ejus
2698 2145 3068 2215 praprietatem
3116 2150 3362 2204 testatur,
3406 2142 3450 2195 is
3476 2155 3584 2194 non

325 2246 431 2286 una
485 2240 731 2298 testetur,
762 2236 995 2289 animam
1024 2236 1233 2291 ratidue
1271 2236 1545 2307 prmditam
1596 2237 1758 2293 fuisse
1786 2238 1945 2292 simul
1992 2255 2112 2293 cum
2156 2253 2384 2309 corpore
2416 2238 2619 2309 [xum]
2650 2247 2980 2305 assumptam
3020 2251 3053 2289 a
3081 2235 3294 2289 Verbo?
3323 2233 3428 2288 Sed
3456 2232 3584 2301 quid

325 2322 508 2376 multis
534 2339 672 2392 opus
700 2333 803 2387 est,
827 2326 872 2379 si
901 2325 1161 2381 Maximus
1190 2328 1332 2384 idem
1353 2346 1605 2384 sermone
1634 2329 1719 2395 5|,
1749 2344 1869 2399 pag.
1896 2329 2019 2395 470,
2051 2308 2251 2384 scribat
2280 2331 2383 2384 hoc
2407 2308 2565 2384 modo
2598 2348 2610 2381 :
2644 2328 2710 2381 Et
2737 2346 2914 2382 revera
2943 2329 3156 2398 dignam
3199 2337 3333 2390 erat,
3364 2335 3419 2379 at
3449 2341 3588 2380 vana

324 2413 420 2467 illa
441 2417 673 2484 corporis
703 2433 952 2480 ANIIIQUE
981 2418 1273 2472 substantia
1300 2436 1405 2472 una
1431 2437 1549 2473 cum
1567 2419 1774 2474 Christo
1796 2422 1849 2474 in
1874 2430 2123 2475 aeternum
2149 2422 2433 2475 exsultaret
2458 2423 2513 2474 in
2536 2421 2695 2487 caelis,
2722 2435 2837 2487 qua:
2863 2427 3071 2473 terrena
3096 2420 3197 2472 ista
3220 2418 3585 2487 impedimenta

322 2505 654 2572 conculcans,
686 2509 786 2561 soli
813 2509 913 2579 ipsi
940 2511 1187 2564 servierat
1218 2511 1272 2564 in
1298 2514 1463 2566 terris.

400 2594 485 2650 Vl.
512 2595 890 2653 Verumtamen
920 2600 1192 2654 simulasse
1206 2601 1476 2657 Christum
1498 2604 1749 2668 esuriem,
1774 2603 1959 2659 scribit
1979 2602 2243 2659 Maximus
2262 2620 2513 2659 sermone
2534 2605 2620 2669 l5,
2651 2619 2771 2674 pag.
2797 2603 2898 2658 454
2925 2623 2936 2653 :
2983 2604 3178 2669 Videte,
3212 2604 3399 2670 inquit,
3423 2611 3588 2658 artem

326 2686 559 2755 Domini,
590 2710 693 2762 qua
721 2694 1073 2749 adversariam
1102 2706 1217 2751 arte
1244 2699 1596 2752 circumvenit.
1631 2698 1758 2752 Post
1781 2698 1944 2751 multa
1959 2698 2166 2770 jejunio
2194 2700 2390 2753 esurire
2416 2715 2471 2752 se
2491 2699 2720 2763 simulat,
2745 2708 2801 2751 ut
2828 2701 3108 2763 diabolum,
3127 2716 3275 2769 quem
3294 2698 3587 2770 jejunando

323 2780 435 2854 iam
460 2784 672 2849 vicerat,
694 2787 878 2839 iterum
906 2790 1178 2842 esuriendo
1208 2789 1468 2844 sollicitet.
1502 2789 1660 2860 Spem
1692 2790 1830 2843 enim
1859 2790 1939 2843 illi
1966 2789 2333 2860 congrediendi
2360 2804 2424 2841 ea:
2447 2789 2753 2858 inﬁrmitate
2778 2790 2951 2842 carnis
2979 2789 3352 2854 quodammodo
3389 2788 3583 2853 tribuit,

323 2876 374 2922 et
400 2872 526 2924 dum
554 2873 707 2926 relati
734 2886 916 2928 contra
945 2878 1254 2932 imbecillem
1283 2879 1637 2951 congreditur,
1663 2879 1944 2951 gloriosius
1969 2887 2256 2949 superetur.
2289 2879 2443 2945 Quod
2465 2880 2531 2944 si,
2561 2887 2781 2934 auctore
2806 2879 3067 2945 Maximo,
3099 2896 3161 2935 ea
3208 2880 3306 2934 fuit
3328 2896 3355 2934 a
3376 2881 3588 2936 Christo

324 2959 578 3015 simulata
609 2964 832 3031 esuries,
865 2981 961 3020 cur
991 2984 1094 3020 non
1120 2968 1247 3021 item
1269 2969 1373 3023 dici
1400 2970 1598 3037 poterit
1643 2970 1922 3024 simulatas
1951 2969 2113 3025 fuisse
2140 2985 2171 3023 a
2199 2968 2412 3024 Christo
2443 2970 2577 3039 ipso,
2601 2969 2817 3025 Maximi
2859 2970 3097 3040 ejusdem
3121 2975 3404 3038 sententia,
3436 2972 3587 3027 lassi-

326 3054 561 3123 tudines,
588 3058 837 3125 gemitus,
864 3060 1126 3125 tristitias,
1157 3063 1429 3115 mortem?
1456 3061 1568 3130 Ego
1611 3077 1740 3117 vero
1768 3078 1891 3117 cum
1940 3063 2109 3117 sancti
2136 3063 2375 3131 episcopi
2405 3062 2654 3118 homilias
2684 3078 3068 3132 sermonesque
3096 3066 3399 3130 considero,
3430 3066 3587 3135 plane

326 3145 485 3202 video
506 3149 559 3203 in
592 3149 779 3204 iisdem
809 3151 938 3205 satis
967 3160 1151 3221 aperte
1177 3153 1430 3208 constitui
1451 3168 1511 3207 re
1539 3153 1755 3223 quidem
1780 3169 1903 3207 vera
1925 3156 2155 3211 esurisse
2176 3152 2466 3208 Christum.
2500 3152 2696 3207 Homil.
2721 3155 2809 3218 57,
2838 3168 2959 3224 pag.
2994 3154 3094 3207 107
3121 3174 3132 3207 :
3169 3154 3471 3226 lgnarabat,
3504 3156 3586 3209 in-

327 3239 462 3307 quit,
494 3240 742 3293 nimirum
772 3241 1029 3306 diabolus,
1064 3244 1183 3307 quia
1230 3244 1367 3313 qaod
1392 3240 1627 3297 Christus
1656 3247 1977 3299 nutrimenta
2005 3244 2298 3316 perferebat
2336 3246 2598 3315 infantiae,
2626 3246 2861 3317 quodque
2906 3246 3164 3300 esuriebat
3191 3256 3248 3299 ut
3278 3248 3452 3313 homo,
3483 3266 3586 3303 non

326 3339 439 3384 erat
466 3333 768 3402 fragilitatis
795 3350 1070 3403 corporeae,
1100 3336 1192 3388 sed
1215 3336 1434 3389 cwlestis
1456 3338 1643 3407 gratim
1671 3344 2075 3390 sacramentum.
2106 3335 2405 3389 Esomseu
2438 3336 2598 3403 igitur
2616 3345 2675 3391 ut
2704 3338 2854 3392 homo
2875 3337 3147 3403 Christus,
3173 3347 3307 3393 teste
3330 3339 3582 3395 Maximo.

332 3422 564 3476 Rursum
589 3422 727 3477 idem
763 3424 1023 3480 Maximus
1050 3427 1268 3481 homilia
1296 3426 1385 3493 38,
1417 3441 1541 3497 pag.
1569 3426 1672 3480 112
1703 3445 1715 3479 :
1751 3425 2052 3492 Quomodo,
2082 3428 2271 3496 inquit,
2306 3436 2469 3498 potest
2490 3429 2626 3497 ﬁeri,
2658 3437 2712 3481 ut
2744 3431 2827 3499 qui
2857 3438 2931 3483 tot
2958 3430 3160 3483 dierum
3186 3447 3398 3484 numero
3431 3430 3587 3499 (jc-ju-

332 3512 489 3584 nans)
520 3516 705 3584 famem
732 3517 972 3587 sitimque
995 3534 1097 3571 non
1126 3519 1362 3582 senserit,
1393 3526 1574 3587 postea
1603 3519 1875 3572 esurierit?
1904 3516 2201 3572 Esumsnn
2229 3532 2414 3581 pune,
2446 3533 2546 3571 nec
2575 3532 2781 3572 NBGARE
2823 3532 3080 3572 possumus
3118 3534 3253 3581 quon
3285 3534 3584 3582 εεῠκιεκιτ.

330 3600 403 3656 Et
421 3602 635 3656 homilia
664 3602 751 3667 43,
776 3619 898 3673 pag.
931 3604 1030 3659 129
1056 3594 1070 3658 Ξ
1102 3605 1290 3671 Nobis,
1324 3607 1515 3675 inquit,
1539 3608 1677 3671 vicit,
1710 3608 1794 3678 qui
1836 3608 2086 3679 dignatas
2115 3616 2189 3661 est
2220 3620 2441 3662 asonma
2484 3624 2577 3678 pro
2604 3608 2770 3662 nobis.
2803 3607 3117 3678 Aggreditar
3154 3609 3326 3676 itaque
3347 3607 3589 3669 diabolus

332 3700 532 3746 tentare
556 3690 929 3747 Christum..—...
962 3695 1272 3765 Suspicatur
1297 3697 1445 3750 illam
1473 3697 1569 3750 Dei
1596 3715 1707 3751 esse
1736 3698 1784 3749 F
1785 3700 1951 3770 ilium,
1975 3716 2121 3770 quem
2143 3701 2500 3752 continuatum
2526 3701 2873 3770 quadraginta
2892 3699 3093 3753 dierum
3117 3700 3251 3753 videt
3283 3700 3591 3769 explicuisse

328 3783 601 3857 jejunium,
632 3788 725 3840 sed
776 3804 976 3841 rursum
1004 3787 1224 3855 dubitat,
1258 3791 1483 3843 diuinam
1509 3790 1586 3844 illi
1615 3792 1782 3844 inesse
1803 3768 2063 3855 naturam,
2084 3807 2238 3862 quem
2272 3793 2419 3861 quasi
2448 3768 2887 3860 infirmum—inter
2917 3799 3130 3846 caeteros
3172 3768 3430 3857 homines,
3456 3809 3585 3847 νει·
3627 3818 3641 3829 ν

327 3891 498 3931 srtcrr
529 3879 749 3931 esurire.
770 3878 953 3950 Stupet
975 3882 1227 3934 attonitus
1248 3898 1362 3952 quis
1389 3884 1457 3935 sit
1486 3884 1587 3934 ista
1616 3882 1838 3948 novitas,
1869 3881 2154 3935 humanam
2181 3898 2286 3936 non
2316 3881 2503 3935 habere
2528 3890 2815 3951 peccatum,
2847 3890 2896 3936 et
2923 3884 3281 3936 necessitatem
3308 3885 3589 3952 peccatoris

330 3967 552 4021 hominis
581 3970 852 4023 sustinere.
887 3968 1119 4024 Christus
1147 3979 1320 4024 autem
1342 3966 1596 4026 Dominus
1622 3971 1938 4039 Redemptor
1958 3979 2133 4024 noster
2150 4011 2164 4035 ,
2195 3978 2252 4023 ut
2286 3970 2541 4040 perditum
2563 3972 2925 4042 infirmumque
2952 3974 3209 4026 hominem
3237 3981 3496 4027 reuocaret
3522 3973 3592 4027 ad

329 4053 516 4121 Deum,
539 4072 786 4121 esum“,
818 4074 1215 4125 usa-romana,
1248 4075 1520 4114 ιιωωιιεκ
1551 4075 1619 4113 ετ
1640 4075 1800 4113 ouum
1831 4075 1881 4112 IN
1903 4074 1965 4112 se
1994 4074 2193 4111 unum)
2214 4071 2466 4113 conroms
2492 4073 2702 4113 turmas
2732 4075 2998 4114 SUSCEPN’.
3032 4059 3229 4114 Esuriit
3255 4061 3413 4128 igitur
3432 4060 3589 4116 Chri-

329 4154 443 4201 stus
467 4162 679 4211 revera,
708 4157 765 4201 ut
794 4149 1178 4216 lassitudinem,
1210 4164 1501 4204 manerem
1530 4148 1741 4217 aliaque
1768 4147 1977 4201 inﬁrma
2006 4148 2222 4201 humani
2252 4148 2495 4217 corporis
2546 4164 2733 4203 revera
2781 4165 3067 4220 perpessus
3111 4160 3225 4217 est;
3258 4153 3353 4207 sed
3381 4155 3586 4219 esuriit,

328 4239 499 4293 nostri
523 4254 706 4302 causa,
735 4242 811 4293 uti
841 4241 1089 4296 nimirum
1117 4256 1218 4296 nos
1246 4250 1525 4296 revocaret
1552 4241 1619 4295 ad
1640 4241 1828 4297 Deum.
1862 4240 2039 4307 Quare
2064 4240 2208 4310 quod
2236 4241 2513 4310 superiore
2532 4240 2749 4295 homilia
2774 4241 2867 4304 58,
2892 4258 3013 4312 pag.
3040 4244 3159 4309 HS,
3189 4245 3358 4299 dixit:
3392 4244 3587 4300 Esuriit

330 4346 433 4385 non
456 4330 625 4384 cibum
648 4331 927 4397 hominum,
952 4334 1043 4387 sed
1071 4334 1323 4398 salutem;
1347 4349 1439 4386 nec
1468 4348 1706 4387 escarum
1737 4334 2065 4387 saecularium
2104 4334 2283 4403 epulas
2318 4333 2623 4400 concupivit,
2653 4334 2746 4387 sed
2775 4335 3067 4387 animarum
3095 4336 3406 4389 desiderarit
3434 4338 3587 4391 coele-

329 4425 489 4477 stium
531 4426 877 4477 sanctitatem.
914 4423 1068 4478 Cibus
1106 4423 1243 4478 enim
1271 4425 1463 4479 Christi
1491 4432 1567 4479 est
1595 4424 1879 4495 redemptio
1908 4424 2229 4494 populorum,
2263 4423 2403 4477 cibus
2430 4421 2623 4476 Christi
2650 4430 2725 4476 est
2754 4431 2986 4493 paterna:
3012 4422 3290 4477 voluntatis
3336 4424 3585 4491 effectus;

326 4524 449 4566 non
462 4512 570 4566 alio
598 4512 847 4581 pertinet,
873 4528 1033 4582 qnam
1065 4519 1125 4567 ut
1152 4511 1436 4580 signiticet,
1468 4512 1723 4566 esuriisse
1750 4510 1967 4579 quidem
1995 4526 2122 4565 vere
2150 4511 2496 4565 Servatorem
2536 4512 2750 4579 generis
2780 4512 3031 4577 humani;
3062 4511 3157 4567 sed
3177 4528 3287 4567 non
3326 4520 3435 4566 tam
3459 4528 3584 4567 esu-

328 4602 486 4657 riisse
511 4602 689 4656 cibum
738 4603 1016 4657 hominum
1050 4618 1213 4670 quam
1258 4603 1511 4666 salutem,
1536 4601 1688 4670 cujus
1724 4610 1875 4657 certe
1902 4602 2093 4655 salutis
2143 4600 2426 4655 all'erendze
2454 4616 2615 4657 causa
2660 4603 2929 4666 esuriem,
2962 4602 3351 4665 lassitudinem,
3384 4618 3573 4657 moero-

327 4706 553 4760 remquc
589 4702 919 4763 susceperat.
973 4694 1145 4762 Atque
1201 4693 1343 4747 idem
1393 4692 1657 4746 Maximus
1712 4691 1899 4746 homil.
1957 4691 2044 4755 45,
2098 4704 2220 4760 pag.
2281 4689 2402 4753 150,
2463 4689 2636 4761 Magis
2684 4691 2911 4745 salutem
2948 4690 3116 4764 [χιιι]
3148 4692 3421 4745 hominum
3463 4708 3584 4746 esu-

325 4782 486 4837 riisse
530 4781 798 4837 Christum
829 4824 843 4849 ,
903 4784 1074 4853 pergit
1128 4784 1407 4846 scribere,
1453 4782 1703 4836 videlicet
1755 4782 1895 4835 hanc
1945 4781 2114 4848 magis
2168 4794 2328 4849 quam
2381 4779 2600 4834 cibum:
2635 4778 2740 4834 Sed
2782 4798 2936 4845 vero,
2996 4780 3202 4848 inquit,
3262 4781 3584 4850 omnipotens

330 4874 658 4947 Unigenitus,
697 4878 783 4945 qui
840 4886 1069 4929 nostram
1126 4891 1277 4929 ascrs
1326 4890 1586 4928 nsunma'r
1641 4888 1903 4933 suurn,
1951 4872 2043 4924 tali
2100 4878 2401 4925 tentatorem
2452 4887 2598 4925 suam
2641 4872 2970 4940 responsione
3007 4872 3287 4940 confudit:
3322 4891 3340 4923 ι
3371 4870 3496 4926 Νοη
3529 4874 3583 4926 in

323 4969 440 5024 solo
497 4984 632 5037 pane
680 4970 797 5022 civit
839 4968 1006 5024 homo,
1058 4967 1147 5020 sed
1197 4967 1252 5018 in
1301 4966 1441 5018 omni
1484 4961 1633 5017 verbo
1662 4962 1781 5016 Dei.
1822 4980 1840 5009 ι
1878 4958 1990 5023 Quo
2040 4977 2305 5029 responso,
2360 4960 2672 5023 charissimi,
2727 4968 2783 5011 at
2834 4959 3165 5028 explorator,
3216 4961 3303 5031 qui
3355 4961 3583 5016 incertus

326 5064 565 5121 venerat,
595 5058 836 5110 incertior
869 5057 1187 5117 redderetur,
1220 5055 1547 5107 intestimata:
1574 5053 1862 5121 prudentie:
1891 5050 2143 5104 Dominus
2172 5066 2271 5105 NEC
2307 5066 2482 5104 messe
2509 5066 2604 5104 sm
2632 5064 2857 5103 nsumsu
2900 5063 3217 5113 DENEGAVIT,
3249 5066 3347 5105 nec
3390 5068 3585 5106 nsunt;-

324 5160 485 5201 csam
514 5160 903 5200 secessimus:
933 5161 993 5199 se
1024 5162 1227 5199 nsnsnc
1257 5160 1544 5199 rnorcssos
1572 5160 1689 5198 EST.
1729 5162 1747 5194 ‹
1779 5141 1923 5206 Νοη,
1955 5143 2143 5211 inquit,
2176 5143 2230 5195 in
2258 5159 2393 5213 pane
2422 5150 2638 5205 tantum,
2669 5159 2686 5191 ι
2714 5147 2818 5194 etc.
2843 5138 2958 5192 Hoc
2978 5148 3072 5203 est,
3101 5142 3197 5195 etsi
3216 5159 3309 5213 ego
3338 5144 3583 5207 esuriam,

322 5236 459 5289 mihi
488 5243 672 5299 tamen,
707 5233 927 5299 diubole,
957 5252 1057 5290 son
1089 5252 1183 5289 ssr
1213 5250 1560 5289 NECESSARIUS
1590 5234 1760 5305 panis,
1788 5241 1891 5287 etc.
1922 5232 2149 5286 Homilia
2180 5247 2342 5301 porro
2360 5231 2451 5296 49,
2480 5243 2599 5299 pag.
2636 5227 2735 5282 l'54
2768 5245 2780 5280 :
2813 5227 3021 5299 Moyses
3050 5246 3154 5285 non
3186 5232 3411 5297 esurivit,
3445 5239 3501 5283 at
3529 5232 3582 5285 in

321 5327 534 5381 homine
563 5326 738 5398 fragili
760 5336 968 5395 operata
998 5325 1259 5378 Divinitas
1297 5326 1632 5396 probaretur;
1664 5340 1907 5379 nsumvrr
1937 5324 2035 5378 Dex
2063 5323 2260 5386 Fulus,
2293 5338 2360 5376 υτ
2392 5333 2745 5375 ASSUIP‘I’IONB
2774 5334 2958 5375 CARNIS
2984 5336 3201 5375 nasuta:
3230 5336 3493 5376 nume
3523 5338 3583 5376 ss

314 5428 624 5470 SUSCEPISSE
653 5430 887 5469 BOIIIXBI!
928 5431 1261 5468 ncvzunsr.
1298 5413 1447 5477 Quod
1487 5431 1589 5468 non
1638 5414 1796 5467 esurit
1832 5412 2073 5483 Moyses,
2106 5412 2322 5467 cmlestis
2366 5419 2439 5464 est
2480 5408 2837 5479 possibilitatis
2884 5412 3207 5481 exemplum;
3244 5413 3380 5480 quod
3424 5412 3584 5465 esurit

313 5499 584 5562 Christus.
616 5510 807 5557 nostra:
833 5512 907 5555 est
936 5503 1300 5573 redemptionis
1332 5509 1734 5555 sacramentum.
1767 5500 2084 5569 Hujusmodi
2120 5500 2371 5554 Dominus
2402 5500 2595 5569 peregit
2626 5500 2679 5553 in
2707 5516 2801 5555 sua
2831 5516 2985 5555 carne
3013 5502 3330 5572 mysterium,
3360 5510 3415 5555 ut
3449 5500 3586 5557 sicut

391 5679 479 5758 (α)
502 5682 715 5741 Action.
748 5681 799 5750 5,
830 5696 947 5753 pag.
983 5678 1105 5747 455,
1137 5687 1265 5735 tom.
1298 5677 1342 5733 ll
1370 5676 1657 5733 Concilior.
1689 5677 1817 5733 edit.
1850 5676 2015 5735 Paris.
2050 5692 2135 5733 an.
2174 5675 2321 5731 l7l4.
