4138 6186
539 305 600 362 Si
1968 312 2169 368 ΡΜΞΡ

2160 313 2347 369 'ATlO.
3720 324 3794 382 {i1

541 421 680 477 Dinis
701 439 810 477 esse
836 424 1023 479 divinis
1050 425 1320 480 virtutibus
1347 427 1596 490 creditur;
1629 439 1716 481 trs
1749 441 1816 480 ετ
1845 439 1985 482 nouo
2017 443 2152 492 esse,
2188 443 2610 484 mrtnurrntnus
2639 442 2994 487 nicuoscnun
3022 445 3265 488 unum.
3304 429 3368 487 Et
3397 434 3627 515 hincést
3655 438 3793 504 quod

540 513 773 567 Christus
811 530 878 568 cr
911 532 1053 570 nouo
1082 532 1284 583 nsunrr,
1317 529 1364 570 et
1395 519 1674 571 esurientes
1703 518 1868 588 pascit
1893 521 1950 569 ut
1976 516 2139 570 Deus.
2171 516 2311 570 Hinc
2337 518 2473 584 quod
2501 520 2752 590 fatigatur
2778 522 2981 588 itinere,
3012 530 3063 576 et
3090 523 3289 576 claudis
3335 513 3572 577 virtutem
3609 523 3792 577 tribuit

535 603 851 659 ambulandi.
879 603 1017 660 Ilinc
1045 609 1180 678 quod
1211 612 1393 662 oculos
1409 626 1528 664 suos
1556 611 1700 664 laxat
1744 611 1799 663 in
1824 608 2102 680 lacrymas,
2151 625 2201 664 et
2231 611 2538 666 mirabiliter
2565 615 2712 666 ccecis
2746 617 2996 685 reformat
3047 616 3495 688 aspectum-Hinc
3522 615 3657 687 quod
3689 630 3788 684 ιῳ-

534 699 908 770 propinquante
938 709 1102 755 morte
1130 702 1384 767 tristatur,
1420 712 1468 756 ct
1514 712 1772 756 mortuum
1809 701 2078 756 Lazarum
2123 703 2340 756 suscitat
2379 703 2446 756 de
2492 705 2746 774 sepulcro.
2777 705 2910 760 Haec
2947 708 3150 772 omnia,
3192 710 3403 778 fratres,
3445 705 3692 760 Conditor
3719 722 3788 761 ac

538 791 846 861 Redemptor
874 800 1066 856 noster,
1098 801 1154 844 ut
1194 792 1329 845 Deus
1356 802 1405 846 et
1434 795 1584 848 homo
1613 796 1741 865 agit,
1778 807 1879 849 non
1905 809 2026 858 ours
2056 809 2209 849 rtus
2243 809 2350 849 ιιιι
2379 795 2631 850 assensor
2665 811 2978 852 nucessrus
3005 814 3149 864 retr,
3177 799 3270 853 sed
3297 801 3417 869 quia
3447 797 3550 851 tale
3577 798 3631 850 in
3657 798 3784 854 celo

529 889 578 935 et
600 884 653 936 in
684 885 836 937 terris
862 883 1018 937 voluit
1039 899 1256 953 regnare
1283 886 1598 954 mysterium.
1627 879 1827 940 Eodem
1849 895 2096 956 spectant
2113 901 2232 954 qua:
2256 887 2567 956 complexus
2593 897 2677 942 est
2703 888 2921 942 homilia
2949 887 3068 952 108,
3097 902 3219 958 pag.
3248 886 3352 941 557
3377 907 3389 941 :
3417 885 3554 951 Quid
3574 888 3782 954 mirum,

529 975 763 1041 fratres?
791 973 976 1042 inquit.
1011 973 1246 1028 Christus
1273 976 1409 1027 venit
1435 976 1693 1045 suscipere
1713 975 2044 1045 infirmitates
2070 984 2276 1030 nostras
2312 984 2361 1029 et
2386 987 2509 1030 suas
2540 975 2686 1031 nobis
2726 978 2960 1047 conferre
2991 977 3236 1037 virtutes;
3277 976 3505 1029 humana
3532 991 3782 1044 quarrere,

528 1070 777 1130 prwstare
799 1064 1007 1128 divina;
1048 1065 1282 1133 accipere
1313 1062 1556 1132 injurias,
1592 1064 1806 1118 reddere
1831 1064 2148 1135 dignitates;
2178 1066 2314 1135 ferre
2342 1065 2521 1126 taedia,
2553 1067 2746 1135 referre
2772 1065 3138 1118 sanitates.....
3170 1062 3517 1119 Christus.....
3549 1065 3648 1117 nisi
3681 1065 3782 1117 im-

525 1155 712 1221 plesset
740 1158 914 1210 contis
940 1159 1192 1224 ordinem,
1226 1161 1397 1214 carnis
1426 1161 1479 1212 in
1508 1159 1598 1212 illo
1625 1167 1757 1212 esset
1787 1161 1952 1213 otiosa
1979 1160 2252 1228 susceptio.
2287 1158 2542 1213 Sustinuit
2570 1174 2690 1229 ergo
2719 1160 2812 1211 has
2837 1159 3188 1222 necessitates,
3220 1166 3275 1211 ut
3312 1172 3454 1212 nouo
3485 1169 3648 1211 vanus
3679 1157 3777 1208 hu-

527 1248 693 1301 manis
722 1248 1107 1303 necessitatibus
1137 1266 1498 1305 PROBARETUB.
1529 1249 1644 1304 Jam
1673 1265 1802 1304 vero
1830 1261 2082 1303 sermone
2105 1248 2205 1314 42,
2235 1263 2358 1318 pag.
2388 1248 2510 1314 509,
2541 1250 2784 1304 ethnicos
2819 1248 3101 1304 refellens.
3142 1248 3236 1316 qui
3271 1246 3505 1315 obiicere
3540 1247 3778 1303 solerent

529 1337 771 1392 timuisse
798 1337 1069 1395 Christum
1098 1360 1111 1394 :
1146 1341 1356 1406 Timuit,
1387 1341 1574 1409 inquit,
1607 1340 1861 1401 Christus,
1893 1338 1984 1393 sed
2010 1347 2067 1391 ut
2087 1337 2267 1392 timere
2287 1348 2375 1393 aut
2402 1340 2566 1405 vellet,
2595 1349 2686 1392 aut
2706 1347 2898 1408 posset,
2923 1339 2989 1392 de
3015 1340 3178 1393 nostri
3204 1338 3334 1392 illud
3359 1339 3588 1407 corporis
3615 1338 3766 1406 inﬁr-

523 1426 700 1481 mitate
722 1431 964 1502 suscepit.
1008 1428 1140 1484 lude
1166 1433 1303 1484 enim
1329 1432 1520 1496 timuit,
1549 1430 1686 1484 unde
1723 1438 1771 1484 et
1798 1429 2030 1493 esui-ivit,
2057 1428 2196 1484 unde
2227 1430 2391 1484 tristis
2417 1438 2552 1494 erat,
2579 1430 2717 1483 unde
2751 1429 3014 1494 dormivit,
3045 1429 3182 1484 unde
3207 1429 3400 1493 doluit,
3427 1428 3565 1482 unde
3604 1429 3763 1497 ﬂevit.

524 1517 661 1582 Quid
692 1521 788 1576 hoc
817 1524 894 1576 rei
920 1524 1035 1576 est?
1085 1523 1238 1577 Vides
1266 1522 1527 1578 Christum
1555 1525 1814 1578 timentem
1854 1525 2005 1590 mori,
2045 1533 2095 1578 et
2121 1541 2224 1579 non
2263 1525 2456 1596 aspicis
2482 1541 2598 1578 eum
2626 1525 2922 1596 triumphali
2950 1542 3106 1579 manu
3133 1526 3347 1595 captiva:
3377 1527 3559 1579 mortis
3598 1526 3767 1595 spolia

521 1607 912 1662 detrahentem?
948 1608 1154 1675 Quotus
1193 1619 1370 1665 autem
1411 1611 1638 1679 quisque
1670 1619 1772 1675 est,
1803 1613 1893 1680 qui
1919 1626 1990 1667 ex
2019 1611 2278 1668 hactenus
2317 1612 2492 1666 allatis
2519 1611 2739 1666 Maximi
2768 1615 2937 1667 nostri
2966 1614 3098 1668 locis
3134 1629 3241 1666 non
3263 1614 3421 1682 plane
3462 1614 3775 1684 perspiciat,

521 1714 774 1767 quorsum
817 1701 1183 1768 accipiendum
1229 1703 1299 1757 sit
1327 1707 1383 1757 τὸ
1414 1702 1611 1755 esurire
1637 1718 1692 1754 se
1715 1702 1926 1755 simulat
1951 1717 1980 1754 a
2021 1711 2210 1758 sancto
2236 1703 2490 1772 episcopo
2529 1718 2778 1758 sermone
2809 1702 2877 1756 lii
2897 1743 2913 1769 ,
2953 1719 3073 1774 pag.
3107 1703 3245 1770 456,
3274 1713 3585 1774 usurpatum
3611 1705 3623 1756 !
3654 1705 3772 1761 Non

524 1789 666 1843 enim
690 1791 777 1844 hic
797 1795 851 1846 τὸ
875 1792 1086 1846 simulat
1112 1793 1304 1847 eodem
1331 1799 1490 1861 atque
1515 1794 1574 1847 τὸ
1595 1793 1746 1862 ﬁngit
1774 1789 2083 1848 revolvitur.
2107 1792 2226 1859 Quo
2246 1807 2478 1861 namque
2505 1792 2667 1848 modo
2691 1793 2936 1849 Christus
2961 1793 3198 1848 tinxisset
3217 1794 3423 1848 esurire
3446 1808 3525 1858 se,
3554 1793 3770 1851 Maximi

519 1877 733 1945 quidem
764 1882 1052 1946 sententia,
1094 1882 1138 1935 si
1179 1880 1438 1936 Maximus
1467 1879 1582 1949 ipse
1611 1889 1797 1950 aperte
1823 1880 2001 1946 docet,
2033 1889 2144 1936 tam
2173 1897 2279 1936 non
2323 1879 2542 1936 ﬁnxisse
2575 1880 2878 1948 Christum,
2908 1891 2968 1937 ut
2997 1899 3055 1938 re
3081 1899 3212 1938 sane
3239 1899 3364 1939 vera
3393 1885 3622 1939 esuriem
3651 1901 3772 1955 per-

521 1985 707 2038 pessus
733 1970 911 2037 luerit,
942 1972 1082 2027 haud
1113 1972 1190 2046 [ι]
1219 1987 1374 2027 secus
1403 1987 1466 2026 ac
1494 1971 1855 2026 lassitudinem
1884 1980 2043 2040 atque
2095 1973 2424 2028 maerorem?
2459 1971 2575 2038 Qua
2603 1972 2816 2042 quidem
2846 1973 2912 2028 de
2940 1989 3000 2029 re
3027 1973 3276 2040 conferri,
3307 1989 3427 2044 qua:
3455 1975 3616 2044 paulo
3644 1984 3774 2033 ante

519 2061 794 2130 descripsi,
830 2065 1131 2117 testimonia
1162 2054 1378 2120 Maximi
1404 2065 1643 2135 ejusdem
1672 2083 1942 2138 cuperem.
1974 2068 2069 2124 His
2097 2077 2274 2124 autem
2303 2070 2563 2124 accedunt
2589 2084 2707 2139 quae
2733 2085 2861 2125 mox
2891 2067 3100 2136 addam,
3141 2084 3368 2140 quaeque
3396 2070 3461 2125 ad
3490 2071 3769 2127 veritatem

519 2152 678 2220 plane
704 2153 1044 2223 persuadent,
1073 2169 1200 2210 vere
1236 2155 1368 2220 hmo,
1403 2156 1612 2226 aliaque
1639 2159 1852 2225 generis
1879 2159 2144 2228 ejusdem,
2175 2175 2280 2230 qua
2309 2159 2601 2233 hominem,
2648 2159 2930 2230 pertulisse
2957 2159 3248 2215 Christum.
3279 2161 3542 2216 Sermone
3581 2161 3677 2228 58,
3710 2164 3772 2218 de

523 2240 785 2314 Tempore,
817 2259 936 2314 pag.
970 2243 1071 2299 500
1096 2263 1108 2298 :
1146 2245 1415 2317 Nunquid,
1445 2247 1615 2317 inquit
1641 2248 1920 2315 Maximus,
1953 2253 2149 2322 frustra
2172 2253 2344 2324 vagire
2372 2249 2657 2324 (Christus)
2686 2253 2738 2306 in
2769 2254 2918 2306 cunis
2945 2252 3206 2307 voluit?...
3242 2251 3492 2324 Nunquid
3510 2254 3778 2307 incassum
3876 2295 3881 2299 -

521 2337 810 2404 flevit?.....
838 2334 1088 2406 Nunquid
1114 2338 1276 2391 otiose
1304 2346 1508 2408 potatus
1536 2348 1681 2395 aceto
1699 2382 1713 2407 ,
1747 2341 1945 2395 cibatus
1970 2352 2048 2396 est
2077 2343 2340 2413 felle?.....
2375 2343 2626 2414 Nunquid
2654 2343 2826 2396 inanis
2853 2343 2965 2413 ejus
2991 2349 3067 2397 est
3092 2343 3418 2413 passio
3449 2343 3517 2396 Et
3543 2342 3660 2396 ideo
3685 2360 3768 2414 qut

520 2426 868 2480 crassitudine
888 2427 1116 2480 carnalis
1142 2427 1360 2496 ingenii,
1399 2429 1659 2497 passionis
1685 2429 1795 2499 ejus
1826 2433 2070 2499 mysteria
2097 2432 2526 2501 comprehendere
2565 2447 2669 2486 non
2698 2431 2964 2495 valemus;
2993 2446 3361 2486 CREDULI‘I‘ATE
3391 2445 3579 2486 nec-ra:
3609 2447 3767 2496 FIDEI,

518 2535 634 2581 oua:
681 2535 994 2584 νηκεετιτιτ,
1026 2536 1322 2574 remeamus.
1352 2518 1421 2573 Et
1447 2535 1606 2574 serm.
1638 2520 1726 2586 45,
1756 2537 1876 2591 pag.
1908 2521 2008 2574 512
2035 2541 2046 2574 :
2076 2523 2206 2576 Erat
2235 2523 2390 2576 simul
2421 2525 2477 2577 in
2507 2522 2714 2576 Christo
2744 2531 2792 2576 et
2819 2523 3086 2594 regnantis
3113 2522 3419 2585 dominatio,
3457 2530 3505 2576 et
3533 2523 3767 2576 ministe-

517 2609 650 2660 rium
672 2609 956 2662 servientis.
990 2606 1135 2660 Nam
1153 2624 1270 2661 cum
1296 2610 1351 2662 in
1380 2611 1549 2680 forma
1573 2609 1673 2663 Dei
1701 2618 1854 2675 esset,
1874 2621 1929 2663 ut
1957 2611 2104 2665 docet
2136 2611 2335 2666 Paulus
2365 2612 2650 2684 apostolus,
2685 2614 2908 2683 formam
2933 2613 3102 2667 induit
3124 2613 3398 2666 servitutis.
3431 2609 3566 2664 Erat
3593 2628 3778 2665 revera

517 2698 566 2748 in
593 2699 763 2768 forma
791 2696 892 2751 Dei
916 2696 1169 2760 Christus,
1200 2714 1316 2752 cum
1342 2715 1532 2770 aquam
1559 2699 1611 2752 in
1641 2701 1760 2753 vina
1787 2693 2047 2764 vertendo,
2079 2709 2439 2755 creaturarum
2465 2718 2521 2755 se
2547 2717 2656 2755 esse
2679 2699 2962 2755 Dominum
2989 2699 3360 2755 revelabat.....
3394 2697 3461 2752 In
3483 2699 3652 2768 forma
3681 2712 3766 2751 au.

515 2795 616 2838 tent
639 2787 771 2840 servi
799 2796 930 2852 erat,
957 2803 1072 2841 cum
1093 2789 1295 2843 itineris
1323 2791 1632 2863 fatigatione
1650 2793 1892 2858 lassatus,
1928 2794 2082 2846 veluti
2111 2795 2433 2864 requiescens
2456 2811 2611 2864 super
2635 2811 2692 2850 os
2716 2795 2853 2865 putei
2878 2791 3104 2847 sedebat.
3131 2789 3383 2846 Formam
3407 2790 3538 2844 servi
3559 2789 3767 2860 agebat,

488 2897 626 2938 -cum
653 2884 706 2936 in
734 2899 848 2937 eum
885 2883 1195 2938 insultantes
1233 2885 1380 2955 impii
1402 2886 1748 2940 sordidissinti
1774 2888 1882 2942 oris
1909 2888 1992 2940 sui
2017 2890 2343 2959 sputamenta
2368 2888 2699 2959 proﬁcerent.
2748 2886 2900 2940 Servi
2940 2887 3166 2956 formam
3198 2888 3516 2952 susceperat,
3546 2895 3663 2934 cum
3691 2881 3761 2950 fa-

514 2973 642 3026 cient
672 2981 839 3036 sudm,
872 2988 1025 3044 quam
1051 2974 1240 3027 intueri
1271 2973 1595 3028 credentibus
1617 2977 1796 3046 pavori
1816 2984 1947 3040 erat,
1977 2993 2008 3028 a
2029 2975 2218 3045 palmis
2246 2983 2294 3029 et
2323 2974 2506 3029 ictibus
2532 2975 2814 3029 ludentium
2839 2989 2944 3028 non
2974 2973 3155 3037 vertit;
3185 2979 3232 3024 et
3261 2969 3395 3041 quod
3417 2970 3511 3033 his,
3545 2969 3632 3040 qui
3654 2983 3761 3022 vers

510 3068 628 3113 sunt
658 3060 808 3123 servi,
841 3063 1038 3131 perpeti
1061 3069 1172 3116 erat
1206 3064 1576 3132 turpissimum,
1605 3065 1764 3118 etiam
1787 3065 2030 3134 scapulas
2058 3081 2201 3130 suas,
2229 3064 2408 3134 quibus
2433 3073 2616 3118 nostra
2642 3071 2850 3118 venerat
2885 3069 3096 3132 peccata
3123 3067 3351 3131 portare,
3391 3059 3763 3114 verberantium

510 3148 744 3202 manibus
784 3149 1189 3203 inclinavit......
1225 3149 1427 3221 Itaque,
1458 3153 1670 3222 fratres,
1701 3168 1817 3206 eum
1843 3170 1979 3206 unus
2006 3153 2240 3225 idemque
2265 3153 2363 3207 Dei
2401 3152 2447 3206 F
2451 3153 2572 3207 ilius
2599 3153 2733 3206 mira
2760 3152 2958 3222 fecerit,
2990 3166 3194 3204 FLENDA
3227 3165 3600 3215 PERTULERIT;
3630 3165 3762 3203 unus

508 3237 741 3308 idemque
766 3247 877 3291 erat
901 3246 950 3291 et
978 3251 1168 3304 servus,
1192 3248 1241 3292 et
1269 3239 1543 3294 Dominus.
1578 3240 1763 3296 Totum
1786 3242 1943 3306 enim,
1973 3250 2029 3295 ut
2063 3242 2334 3307 Dominus,
2364 3251 2600 3313 poterat;
2630 3251 2679 3296 et
2702 3249 2863 3299 totum
2889 3238 3198 3311 patiebatur,
3227 3247 3285 3291 ut
3312 3255 3501 3292 servus.
3534 3237 3650 3293 Huc
3678 3252 3762 3293 ro-

510 3328 689 3383 cidunt
714 3343 834 3397 qua:
860 3330 1000 3384 idem
1028 3329 1187 3384 docet
1207 3329 1468 3384 Maximus
1493 3345 1740 3386 sermone
1768 3332 1857 3395 '57,
1889 3333 1952 3386 de
1976 3331 2242 3404 Tempore,
2273 3346 2393 3402 pag.
2428 3331 2533 3384 495
2559 3347 2673 3400 seq.
2711 3349 2724 3383 :
2751 3329 3019 3398 Suscepto,
3054 3327 3246 3395 inquit,
3272 3341 3428 3379 carne
3450 3326 3514 3378 de
3540 3327 3755 3394 virgine,

506 3436 571 3476 ne
597 3439 753 3494 quam
777 3425 832 3476 in
871 3441 992 3479 non
1019 3439 1237 3481 sosram
1267 3437 1626 3481 courussmms
1652 3441 1895 3481 annuum
1924 3442 2264 3492 mruauuun,
2291 3434 2398 3480 toto
2418 3424 2804 3495 praedicationis
2844 3437 2952 3476 sua:
2982 3429 3206 3490 tempore
3232 3433 3401 3472 verum
3432 3430 3486 3470 se
3505 3413 3763 3469 revelabat

508 3515 691 3579 Deum,
721 3531 1033 3572 nunrncrnu
1063 3533 1403 3572 osrunnsns'r
1433 3533 1502 3571 ετ
1532 3532 1786 3573 acumen.
1817 3515 2028 3570 FLuss'r
2056 3519 2261 3587 quippe,
2292 3524 2348 3569 ut
2376 3523 2554 3571 nostro
2581 3515 2759 3569 dolare
2805 3527 3072 3577 IltERBNS;
3113 3511 3205 3566 sed
3232 3516 3286 3564 ut
3330 3525 3424 3563 sua
3453 3508 3636 3561 virtute
3663 3523 3754 3573 po-

507 3615 621 3662 tens
648 3607 926 3672 miseratus
949 3624 1200 3664 carcerum
1227 3607 1482 3674 tenebras,
1522 3609 1641 3662 huic
1669 3606 1886 3661 necdum
1911 3608 2164 3676 formatos
2194 3603 2415 3676 faciebat
2453 3606 2650 3667 oculos,
2677 3604 2755 3656 illi
2781 3601 3028 3657 reddebat
3055 3602 3277 3655 amissos
3305 3615 3323 3652 :
3353 3598 3604 3668 navigans
3641 3610 3756 3648 cum

503 3699 766 3769 discipulis
787 3702 896 3753 suis
923 3716 1092 3756 δοκκο
1113 3717 1320 3756 uoumts
1349 3715 1648 3756 DORIIEBA‘I'
1674 3715 1727 3754 ut
1754 3711 1968 3763 porris;
1997 3696 2088 3750 sed
2119 3697 2337 3751 conscia:
2355 3694 2648 3765 majestatis
2670 3692 2888 3763 imperio
2915 3690 3293 3760 insurgentium
3318 3688 3567 3754 ﬂuctuum
3597 3684 3756 3736 moles

502 3792 823 3861 minacesque
841 3801 1014 3844 ventos
1041 3807 1223 3844 serena
1254 3793 1488 3859 protinus
1515 3790 1886 3859 tranquillitate
1913 3791 2336 3856 compescuit.....
2374 3786 2443 3838 Ut
2470 3784 2611 3835 Filio
2643 3782 2865 3835 hominis
2894 3777 3256 3848 ingerebantur
3283 3774 3543 3836 convicia;
3572 3771 3663 3825 sed
3696 3780 3753 3825 ut

499 3881 683 3948 ignara
709 3879 1000 3932 mortalitas
1019 3881 1339 3932 inostensam
1368 3877 1610 3931 credendi
1636 3877 1852 3930 disceret
1877 3877 2165 3940 veritatem,
2184 3875 2332 3946 quasi
2350 3874 2562 3926 unicum
2593 3871 2792 3924 Filium
2812 3884 2959 3923 suum
2989 3867 3149 3920 Pater
3169 3863 3520 3935 alloquebatur
3549 3879 3576 3916 e
3602 3863 3760 3951 calo.‘

501 3965 562 4018 Si
601 3981 728 4037 ergo
752 3964 939 4031 credis,
969 3981 1000 4020 ο
1028 3966 1208 4032 homo,
1232 3967 1447 4036 indigna
1475 3981 1589 4036 quas
1615 3964 1824 4035 pertulit
1850 3963 2104 4028 Christus,
2140 3979 2232 4017 cur
2257 3978 2360 4016 non
2386 3963 2554 4033 magis
2594 3960 2762 4014 credis
2799 3957 3041 4012 miranda
3079 3971 3192 4028 qua:
3228 3953 3502 4025 prwstitit.’
3530 3953 3584 4008 Si
3615 3967 3755 4022 ergo-

498 4067 601 4107 non
629 4055 841 4124 frustra,
867 4070 971 4108 non
998 4055 1177 4118 otiose,
1203 4071 1307 4110 non
1342 4055 1621 4120 incassum,
1649 4070 1750 4109 non
1779 4056 2005 4108 inaniter
2025 4055 2180 4125 vagiit
2211 4054 2265 4107 in
2293 4053 2460 4118 cunis,
2495 4053 2654 4122 flevit,
2689 4059 2896 4121 potatus
2943 4056 3088 4102 aceto
3134 4045 3374 4100 Christus
3402 4059 3591 4099 revera
3620 4042 3738 4107 fuit,

500 4150 634 4198 teste
662 4141 916 4206 Maximo,
940 4143 1236 4214 eodemque
1261 4143 1462 4199 fatente
1484 4159 1548 4199 ea
1575 4151 1701 4200 sunt
1715 4150 1869 4198 recta:
1886 4143 2009 4213 fidei
2035 4143 2336 4197 credulitate
2364 4141 2640 4204 credenda,
2672 4156 2767 4196 cur
2793 4154 2900 4194 non
2928 4139 3075 4203 item,
3104 4135 3194 4190 illo
3221 4137 3337 4205 ipso
3365 4135 3525 4204 plane
3553 4149 3742 4188 assen-

498 4233 682 4298 tiente,
723 4219 1016 4290 tenendum
1053 4243 1208 4290 recta:
1247 4234 1370 4305 ﬁdei
1397 4233 1698 4288 credulitate
1725 4233 1847 4298 erit,
1876 4233 2133 4286 Christum
2159 4234 2424 4298 esuriisse,
2454 4245 2575 4286 cum
2601 4228 2820 4284 Maximi
2861 4227 3027 4297 ipsius
3062 4225 3135 4280 sit
3159 4223 3288 4279 satis
3329 4223 3610 4292 explorata
3641 4221 3746 4292 (ut

495 4342 654 4399 supra
675 4335 757 4384 est
779 4326 896 4398 ejus
915 4327 1092 4383 verbis
1119 4327 1543 4383 demonstratum
1572 4324 1668 4399 [ιι]
1691 4325 1980 4390 sententia,
2006 4341 2270 4380 maerorem
2299 4323 2515 4389 Christi,
2546 4330 2708 4390 atque
2732 4321 2868 4376 adeo
2894 4319 3098 4389 ﬂetum,
3140 4316 3331 4372 eodem
3375 4315 3560 4370 haberi
3597 4313 3743 4379 loco,

493 4429 655 4490 atque
676 4421 905 4475 esuriem
933 4419 1231 4488 oportere?
1259 4417 1510 4484 Rursum,
1538 4433 1606 4472 an
1634 4432 1764 4482 non,
1787 4417 2242 4485 defatigationem,
2273 4430 2370 4471 seu
2394 4413 2758 4470 lassitudinem
2781 4410 2981 4466 Christi
3006 4408 3196 4465 eodem
3226 4422 3344 4462 esse
3373 4421 3623 4468 numero,
3653 4410 3737 4458 at-

492 4526 595 4581 que
615 4509 866 4572 esuriem,
896 4516 956 4562 ut
981 4507 1142 4577 paulo
1171 4515 1295 4562 ante
1317 4509 1563 4576 vidimus,
1594 4506 1857 4564 alﬁrmat?
1883 4506 2022 4574 Quid
2049 4509 2152 4563 erit
2174 4507 2354 4577 igitur,
2382 4505 2527 4577 quod
2552 4504 2812 4575 suspicari
2837 4503 2958 4573 quis
2983 4502 3190 4573 possit,
3235 4509 3453 4554 auctore
3483 4497 3734 4564 Maximo,

489 4601 835 4670 defatigatum
865 4616 933 4654 ex
961 4600 1152 4654 itinere
1178 4598 1339 4655 fuisse
1366 4615 1554 4656 revera
1580 4599 1879 4666 Christum;
1909 4600 2232 4656 esurientem
2261 4606 2438 4654 autem
2464 4613 2570 4654 non
2599 4610 2786 4652 revera
2804 4633 2819 4660 ,
2859 4594 2956 4650 sed
2979 4593 3228 4648 simulate
3257 4591 3455 4645 fuisse?
3483 4587 3663 4655 Quid?
3689 4588 3732 4644 si

491 4692 721 4748 Maximo
750 4699 904 4756 teste,
936 4687 1090 4761 flebat
1115 4689 1368 4755 Christus,
1396 4698 1452 4743 ut
1470 4698 1646 4745 nostro
1675 4690 1851 4744 dolore
1874 4690 2130 4744 maerens?
2153 4686 2281 4752 Cur,
2311 4702 2442 4757 rogo
2461 4725 2478 4754 ,
2518 4686 2620 4742 nisi
2661 4693 2717 4739 ut
2755 4685 3036 4756 perfectum
3064 4699 3120 4736 se
3146 4679 3430 4735 ostenderet
3459 4678 3732 4741 hominem,

488 4799 551 4838 ne
569 4796 724 4854 quam
747 4782 802 4834 in
829 4780 934 4850 ﬁde
959 4787 1151 4833 nostra:
1171 4779 1506 4849 confessionis
1528 4778 1766 4832 nebulam
1787 4786 2074 4850 pateremur
2092 4779 2118 4828 .9
2144 4776 2213 4831 Et
2249 4777 2555 4832 existimare
2581 4775 2702 4845 quis
2728 4772 2927 4844 poterit
2970 4786 3089 4825 eam
3137 4768 3374 4823 nebulam
3416 4765 3576 4820 fuisse
3602 4765 3732 4854 ﬁdei

487 4853 677 4926 nostra:
704 4869 1014 4939 confessioni
1042 4865 1270 4922 offusam
1295 4865 1687 4935 obductamque
1713 4881 1744 4920 a
1773 4865 2019 4932 Maximo,
2046 4873 2108 4922 ut
2137 4865 2392 4930 simulate,
2421 4879 2530 4919 non
2555 4878 2703 4929 vere,
2733 4863 2974 4916 esuriisse
3001 4858 3267 4914 Christum
3309 4855 3552 4911 eumdem
3581 4853 3731 4908 dice~

487 4967 603 5025 ret;
628 4973 658 5012 a
687 4955 935 5022 Maximo,
967 4958 1203 5026 inquam,
1233 4956 1327 5024 qui
1353 4955 1494 5010 idem
1531 4969 1650 5009 esse
1685 4962 1947 5009 statuerat
1973 4955 2040 5009 de
2069 4969 2283 5009 maerore
2322 4953 2536 5018 Christi,
2567 4967 2631 5007 ac
2658 4951 2726 5005 de
2752 4951 2919 5005 esurie
2945 4945 3317 5003 sentiendum?
3346 4941 3528 5007 Nobis,
3561 4941 3729 5010 inquit

487 5051 578 5106 ille
607 5047 708 5119 (a),
737 5049 874 5114 vicit,
905 5051 989 5120 qui
1017 5048 1258 5120 dignatus
1285 5057 1362 5102 est
1387 5047 1583 5101 esurire
1609 5062 1703 5116 pro
1728 5044 1906 5111 nobis;
1951 5053 2005 5101 ct
2049 5045 2211 5116 paulo
2245 5052 2366 5115 post
2395 5063 2407 5098 :
2441 5043 2694 5109 Christus,
2726 5051 2781 5096 ut
2809 5040 3062 5112 perditum
3089 5037 3445 5107 inﬁrmumque
3472 5033 3731 5086 hominem

485 5147 745 5199 revocaret
789 5139 858 5192 ad
900 5139 1062 5192 Deum
1088 5177 1103 5202 ,
1154 5155 1407 5205 nsum“,
1456 5137 1828 5202 lassitudinem,
1858 5148 2145 5200 maerorem,
2177 5142 2225 5188 et
2253 5135 2425 5189 omnia
2453 5135 2510 5188 in
2535 5149 2590 5187 se
2618 5133 2829 5186 humani
2856 5128 3084 5199 corporis
3120 5125 3327 5194 infirma
3351 5123 3592 5191 suscepit.
3618 5122 3727 5190 Age

485 5247 631 5300 vero,
655 5229 948 5303 perfectum
979 5229 1248 5284 hominem
1276 5243 1395 5284 esse
1421 5227 1712 5291 Christum,
1733 5241 1854 5281 cum
1881 5223 1984 5280 ﬁde
2011 5232 2258 5280 constare
2283 5221 2544 5276 Maximus
2571 5218 2817 5284 afﬁrmet,
2849 5229 3074 5284 cumque
3100 5227 3166 5267 ex
3192 5210 3439 5303 humanis
3461 5207 3725 5264 inﬁrmitao

483 5325 628 5380 tibus
652 5301 768 5390 ejus
797 5318 1038 5387 dignosci
1067 5317 1453 5373 humanitatem
1482 5317 1830 5382 conﬁteatur;
1871 5330 2005 5384 quas
2031 5315 2245 5371 demum
2273 5314 2602 5382 infirmitates
2629 5314 3012 5366 commemoret
3042 5303 3312 5358 videamus
3341 5319 3359 5355 :
3391 5301 3724 5372 Hujusntodi,

482 5412 670 5482 inquit,
700 5410 892 5482 peregit
913 5409 970 5462 in
991 5422 1086 5460 sua
1106 5422 1260 5461 carne
1278 5408 1595 5478 mysterium,
1626 5417 1683 5461 ut
1712 5408 1843 5462 sicut
1863 5404 2004 5460 Deus
2029 5420 2140 5460 esse
2165 5403 2352 5457 divinis
2372 5402 2624 5472 mysteriis
2643 5398 2886 5463 creditur,
2913 5398 2988 5450 ita
3018 5403 3068 5449 et
3095 5394 3246 5448 homo
3280 5409 3389 5448 esse
3411 5393 3720 5482 infirmitati:

485 5478 580 5557 bus
606 5478 940 5572 dignoscatur
967 5499 1226 5553 humanis.
1257 5499 1459 5564 Quibus
1487 5509 1686 5565 autem,
1717 5513 1926 5568 qumso,
1957 5492 2393 5566 inﬁrmitatibus?
2421 5491 2674 5560 Adiungit
2707 5505 2833 5546 mox
2874 5487 3139 5543 Maximus
3167 5503 3181 5540 :
3214 5483 3284 5539 Et
3325 5485 3440 5539 hinc
3480 5492 3555 5538 est
3589 5478 3723 5554 quod

547 5683 624 5755 (cz)
667 5681 795 5737 Vide
824 5678 980 5750 hujus
1009 5679 1150 5747 prmi.
1183 5693 1302 5750 pag.
1337 5695 1513 5733 xum.
1547 5721 1550 5724 .
