4138 6186
345 334 418 386 53
462 343 474 354 -
1783 321 1979 378 PRzEF

1969 319 2159 376 "ATlU.
3533 311 3568 368 5
3585 313 3603 365 Ξ

345 448 584 501 Christus
604 452 659 498 ut
686 444 838 500 homo
866 443 1039 497 esurit.
1067 441 1246 508 Quid?
1275 439 1662 495 Simulatamne
1702 435 1921 488 esuriem
1957 434 2240 504 quisquam
2265 429 2438 493 dicet,
2483 443 2600 485 eam
2647 443 2713 483 ex
2752 442 2856 498 qua
2887 425 3300 496 dignoscebatnr
3344 439 3462 478 esse
3505 427 3616 484 ho.

346 542 551 594 minem
580 537 896 592 Christum?
924 536 992 588 At
1015 534 1261 588 simulata
1289 533 1334 586 si
1361 540 1521 594 esset,
1552 529 1679 599 quid
1707 535 1952 593 restaret,
1986 527 2086 581 nisi
2115 531 2175 578 ut
2208 523 2332 578 ﬁcta
2372 523 2500 579 item
2530 535 2595 577 ac
2619 522 2912 584 simulata,
2949 534 3058 574 non
3103 532 3250 584 vera,
3294 524 3438 571 esset
3476 531 3604 574 cen-

345 630 513 684 senda
536 630 588 684 in
617 628 834 682 Christo
857 625 1206 680 humanitas?
1235 622 1372 689 Quid
1412 628 1592 676 autem
1637 634 1754 675 esse
1781 625 1960 688 potest
1985 617 2088 671 hoc
2117 614 2385 685 opinionis
2425 619 2668 667 monstro
2697 627 2818 666 cum
2847 610 3061 664 Maximi
3090 609 3333 664 doctrina
3361 621 3602 678 pugnan-

350 723 501 777 tius?
529 721 711 775 Manet
738 721 915 787 igitur,
947 732 1054 771 non
1084 717 1362 773 simulasse
1390 714 1622 769 esuriem
1646 710 1939 773 Christum,
1965 709 2060 764 sed
2086 723 2213 762 vere
2239 706 2507 769 esuriisse,
2540 703 2772 758 Maximo
2804 719 2907 758 non
2939 709 3076 756 teste
3105 701 3295 764 solum,
3327 699 3420 755 sed
3443 701 3602 754 etiam

352 814 704 884 praedicatore
729 827 792 867 ac
813 811 1042 865 vindice.
1075 809 1250 878 Reges
1273 824 1359 863 me
1384 823 1480 862 cur
1502 820 1631 874 ergo
1661 805 1920 858 Maximus
1947 803 2218 857 simulasse
2247 801 2516 856 Christum
2552 799 2781 853 esuriem
2819 797 3051 866 scripsit.
3085 796 3266 851 Dicam
3305 796 3554 850 brevibus
3587 812 3600 848 :

349 903 410 957 τὸ
439 901 724 965 simulasse,
757 908 817 953 ut
844 914 914 953 ex
939 898 1156 952 Maximi
1183 897 1421 965 ejusdem
1449 896 1603 950 dictis
1625 896 1764 948 inter
1789 909 1847 948 se
1871 892 2078 948 collatis
2104 891 2443 961 perspicitur,
2474 891 2661 946 eodem
2685 890 2940 955 recidere,
2965 905 3028 944 ac
3048 889 3293 944 retulisse
3313 887 3602 953 Christum,

348 1005 451 1044 seu
473 989 800 1056 expressisse
828 989 882 1041 in
905 1002 980 1051 se,
1015 995 1072 1041 ut
1100 987 1332 1050 homine,
1366 986 1595 1040 esuriem
1619 1000 1725 1040 non
1750 984 2100 1047 necessitate,
2134 981 2228 1036 sed
2258 983 2551 1037 voluntate.
2582 981 2830 1038 Voluisse
2876 982 3017 1036 enim
3062 982 3264 1037 esurire
3303 980 3602 1039 Christum;

349 1096 478 1136 cum
506 1089 685 1133 tamen
716 1080 762 1133 si
791 1079 1070 1141 noluisset,
1097 1093 1203 1132 non
1223 1077 1515 1143 esuriisset,
1549 1077 1756 1130 etiamsi
1787 1077 1852 1129 ad
1878 1089 2047 1129 annos
2073 1080 2357 1129 sexcentos
2379 1074 2639 1142 jejunium
2668 1075 3023 1144 produxisset.
3069 1075 3243 1142 Quare
3281 1074 3423 1142 quod
3452 1072 3607 1128 Chri-

350 1182 471 1228 stus
494 1171 761 1234 esurierit,
790 1170 953 1225 fuisse
985 1170 1074 1224 ille
1101 1169 1286 1224 scribit
1314 1187 1327 1220 :
1360 1186 1463 1223 non
1487 1169 1785 1239 fragilitatis
1805 1181 2081 1237 carperent,
2112 1165 2203 1219 sed
2232 1165 2448 1220 caelestis
2496 1167 2677 1237 gratia:
2713 1176 3107 1220 sacramentum.
3139 1164 3276 1232 Quin
3316 1166 3475 1219 etiam
3507 1162 3605 1216 ibi-

349 1243 467 1320 dem
493 1267 558 1319 de
583 1265 785 1320 Christo
807 1265 1082 1329 disserens,
1107 1278 1500 1328 vownnnnu,
1531 1262 1719 1329 inquit,
1739 1258 2027 1331 perferebat
2054 1259 2287 1312 esuriem.
2320 1255 2502 1323 Quid?
2530 1259 2572 1312 si
2604 1258 2694 1312 illo
2721 1258 2835 1327 ipso
2860 1258 2912 1312 in
2937 1273 3182 1313 sermone
3207 1255 3300 1321 15,
3325 1270 3445 1325 pag.
3483 1251 3606 1311 4³54.

350 1358 443 1412 ubi
473 1351 745 1410 simulasse
771 1355 1000 1409 esuriem
1029 1353 1298 1408 Christmn
1326 1352 1473 1417 dicit,
1505 1359 1688 1421 aperte
1711 1351 1908 1406 indicet
1935 1349 2214 1415 Maximus,
2248 1350 2478 1406 voluisse
2500 1349 2770 1405 Christum
2795 1351 2966 1419 ipsum
2989 1350 3209 1414 esurire,
3240 1356 3298 1402 ut
3317 1347 3609 1412 diabolum,

351 1462 517 1519 quem
549 1448 748 1502 celarat
775 1445 1197 1499 incarnationem
1223 1458 1394 1509 suam,
1427 1442 1704 1497 confusum
1729 1457 1759 1494 a
1789 1456 1846 1495 se
1875 1448 2286 1510 superatumque
2313 1439 2650 1507 depelleret?
2683 1437 2750 1492 Ut
2772 1437 3048 1504 diabolum,
3075 1437 3275 1506 inquit,
3304 1451 3448 1506 quem
3471 1434 3609 1504 jeju-

351 1539 534 1593 ποηΔο
554 1539 668 1609 jam
696 1539 905 1599 uicerat,
933 1537 1117 1588 iterum
1147 1547 1436 1589 naualem
1457 1533 1712 1587 sollicitet.
1747 1530 1905 1601 Spem
1932 1531 2067 1583 enim
2094 1529 2174 1582 illi
2195 1519 2571 1600 congrediendi
2613 1545 2679 1582 ex
2715 1528 3017 1597 inﬁrmitate
3056 1527 3208 1599 famis
3235 1522 3608 1598 quodammodo

352 1628 556 1691 tribuit,
579 1635 629 1680 et
657 1625 778 1678 dum
801 1625 952 1677 ueluti
975 1632 1154 1678 contra
1173 1621 1475 1677 imberiliem
1496 1622 1840 1693 congreditur,
1873 1621 2142 1691 gloriosius
2165 1629 2446 1691 superetur.
2474 1618 2604 1675 Hcec
2629 1628 2706 1684 est
2733 1621 2868 1673 enim
2888 1637 3004 1673 vera
3026 1620 3254 1682 victoria,
3281 1615 3395 1689 [an]
3417 1625 3473 1668 ut
3492 1616 3609 1685 quia

354 1717 527 1772 Adam
553 1718 911 1782 immortalem,
943 1701 1304 1788 gloriosumhet
1328 1716 1616 1787 epulantem
1655 1714 1996 1779 subverterat;
2029 1730 2162 1768 nunc
2199 1712 2263 1766 ab
2303 1713 2505 1767 homine
2529 1713 2766 1777 mortali,
2811 1713 2990 1767 humili
3021 1712 3096 1782 (a)
3127 1722 3276 1781 atque
3316 1724 3610 1763 ESL‘RIENTE

358 1809 610 1860 uincatur.
641 1805 867 1859 Gemens
886 1806 1022 1859 enim
1041 1806 1348 1858 esurientem
1373 1802 1628 1869 diabolus,
1654 1803 1910 1857 hominem
1938 1809 2103 1872 putat,
2133 1802 2332 1856 dubitat
2353 1801 2674 1857 Salvatorem
2697 1843 2710 1868 ,
2753 1812 2802 1856 et
2826 1803 2941 1856 ideo
2982 1803 3054 1854 ait
3075 1817 3091 1853 :
3123 1799 3183 1854 Si
3219 1797 3386 1852 Filius
3411 1797 3507 1851 Dei
3533 1814 3610 1859 es,

355 1898 444 1950 die
466 1898 626 1967 lapidi
655 1898 771 1950 huic
791 1905 844 1949 ut
865 1898 961 1966 ﬁat
977 1899 1194 1964 panis...
1228 1895 1614 1966 Suspicabatur,
1655 1898 1884 1967 inquam,
1927 1897 2095 1962 ipsum
2135 1912 2243 1948 esse
2281 1892 2557 1960 Christum,
2589 1912 2702 1948 cum
2729 1893 3023 1964 postulabat
3047 1901 3102 1946 ut
3129 1893 3192 1947 de
3221 1892 3394 1962 lapide
3428 1907 3617 1961 panem

355 1989 577 2057 faceret;
607 1987 697 2039 sed
720 1986 934 2055 putabat
956 1986 1305 2040 tantummodo
1325 1987 1490 2040 solum
1515 1985 1788 2048 hominem,
1815 2000 1926 2036 cum
1953 1998 2285 2037 usunlsureu
2308 1999 2554 2038 non”.
2580 1981 2821 2038 Salvator
2841 1991 3012 2036 autem
3034 1983 3306 2036 versutiam
3335 1984 3444 2052 ejus
3483 1981 3613 2034 mira

355 2079 688 2148 responsione
717 2079 1137 2131 condemnat.....
1171 2077 1454 2146 Respondit
1473 2094 1595 2147 ergo
1615 2076 1732 2130 illi:
1764 2074 1886 2129 Non
1908 2077 1962 2128 in
1983 2077 2090 2128 solo
2121 2092 2255 2144 pane
2279 2077 2396 2129 rit-it
2421 2076 2591 2138 homo,
2633 2076 2724 2128 sed
2759 2077 2810 2127 in
2843 2077 2979 2128 omni
3023 2073 3171 2128 verbo
3212 2072 3326 2127 Dei.
3361 2071 3475 2126 Hoc
3514 2081 3610 2130 est,

357 2185 459 2223 non
499 2169 553 2222 in
592 2185 729 2238 pane
768 2177 996 2233 terreno,
1042 2183 1143 2221 non
1181 2167 1438 2220 materiali
1491 2169 1603 2221 cibo
1627 2207 1641 2231 ,
1682 2183 1778 2237 quo
1806 2166 1972 2218 Adam
2009 2167 2227 2234 primum
2257 2166 2526 2236 decepisti,
2556 2166 2647 2218 sed
2676 2167 2729 2218 in
2752 2166 2898 2218 verba
2927 2165 3066 2232 Dei,
3107 2167 3161 2218 in
3203 2182 3300 2235 quo
3334 2174 3454 2217 sunt
3496 2166 3612 2217 vitta

357 2258 609 2310 alimenta
637 2256 876 2310 caelestis.
919 2256 1139 2309 Verbum
1172 2265 1341 2308 autem
1371 2255 1470 2309 Dei
1497 2255 1729 2309 Christus
1758 2265 1832 2309 est
1859 2255 2136 2315 Dominus.
2175 2265 2277 2310 etc.
2315 2255 2421 2309 Sed
2449 2255 2515 2308 de
2545 2271 2670 2310 vera
2708 2253 2902 2309 Christi
2944 2257 3120 2312 esurie
3148 2264 3271 2326 post
3297 2255 3608 2310 diuturnum

357 2349 713 2421 quadraginta
739 2349 944 2402 dierum
978 2347 1268 2416 jejunium,
1308 2349 1438 2401 satis
1464 2347 1663 2402 dictum
1693 2363 1758 2401 ex
1788 2347 2050 2401 sententia
2077 2346 2290 2400 Maximi
2320 2355 2422 2400 cst.

429 2440 540 2494 VII.
580 2438 729 2494 Nunc
755 2439 823 2494 de
852 2440 1059 2494 ueteris
1087 2439 1352 2510 mysteriis
1381 2437 1682 2492 Serratoris
1711 2437 1906 2490 Christi
1937 2452 2149 2506 pergam
2175 2450 2352 2503 agere.
2383 2435 2502 2490 iam
2532 2445 2712 2490 natum
2744 2437 2916 2506 ipsum
2947 2450 3013 2490 ex
3043 2432 3227 2498 Maria,
3259 2435 3413 2504 cujus
3443 2434 3607 2504 origi-

361 2533 500 2590 nalis
520 2531 678 2587 l‘uerit
704 2533 894 2600 gratia,
918 2547 1142 2601 quaeque
1168 2532 1320 2600 virgo
1349 2539 1473 2586 ante
1502 2538 1733 2600 partum,
1760 2531 1811 2583 in
1838 2537 1991 2599 partu
2014 2546 2077 2584 ac
2101 2537 2222 2599 post
2253 2537 2462 2598 partum
2486 2527 2672 2596 fuerit,
2705 2527 2966 2584 Maximus
2993 2531 3190 2601 ubique
3216 2531 3490 2600 praedicat.
3523 2529 3614 2584 At-

359 2641 468 2696 que
491 2633 572 2679 est
599 2625 716 2693 ejus
743 2624 970 2678 illustris
991 2624 1142 2678 locus
1169 2623 1236 2677 de
1265 2622 1511 2691 originali
1539 2622 1706 2689 gratia
1739 2620 1913 2674 Mariae
1943 2621 1992 2674 in
2013 2620 2232 2674 homilia
2258 2617 2307 2684 5,
2340 2632 2460 2688 pag.
2487 2618 2575 2672 18.
2598 2619 2687 2674 Sic
2708 2630 2884 2674 autem
2912 2622 2955 2674 is
2975 2621 3122 2675 locus
3143 2620 3304 2675 habet
3329 2639 3340 2673 :
3369 2620 3616 2675 Idoneum

363 2719 513 2785 plane
538 2713 712 2767 Maria
740 2713 943 2768 Christo
972 2711 1334 2775 habitaculum,
1368 2729 1470 2766 non
1498 2729 1589 2782 pro
1619 2711 1792 2764 habitu
1819 2711 2067 2780 corporis,
2091 2710 2181 2762 sed
2201 2726 2294 2778 pro
2317 2711 2486 2779 gratia
2512 2709 2774 2780 originali.
2801 2709 2867 2764 Et
2891 2711 2942 2764 in
2965 2711 3185 2766 homilia
3206 2710 3294 2777 45,
3323 2727 3445 2782 pag.
3480 2710 3615 2764 158:

362 2808 499 2871 Quin
529 2806 716 2876 potius,
748 2806 934 2874 inquit,
965 2806 1130 2875 ipsam
1156 2803 1382 2857 Mariam
1404 2821 1596 2857 manna
1624 2805 1863 2866 dixerim,
1896 2804 2016 2874 quia
2042 2809 2116 2856 est
2145 2801 2365 2863 subtilis,
2394 2803 2661 2872 splendida
2679 2846 2690 2865 ,
2723 2806 2893 2858 suavis
2920 2813 2968 2858 et
2996 2806 3166 2875 virgo;
3194 2821 3307 2876 qua:
3335 2804 3487 2858 veluti
3516 2822 3615 2859 cce-
3701 2877 3708 2882 Δ

357 2899 480 2950 litus
503 2897 706 2949 ueniens
735 2897 930 2949 cunctis
952 2894 1307 2949 Ecclesiarum
1327 2895 1528 2965 populis
1548 2893 1713 2947 cibum
1737 2894 2013 2948 dulciorem
2034 2893 2182 2947 melle
2203 2894 2438 2963 deﬂuxit,
2465 2911 2608 2966 quem
2638 2897 2721 2967 qui
2750 2896 2900 2949 edere
2919 2905 2968 2949 et
2987 2897 3298 2951 manducare
3318 2899 3616 2970 neglexerit,

356 2991 520 3040 citam
547 2989 602 3039 in
632 2988 904 3056 semetipso
931 2987 1118 3041 habere
1138 3003 1239 3040 non
1261 2987 1468 3056 poterit.
1492 2985 1568 3040 De
1596 2984 1776 3038 Maria:
1805 3001 1965 3054 porro
1993 2985 2300 3053 virginitate
2326 2985 2614 3040 sic‘statuit
2640 2986 2859 3042 homilia
2890 2984 2940 3054 5,
2966 3000 3086 3057 pag.
3113 2988 3180 3040 17
3207 3003 3356 3057 seqq.
3386 3006 3398 3041 :
3431 2986 3484 3040 Ν
3490 2991 3617 3041 αδεί-

359 3092 446 3134 tur
469 3079 613 3132 salus
636 3079 860 3131 omnium
881 3077 1132 3142 Christus,
1156 3094 1304 3148 quem
1331 3094 1500 3147 regem
1526 3078 1750 3148 gentium
1769 3077 2036 3146 propheta:
2055 3084 2337 3140 testantur;
2368 3079 2598 3131 nascitur
2629 3095 2693 3132 ea:
2732 3079 2954 3148 virgine,
2993 3080 3126 3132 sicut
3168 3077 3339 3132 Isaias
3369 3079 3618 3140 declarat,

357 3173 537 3240 piceus
556 3189 574 3224 :
593 3171 726 3224 Ecce
754 3173 894 3240 virgo
919 3173 1189 3243 concipiet,
1219 3181 1268 3225 et
1288 3173 1453 3242 pariet
1473 3171 1657 3241 ﬁlium,
1683 3179 1733 3225 et
1761 3171 2008 3224 vocabunt
2028 3187 2213 3226 nomen
2234 3173 2344 3243 ejus
2373 3152 2683 3227 Emmanuel
2699 3215 2712 3238 ,
2745 3173 2880 3246 quod
2910 3183 2986 3228 est
3020 3175 3409 3243 interpretatum
3451 3171 3617 3226 nobis~

362 3279 478 3316 cum
513 3261 672 3315 Deus.
693 3263 904 3337 qProbat
938 3280 1060 3334 ergo
1099 3264 1362 3316 ueritatem
1389 3262 1602 3317 Domini
1630 3263 1758 3317 ordo
1787 3263 2051 3316 nascendi.
2083 3263 2326 3334 Concepit
2351 3265 2494 3335 virgo
2518 3265 2676 3319 virilis
2702 3267 2890 3337 ignara
2921 3268 3199 3330 consortii;
3238 3265 3478 3335 impletur
3512 3274 3620 3318 nte~

362 3368 454 3404 rus
480 3353 622 3406 nullo
646 3335 834 3406 libatus
865 3354 1103 3423 amplexu
1119 3368 1138 3418 ;
1167 3362 1218 3406 et
1238 3352 1744 3422 Spiritum'sanctum
1770 3360 1941 3405 castus
1969 3361 2142 3406 uenter
2162 3355 2396 3422 excepit,
2443 3357 2588 3426 quem
2615 3373 2746 3426 pura
2774 3357 2999 3410 membra
3039 3365 3341 3424 servarunt,
3381 3359 3624 3411 innocens

331 3457 336 3466 '
365 3461 552 3512 corpus
581 3447 754 3514 gessit.
795 3444 974 3512 Videte
1000 3447 1302 3498 miraculum
1330 3446 1509 3498 matris
1536 3443 1841 3498 Dominicte.
1873 3444 2040 3499 Vince
2068 3459 2163 3500 esr
2193 3460 2298 3500 cum
2325 3460 2582 3511 coucrrrr,
2626 3461 2780 3501 vmco
2823 3463 2924 3501 cun
2970 3459 3252 3513 murmur,
3301 3463 3454 3502 vmco
3494 3463 3623 3502 rosr

375 3552 604 3612 PAB_1UI.
636 3535 875 3592 Gloriosa
895 3539 1164 3610 uirginitas
1193 3547 1242 3591 et
1262 3536 1517 3606 prteclara
1538 3536 1866 3608 fecunditas!
1900 3536 2074 3590 Virtus
2105 3536 2281 3589 mundi
2309 3539 2569 3601 nascitur,
2620 3550 2672 3590 et
2707 3534 2880 3590 nullus
2907 3546 2984 3590 est
3018 3539 3234 3607 gemitus
3271 3539 3620 3608 parturientis.

383 3625 646 3679 Vacuatur
669 3638 861 3691 uterus,
893 3627 1069 3699 infans
1097 3630 1367 3698 excipitur,
1387 3645 1481 3682 nec
1502 3629 1769 3699 uirginitas
1798 3628 2034 3683 violatur.
2065 3626 2131 3680 Et
2157 3627 2375 3681 humilia
2401 3629 2450 3693 7,
2483 3643 2602 3697 pag.
2630 3630 2695 3681 21
2724 3643 2838 3697 seq.
2867 3647 2880 3680 :
2906 3627 3160 3693 Gentiles,
3192 3629 3364 3696 inquit
3391 3630 3464 3697 (ut
3493 3645 3626 3681 nunc

375 3715 639 3770 hereticos
655 3716 1004 3785 seponamus),
1029 3716 1322 3770 carnalibus
1341 3717 1652 3786 argumentis
1673 3716 1910 3777 hebetati,
1934 3716 2100 3768 adhuc
2122 3725 2364 3768 recusant
2378 3717 2584 3769 credere
2602 3732 2665 3769 ea:
2685 3718 2878 3787 virgine
2897 3717 3044 3770 nasci
3061 3718 3288 3784 potuisse
3311 3716 3624 3788 (Christum)

373 3815 418 3859 et
446 3808 764 3860 sacerdotem
786 3809 888 3862 ista
907 3808 1170 3862 docentem
1190 3807 1520 3862 irrident.....
1555 3807 1740 3861 Verum
1760 3823 1996 3878 quasnam
2017 3808 2124 3861 htec
2151 3816 2229 3860 est
2255 3807 2579 3877 prudentium
2602 3807 2752 3878 hujus
2781 3807 2955 3860 sa’culi
2982 3808 3140 3860 stulta
3163 3809 3396 3862 doctrina
3413 3851 3426 3873 ,
3460 3810 3627 3864 dicam

372 3899 563 3968 potius,
602 3900 856 3953 insania?
878 3899 1082 3953 credere
1113 3898 1279 3952 Deum
1314 3898 1576 3953 mirabilia
1600 3899 1879 3969 aliquando
1909 3899 2118 3968 fecisse,
2155 3899 2326 3968 facere
2359 3899 2514 3951 etiam
2555 3906 2604 3951 et
2627 3914 2792 3962 nunc;
2824 3899 2877 3951 in
2915 3900 3268 3953 sacratissima
3306 3910 3472 3953 autem
3503 3897 3631 3953 Filii

373 3985 510 4058 [un]
537 3989 616 4040 sui
637 3986 849 4042 Domini
871 3990 1034 4042 nostri
1054 3990 1340 4053 nativitate,
1373 4005 1438 4042 ea:
1465 3991 1661 4059 virgine
1683 3989 1737 4043 id
1767 3989 1908 4043 nullo
1936 3989 2088 4042 modo
2118 3989 2345 4058 potuisse
2369 3990 2654 4059 prtestare?
2686 3988 2786 4044 Ille
2803 3991 2941 4044 enim
2979 3991 3215 4063 idemque
3246 3992 3403 4057 Deus,
3429 3994 3515 4063 qui
3534 4009 3630 4046 cae-

374 4077 479 4130 lum
500 4085 650 4147 atque
682 4080 832 4132 etelos
871 4077 1107 4132 ctelorum
1125 4119 1138 4143 ,
1177 4078 1381 4149 singula
1409 4081 1564 4136 etiam
1591 4096 1705 4151 qua:
1726 4082 1780 4134 in
1805 4082 1876 4133 eis
1903 4088 2041 4143 sunt,
2085 4081 2260 4133 divina
2287 4090 2399 4134 arte
2424 4080 2704 4151 aliquando
2732 4083 2924 4136 creavit
2958 4099 3023 4136 ea:
3047 4084 3210 4138 nihilo
3231 4125 3242 4137 .
3261 4124 3273 4136 .
3297 4126 3309 4138 .
3334 4125 3346 4137 .
3370 4125 3413 4151 .,
3445 4087 3531 4139 ille
3559 4097 3632 4140 est

374 4167 459 4235 qui
481 4167 665 4236 uirgini
689 4176 891 4235 partum
912 4167 1054 4220 dedit
1073 4177 1120 4220 et
1147 4167 1391 4222 sobolem.
1435 4168 1495 4222 Si
1518 4168 1683 4222 Deum
1703 4170 1886 4233 credis,
1911 4171 2090 4224 caelum
2114 4212 2127 4235 ,
2160 4171 2316 4223 solem
2334 4211 2348 4234 ,
2379 4171 2556 4223 stellas
2577 4173 2796 4226 condere
2824 4177 3047 4242 potuisse
3075 4192 3138 4228 ea:
3164 4177 3326 4230 nihilo
3345 4217 3358 4229 .
3383 4218 3395 4231 .
3417 4218 3430 4230 .
3455 4218 3467 4231 .
3484 4217 3497 4242 ,
3542 4193 3633 4230 cur

373 4257 523 4308 illuni
550 4257 764 4310 intacta:
790 4258 974 4326 virgini
1001 4257 1165 4327 ipsius
1192 4256 1289 4310 Dei
1319 4267 1564 4328 aperante
1591 4259 1773 4311 uirtute
1799 4258 1924 4311 dare
1961 4275 2064 4312 non
2103 4260 2328 4329 potuisse
2372 4259 2673 4311 contendis?
2721 4257 2850 4321 Qum
2894 4263 3031 4314 enim
3074 4265 3244 4332 major
3272 4267 3632 4334 omnipotentis

378 4349 473 4399 Dei
504 4348 662 4400 uirtus
691 4349 807 4412 erit,
840 4357 1024 4400 cuncta
1049 4365 1163 4419 qua:
1190 4349 1243 4401 in
1271 4349 1412 4402 caelis
1435 4357 1485 4402 et
1503 4350 1558 4402 in
1579 4348 1768 4402 mundo
1798 4349 1931 4402 videt
1957 4351 2208 4402 crearisse
2226 4365 2290 4402 ea:
2317 4349 2496 4413 nihilo,
2521 4358 2609 4401 aut
2627 4351 2681 4402 in
2710 4351 3030 4405 intemeratae
3056 4354 3268 4422 virginis
3297 4364 3460 4416 utero,
3493 4357 3634 4408 nullo

378 4439 698 4507 praecedente
737 4439 938 4492 carnali
985 4441 1272 4510 complexu,
1319 4442 1574 4495 hominem
1613 4441 1826 4493 creare?
1853 4449 1961 4494 etc.
2003 4439 2201 4493 Confer
2230 4441 2497 4493 hnmiliam
2523 4440 2574 4505 8,
2605 4455 2724 4510 pag.
2759 4440 2846 4505 24,
2874 4453 2926 4494 ct
2952 4441 3139 4495 homil.
3167 4441 3218 4507 9,
3252 4456 3370 4511 pag.
3395 4441 3464 4494 24
3494 4458 3630 4511 seq.,

378 4538 435 4582 ct
461 4530 648 4584 homil.
684 4530 768 4593 11,
801 4545 923 4599 pag.
957 4530 1025 4584 50
1051 4546 1199 4600 seqq.
1221 4573 1235 4597 ,
1284 4539 1340 4587 et
1367 4533 1551 4587 homil.
1582 4531 1668 4596 12,
1707 4545 1828 4602 pag.
1864 4532 1931 4586 54
1953 4547 2011 4586 se

1999 4547 2067 4601 eq.
2088 4571 2102 4596 ,
2151 4541 2204 4585 et
2234 4532 2417 4585 homil.
2452 4530 2535 4596 H,
2569 4545 2687 4602 pag.
2716 4531 2784 4586 59
2811 4550 2923 4603 seq.
2945 4576 2958 4598 ,
2993 4543 3041 4588 et
3072 4535 3256 4590 homil.
3283 4535 3365 4601 15,
3397 4549 3515 4604 pag.
3547 4535 3633 4600 42,

382 4631 440 4674 et
465 4619 653 4674 huruil.
687 4619 773 4686 20,
804 4619 928 4690 pag.
962 4620 1048 4687 55,
1081 4630 1136 4676 et
1174 4623 1360 4677 homil.
1407 4623 1496 4686 22,
1529 4636 1651 4693 pag.
1683 4621 1769 4686 62,
1801 4637 1909 4690 quo
1934 4623 2093 4676 loco:
2145 4619 2344 4685 Novus,
2381 4621 2588 4689 inquit,
2641 4623 2844 4690 quidem
2880 4624 3032 4677 homo
3069 4625 3122 4676 in
3166 4634 3388 4694 tempore
3409 4665 3423 4689 ,
3455 4624 3545 4677 sed
3573 4623 3635 4675 ab

379 4721 575 4766 ctertw
603 4712 777 4778 Deus;
808 4729 967 4768 novus
1006 4716 1210 4784 quidem
1248 4713 1500 4780 Christus,
1543 4716 1633 4770 sed
1675 4715 1927 4769 Dominus
1968 4715 2196 4768 omnium
2224 4715 2547 4769 stet-alarum.
2590 4713 2762 4769 Hodie
2800 4716 3092 4770 beatissima
3128 4716 3222 4770 illa
3277 4717 3431 4788 Virgo
3462 4718 3636 4773 Maria

381 4805 580 4874 peperit
608 4804 884 4866 hominem,
912 4821 1059 4875 quem
1087 4821 1190 4859 non
1215 4807 1437 4876 suscepit
1463 4805 1527 4859 ab
1555 4806 1762 4860 homine
1785 4812 1833 4856 et
1856 4819 1970 4872 qute
2004 4812 2124 4856 ante
2151 4811 2354 4872 partum
2389 4802 2638 4857 inviolata
2677 4805 2816 4874 uirgo
2838 4805 3136 4874 permansit.
3181 4803 3330 4858 Ridet
3362 4809 3489 4860 tanti
3513 4825 3637 4877 pro-

384 4893 694 4966 funditatem
719 4893 952 4962 mysterii
980 4907 1114 4946 catca
1139 4902 1187 4946 et
1213 4893 1370 4946 stulta
1411 4894 1700 4963 gentilitas;
1742 4892 1924 4945 irridet
1943 4906 2136 4962 quoque
2163 4891 2322 4960 impia
2349 4890 2442 4943 illa
2466 4890 2780 4961 blasphemia
2801 4908 2913 4960 qua:
2933 4893 3274 4962 superioribus
3298 4895 3491 4960 diebus,
3518 4898 3637 4951 dum

381 4995 592 5057 partum
620 4985 830 5054 virginis
861 4993 1127 5037 attenuare
1167 4986 1495 5054 praesumpsit
1540 4993 1690 5056 atque
1717 4999 2060 5049 corrumpere,
2092 4982 2354 5036 Christum
2376 4983 2656 5038 Dominum
2684 5001 2748 5038 ea:
2767 4985 2962 5055 virgine
2988 4989 3251 5053 procreari
3280 5005 3380 5041 non
3410 4992 3637 5059 potuisse

385 5077 778 5147 blasphemavit.
818 5075 972 5129 Hanc
992 5085 1176 5130 sancta
1197 5077 1571 5130 Mediolanensi
1599 5075 1835 5129 Ecclesia
1857 5075 2054 5128 horruit
2073 5075 2476 5145 blasphemiam;
2495 5075 2641 5129 illam
2661 5075 2927 5144 synodalia
2948 5084 3120 5129 noster
3138 5093 3240 5132 uno
3268 5095 3356 5134 ore
3377 5081 3650 5135 damnavit-

387 5174 696 5232 conuentus;
743 5166 973 5219 eamdem
1016 5175 1282 5220 exsecrata
1325 5176 1402 5220 est
1439 5168 1526 5236 pia
1565 5168 1680 5236 ipsa
1719 5167 2002 5238 imperialis
2042 5175 2288 5237 potestas.
2328 5165 2531 5220 Etenim
2561 5167 2680 5218 dum
2716 5167 3000 5222 venerabile
3025 5169 3327 5225 connubium
3359 5175 3636 5244 virginitati

385 5274 544 5311 ausus
580 5265 655 5312 est
701 5272 922 5327 requare,
972 5253 1232 5310 Christum
1277 5257 1619 5327 blasphemat,
1666 5274 1733 5311 ες
1773 5271 1984 5312 νικοικε
2030 5271 2131 5311 non
2181 5271 2427 5310 rorutssr:
2478 5270 2766 5317 GESERABI;
2815 5270 2921 5309 cura
2967 5273 3174 5313 suam:
3204 5277 3302 5315 nos
3333 5277 3540 5314 aeneu-
3571 5278 3634 5315 ex

383 5361 622 5401 llULlERE
645 5387 660 5412 ,
711 5361 884 5400 EDITIS
928 5359 1249 5399 unusnonuu
1280 5360 1539 5400 PIGNOBU!
1569 5361 1855 5411 rsnrunus,
1905 5361 2145 5401 VIRGINl-JS
2191 5360 2522 5399 resumens.
2574 5343 2707 5396 Sunt
2736 5344 2847 5399 haec
2878 5347 2961 5410 iis,
2995 5365 3114 5416 qua:
3143 5346 3381 5420 synodzﬂi
3413 5353 3635 5420 epistola

392 5444 612 5498 concilii
664 5441 1074 5498 Mediolanensis
1121 5442 1408 5510 provincia:
1439 5443 1696 5497 adversus
1724 5440 2060 5497 Iovinianum
2091 5439 2512 5512 Symmistasque
2541 5441 2912 5509 continentur,
2945 5444 3104 5513 plane
3134 5461 3390 5501 consona.
3424 5447 3554 5501 Nam
3589 5448 3639 5502 in

467 5639 554 5717 (al
596 5637 724 5717 Vide
745 5640 1310 5717 sanctum‘Augustin.3
1341 5639 1653 5717 serm._.l5'.'?,
1679 5639 1747 5717 al.
1782 5639 1840 5691 bl
1863 5679 1877 5701 ,
1900 5638 1967 5695 de
2073 5655 2158 5717 an.
2195 5641 2347 5693 1700.
2382 5641 2531 5717 Mitto
2552 5652 2773 5698 cattercs
2797 5643 2998 5709 Patres,
3024 5664 3249 5717 quorum
3279 5660 3400 5706 sunt
3425 5649 3638 5712 similes.

398 5709 588 5765 Verbis
609 5708 833 5775 Domini,
854 5726 968 5777 cap.
994 5710 1043 5774 2,
1068 5725 1188 5778 pag.
1208 5709 1328 5775 H9,
1348 5718 1476 5764 tom.
1504 5709 1544 5763 V
1567 5711 1693 5764 edit.
1712 5709 1966 5779 Antuerp.
2079 5711 2341 5779 planeque
2371 5713 2673 5770 conformes
2693 5716 2987 5770 sementim.
