4138 6186
532 300 598 353 5ΐὶ
1946 286 2330 344 ΡΒΛΞῈΑΤΙΟ.
3708 287 3776 347 55

522 404 748 475 cpistola
775 404 989 472 eadem,
1022 419 1173 461 num.
1200 403 1233 458 4
1263 403 1360 477 (a),
1394 404 1472 460 sic
1501 403 1694 472 legitur
1718 421 1729 456 :
1766 400 1976 467 Quanta
2002 405 2228 457 amentia
2251 402 2574 473 funestorum
2601 401 2907 467 latratuum,
2950 411 3004 456 ut
3045 403 3201 458 iidem
3247 403 3493 468 dicerent,
3518 400 3774 461 Christum

526 513 591 551 ΕΧ
620 510 826 551 κνωοικε
855 511 955 552 NON
984 510 1230 573 Ροτυιεεβ
1258 511 1539 560 ΕΕΝΕΒᾹΚΙ,
1570 511 1657 559 QUI
1685 509 1951 550 ASSBRUNT
1982 510 2053 548 Εἰ
2083 509 2337 558 ιιυωειιε,
2371 508 2543 547 εοιτιδ
2574 509 2895 549 ιιωιλκοιιυι
2926 511 3185 552 ιιιςκοιιυιί
3218 512 3505 561 PABTUBUS,
3535 512 3773 553 "RGIHEI

524 602 856 652 rennuens,
880 594 985 641 etc.
1007 585 1161 651 Quod
1188 594 1367 640 autem
1396 585 1584 640 scribit
1611 584 1904 639 Maximus:
1934 584 2182 639 Eamdem
2212 584 2640 653 (blasphemiam)
2671 596 2936 638 exsecrata
2967 596 3043 639 est
3073 588 3186 656 ipsa
3214 587 3494 657 imperialis
3522 596 3774 657 potestas,

524 679 575 733 id
607 689 889 750 exceptum
918 695 985 734 ex
1016 681 1079 734 iis
1106 688 1191 733 est
1232 692 1351 747 qua:
1379 679 1614 751 synodus
1644 678 1758 749 ipsa
1787 678 1977 732 litteris
2005 678 2192 732 iisdem
2231 682 2315 730 est
2351 684 2648 744 persecuta.
2680 675 2818 731 Sunt
2850 692 2975 732 vero
2998 692 3059 729 ea
3088 675 3390 745 hujusmodi
3427 692 3572 730 num.
3601 675 3633 729 8
3657 676 3730 746 (b)
3758 693 3774 731 :

526 769 752 841 Dignum
779 770 855 824 illi
878 768 1323 842 (Jovinianenses)
1345 771 1612 840 praemium
1638 770 1918 824 retulerunt
1944 768 2176 839 perﬁdia
2194 784 2322 833 sum,
2342 768 2428 837 qui
2456 767 2568 822 ideo
2596 768 2691 821 huc
2730 776 2969 821 venerunt
2986 808 3001 833 ,
3034 785 3098 821 ne
3120 777 3404 836 superesset
3428 768 3569 822 locus
3596 769 3650 821 in
3678 785 3777 839 quo

526 875 628 913 non
659 859 1048 924 damnarentur,
1093 861 1177 931 qui
1224 876 1338 913 vere
1363 876 1418 913 se
1462 858 1782 914 Manichwos
1823 859 2164 929 probaverunt
2206 859 2299 929 (c),
2339 876 2442 914 non
2475 858 2768 924 credentes,
2797 861 2916 930 quia
2954 875 3019 912 ea:
3047 860 3241 928 virgine
3262 860 3433 929 utique
3453 860 3647 913 venisse
3674 877 3778 914 non

528 947 770 1000 creditur.
805 944 1053 1009 Quisnam
1099 947 1207 1001 ha:c
1254 956 1331 1001 est
1366 964 1561 1018 suppar
1586 964 1832 1002 novorum
1868 946 2167 1002 Judteorum
2205 946 2471 1001 amentia?
2492 946 2553 1001 Si
2573 948 2768 1001 venisse
2795 963 2897 1000 non
2926 946 3171 1011 creditur,
3203 963 3296 1000 nec
3316 964 3525 1000 carnem
3555 949 3783 1001 creditur

529 1039 840 1107 suscepisse;
866 1054 987 1107 ergo
1020 1038 1074 1090 in
1107 1038 1468 1108 phantasmate
1505 1038 1642 1092 visus
1669 1048 1767 1101 est,
1793 1039 1847 1091 in
1886 1038 2245 1107 phantasmate
2272 1038 2547 1107 cruciﬁxus
2571 1046 2666 1091 est.
2719 1036 2826 1091 Sed
2859 1037 3005 1090 nobis
3026 1037 3080 1089 in
3102 1038 3310 1090 veritate
3340 1039 3617 1107 crucifixus
3649 1036 3780 1109 [Liv]

529 1136 623 1191 est,
656 1128 709 1179 in
738 1129 949 1180 veritate
980 1125 1291 1198 Redemptor
1327 1137 1402 1182 est
1442 1138 1634 1183 noster.
1687 1127 2008 1182 Manio/neas
2034 1135 2111 1181 est
2148 1128 2233 1196 qui
2274 1128 2493 1198 abnegat
2521 1129 2806 1192 veritatem,
2832 1128 2918 1198 qui
2943 1144 3147 1182 carnem
3172 1125 3364 1182 Christi
3390 1136 3573 1198 negat,
3593 1138 3643 1183 et
3664 1129 3782 1183 ideo

531 1232 630 1270 non
652 1226 727 1271 est
754 1217 861 1270 illis
879 1218 1109 1270 remissio
1138 1226 1477 1286 peccatorum,
1508 1218 1599 1271 sed
1626 1226 1702 1271 est
1730 1218 1963 1287 impietas
2000 1215 2405 1271 Maniclueorum
2429 1258 2445 1282 ,
2474 1222 2625 1289 quum
2654 1228 2702 1271 et
2730 1218 3151 1272 clementissimus
3178 1228 3471 1272 exsecratus
3504 1228 3580 1273 est
3617 1220 3782 1290 impe-

531 1316 690 1373 rator,
734 1318 781 1361 et
835 1324 1011 1361 omnes
1050 1308 1134 1379 qui
1179 1307 1297 1361 illos
1342 1308 1615 1372 viderunt,
1656 1308 1801 1379 quasi
1830 1306 2065 1378 quautam
2094 1308 2331 1377 contagia
2360 1309 2673 1379 refugerunt.
2705 1306 2903 1362 Verum
2930 1308 2996 1362 de
3024 1307 3127 1362 hac
3154 1307 3358 1379 synodo
3387 1308 3536 1363 alias.
3596 1308 3781 1365 Redeo

540 1400 607 1454 ad
634 1399 849 1453 Maximi
890 1399 957 1453 de
984 1399 1287 1467 virginitate
1338 1398 1431 1453 Dei
1483 1398 1753 1467 genitricis
1799 1397 2115 1452 doctrinam.
2157 1396 2296 1464 Ergo
2345 1397 2390 1452 is
2436 1397 2654 1452 homilia
2682 1397 2769 1461 25,
2802 1411 2920 1468 pag.
2954 1397 3037 1463 74,
3068 1396 3305 1453 Judaeum
3340 1400 3779 1468 reprehendens:

544 1492 692 1561 Apud
721 1500 786 1557 te,
821 1491 1010 1558 inquit,
1041 1491 1452 1559 virgoconcepit,
1491 1499 1540 1542 et
1566 1490 1778 1560 virginis
1803 1498 1901 1543 tute
1924 1497 2129 1559 partum
2165 1488 2364 1542 alienus
2398 1490 2664 1559 agnoscit;
2695 1488 2784 1543 tibi
2807 1488 3023 1542 salutem
3053 1496 3194 1543 tuam
3221 1488 3469 1559 angelij
3497 1505 3644 1545 voces
3670 1508 3781 1562 per-

534 1584 750 1639 suadere
791 1600 895 1638 non
922 1592 1155 1654 possunt,
1185 1588 1233 1636 et
1258 1580 1326 1633 ad
1348 1581 1605 1635 Christum
1645 1591 1783 1634 tuum
1826 1596 1930 1634 una
1976 1578 2249 1633 Chaldaeos
2288 1578 2437 1632 stella
2477 1578 2737 1649 perduxit.
2785 1577 2852 1631 Et
2879 1577 3099 1633 homilia
3129 1577 3216 1641 29,
3248 1593 3373 1648 pag.
3402 1577 3491 1645 87,
3522 1579 3783 1637 Joannem

536 1674 826 1745 Baptistam
854 1675 932 1730 sic
959 1675 1158 1730 inducit
1186 1674 1549 1745 alloquentem
1576 1670 1849 1727 Christum
1880 1689 1893 1724 :
1923 1669 2009 1724 Me
2031 1671 2127 1725 viri
2146 1679 2194 1725 et
2217 1670 2423 1741 femina:
2450 1670 2705 1723 naturalis
2735 1672 2918 1740 copula
2944 1671 3259 1740 procreavit;
3292 1680 3339 1724 te
3366 1681 3536 1725 autem
3558 1712 3573 1736 ,
3624 1673 3784 1726 Altis-

538 1764 649 1817 simi
678 1761 1008 1817 obumbrante
1038 1763 1237 1827 virtute,
1281 1761 1574 1816 veneranda
1612 1761 1760 1815 nobis
1789 1760 2059 1830 virginitas
2097 1758 2256 1813 dedit.
2295 1758 2403 1813 Sed
2430 1757 2557 1827 quid
2589 1758 2675 1812 his
2704 1772 2804 1827 ego
2834 1759 3113 1821 immorer,
3143 1759 3235 1827 qui
3258 1760 3305 1815 si
3331 1761 3508 1814 omnia
3542 1762 3787 1830 persequi

539 1856 886 1926 proponendo
911 1855 1070 1909 velim
1116 1870 1235 1923 qua:
1272 1854 1532 1909 Maximus
1554 1854 1658 1908 hoc
1682 1852 1750 1908 de
1776 1852 2025 1921 dogmate
2055 1851 2287 1906 homiliis
2313 1850 2757 1919 sermonibusque
2784 1850 2892 1904 suis
2920 1850 3231 1920 complexus
3259 1858 3360 1916 est,
3393 1851 3484 1905 vix
3505 1851 3790 1921 aliquando

540 1947 729 2003 iaciam
765 1946 1032 2002 scribendi
1080 1945 1277 2001 linem?
1314 1946 1500 2013 Itaque
1544 1944 1761 1997 modum
1807 1941 1933 1997 huic
1980 1949 2296 2007 argumento
2341 1946 2606 2003 statuam,
2656 1954 2870 2008 unoque
2898 1937 2991 1992 illo
3019 1938 3187 1993 sancti
3218 1938 3454 2007 episcopi
3486 1939 3793 1997 testimonio

541 2044 823 2093 contentus
850 2051 967 2101 ero,
995 2034 1139 2103 quod
1174 2035 1369 2102 legitur
1406 2034 1460 2087 in
1505 2046 1754 2087 sermone
1775 2031 1860 2096 '57,
1893 2042 2013 2099 pag.
2055 2028 2198 2082 497:
2236 2027 2408 2083 Voluit
2434 2030 2679 2099 virginem
2718 2044 2921 2095 parere,
2966 2035 3014 2081 et
3052 2026 3440 2081 obumbratione
3474 2030 3788 2099 majestatis,

543 2128 682 2184 nullo
710 2128 923 2197 virginei
941 2125 1155 2195 pudoris
1183 2125 1395 2189 damno,
1436 2121 1671 2177 Christus
1698 2122 1943 2193 processit
1982 2137 2047 2175 ea:
2076 2120 2268 2175 Maria.
2323 2118 2391 2173 Et
2435 2119 2556 2174 inde
2583 2129 2659 2174 est
2692 2120 2827 2191 quod
2851 2119 3143 2189 philosophi
3165 2121 3389 2190 gentium
3418 2121 3796 2193 prudentesque

544 2210 743 2284 mundi,
776 2219 860 2289 qui
878 2218 1055 2273 Omnia
1081 2217 1176 2271 sibi
1196 2217 1410 2288 prepria
1439 2217 1613 2270 volunt
1636 2215 2003 2283 disceptatione
2032 2224 2293 2279 constare,
2322 2214 2441 2267 dum
2473 2222 2673 2267 terreno
2696 2229 2846 2267 sensu
2874 2213 3053 2267 divina
3080 2212 3381 2277 discutiunt,
3411 2215 3663 2283 sapientia
3701 2232 3797 2269 sua

545 2313 849 2383 desipientes
889 2309 958 2363 ad
995 2310 1363 2379 plenitudinem
1403 2324 1508 2362 non
1546 2308 1849 2377 perveniunt
1884 2307 2133 2361 veritatis.
2177 2302 2277 2369 Qui
2297 2306 2429 2358 hanc
2454 2306 2613 2376 igitur
2638 2305 2889 2359 desudant
2915 2303 3100 2359 habere
3122 2305 3430 2369 doctrinam,
3459 2314 3514 2358 ut
3541 2308 3676 2376 quod
3697 2308 3798 2377 ipsi

546 2404 803 2457 advertere
830 2407 1101 2471 nequeunt,
1146 2398 1362 2469 superbo
1404 2405 1653 2451 tumentes
1680 2399 1886 2467 spiritu,
1912 2396 2077 2451 Deum
2096 2406 2187 2450 aut
2211 2413 2314 2451 non
2350 2406 2483 2451 recte
2511 2396 2653 2462 velle,
2684 2408 2772 2450 aut
2796 2414 2900 2451 non
2928 2413 3079 2468 posse
3106 2398 3435 2453 contendunt.
3479 2394 3596 2461 Qui,
3643 2406 3699 2451 ut
3725 2400 3799 2451 ait

549 2491 819 2560 Apostolus
842 2507 858 2543 :
889 2489 1128 2544 Dicentes
1155 2505 1209 2542 se
1235 2504 1345 2543 esse
1371 2488 1645 2558 sapientes,
1670 2488 1815 2541 stulti
1837 2489 1964 2558 facti
1980 2495 2134 2551 sunt;
2157 2496 2213 2542 et
2241 2489 2433 2543 iterum
2463 2507 2476 2543 :
2510 2489 2841 2555 Evanuerunt
2861 2494 2913 2546 in
2938 2491 3323 2563 cogitationibus
3346 2492 3473 2546 suis.
3500 2489 3626 2555 Quis
3654 2493 3791 2546 enim

550 2583 619 2634 ita
646 2581 851 2635 demens
872 2580 927 2633 in
956 2578 1044 2633 illo
1075 2586 1319 2647 conceptu
1341 2576 1568 2649 virgineo
1595 2592 1764 2631 semen
1792 2586 1990 2649 quwrat
2017 2576 2292 2629 humanum
2312 2616 2327 2641 ,
2358 2576 2443 2629 ubi
2468 2579 2642 2647 agitur
2670 2581 2868 2633 caeleste
2892 2584 3227 2651 mysterium?
3251 2589 3357 2637 etc.
3406 2580 3521 2637 Jam
3548 2581 3616 2637 de
3639 2582 3801 2651 virgi-

550 2676 713 2732 nitate
746 2674 911 2730 beatte
934 2674 1112 2729 Maria:
1138 2673 1413 2729 hactenus.

620 2766 746 2821 V'lll.
788 2763 956 2835 Hujus
986 2766 1111 2820 item
1156 2763 1417 2819 Maximus
1443 2763 1642 2833 passim
1670 2762 1910 2818 celebrat
1951 2761 2318 2829 sanctitatem,
2364 2776 2587 2831 eamque
2615 2763 2874 2834 repletam
2904 2766 3074 2833 gratia
3105 2766 3267 2822 fuisse
3298 2767 3568 2837 prcedicat.
3607 2763 3800 2821 Coan

551 2854 825 2915 homiliam
847 2858 900 2923 5,
932 2871 1051 2927 pag.
1084 2856 1151 2909 l7
1170 2870 1307 2924 seq.,
1337 2862 1392 2909 et
1418 2854 1606 2910 homil.
1632 2854 1682 2919 7,
1714 2868 1834 2923 pag.
1858 2852 1947 2920 22,
1970 2862 2025 2907 et
2053 2852 2235 2906 homil.
2262 2851 2315 2916 8,
2346 2866 2465 2921 pag.
2489 2852 2575 2905 24.
2601 2854 2955 2911 Nihilominus
2975 2855 3187 2911 luerunt
3213 2858 3303 2926 qui
3331 2857 3618 2911 Maximum
3639 2872 3794 2911 eum-

551 2952 675 3007 dem
698 2950 866 3017 culpre
893 2950 1116 3003 vertisse
1142 2947 1313 3002 beatae
1333 2945 1536 3014 Virgini
1567 2945 1976 3009 arbitrarentur,
2019 2943 2162 3012 quod
2191 2958 2221 2997 a
2248 2942 2461 2998 Christo
2484 2944 2727 3013 petiisset
2770 2954 2828 3000 ut
2856 2950 3038 3002 vinum
3058 2988 3072 3014 ,
3097 2964 3204 3018 quo
3230 2949 3283 3002 in
3312 2949 3536 3018 nuptiali
3556 2948 3804 3004 convivio

552 3042 709 3098 Cana:
754 3041 986 3096 Galil-sem
1034 3038 1250 3095 carebat
1276 3054 1503 3108 sponsus
1526 3078 1541 3104 ,
1591 3036 1960 3107 suppeditaret
2007 3033 2284 3090 miraculo.
2340 3032 2446 3089 Sed
2473 3048 2633 3103 quam
2658 3036 2715 3090 hi
2743 3036 2900 3105 longe
2928 3040 3189 3104 errarint,
3239 3048 3294 3093 et
3321 3039 3744 3095 demonstratum
3772 3056 3804 3097 a

555 3133 711 3189 nobis
740 3132 791 3187 in
822 3146 887 3187 ea
930 3129 1277 3185 annotatione
1322 3135 1404 3183 est
1432 3142 1591 3197 quam
1620 3127 1687 3182 ad
1712 3126 1902 3181 homil.
1932 3124 2020 3191 25,
2048 3138 2172 3194 pag.
2218 3123 2306 3187 67,
2337 3124 2708 3194 ascripsimus,
2731 3134 2786 3181 et
2804 3142 2871 3181 ex
2900 3127 3119 3182 homilia
3142 3128 3330 3183 eadem
3356 3130 3515 3199 plane
3541 3131 3727 3199 liquet,
3751 3130 3806 3188 in

556 3238 655 3293 qua
687 3223 830 3293 (pag.
860 3219 950 3293 68)
978 3239 990 3274 :
1039 3229 1223 3293 gratus
1265 3221 1561 3289 temporatis
1598 3217 1782 3282 fuisse,
1810 3216 2075 3271 Maximus
2103 3215 2197 3283 ait,
2230 3216 2364 3287 quod
2392 3214 2590 3285 petebat
2617 3216 2812 3283 Maria,
2845 3232 2943 3273 nec
2970 3232 3099 3274 vero
3132 3219 3357 3289 piguisse
3386 3218 3807 3290 benignissimum

556 3304 849 3378 Dominum,
874 3312 996 3365 dum
1023 3325 1214 3382 magna
1237 3312 1464 3375 veniunt,
1488 3326 1646 3379 parva
1670 3317 1947 3379 prazstare;
1976 3316 2025 3361 et
2048 3307 2162 3361 ideo
2187 3306 2525 3361 venerabilem
2552 3305 2801 3373 Mariam,
2824 3318 2874 3363 et
2900 3324 3013 3363 vere
3046 3318 3101 3363 ut
3136 3315 3352 3364 inatrem
3393 3309 3604 3364 Domini
3634 3314 3808 3381 futura

554 3410 978 3476 praznoscentem,
1009 3418 1069 3455 ac
1106 3399 1423 3456 Dominicam
1448 3399 1813 3471 prtevidentem
1838 3399 2167 3464 voluntatem,
2192 3397 2411 3453 sollicite
2434 3399 2757 3453 admonuisse
2783 3402 3064 3467 ministros,
3089 3402 3413 3474 dixisseque:
3456 3401 3807 3471 Quodcunque

554 3488 746 3550 dixerit
770 3496 907 3551 vobis
935 3495 1106 3568 facite.
1134 3495 1355 3551 Scivisse
1374 3494 1547 3551 autem
1578 3493 1798 3548 Matrem
1824 3502 2057 3548 sanctam
2086 3492 2495 3564 objurgationem
2520 3491 2664 3546 illam
2693 3491 2905 3547 Domini
2929 3491 3153 3565 Filiique
3176 3495 3253 3549 sui
3276 3511 3293 3548 :
3323 3490 3459 3557 Quid
3485 3492 3609 3546 mihi
3634 3500 3683 3546 et
3710 3490 3801 3546 tibi

555 3599 647 3655 est,
675 3593 874 3656 mulier,
908 3590 1017 3665 [ιν]
1044 3609 1146 3647 non
1174 3592 1445 3646 irascentis
1469 3590 1720 3659 offensam
1745 3590 2083 3660 praztendere,
2113 3588 2202 3643 sed
2230 3588 2576 3642 miserationis
2601 3597 2808 3657 portare
2839 3590 3157 3659 mysterium.
3202 3586 3375 3653 Quid?
3420 3584 3476 3639 In
3507 3584 3714 3654 culpam
3742 3598 3812 3637 ne

558 3689 799 3735 vocatam
824 3681 986 3737 fuisse
1014 3691 1262 3752 putemus
1290 3697 1429 3747 eam,
1462 3697 1579 3751 quae
1598 3682 1824 3752 gratiam
1852 3680 2099 3749 petierit,
2131 3681 2231 3735 etsi
2258 3681 2625 3750 temporalem;
2656 3688 2711 3734 at
2732 3695 2892 3749 quam
2924 3689 3101 3736 tamen
3146 3680 3372 3748 gratiam
3416 3678 3655 3733 Christus
3677 3691 3812 3744 pra:-

557 3771 778 3823 stiterit?
835 3770 1046 3823 Vitioue
1083 3770 1315 3825 dandum
1345 3771 1524 3823 Mariae
1552 3773 1654 3823 erit
1677 3811 1691 3834 ,
1734 3786 1854 3838 quae
1881 3788 2236 3838 pramoscens,
2267 3770 2411 3838 quod
2450 3769 2570 3825 Filii
2599 3772 2836 3826 voluntas
2877 3772 3067 3837 ferret,
3100 3771 3351 3840 quodque
3380 3771 3423 3824 is
3462 3782 3813 3823 concessurus

557 3864 731 3920 esset,
778 3855 831 3909 id
858 3864 915 3910 et
942 3856 1191 3923 ﬂagitarit
1215 3856 1282 3909 ab
1312 3856 1429 3923 ipso
1461 3853 1616 3918 Filio,
1664 3864 1719 3909 et
1744 3856 2004 3911 ministris
2047 3858 2315 3911 mandarit
2344 3866 2402 3912 ut
2446 3859 2593 3927 quod
2622 3859 2713 3914 ille
2736 3859 2985 3929 jussisset
3010 3861 3283 3916 facerent?
3312 3858 3430 3914 Jam
3459 3874 3585 3914 vero
3610 3860 3666 3913 τὸ
3691 3854 3814 3928 quid

559 3947 704 4012 mihi,
758 3961 821 4002 ac
851 3948 941 4002 tibi
967 3949 1169 4016 mulier,
1202 3949 1249 4004 si
1276 3948 1489 4017 culpam
1519 3949 1681 4003 ullam
1704 3949 1927 4005 haesisse
1972 3950 2155 4006 Maria:
2183 3952 2465 4019 indicaret,
2496 3955 2753 4024 opinione
2781 3955 3026 4023 Maximi,
3076 3972 3185 4027 quo
3236 3957 3447 4011 tandem
3485 3955 3644 4010 modo
3674 3954 3813 4009 idem

552 4032 821 4102 Maximus
846 4039 1091 4107 dixisset,
1120 4038 1531 4111 objurgationem
1568 4040 1714 4094 illam
1760 4056 1865 4095 non
1906 4041 2070 4097 luisse
2112 4043 2384 4098 irascentis
2412 4046 2667 4115 offensam
2686 4088 2700 4113 ,
2731 4047 2825 4103 sed
2853 4049 3203 4103 miserationis
3224 4058 3461 4119 portasse
3473 4045 3816 4117 mysterium?

562 4131 692 4200 Quae
716 4145 835 4187 cum
866 4131 939 4183 ita
966 4129 1092 4193 sint,
1122 4128 1247 4198 quid
1269 4129 1371 4183 erit
1396 4128 1616 4198 reliqui,
1653 4129 1753 4184 nisi
1775 4138 1833 4184 ut
1855 4145 1884 4183 a
1916 4129 2147 4187 Maximo
2171 4131 2222 4186 id
2251 4148 2358 4188 non
2386 4132 2551 4190 fuisse
2580 4133 2782 4205 Virgini
2805 4136 3059 4190 tributum
3080 4136 3250 4205 culpa:
3279 4135 3667 4190 conliteamur?

630 4214 721 4276 IX.
752 4222 830 4277 De
856 4220 1072 4277 Christo
1118 4217 1449 4291 proliciente,
1480 4226 1536 4274 ut
1576 4219 1779 4274 dictum
1824 4234 1856 4274 a
1902 4219 2045 4275 Luca
2094 4229 2194 4287 est,
2237 4224 2495 4293 sapientia
2522 4233 2578 4279 et
2605 4235 2775 4292 aetate,
2804 4227 2930 4295 quid
2969 4234 3185 4282 sanctus
3212 4228 3496 4297 episcopus
3523 4225 3814 4295 scripserit,

563 4314 693 4371 satis
721 4319 804 4369 est
830 4328 860 4367 a
889 4310 1043 4367 nobis
1070 4312 1286 4382 copiose
1313 4308 1634 4379 explicatum
1664 4311 1717 4364 in
1737 4310 2173 4367 annotationibus
2200 4312 2267 4367 ad
2296 4313 2568 4368 homiliam
2595 4315 2685 4381 2|,
2712 4329 2837 4385 pag.
2868 4316 2937 4370 58
2959 4331 3073 4386 seq.
3116 4319 3190 4373 De
3230 4318 3435 4385 jejunio
3463 4325 3642 4371 autem
3668 4317 3815 4387 ejus-

564 4398 685 4459 dem
713 4398 1016 4459 Servatoris
1037 4408 1090 4456 et
1109 4398 1317 4455 Domini
1339 4399 1508 4454 nostri
1537 4398 1661 4455 Jesu
1689 4398 1885 4455 Christi
1913 4400 2093 4456 multis
2119 4403 2233 4472 ipse
2252 4403 2514 4462 Maximus
2534 4406 2797 4477 planeque
2819 4409 3118 4476 theologice
3138 4408 3394 4481 disputat.
3416 4410 3653 4478 Longum
3675 4418 3817 4466 esset

567 4491 682 4549 loca
702 4492 881 4548 omnia
906 4488 1142 4543 indicare
1171 4489 1222 4541 in
1252 4487 1442 4555 quibus
1469 4489 1572 4545 hac
1590 4487 1655 4543 de
1677 4504 1735 4543 re
1762 4488 1851 4543 ille
1878 4487 2107 4545 disserit.
2136 4491 2310 4548 Unum
2337 4493 2555 4550 afferam
2585 4511 2652 4551 ex
2679 4496 2863 4551 homil.
2886 4498 2973 4563 M,
3004 4512 3125 4566 pag.
3153 4499 3275 4564 155,
3299 4500 3350 4554 in
3379 4517 3485 4570 quo
3512 4501 3587 4555 sic
3612 4500 3773 4554 habet
3797 4518 3811 4554 :

566 4585 769 4670 Moyses
784 4581 963 4634 veteris
977 4579 1141 4633 editor
1156 4579 1280 4651 legis
1295 4590 1389 4644 est,
1409 4581 1639 4635 Christus
1652 4579 1706 4635 Ν
1710 4582 1790 4636 ovi
1806 4581 2038 4638 conditor
2052 4584 2377 4641 Testamenti.
2394 4587 2606 4658 Jejunat
2622 4587 2844 4659 Moyses,
2860 4597 2917 4641 ut
2929 4592 3195 4659 prteceptis
3214 4590 3459 4661 legalibus
3478 4593 3626 4645 unius
3642 4588 3818 4661 populi

565 4674 767 4729 erudiat
793 4671 1150 4736 disciplinam;
1191 4671 1421 4726 Christus
1455 4671 1680 4743 jejunat,
1710 4682 1765 4726 ut
1802 4674 2065 4727 universas
2093 4676 2311 4730 redimat
2338 4688 2531 4748 gentes.
2559 4676 2772 4747 Jejunat
2809 4678 3033 4748 Moyses,
3054 4688 3110 4731 ut
3134 4682 3399 4749 prementis
3428 4683 3541 4734 vita
3574 4681 3819 4734 mandata

564 4766 837 4837 suscipiat;
859 4764 1068 4835 jejunat
1088 4772 1137 4817 et
1158 4760 1407 4829 Christus,
1430 4771 1486 4815 ut
1510 4769 1717 4817 internae
1742 4764 1924 4817 salutis
1944 4775 2268 4819 sacramenta
2296 4769 2588 4821 constituat.
2619 4769 2833 4838 Jejunat
2861 4767 3086 4838 Moyses,
3111 4778 3167 4822 ut
3200 4768 3359 4822 Deum
3379 4769 3597 4831 rideret;
3612 4769 3818 4837 jejunat

566 4864 615 4908 et
639 4853 810 4919 Iesus,
838 4862 893 4907 ut
917 4868 1074 4906 unum
1098 4868 1152 4906 se
1169 4867 1278 4905 esse
1305 4868 1419 4903 cum
1440 4849 1573 4916 Deo,
1593 4851 1715 4905 dum
1743 4851 2001 4906 diabolum
2021 4855 2319 4925 triumphat,
2344 4858 2650 4913 ostenderet.
2676 4858 2880 4929 Moyses
2901 4868 3014 4927 post
3028 4858 3284 4929 jejunium
3304 4860 3521 4928 scriptas
3536 4858 3698 4928 digito
3719 4857 3817 4913 Dei

568 4944 767 4998 tabulas
793 4945 980 5013 populo
1009 4944 1382 5014 prtevaricante
1407 4944 1687 5014 confregit;
1718 4940 1948 4999 Christus
1976 4962 2068 5000 suo
2090 4947 2292 5017 jejunio
2321 4965 2617 5003 mansurum
2644 4968 2735 5020 per
2752 4951 2943 5005 alecula
2966 4948 3301 5023 Evangetium
3329 4951 3654 5004 consecravit.
3681 4947 3819 5013 Quid

567 5030 695 5089 illud
719 5044 795 5088 est
815 5044 1004 5101 autem,
1027 5037 1162 5106 quod
1182 5053 1295 5091 cum
1333 5045 1541 5107 uterque
1567 5036 1923 5107 quadragenos
1943 5038 2253 5108 jejunaverit
2289 5039 2415 5103 dies,
2446 5058 2548 5095 non
2584 5051 2792 5113 uterque
2818 5050 2932 5113 post
2952 5042 3206 5113 jejunium
3235 5041 3470 5095 esuriisse
3495 5038 3820 5111 perhibetur?

570 5120 773 5195 Moyses
792 5125 963 5192 utique
982 5141 1082 5179 non
1110 5131 1335 5194 esurivit,
1366 5136 1421 5181 ut
1448 5129 1500 5180 in
1530 5127 1733 5181 homine
1756 5128 1933 5198 fragili
1961 5139 2171 5199 operata
2198 5130 2456 5186 Divinitas
2476 5133 2806 5202 probaretur;
2837 5136 3045 5189 esurivit
3071 5134 3171 5188 Dei
3190 5132 3236 5185 F
3240 5132 3377 5197 ilius,
3398 5141 3454 5186 ut
3473 5135 3821 5204 assumptione

567 5214 740 5266 carnis
783 5220 995 5275 nostrte,
1032 5215 1268 5284 fragilem
1312 5233 1367 5270 se
1411 5218 1693 5287 suscepisse
1723 5217 1976 5270 hominem
2015 5218 2279 5273 reuelaret.
2308 5218 2458 5284 Quod
2485 5239 2587 5277 non
2614 5226 2774 5278 esurit
2820 5223 3047 5295 Moyses,
3082 5223 3293 5277 caelestis
3337 5230 3415 5277 est
3465 5223 3818 5293 possibilitatis

568 5305 873 5371 cxcmnlutst,
899 5302 1035 5376 quod
1061 5306 1235 5359 esuriit
1256 5305 1512 5372 Christus,
1540 5316 1732 5361 nostrae
1757 5314 1832 5360 est
1856 5305 2218 5377 redemptionis
2246 5321 2638 5377 sacramentum,
2666 5320 2773 5369 etc.
2803 5312 2956 5380 Quod
2985 5313 3073 5367 hic
3100 5311 3168 5367 de
3193 5312 3523 5367 humanitate
3552 5311 3739 5381 fragili,
3762 5311 3821 5366 in

640 5458 717 5535 (α)
756 5453 1010 5535 Pag.61.(_)
1032 5462 1161 5535 tom.
1185 5454 1581 5535 [Epistolarum
1610 5456 1967 5513 Romanorum
1995 5474 2129 5529 pon-
2236 5478 2423 5520 manca
2451 5464 2566 5521 haec
2584 5465 2741 5521 lectio
2763 5466 2836 5521 ita
2865 5465 3144 5535 suppletur
3166 5483 3178 5519 :
3204 5483 3229 5535 ,ι
3253 5463 3369 5521 Non
3391 5465 3671 5522 credentes
3688 5461 3816 5533 quia

572 5524 925 5604 lilitgltn]_f;t!il-
964 5524 1253 5604 Pari§~_§ﬂ-
1286 5524 1441 5578 1721·
1995 5524 2012 5529 ’
2240 5548 2308 5588 ex
2353 5536 2556 5604 virgine
2585 5545 2742 5591 natus
2782 5546 2866 5591 est
2890 5524 3155 5590 Christus.
3195 5534 3253 5590 Si
3292 5546 3473 5591 autem
3514 5550 3621 5589 non
3659 5524 3815 5590 natus

641 5595 715 5729 ἑὸ)
756 5594 905 5659 lbid.,
939 5608 1056 5665 pag.
1090 5595 1193 5676 675
1220 5609 1332 5663 seq.
1800 5667 1811 5679 .
2049 5667 2077 5682 _
2240 5620 2275 5659 e

667 5668 714 5730 τ)
753 5664 809 5720 ln
840 5675 949 5720 not.
1001 5664 1138 5719 l’etrt
1166 5662 1443 5721 Constant.
1472 5665 1541 5720 ad
1559 5666 1695 5724 hanc
1728 5677 1906 5730 cpist.,
1932 5679 1984 5730 ιτ.
2011 5667 2114 5723 6ιὸ

1935 5679 1966 5730 p
2011 5667 2114 5723 673
2240 5614 2321 5660 est
2348 5620 2416 5662 ex
2436 5594 2678 5677 “virgine,
2710 5607 2897 5676 utique
2919 5606 3133 5662 venisse
3154 5621 3261 5662 non
3288 5605 3569 5660 creditur.»

939 5706 949 5717 .
1001 5667 1138 5719 l’etri
1166 5667 1443 5721 Constant.
1472 5667 1541 5720 ad
1559 5667 1695 5724 hanc
1728 5667 1906 5739 cpist.,
1931 5679 1984 5737 p.
2011 5667 2114 5723 67-3
