4138 6186
392 293 456 352 57
1831 298 2208 361 ΡΒΑΞΡΑΤΙΟ.
3580 312 3649 367 b8

388 428 496 482 qua
526 410 595 467 sit
621 419 845 480 operata
867 412 1142 481 Divinitas,
1169 414 1373 482 scribit,
1401 428 1468 471 eo
1496 429 1627 470 sane
1654 415 1963 480 revolvitur,
1994 432 2102 485 quo
2130 417 2259 471 illud
2286 417 2426 485 quod
2456 418 2768 487 complexus
2792 427 2873 475 cst
2899 422 3120 477 homilia
3151 422 3235 488 12,
3259 437 3378 491 pag.
3408 422 3477 475 35
3503 441 3513 473 :
3543 423 3652 478 Ad-

390 512 544 564 rerte,
572 502 766 571 inquit,
796 520 910 557 eum
936 513 983 557 et
1010 513 1065 557 ut
1094 506 1348 559 hominem
1376 521 1589 560 [NFIRIIA
1618 520 1711 574 pro
1751 504 1975 574 infirmis
2022 521 2363 571 rcnruussz,
2394 516 2443 560 et
2466 517 2524 559 ut
2550 506 2715 562 Deum
2752 512 3034 577 potentiam
3060 511 3349 565 exercuisse
3377 512 3646 565 caelestem.

389 590 458 644 Et
484 590 674 645 homil.
706 590 793 656 15,
835 605 956 661 pag.
988 591 1054 645 35
1087 610 1099 645 :
1126 592 1295 647 Hodie
1322 592 1553 647 Christus
1579 592 1731 647 Iesus
1764 592 2013 648 Dominus
2050 605 2238 661 noster,
2267 597 2321 649 in
2355 613 2453 665 quo
2482 595 2781 653 Divinitatis
2826 608 2903 653 est
2947 601 3231 669 plenitudo,
3257 603 3429 655 carnis
3459 610 3649 655 nostrae

386 694 602 735 mrtuus
623 681 926 750 suscipiens,
956 698 1111 735 novus
1142 693 1291 736 natus
1323 691 1399 737 est
1422 684 1592 737 homo.
1616 681 1683 736 Et
1710 696 1833 752 pag.
1866 681 1935 736 58
1970 700 1981 734 :
2011 680 2160 746 Quod
2185 685 2233 738 si
2263 683 2373 749 tibi,
2403 701 2642 739 sensuum
2684 694 2885 741 tuorunt
2916 690 3222 760 fragilitate,
3250 690 3419 744 ntinus
3442 687 3649 760 dignum

388 769 588 824 videtur
612 769 810 849 Filium
834 771 932 826 Dei
955 782 1129 826 natum
1158 773 1220 827 de
1248 776 1442 843 femina
1474 774 1698 839 credere,
1731 774 1977 844 uirginem
2005 774 2174 843 cogita
2202 775 2473 843 peperisse.
2525 774 2585 829 Si
2625 774 2712 829 tibi
2741 778 2900 846 panni
2933 777 3111 849 quibus
3139 779 3399 833 obvolutus
3429 788 3503 833 est
3542 780 3648 848 for-

391 868 530 912 tasse
555 847 817 925 viles'cunt,
841 861 1052 931 angelos
1073 862 1428 917 collaudantes
1456 870 1506 915 et
1532 861 1911 915 multitudinem
1934 864 2147 916 caelestis
2174 862 2431 917 exercitus
2458 864 2736 918 admirare.
2771 865 2831 920 Si
2868 847 3096 938 prtcsepe
3134 869 3187 922 in
3216 884 3315 940 quo
3357 847 3549 939 Infans
3572 871 3649 934 ia-

389 953 494 1003 cuit
518 952 757 1019 despicis,
777 954 920 1023 erige
945 954 1206 1024 paulisper
1233 954 1425 1019 oculos,
1456 962 1506 1007 et
1533 970 1714 1007 noram
1743 952 1874 1026 [1.th
1902 956 1955 1007 in
1980 956 2103 1009 caelo
2131 956 2333 1009 stellam
2356 966 2721 1025 prolatantem
2748 959 2937 1013 mundo
2975 962 3290 1015 nativitatem
3317 960 3644 1014 Dominicam

385 1051 645 1093 contuere.
678 1038 741 1095 Si
769 1041 889 1095 eilia
914 1042 1098 1107 credis,
1132 1042 1279 1095 crede
1298 1043 1539 1112 mirifica.
1572 1041 1633 1097 Si
1661 1042 1724 1094 de
1754 1043 1821 1096 iis
1842 1058 1955 1112 qua:
1975 1042 2280 1096 humilitatis
2308 1052 2427 1096 sunt
2466 1044 2718 1114 disputas,
2750 1062 2863 1116 qua:
2891 1048 2998 1099 alta
3027 1057 3145 1100 sunt
3171 1058 3219 1101 et
3245 1049 3465 1102 cwlestia
3490 1065 3643 1105 rene-

386 1147 523 1184 rare.
552 1130 746 1185 Iisdem
784 1133 920 1185 enim
958 1132 1313 1202 referentibus,
1352 1132 1632 1204 iisdemque
1670 1134 1965 1188 auctoribus
1994 1134 2059 1187 de
2091 1135 2310 1188 Domino
2332 1133 2622 1199 Saluatore,
2656 1154 2775 1207 qua:
2799 1138 3013 1191 humilia
3036 1148 3085 1191 et
3112 1155 3222 1210 quae
3254 1139 3477 1207 gloriosa
3503 1145 3642 1199 sunt,

382 1224 644 1290 didicisti;
674 1228 909 1279 universa
942 1242 1056 1296 qua:
1085 1225 1154 1278 ad
1180 1227 1365 1279 salutis
1408 1236 1509 1280 tute
1545 1228 1841 1296 mysterium
1868 1227 2390 1296 pertinebantpsacra
2432 1225 2518 1281 tibi
2558 1226 2842 1299 Evangelia
2872 1230 3225 1299 prodiderun'.
3262 1227 3433 1282 Habes
3469 1231 3526 1283 in
3567 1228 3644 1282 his

380 1318 521 1371 unde
548 1315 828 1371 Dominum
852 1316 1030 1371 Iesum
1055 1326 1104 1370 et
1131 1326 1308 1371 natum
1330 1317 1587 1371 hominem
1606 1316 1805 1381 credas,
1836 1325 1885 1369 et
1914 1316 2075 1369 Deum
2102 1333 2212 1369 esse
2241 1315 2477 1370 dubitare
2503 1334 2607 1371 non
2635 1319 2822 1388 possis.

452 1402 521 1457 Χ.
554 1403 870 1472 Quanquam
908 1419 1070 1472 porro
1107 1403 1367 1457 Maximus
1404 1410 1486 1457 tot
1518 1404 1727 1458 indiciis
1767 1402 2157 1457 manifestatam
2202 1402 2403 1457 Christi
2434 1403 2772 1458 Divinitatem
2821 1406 2982 1461 fuisse
3028 1406 3421 1469 animadvertit,
3464 1405 3644 1459 [Lear—

380 1493 617 1548 nationis
645 1500 821 1547 tamen
850 1494 1162 1564 mysterium
1185 1492 1399 1548 diabolo
1423 1494 1694 1560 cognitum
1724 1492 1903 1557 fuisse,
1936 1490 2152 1544 Patrum
2182 1492 2517 1559 superiorum
2548 1490 2623 1561 (a)
2661 1492 3003 1546 traditionem
3048 1491 3284 1558 secutus,
3314 1501 3491 1561 negat.
3525 1493 3639 1548 lio-

378 1583 527 1637 milia
555 1583 698 1639 enim
727 1583 815 1646 57,
846 1597 965 1651 quas
984 1591 1066 1637 est
1085 1584 1254 1652 prima
1283 1582 1345 1637 de
1371 1582 1717 1654 Quadrages.,
1747 1598 1865 1652 pag.
1904 1582 2021 1646 107,
2051 1582 2130 1637 sic
2157 1582 2425 1636 diabolum
2455 1582 2659 1637 inducit
2687 1584 2995 1651 loquentem
3028 1602 3041 1636 :
3076 1584 3205 1648 Qua:
3238 1586 3347 1639 lucc
3377 1594 3479 1638 tam
3510 1600 3641 1639 nera

377 1684 657 1747 potensque
678 1676 941 1746 generatio
968 1676 1078 1728 est?
1107 1673 1253 1728 Inter
1271 1684 1565 1743 peccatores
1592 1684 1641 1727 et
1666 1676 1850 1743 impios
1889 1682 2060 1736 natus,
2092 1673 2298 1726 mortali
2327 1674 2485 1726 etiam
2512 1673 2767 1727 dematre
2806 1690 3126 1745 progressus,
3155 1676 3420 1745 purgatior
3447 1677 3639 1729 cunctis

376 1763 725 1830 nascentibus,
757 1774 806 1818 et
834 1767 943 1835 ipso
969 1764 1094 1818 mihi
1124 1764 1247 1819 caelo
1275 1766 1452 1834 purior
1475 1772 1710 1834 apparet.
1740 1763 1984 1816 avaritia:
2012 1763 2066 1815 in
2090 1777 2151 1815 eo
2172 1762 2323 1815 radix
2351 1761 2495 1814 nulla
2517 1764 2799 1833 consurgit,
2820 1762 2962 1815 nulla
2992 1779 3080 1816 cor
3098 1762 3209 1832 ejus
3234 1762 3405 1828 pulsat
3426 1762 3638 1825 invidia,

374 1857 544 1908 nescit
579 1856 758 1925 lingua
794 1855 906 1925 ejus
951 1854 1291 1920 mendacium,
1324 1854 1456 1908 oculi
1497 1853 1610 1923 ejus
1647 1852 2109 1922 concupissentiam
2138 1868 2241 1905 non
2266 1851 2562 1916 admittunt,
2594 1852 2737 1905 nulla
2774 1854 2976 1906 aurium
3018 1852 3274 1923 voluptate
3312 1852 3558 1919 mollitur,
3589 1864 3639 1907 et

374 1948 497 2016 quid
522 1947 712 2017 plura?
740 1947 870 2001 nihil
896 1949 949 2001 in
977 1964 1036 2002 eo
1065 1948 1260 2017 reperio
1289 1947 1424 2019 quod
1448 1964 1527 2000 me
1555 1940 1795 2009 delectet;
1820 1959 1995 1998 omnes
2024 1959 2163 1996 meos
2188 1952 2401 1997 conatus
2426 1952 2656 1997 evacuat.
2684 1940 2821 2006 Quid
2848 1944 3038 2013 agam?
3064 1960 3163 2013 quo
3192 1960 3271 1996 me
3293 1952 3583 1997 convertam
3600 1944 3625 1995 .’

372 2035 668 2092 Fortiorem
706 2039 890 2092 sentio.
919 2037 1055 2090 Puto
1083 2036 1229 2091 illum
1256 2038 1308 2090 in
1337 2052 1493 2107 regno
1521 2053 1632 2090 meo
1660 2033 1783 2089 velle
1804 2047 2040 2104 regnare,
2064 2048 2127 2085 ne
2157 2034 2289 2102 forte
2318 2032 2456 2085 Deus
2496 2034 2561 2085 sit
2598 2033 2714 2095 iste,
2755 2049 2904 2101 quem
2937 2033 3133 2086 nullam
3160 2041 3329 2102 potest
3370 2034 3637 2086 maculare

372 2126 639 2178 delictum.
680 2125 788 2181 Sed
814 2127 860 2179 si
888 2124 1026 2179 Deus
1068 2134 1217 2189 esset,
1249 2124 1499 2196 quomodo
1533 2124 1869 2194 indignitates
1905 2130 2084 2191 partus
2116 2122 2320 2192 feminei
2362 2122 2671 2173 sustineret?
2710 2119 2973 2184 Quomodo
2998 2130 3130 2175 esset
3170 2124 3316 2176 cunis
3349 2126 3635 2195 pannisque

374 2219 680 2271 contentus?
706 2215 834 2280 Quis
858 2217 1064 2270 credere
1084 2217 1243 2287 possit
1267 2217 1504 2287 infantia:
1540 2216 1737 2286 vagitus
1764 2216 1820 2267 in
1843 2212 1989 2267 Deo?
2029 2211 2124 2266 Cui
2154 2229 2255 2266 non
2280 2212 2505 2265 audienti
2527 2212 2796 2266 ridiculum
2823 2222 2917 2276 est,
2942 2212 3108 2266 Deum
3132 2215 3353 2283 femineo
3380 2215 3512 2269 lacte
3536 2233 3633 2269 nu-

372 2309 525 2361 triri?
546 2307 679 2361 Post
706 2309 879 2362 omnia
921 2324 1037 2362 ecce
1067 2308 1247 2371 esurit,
1277 2322 1391 2359 cum
1428 2308 1600 2376 utique
1626 2306 1819 2358 esurire
1856 2302 2022 2356 Deum
2066 2303 2199 2356 ratio
2236 2301 2380 2354 nulla
2409 2301 2737 2370 persuadeat.
2780 2301 3063 2374 Ignorabat
3103 2306 3345 2357 nimirum
3379 2306 3631 2373 diabolus,

372 2400 493 2467 quia
519 2398 653 2468 quod
679 2397 908 2452 Christus
935 2398 1244 2452 nutrimenta
1270 2396 1555 2468 perferebat
1586 2396 1846 2466 infantia,
1876 2393 2107 2464 quodque
2134 2390 2413 2456 esuriebat,
2456 2401 2512 2444 ut
2544 2393 2713 2458 homo,
2748 2410 2851 2448 non
2888 2404 2999 2447 erat
3029 2397 3328 2466 fragilitatis
3358 2413 3630 2466 COff‘Ol‘t’lB,

371 2492 467 2546 sed
489 2494 700 2547 celestis
724 2493 909 2564 gratiae
936 2500 1381 2545 sacramentum...
1406 2488 1542 2542 Ecce
1562 2497 1785 2542 tentator
1815 2488 1954 2540 trina
1974 2488 2091 2558 jam
2112 2484 2518 2555 interrogatione
2556 2486 2685 2540 nihil
2710 2488 2935 2557 proﬁcit.
2970 2486 3207 2543 Incertus
3247 2490 3381 2542 venit
3407 2489 3635 2559 (tentare

373 2584 701 2655 Christum);
736 2584 866 2639 redit
886 2584 1147 2637 incertior.
1188 2581 1389 2637 Eodem
1417 2580 1687 2651 pertinent
1712 2593 1833 2649 quae
1856 2580 2076 2648 copiose
2104 2575 2289 2633 scribit
2314 2574 2537 2629 homilia
2566 2575 2653 2642 42,
2684 2593 2803 2648 quae
2827 2587 2909 2633 est
2929 2586 3080 2634 sexta
3110 2580 3173 2632 de
3198 2578 3629 2651 Quadragesima,

368 2692 489 2748 pag.
536 2676 635 2731 125
661 2692 833 2746 seqq.,
864 2682 920 2730 et
963 2674 1180 2729 homilia
1199 2672 1286 2739 45,
1315 2687 1435 2743 quas
1479 2680 1561 2727 est
1588 2672 1814 2741 septima
1853 2670 1917 2725 de
1959 2667 2390 2742 Quadragesima,
2433 2685 2557 2742 pag.
2592 2667 2693 2722 129
2721 2685 2895 2739 seqq.,
2928 2679 2982 2725 et
3021 2670 3241 2724 homilia
3279 2668 3367 2736 Ξῖ),
3396 2686 3514 2737 qum
3544 2678 3628 2725 est

368 2770 601 2841 septima
630 2771 693 2824 de
710 2767 1027 2839 Epiphania,
1053 2779 1176 2836 pag.
1207 2763 1294 2831 66,
1321 2765 1670 2834 pluribusque
1690 2762 1806 2817 aliis
1826 2763 1882 2817 in
1908 2761 2043 2817 locis
2069 2778 2188 2831 quae
2208 2763 2446 2822 indicare
2474 2779 2583 2819 non
2611 2770 2693 2817 est
2718 2777 2957 2817 necesse.

439 2860 587 2935 [Lvn]
618 2861 707 2915 Xl.
741 2860 817 2916 De
853 2861 1116 2929 baptismo
1144 2857 1374 2922 Christi,
1405 2855 1576 2924 deque
1604 2854 1949 2910 sanctiﬁcatis
1975 2853 2128 2922 aquis
2156 2854 2372 2923 egregie
2401 2854 2617 2911 disserit
2658 2853 2878 2908 homilia
2924 2852 3019 2917 22,
3069 2868 3187 2922 quae
3235 2861 3316 2909 est
3362 2860 3511 2907 sexta
3560 2853 3624 2907 de

368 2948 671 3019 Epiphania
689 2986 704 3010 ,
738 2960 857 3016 pag.
891 2946 961 2999 62
987 2960 1160 3014 seqq.,
1192 2959 1300 3013 quo
1329 2945 1449 2999 loco
1478 2944 1639 2998 etiam
1668 2944 1777 3011 agit
1804 2943 1872 2997 de
1900 2943 2054 2997 stella
2085 2944 2253 3011 magis
2280 2944 2391 2999 visa
2411 2983 2425 3007 ,
2458 2944 2630 3014 deque
2671 2943 2861 3011 insigni
2891 2943 3149 2997 miraculo
3179 2958 3328 3012 aqua:
3355 2955 3626 2999 conversa!

370 3038 428 3092 in
456 3038 658 3092 vinum.
695 3035 883 3098 Hodie,
910 3035 1097 3104 inquit,
1124 3034 1254 3088 illud
1277 3034 1508 3099 colimus,
1537 3051 1635 3105 quo
1662 3050 1717 3088 se
1747 3032 1934 3105 (Deus)
1966 3035 2020 3088 in
2050 3033 2255 3088 homine
2282 3032 2549 3090 virtutibus
2576 3034 2856 3089 declaravit
2872 3052 2890 3100 ;
2918 3052 2977 3089 eo
3003 3034 3138 3106 quod
3164 3037 3218 3089 in
3258 3036 3354 3087 hac
3393 3035 3495 3099 die,
3517 3037 3620 3088 sive

368 3126 507 3197 quod
532 3127 587 3179 in
616 3125 741 3179 calo
768 3124 919 3179 stella
946 3132 1087 3177 ortus
1110 3124 1190 3176 sui
1212 3124 1444 3176 nuntium
1468 3122 1715 3195 prtebuit,
1756 3123 1860 3176 sive
1887 3122 2023 3193 quod
2059 3124 2113 3177 in
2143 3122 2285 3177 Cana
2314 3123 2544 3179 Caliltete
2569 3127 2624 3180 in
2652 3126 2878 3180 convivio
2907 3125 3123 3195 nuptiali
3151 3142 3335 3196 aquam
3363 3127 3414 3179 in
3456 3126 3626 3178 vinum

367 3225 631 3290 convertit,
662 3225 765 3277 sive
791 3220 925 3294 quod
944 3220 996 3274 in
1014 3218 1262 3275 Iordanis
1280 3219 1432 3273 undis
1453 3235 1614 3289 aquas
1636 3218 1703 3271 ad
1724 3219 2100 3287 reparationem
2128 3218 2340 3295 humani
2359 3221 2557 3289 generis
2578 3235 2668 3273 suo
2690 3218 2938 3289 baptismo
2958 3220 3289 3273 consecrarit.
3318 3216 3382 3271 In
3406 3218 3626 3289 quolibet

367 3318 550 3373 horum
576 3318 759 3372 salutis
788 3325 980 3371 nostra:
1004 3316 1248 3386 mysteria
1276 3314 1618 3375 continentur,
1649 3319 1699 3366 et
1725 3312 1935 3382 gaudia.
1969 3311 2134 3366 Nobis
2162 3314 2297 3367 enim
2322 3330 2387 3368 ea:
2422 3312 2632 3384 Virgine
2659 3320 2810 3367 natus
2839 3321 2935 3377 est,
2957 3311 3092 3383 quod
3119 3311 3269 3365 stella
3297 3313 3618 3366 monstravit.

368 3411 425 3467 Ν
427 3413 537 3467 obis
564 3429 628 3466 ea:
656 3411 905 3482 baptismo
932 3411 1192 3465 lavacrum
1219 3424 1516 3462 concessum
1543 3416 1636 3472 est,
1668 3407 1803 3477 quod
1830 3406 1885 3459 in
1910 3405 2159 3460 Iordanis
2189 3405 2331 3460 alveo
2368 3407 2699 3461 consecrarit.
2732 3404 2846 3459 Nos
2865 3422 3058 3477 quoque
3084 3406 3136 3459 in
3163 3405 3343 3459 melius
3369 3420 3480 3458 esse
3498 3421 3614 3458 mu-

370 3504 556 3556 tandos
593 3503 757 3572 operis
795 3500 1044 3555 miraculo
1081 3498 1520 3570 prtcmonstravit,
1564 3495 1767 3568 quando
1806 3512 1967 3567 aquas
2010 3497 2067 3549 in
2104 3496 2222 3551 uina
2262 3498 2507 3551 convertit
2530 3535 2543 3549 .
2571 3534 2585 3549 .
2613 3535 2627 3549 .
2653 3534 2667 3549 .
2694 3535 2708 3548 .
2752 3494 3041 3549 Insinuavit
3086 3495 3232 3550 nobis
3270 3497 3495 3550 muneris
3540 3493 3624 3548 sui

370 3594 674 3663 baptismum
718 3610 809 3664 per
852 3592 1090 3647 secunda:
1127 3591 1410 3644 nativitatis
1446 3589 1765 3659 exmplum;
1811 3588 2022 3659 et‘quod
2058 3604 2151 3642 nos
2191 3589 2360 3658 facere
2404 3587 2591 3653 uoluit,
2626 3587 2768 3658 prior
2808 3589 2917 3659 ipse
2955 3589 3092 3658 fecit.
3142 3586 3383 3657 Legimus
3409 3587 3619 3640 Judreos

366 3683 573 3737 diversa
622 3682 713 3737 sub
760 3682 871 3752 lege
912 3680 1147 3734 habuisse
1187 3678 1518 3750 baptismate,
1564 3678 1657 3733 sed
1704 3677 1900 3731 nullum
1944 3692 2009 3730 ea:
2054 3678 2133 3731 his
2179 3684 2357 3731 contra
2385 3678 2821 3747 prtevaricationis
2849 3677 3041 3731 malum
3067 3677 3355 3747 generalem
3383 3679 3618 3747 conferre

365 3774 533 3841 potuit
553 3771 880 3825 medicinam.
906 3768 977 3822 Et
1006 3769 1122 3822 ideo
1150 3785 1242 3839 pro
1271 3767 1589 3822 absolutione
1629 3767 1781 3821 totius
1820 3765 1995 3820 mundi
2022 3766 2318 3836 indigebant
2358 3768 2759 3837 regenerationis
2782 3784 2929 3840 aqua:
2966 3768 3159 3823 cazlitus
3183 3770 3516 3839 sanctiﬁcari.
3554 3765 3623 3820 Et

367 3865 491 3935 quia
516 3880 607 3933 per
628 3862 921 3916 universum
949 3860 1193 3915 mundum
1233 3868 1611 3914 sacramentum
1650 3856 1889 3927 baptismi
1935 3856 2158 3912 humano
2200 3859 2375 3928 generi
2419 3875 2546 3929 opus
2590 3869 2732 3925 erat,
2765 3861 2999 3914 omnibus
3043 3862 3189 3930 aquis
3219 3858 3617 3916 benedictionem

366 3951 530 4017 dedit,
560 3950 764 4021 quando
789 3951 845 4003 in
870 3949 1118 4004 Iordanis
1146 3948 1343 4003 alueum
1367 3950 1521 4001 unica
1542 3964 1604 4000 ac
1630 3946 1883 4018 singulari
1911 3946 2099 4015 pietate
2119 3946 2399 4001 descendit.
2426 3947 2568 4002 Tunc
2596 3948 2850 4005 Christum
2872 3949 3146 4005 Dominum
3178 3967 3278 4004 non
3302 3952 3426 4005 lavit
3462 3952 3621 4018 unda,

367 4057 522 4114 quam
549 4040 656 4095 lota
678 4048 773 4093 est.
806 4038 920 4093 Tibi
946 4055 1066 4110 ergo
1086 4038 1349 4092 nascendo
1376 4036 1609 4092 Christus
1646 4038 1873 4101 advenit,
1913 4036 2003 4090 tibi
2039 4037 2249 4093 vivendo
2288 4039 2548 4105 militauit,
2587 4039 2677 4095 tibi
2714 4041 2978 4095 moriendo
3007 4043 3259 4111 conﬂixit.
3294 4040 3452 4106 Quem
3482 4044 3622 4098 vides

366 4148 463 4201 pro
492 4137 543 4183 te
568 4138 846 4193 mortuum,
874 4143 967 4198 pro
997 4137 1044 4181 te
1066 4126 1294 4197 intellige
1319 4125 1651 4196 baptizatum.
1687 4125 1828 4180 Talis
1865 4127 2074 4181 omnino
2111 4129 2266 4181 etiam
2306 4137 2426 4182 ante
2463 4128 2769 4200 baptismum
2798 4134 2923 4201 fuit;
2953 4139 3002 4185 et
3028 4133 3143 4187 ideo
3171 4150 3461 4203 prtecursar
3486 4135 3616 4205 ejus,

365 4233 519 4294 atque
546 4221 783 4291 Baptista
803 4220 878 4273 ita
902 4234 1038 4283 eum,
1069 4234 1182 4271 cum
1209 4216 1278 4269 ad
1304 4233 1360 4270 se
1379 4215 1716 4286 baptizandus
1737 4217 1948 4281 ueniret,
1972 4217 2251 4287 alloquitur
2274 4234 2292 4271 :
2326 4217 2560 4283 Domine,
2590 4235 2680 4289 ego
2710 4236 2741 4272 a
2767 4228 2814 4272 te
2839 4220 2991 4273 debeo
3012 4221 3283 4291 baptizari,
3319 4233 3367 4276 et
3396 4232 3449 4276 tu
3482 4226 3622 4279 venis

368 4321 438 4373 ad
475 4319 596 4373 me?
631 4317 770 4381 Quid
796 4315 1076 4371 evidentius
1099 4313 1163 4366 de
1192 4312 1381 4365 Christi
1418 4311 1645 4365 nondum
1673 4311 1919 4381 baptizati
1945 4312 2206 4380 puritate?
2243 4310 2380 4375 Quid
2404 4313 2626 4383 fortius?
2654 4312 2765 4383 Ego
2799 4329 2830 4365 a
2859 4322 2904 4365 re
2928 4313 3081 4367 debeo
3109 4314 3394 4383 baptizari,
3426 4316 3477 4369 id
3514 4325 3617 4381 est,

370 4412 453 4481 qui
478 4412 592 4480 fons
618 4424 671 4461 es
695 4408 1021 4471 innocentius,
1051 4406 1137 4476 qui
1165 4403 1306 4457 nullo
1344 4402 1563 4473 indiges,
1593 4401 1717 4455 dare
1743 4404 1866 4467 scis,
1896 4406 2061 4457 nescis
2100 4406 2345 4474 accipere.
2369 4403 2521 4458 Haud
2549 4420 2703 4461 secus
2731 4406 2839 4473 agit
2867 4406 3052 4460 homil.
3083 4404 3311 4473 29,4[uaa
3339 4414 3420 4460 est
3448 4407 3616 4473 prima

370 4500 435 4552 de
466 4496 727 4565 Baptismo
763 4492 972 4558 Christi,
995 4506 1115 4562 pag.
1146 4490 1233 4555 86,
1264 4505 1371 4559 quo
1400 4490 1520 4545 loco
1546 4507 1559 4542 :
1592 4489 1783 4555 Hodie,
1808 4490 1998 4559 inquit,
2031 4491 2270 4547 Salvator
2298 4494 2505 4546 humani
2544 4496 2743 4564 generis
2764 4494 3052 4550 caelestibus
3079 4505 3314 4550 ostensus
3342 4496 3544 4550 indiciis
3583 4511 3618 4548 a

440 4625 519 4732 gl)
558 4625 614 4679 S.
640 4625 807 4694 lgnat.
831 4630 987 4677 mart.
1012 4622 1165 4692 epist.
1193 4620 1258 4675 ad
1286 4620 1506 4691 Ephes.,
1534 4636 1679 4673 num.
1710 4619 1794 4685 i9,
1821 4636 1941 4691 pag.
2045 4632 2201 4685 roret,
2246 4632 2348 4678 etc.
2394 4624 2593 4679 Eodem
2642 4626 2883 4680 recidunt
2910 4643 3026 4697 qua:
3066 4629 3247 4683 scribit
3277 4627 3458 4682 Jobius
3496 4645 3614 4686 mo-

472 4731 475 4732 ,
535 4703 641 4732 lnm
714 4693 755 4732 11
794 4693 1117 4732 nnnclnlimw
1180 4689 1394 4732 Patrum
1434 4691 1561 4732 mlit-
1596 4689 1819 4732 LnndiIL
1853 4706 1936 4732 nn-
2046 4693 2247 4732 nnnhnc
2319 4694 2389 4732 lil:
2460 4711 2525 4732 ru
2570 4697 2704 4732 ειηιιιι
2756 4695 3000 4732 βιιηιίιπη
3040 4698 3139 4732 nm!
3199 4696 3299 4732 090
3366 4697 3513 4732 Min“
3545 4701 3614 4732 ιιι.

372 4689 689 4765 “ﬁdem:
714 4689 1154 4765 llrapostolicorr
1180 4689 1394 4765 Patrum
1434 4691 1561 4744 edit.
1595 4689 1830 4765 Londin.
1852 4706 1937 4744 an.
2044 4693 2266 4756 nachus,
2318 4694 2408 4747 lib.
2460 4711 2528 4748 vn
2568 4697 2705 4765 apud
2754 4689 3000 4751 Photium
3040 4698 3158 4752 cod.
3199 4696 3317 4749 2‘22.
3362 4697 3514 4751 Mitto
3545 4701 3614 4756 de

375 4764 543 4833 i746;
572 4757 842 4833 Origenis:
866 4762 1048 4816 homil.
1080 4761 1114 4814 6
1141 4761 1205 4833 i_n_
1220 4759 1456 4833 iugum.
1488 4773 1609 4828 pag.
1652 4757 1774 4833 514,
1808 4768 1938 4833 tom.
2044 4770 2262 4816 auctore
2288 4757 2788 4818 commentariorum
2833 4767 2885 4819 in
2917 4765 3200 4833 Evangelia
3232 4768 3369 4833 (quae
3396 4768 3609 4833 quidem

372 4832 437 4889 Ill
465 4849 613 4904 oper.
643 4828 992 4904 editLVenet.
1019 4846 1106 4884 an.
1140 4828 1295 4904 17:55.
1316 4828 1479 4883 Vetus
1506 4837 1692 4904 agctor
1712 4828 1939 4882 homilia:
2040 4834 2420 4904 commentaria
2452 4836 2665 4904 nomine
2703 4834 2980 4904 Theophili
3026 4828 3340 4904 Antiochéni
3379 4828 3609 4891 circum-

374 4906 427 4978 in
474 4897 710 4978 sanctam
749 4902 945 4978 Christi
986 4897 1589 4978 generation‘eii'nuln.5,
1623 4914 1741 4978 qua:
1768 4904 1949 4978 exstat
2041 4898 2325 4978 t'gruntur),
2350 4901 2670 4978 de__Andr_ea
2718 4897 2975 4965 Cretensi,
3008 4903 3073 4957 de
3111 4912 3297 4978 saneto
3336 4904 3608 4978 Bernardo

373 4974 427 5029 in
466 4971 832 5043 append.mad_
854 4964 1016 5043 opera
1052 4967 1434 5043 satrcti‘Basilii
1471 4964 1664 5043 Magni,
1698 4975 1833 5043 ton):
1875 4964 1943 5035 ll,
2043 4967 2237 5025 dicere.
2272 4970 2582 5043 Hoc_dieam
2610 4973 2769 5026 breve
2801 4990 2813 5022 :
2844 4964 3177 5043 communem
3206 4973 3345 5029 hanc
3364 4984 3419 5029 et
3450 4976 3609 5033 fuisse

373 5034 782 5113 pag.'594_edit.
814 5034 984 5113 i’aris.
1006 5054 1098 5113 an.
1132 5037 1299 5102 i722;
1325 5037 1494 5113 sancti
1521 5034 1941 5113 JoannisChry-
2039 5047 2346 5113 sanctorum
2375 5039 2611 5113 Patrum,
2641 5050 2695 5095 et
2723 5055 2840 5095 esse
2870 5041 3237 5113 theologorum
3264 5046 3604 5100 sententiam.

370 5104 598 5168 sostomi
631 5110 871 5180 Exposit.
905 5109 1044 5179 psal.
1074 5122 1387 5180 xu_x_,_num.
1419 5106 1471 5167 2,
1499 5120 1626 5180 pag.
1654 5104 1775 5168 225,
1807 5104 1936 5161 tom.
2041 5107 2214 5173 Quid?
2260 5109 2341 5163 An
2380 5110 2645 5180 diabolum
2681 5111 2961 5180 metuebat
2998 5104 3169 5167 Deus?
3197 5112 3430 5168 Minime.
3465 5114 3609 5170 Sane

375 5182 423 5253 Y_
449 5197 596 5253 oper.
628 5175 754 5253 edit.
788 5175 954 5253 Paris.
985 5194 1075 5233 an.
1111 5175 1276 5253 iiii;
1314 5184 1529 5253 sanctus
1565 5175 1935 5253 Hieronymus,
2042 5193 2148 5231 non
2203 5179 2474 5253 metuebat
2521 5178 2783 5253 Herodem
2837 5180 3031 5248 (quem
3078 5182 3219 5238 enim
3256 5181 3607 5253 Omnipotens

369 5251 466 5305 lib.
486 5244 522 5304 ἰ
566 5250 617 5303 in
658 5248 984 5313 Matthazum,
1014 5245 1216 5317 cap._l,
1248 5258 1366 5317 pag.
1413 5245 1494 5309 15,
1538 5252 1665 5298 tom.
1709 5244 1936 5317 lX_edit._
2041 5244 2319 5317 metuat“),
2356 5248 2449 5302 sed
2487 5248 2706 5303 consilio
2753 5244 2961 5304 summo
3006 5267 3104 5307 suo
3150 5253 3336 5316 voluit,
3383 5244 3441 5307 ut
3480 5269 3604 5307 eum

368 5320 516 5389 Lips.
551 5335 638 5372 an.
671 5317 837 5389 1634i;
868 5313 1095 5389 sanctus
1130 5314 1255 5389 Leo_
1276 5314 1511 5389 Magnus,
1541 5328 1704 5389 ser_rn.
1733 5313 1821 5380 2|,
1849 5315 1940 5389 qui
2041 5313 2288 5389 Christus
2315 5317 2485 5371 infans
2523 5317 2727 5389 latereg
2757 5317 2978 5389 ejusque
3005 5320 3170 5376 furori
3198 5313 3601 5383 subduceretur,

364 5383 458 5446 est
493 5388 755 5458 secundus
780 5387 844 5441 de
882 5385 1167 5458 Nativitate
1213 5383 1443 5458 Domin_i_,
1472 5398 1589 5451 cap.
1617 5384 1668 5458 ξ),
1700 5398 1818 5453 pag.
1834 5383 1939 5458 έμ,
2040 5384 2519 5458 transferreturque
2564 5387 2617 5439 in
2663 5383 2970 5458 Egy‘ptu'm,
3002 5398 3058 5444 ut
3097 5399 3178 5445 est
3222 5391 3274 5444 in
3313 5390 3610 5458 Evangelia

367 5468 503 5514 tom.
544 5457 566 5510 ι
594 5472 814 5526 operum
842 5456 967 5527 edit.
994 5455 1145 5527 Rom.
1188 5469 1275 5507 an.
1298 5452 1462 5527 _17_Ei5,
1491 5467 1597 5521 quo
1626 5452 1745 5527 loco
1779 5452 1791 5504 ὲ
1825 5452 1938 5527 Hoc
2038 5455 2327 5527 secundum
2357 5452 2823 5527 Ma’tthmum,ea'p'.
2861 5474 2915 5511 ιι.
2947 5458 3060 5512 Non
3090 5473 3217 5527 ergo
3244 5475 3309 5513 ex
3338 5452 3606 5515 occultam

365 5531 555 5598 ipsum,
588 5521 924 5591 dilectissimi,
956 5525 1144 5595 inquit,
1173 5523 1307 5594 quod
1344 5521 1574 5576 Christus
1602 5524 1747 5575 nasci
1788 5523 1939 5646 eleg/it
2037 5523 2251 5578 diabolo
2289 5524 2652 5581 incarnatione
2682 5521 2840 5582 Verbi
2880 5521 3177 5583 verendum
3195 5529 3295 5583 erit
3328 5544 3396 5584 ne
3429 5542 3603 5584 metus

365 5613 436 5646 εκ
463 5599 675 5646 uimine.
707 5611 875 5646 nonne
893 5603 1104 5646 armaret
1124 5593 1388 5646 altissima:
1409 5593 1564 5646 fuisse
1584 5592 1838 5645 rationis?
1916 5601 1937 5645 t
2037 5593 2142 5646 ulla
2172 5593 2226 5646 in
2255 5592 2420 5646 Deum
2448 5595 2637 5646 cadere
2664 5598 2833 5646 possit
2866 5597 3120 5646 susuicio.

364 5592 675 5675 exnuirgine,
707 5611 875 5675 nonne
893 5592 1104 5675 apparet
1124 5592 1838 5675 altissima:fuisserqtionis?
1867 5592 1937 5646 Ut
2037 5593 2142 5648 ulla
2172 5593 2226 5648 in
2255 5592 2420 5650 Deum
2448 5595 2637 5653 cadere
2664 5598 2833 5667 possit
2866 5597 3120 5667 suspicio.

365 5660 562 5722 scilicel
588 5677 763 5722 natam
790 5660 998 5720 humani
1034 5664 1236 5733 generis
1276 5660 1490 5716 salutent
1530 5660 1760 5717 diabolus
1789 5662 1934 5731 igno-
