4138 6186
537 338 608 397 59
1970 334 2355 394 PREFATIO.
3723 334 3795 391 1⁵ιο

535 457 798 515 οΙιαιάαείε
816 463 892 511 est
915 454 1182 513 adoratus.
1216 453 1387 514 Hodie
1407 454 1640 510 Christus
1669 451 1802 507 beati
1827 444 2051 505 Joannis
2077 448 2364 502 ministerio
2390 448 2582 510 ﬂuenta
2607 447 2858 503 Iordanis
2885 448 3237 504 benedictione
3256 445 3454 518 proprii
3479 444 3796 513 baptismatis

539 550 871 603 consecravit.
903 547 1076 604 Hodie
1113 550 1269 604 etiam
1312 546 1556 603 inritatus
1591 542 1660 599 ad
1685 544 1891 615 nuptias
1931 541 2218 595 divinitatis
2258 555 2367 594 suis
2392 541 2670 608 potentiam
2699 541 3071 609 manifestans,
3102 553 3264 608 aquas
3289 539 3346 592 in
3374 537 3571 600 vinum,
3615 554 3795 609 aquas,

540 641 764 712 inquam,
795 642 946 695 vertit
970 641 1024 694 in
1051 638 1242 706 vinum,
1276 640 1371 694 hoc
1397 647 1493 704 est,
1524 653 1653 710 quas
1681 635 2023 706 sanctiﬁcavit
2048 635 2103 687 in
2126 631 2398 703 baptismo,
2420 631 2707 686 nobilitavit
2730 632 2784 685 in
2809 631 3019 701 nuptiis.
3050 629 3174 683 Tria
3201 629 3406 698 quidem
3432 628 3558 693 hazc,
3589 631 3798 699 fratres,

478 802 483 803 γ
541 733 692 785 unius
712 732 835 802 ﬁdei
856 733 1098 802 mysteria
1126 745 1467 795 recensemus,
1498 727 1588 783 sed
1608 742 1721 800 qua
1740 742 1830 796 per
1851 738 2008 777 unum
2030 722 2307 776 Dominum
2327 719 2556 792 dignatio
2586 719 2853 803 Trinitatis
2874 718 3115 789 implevit.
3144 716 3323 788 Neque
3336 719 3495 771 etiam
3522 717 3799 788 aliquando

541 821 597 873 in
627 798 926 890 operatione
952 820 1193 873 virtutum
1214 819 1392 873 abesse
1422 816 1522 871 sibi
1548 798 1722 869 unitas
1752 821 1932 885 potest,
1974 821 2063 865 aut
2086 827 2305 880 unquam
2334 810 2562 880 separari
2601 798 2664 862 ab
2692 810 2906 863 invicem
2944 809 3147 879 poterit,
3176 807 3312 879 quod
3337 807 3531 862 deitate
3555 817 3632 861 est
3654 810 3797 863 indi-

542 910 722 971 visum.
752 909 984 980 Denique
1006 923 1119 963 cum
1149 907 1492 977 baptisaretur
1520 905 1781 968 Salvator,
1808 919 1912 958 non
1940 918 1995 956 se
2021 901 2197 955 deesse
2221 899 2495 969 Unigenito
2525 897 2686 952 Pater
2711 899 2768 951 in
2794 912 2914 972 uoce
2931 896 3187 966 prodidit,
3219 894 3449 963 Spiritus
3462 897 3518 949 in
3543 896 3794 951 columba.

545 997 669 1053 Non
695 1016 816 1070 ergo
842 1001 1102 1064 miremur,
1139 1001 1345 1071 fratres,
1371 995 1551 1068 quibus
1588 996 1644 1050 in
1681 994 1786 1066 ﬁde
1821 1001 1898 1048 est
1939 990 2186 1056 Trinitas,
2216 991 2261 1044 si
2301 992 2401 1044 tria
2426 1005 2585 1043 unum
2612 989 2760 1044 nobis
2787 988 2925 1042 diem
2948 988 3188 1058 mysteria
3214 996 3595 1041 consecrarunt.
3628 988 3801 1042 Hodie

543 1094 732 1162 itaque,
763 1098 820 1143 ut
857 1090 1300 1160 diximus,'majus
1340 1106 1431 1160 per
1470 1089 1670 1143 stellam
1711 1084 1880 1159 [Lvm]
1916 1086 2126 1154 reperit,
2152 1082 2286 1153 quod
2304 1082 2523 1137 Judteus
2552 1083 2758 1136 credere
2784 1080 2949 1136 noluit
2975 1098 3066 1153 per
3091 1079 3384 1150 prophetas.
3418 1076 3592 1132 Hodie
3628 1080 3798 1148 genti-
3822 1090 3834 1102 '

428 1246 441 1259 ⁸
545 1176 665 1236 litos
693 1181 874 1235 edocta
896 1180 959 1234 de
988 1181 1112 1234 cazto
1145 1179 1536 1247 Redemptorem
1562 1177 1741 1233 mundi
1766 1177 1977 1247 inquirit
2004 1184 2062 1228 ut
2088 1190 2278 1245 regem,
2303 1181 2602 1227 muneratur
2619 1183 2675 1227 ut
2704 1175 2906 1244 fortem,
2937 1172 3123 1225 adorat
3148 1179 3203 1223 ut
3232 1169 3416 1224 Deum.
3445 1209 3459 1224 .
3484 1208 3500 1224 .
3528 1210 3541 1223 .
3572 1210 3586 1223 .
3623 1169 3806 1222 Videte

542 1278 592 1325 et
620 1269 884 1333 intendite,
915 1272 1124 1341 fratres,
1159 1278 1404 1342 quantum
1435 1270 1619 1339 gratia:
1648 1266 1710 1320 de
1738 1267 1915 1321 divina
1945 1265 2245 1336 dignatione
2268 1264 2560 1318 mortalitas
2590 1272 2946 1332 consequatur.
2982 1261 3122 1315 Nam
3144 1271 3200 1315 ut
3224 1261 3574 1315 sacratissima
3599 1260 3802 1313 redem-

545 1360 733 1428 ptionis
763 1367 956 1413 nostrae
993 1361 1237 1430 mysteria
1266 1354 1655 1429 conﬁrmentur,
1688 1366 1735 1410 et
1762 1366 1813 1410 ut
1844 1356 2168 1426 inanifestius
2198 1362 2394 1408 (eterna
2423 1354 2569 1408 nobis
2612 1352 2841 1408 Trinitas
2869 1353 3200 1418 revelaretur,
3232 1352 3520 1422 baptizatur
3547 1348 3718 1404 Filius
3744 1352 3800 1405 in

545 1447 795 1514 Jordane,
830 1447 1056 1519 Spiritus
1099 1450 1389 1517 sanctificat
1417 1455 1813 1511 sacramentum,
1864 1445 2028 1499 Pater
2073 1447 2240 1514 aperit
2284 1446 2567 1498 veritatem.
2601 1485 2615 1498 .
2652 1484 2667 1498 .
2702 1484 2716 1499 .
2758 1444 2931 1499 Hodie
2958 1445 3320 1509 nihilominus,
3351 1451 3407 1496 ut
3434 1441 3726 1512 perhibetur
3769 1458 3800 1493 a

550 1536 815 1603 Patribus,
847 1537 1099 1593 Dominus
1124 1539 1271 1591 Iesus
1300 1540 1354 1591 in
1382 1536 1527 1591 Cana
1558 1535 1792 1589 Galiltete
1820 1535 1884 1587 de
1912 1535 2056 1604 aquis
2095 1534 2263 1601 eﬂ‘ecit
2289 1534 2478 1586 vinum.
2511 1531 2664 1586 Nihil
2689 1549 2723 1585 α
2749 1532 2891 1587 vobis
2912 1540 3019 1597 est,
3051 1534 3260 1603 fratres,
3301 1533 3359 1585 in
3383 1529 3677 1601 hujusmodi
3705 1530 3802 1583 mi—

546 1626 796 1679 rabilibus
826 1625 890 1678 de
918 1623 1162 1679 Creatore
1190 1626 1553 1679 cunctandum.
1589 1621 1689 1688 Qui
1718 1624 1855 1677 enim
1891 1621 1947 1676 in
1987 1622 2200 1676 exordio
2228 1622 2407 1676 mundi
2433 1623 2573 1677 dedit
2611 1636 2726 1677 esse
2760 1638 2953 1694 aquas;
2981 1624 3037 1676 in
3076 1623 3180 1693 fine
3205 1637 3402 1694 quoque
3442 1620 3642 1685 mundi,
3670 1621 3805 1690 quod

545 1717 724 1781 voluit,
758 1718 877 1788 fecit
901 1706 968 1769 ea:
996 1718 1164 1786 aquis.
1569 1725 1581 1735 '

618 1805 999 1861 Verumtamen
1023 1815 1177 1874 roget
1204 1807 1492 1877 quispiam;
1519 1807 1609 1875 qui
1641 1805 1852 1860 tandem
1880 1803 2142 1858 Maximus
2169 1801 2462 1870 Christum,
2492 1803 2593 1858 etsi
2621 1808 2865 1858 sanctum
2882 1843 2898 1869 ,
2928 1810 3285 1874 regeneratum
3314 1808 3491 1857 tamen
3519 1802 3802 1872 baptismo,

547 1912 667 1956 cum
698 1898 824 1952 alibi
869 1896 1185 1966 aliquando,
1230 1906 1343 1952 tum
1388 1899 1574 1953 homil.
1623 1896 1716 1964 30,
1748 1915 1869 1969 qua:
1897 1898 2131 1956 secunda
2161 1910 2241 1955 est
2268 1900 2333 1953 de
2362 1898 2627 1970 Baptismo
2656 1898 2875 1962 Christi,
2907 1911 3028 1968 pag.
3062 1896 3133 1952 89
3159 1911 3297 1966 seq.,
3341 1894 3600 1959 amrmet,
3634 1910 3806 1964 neque

546 1998 680 2041 vero
711 1987 764 2042 id
790 1989 987 2055 solum,
1017 1989 1115 2042 sed
1143 1987 1306 2042 etiam
1336 1990 1715 2058 sanctiﬁcatum
1745 1988 1924 2045 dicat?
1951 1989 2124 2045 Habet
2152 1990 2293 2044 enim
2322 1989 2428 2044 hoc
2450 1988 2612 2043 modo
2638 2006 2651 2042 :
2684 1986 2752 2042 In
2780 2003 2882 2042 uno
2911 1988 3185 2056 eodemque
3217 1996 3463 2055 tempore,
3493 2005 3639 2060 quem
3665 1989 3807 2059 geni-

547 2086 657 2129 tum
684 2077 917 2130 homines
947 2076 1340 2148 gratulabantur
1366 2076 1422 2129 in
1453 2086 1589 2131 terra
1607 2118 1621 2142 ,
1666 2079 2047 2149 sanctiﬁcatum
2075 2078 2340 2133 uetaretur
2366 2079 2421 2132 in
2448 2077 2585 2131 cwlis
2609 2116 2622 2130 .
2656 2116 2672 2131 .
2703 2116 2717 2131 .
2742 2115 2756 2130 .
2785 2115 2798 2130 .
2831 2074 2969 2131 Novi
3003 2083 3182 2146 partus
3209 2092 3340 2131 noua
3372 2085 3629 2131 merentur
3664 2076 3802 2132 obse-

545 2169 685 2237 quia.
728 2166 811 2221 Ibi
843 2183 957 2221 cum
983 2168 1263 2222 secundum
1298 2169 1553 2227 hominem
1581 2171 1830 2235 nascitur,
1856 2180 2022 2224 mater
2042 2165 2215 2223 Maria
2240 2185 2356 2224 eum
2383 2185 2475 2223 suo
2510 2169 2626 2222 sinu
2660 2169 2989 2239 circumfovet
3008 2183 3026 2220 :
3054 2168 3139 2222 hic
3166 2182 3280 2221 cum
3319 2152 3595 2223 secundum
3616 2174 3806 2239 myste-

546 2258 681 2311 rium
703 2274 969 2323 ctcxrrun,
999 2272 1113 2311 eum
1140 2256 1277 2312 Deus
1301 2254 1459 2313 Pater
1485 2273 1579 2314 sua
1606 2276 1726 2314 voce
1745 2247 2113 2332 complectitur.
2146 2258 2252 2315 Sed
2282 2260 2411 2315 nihil
2439 2265 2517 2314 est
2543 2259 2687 2328 quod
2715 2258 2954 2328 expediri
2983 2266 3091 2313 tam
3128 2258 3282 2313 facile
3310 2258 3497 2328 possit.
3528 2257 3806 2323 Renatum,

547 2355 923 2416 regeneratum,
955 2345 1336 2414 sanctiﬁcatum
1364 2346 1469 2400 dici
1501 2361 1532 2400 τί
1560 2345 1792 2402 Maximo
1819 2346 2109 2421 Christum,
2140 2350 2246 2415 aio,
2277 2365 2384 2404 non
2414 2362 2523 2418 quo
2547 2348 2791 2403 Christus
2825 2348 2939 2418 ipse
2965 2347 3254 2418 quidquam
3283 2348 3443 2403 fuerit
3466 2356 3807 2413 consecutus,

550 2451 660 2506 quo
689 2444 847 2491 antea
877 2435 1165 2513 caruisset;
1195 2436 1287 2492 sed
1316 2451 1423 2505 quo
1463 2453 1521 2493 se
1549 2439 1711 2493 talem
1758 2439 2112 2494 manifestam
2140 2440 2478 2504 mortalibus,
2509 2439 2681 2510 qualis
2709 2447 2826 2494 erat
2861 2438 3065 2508 reipsa,
3096 2445 3337 2495 sanctum
3366 2452 3590 2509 nempe;
3619 2447 3673 2494 et
3700 2455 3807 2508 quo

552 2526 798 2582 Christus
826 2527 966 2583 idem
996 2527 1345 2584 sanctiﬁcarit
1370 2542 1555 2597 aquas,
1587 2524 1723 2582 adeo
1752 2536 1810 2581 ut
1836 2529 1925 2597 qui
1954 2528 2209 2596 baptizati
2230 2543 2329 2583 suo
2354 2529 2620 2597 baptismo
2647 2536 2845 2595 essent,
2877 2528 3038 2582 iidem
3065 2536 3472 2583 renascerentur
3498 2543 3563 2583 ac
3589 2542 3807 2597 regene-

549 2627 816 2674 rarentur.
847 2620 978 2675 Nam
1009 2620 1062 2675 in
1091 2620 1278 2676 eadem
1308 2620 1395 2675 illa
1423 2620 1642 2675 homilia
1672 2619 1757 2684 '50,
1788 2632 1909 2689 pag.
1943 2618 2030 2685 90,
2072 2633 2193 2673 cum
2222 2619 2327 2672 hoc
2353 2618 2451 2671 sibi
2494 2617 2780 2685 obiecisset
2828 2617 3091 2672 Maximus
3130 2636 3145 2672 :
3176 2617 3241 2673 Si
3272 2629 3482 2673 sanctus
3518 2627 3622 2683 est,
3652 2632 3810 2689 quare

550 2710 708 2763 voluit
760 2710 1057 2779 baptizari?
1109 2709 1198 2767 Sic
1249 2710 1528 2781 reSpondit
1569 2728 1582 2764 :
1636 2711 1774 2763 Audi
1830 2726 1981 2781 ergo,
2036 2707 2153 2763 ideo
2213 2707 2501 2775 baptizatur
2552 2705 2820 2772 Christus,
2872 2722 2978 2759 non
3027 2714 3085 2759 ut
3132 2706 3487 2776 saneti/icetur
3530 2706 3594 2761 ab
3640 2708 3807 2778 aquis,

550 2802 644 2855 sed
686 2809 743 2855 ut
793 2820 953 2874 aquas
1005 2805 1114 2874 ipse
1158 2804 1475 2874 sanctiﬁcet,
1532 2809 1584 2857 et
1636 2802 1996 2873 puriﬁcatione
2044 2801 2123 2855 sui
2176 2800 2372 2871 ﬂuenta
2431 2798 2667 2869 puriﬁcet
2727 2796 2822 2851 illa
2883 2813 2996 2869 qua
3042 2800 3227 2869 tangit.
3293 2797 3620 2856 Consecratio
3674 2801 3809 2855 enim

549 2889 743 2945 Christi
789 2895 1104 2948 consecratio
1150 2903 1226 2948 est
1261 2893 1433 2963 major
1480 2892 1735 2947 elementi.
1782 2889 1937 2945 Nam
1977 2907 2092 2945 cum
2138 2890 2380 2946 Salvator
2419 2897 2595 2943 noster
2644 2885 2886 2953 abluitur,
2929 2889 3044 2960 jam
3082 2897 3201 2942 tunc
3243 2889 3300 2944 in
3346 2892 3514 2945 uestri
3560 2890 3810 2962 baptisma

551 2990 659 3035 tota
703 2998 839 3052 aqua
886 2982 1193 3049 mundatur;
1238 2991 1288 3037 et
1337 2983 1649 3053 puriﬁcatur
1701 2983 1839 3054 fons,
1869 2988 1928 3034 ut
1956 2982 2203 3035 secuturis
2253 2978 2577 3050 postmodum
2622 2977 2824 3048 populis
2852 2976 3045 3032 lauacri
3073 2979 3244 3049 gratia
3273 2978 3609 3033 ministretur.
3658 2978 3810 3033 Prte-

551 3072 688 3126 cedit
730 3089 852 3145 ergo
893 3091 985 3140 per
1034 3073 1371 3141 baptismum,
1419 3081 1477 3127 ut
1517 3070 1797 3127 Christiani
1835 3059 1966 3143 post.
1998 3084 2114 3125 eum
2159 3069 2476 3139 conﬁdenter
2527 3067 2702 3139 papuli
2747 3070 3138 3139 subsequantur,
3196 3075 3301 3123 etc.
3345 3067 3412 3122 Et
3439 3069 3493 3122 in
3538 3068 3812 3139 superiore

553 3164 769 3219 homilia
819 3175 939 3234 quas
982 3164 1053 3219 29
1097 3178 1351 3232 numero,
1398 3162 1651 3234 priorque
1694 3170 1777 3219 est
1826 3163 1889 3217 de
1926 3161 2189 3233 Baptismo
2217 3159 2426 3225 Christi,
2458 3172 2580 3229 pag.
2631 3158 2701 3212 87
2750 3173 2889 3230 seq.,
2937 3157 3199 3215 Joannem
3245 3160 3324 3215 sic
3364 3159 3637 3216 Christum
3683 3160 3811 3216 allo~

551 3265 800 3326 quentem
846 3260 1099 3328 proponit
1139 3275 1155 3313 :
1196 3252 1311 3330 Ego
1356 3260 1528 3329 utique
1569 3275 1602 3313 a
1651 3266 1700 3313 te
1744 3256 1900 3313 debeo
1936 3255 2221 3328 baptizari,
2261 3257 2381 3329 quia
2407 3256 2535 3310 mihi
2561 3264 2639 3311 est
2663 3268 2729 3311 ex?
2756 3265 2975 3328 paterna
3002 3257 3423 3327 pmvaricatione
3449 3257 3729 3326 corruptio,
3757 3263 3809 3310 et

550 3348 643 3404 tibi
682 3350 734 3403 in
763 3356 979 3420 paterna
1008 3350 1282 3422 majestate
1308 3351 1617 3405 communio.
1642 3389 1656 3403 .
1684 3389 1698 3404 .
1738 3389 1752 3403 .
1787 3390 1802 3404 .
1831 3348 1944 3422 Ego
1974 3359 2230 3404 terrenum
2265 3348 2489 3415 animal,
2530 3357 2584 3402 tu
2621 3349 2798 3420 Agnus
2844 3348 2964 3403 Dei.
3014 3347 3131 3421 Ego
3155 3350 3349 3420 peccati
3394 3348 3502 3418 lege
3544 3345 3809 3408 mortalis,

551 3444 606 3491 tu
651 3446 820 3492 autem
868 3436 1111 3494 adversus
1155 3447 1367 3507 peccata
1413 3439 1617 3494 ueniens
1661 3441 1828 3494 nescis
1869 3438 2133 3511 subjacere
2168 3446 2408 3509 peccato;
2445 3447 2496 3493 et
2541 3448 2658 3510 post
2703 3441 2909 3504 omnia,
2939 3455 3032 3510 ego
3077 3456 3188 3494 sum
3219 3441 3382 3512 factus
3423 3436 3747 3493 redimendus
3780 3452 3813 3488 a

552 3534 616 3593 te,
659 3532 712 3579 tu
748 3535 915 3581 autem
961 3535 1114 3582 natus
1166 3537 1222 3581 ut
1259 3528 1522 3583 redimas.
1552 3528 1677 3584 Mox
1718 3526 1901 3583 Jesum
1949 3527 2141 3582 Joamti
2175 3526 2588 3597 respondentem
2626 3528 2829 3583 inducit
2855 3528 2960 3583 hoc
2985 3528 3147 3584 modo
3179 3547 3192 3582 :
3228 3528 3419 3584 Omnia
3456 3528 3658 3599 quidem
3699 3541 3815 3583 vera

551 3624 670 3668 sunt
694 3631 808 3687 qua:
835 3630 1120 3684 memoras;
1161 3617 1253 3672 sed
1278 3618 1398 3681 hac
1422 3618 1525 3672 mei
1564 3618 1810 3672 aduentus
1840 3624 1917 3671 est
1953 3616 2123 3683 ratio,
2169 3623 2259 3682 ut,
2299 3618 2420 3681 quia
2455 3616 2547 3670 sub
2576 3616 2687 3686 lege
2723 3618 2891 3687 factus
2935 3633 3076 3683 sum,
3125 3618 3254 3673 ordo
3280 3619 3536 3689 legitimus
3576 3618 3815 3688 supplea-

528 3715 654 3795 .tur.
681 3706 813 3779 [nx]
850 3702 980 3764 Veni
1006 3712 1162 3776 enim,
1193 3720 1296 3766 non
1324 3716 1381 3765 ut
1402 3711 1526 3765 mihi
1553 3712 1789 3775 viverem,
1820 3712 1903 3765 cui
1925 3710 2029 3766 vita
2054 3717 2249 3765 (eterna
2285 3724 2399 3765 cum
2419 3709 2581 3764 Patre
2599 3716 2674 3764 est
2689 3725 2708 3774 ;
2730 3709 2820 3764 sed
2842 3720 2901 3763 ut
2927 3711 3273 3765 conditionem
3300 3720 3480 3763 vestris
3506 3710 3688 3762 mortis
3715 3724 3813 3761 au-

552 3794 784 3871 feram...
814 3795 884 3849 Et
911 3814 1104 3859 revera,
1136 3800 1344 3866 fratres,
1376 3799 1629 3866 quomodo
1651 3806 1744 3865 pro
1765 3800 1909 3851 nobis
1935 3798 2168 3851 Christus
2193 3801 2264 3850 ad
2288 3799 2593 3864 baptismum
2621 3812 2722 3849 non
2761 3798 2969 3860 veniret,
2998 3804 3205 3866 propter
3229 3811 3355 3866 quos
3378 3797 3533 3849 etiam
3558 3810 3817 3866 corporea

551 3884 956 3951 circumcisienis
981 3899 1087 3937 non
1125 3883 1301 3961 vitavit
1318 3883 1605 3948 iniuriam?
1634 3881 1784 3936 Unde
1802 3890 1851 3935 et
1872 3881 2104 3937 Ioannes
2131 3883 2361 3937 salutare
2389 3885 2685 3953 mysterium
2711 3890 3101 3954 recognoscens,
3133 3900 3237 3939 non
3258 3886 3374 3955 jam
3398 3885 3492 3940 Dei
3517 3884 3734 3953 Filium,
3759 3897 3816 3939 ut

557 3973 792 4043 Baptista
816 3974 1126 4041 sanctificat,
1158 3968 1251 4024 sed
1294 3979 1351 4024 ut
1387 3971 1597 4026 devotus
1643 3971 1882 4025 minister
1924 3970 2206 4026 caelestibus
2244 3974 2560 4043 obtemmsrat
2605 3975 2940 4039 imperatis...
2982 3974 3161 4029 Videte
3200 3980 3252 4029 et
3295 3977 3572 4043 intendite,
3606 3979 3815 4046 fratres,

553 4072 796 4137 quantum
816 4064 999 4134 gratim
1023 4063 1088 4116 de
1115 4062 1289 4116 divina
1310 4063 1610 4133 dignatione
1627 4064 1917 4117 mortalitas
1937 4071 2293 4136 consequatur.
2327 4063 2469 4119 Nam
2491 4074 2548 4119 ut
2573 4067 2930 4121 sacratissima
2954 4067 3318 4139 redemptionis
3347 4079 3540 4125 nostra:
3574 4073 3818 4140 mysteria

552 4156 974 4217 CONFIBIIENTUB,
998 4163 1048 4208 et
1073 4164 1129 4207 ut
1156 4153 1498 4210 usuircsnus
1525 4170 1750 4210 meum
1779 4169 1928 4211 nonis
1955 4154 2186 4212 TRINH‘M

2182 4172 2207 4214 s
2233 4172 2569 4224 RBVBLETUB,
2618 4170 2946 4214 mortemve
2982 4159 3163 4216 FILIUS
3200 4175 3253 4215 IN
3288 4159 3545 4227 bennam,
3589 4162 3816 4232 Spiritus

552 4246 841 4316 sanctificat
869 4253 1266 4309 sacramentum,
1289 4244 1445 4297 Pater
1464 4246 1631 4315 aperit
1659 4247 1944 4300 ueritatem.
1973 4244 2144 4312 Quid?
2173 4245 2223 4302 si
2250 4246 2467 4301 humilia
2491 4247 2580 4314 55,
2604 4260 2724 4317 qum
2748 4247 2934 4315 quinta
2962 4260 3046 4303 est
3074 4248 3138 4302 de
3166 4249 3429 4319 Baptism
3458 4248 3669 4313 Christi,
3693 4264 3811 4319 pag.

552 4339 642 4407 93,
663 4338 1037 4408 sanctiﬁcatum
1062 4335 1265 4408 quidem
1284 4353 1316 4390 a
1338 4334 1538 4391 Christo
1563 4353 1712 4391 suum
1739 4336 2029 4408 Baptistam
2041 4337 2277 4404 scribat;
2304 4338 2476 4406 ipsum
2498 4345 2676 4393 autem
2695 4335 2989 4400 Christum,
3004 4339 3097 4409 qui
3122 4340 3239 4394 sine
3267 4356 3505 4396 peccaro
3533 4350 3691 4404 esset,
3717 4356 3805 4396 ac-

554 4433 784 4490 cessisse
809 4433 947 4486 inter
970 4438 1295 4503 peccatorum
1315 4428 1490 4484 turbas
1510 4430 1574 4485 ad
1603 4431 1945 4500 baptismum,
1971 4431 2327 4500 sancti/icasse
2352 4445 2456 4485 non
2487 4431 2641 4486 modo
2667 4429 2920 4485 Jordanis
2945 4448 3126 4503 aquas,
3150 4433 3240 4486 sed
3258 4433 3416 4487 etiam
3435 4449 3684 4504 aquarum
3704 4449 3818 4504 qua

554 4530 673 4577 sunt
689 4515 873 4592 ubique
900 4521 1239 4574 substantiam
1259 4520 1569 4586 universam,
1593 4536 1655 4573 ac
1679 4521 1926 4576 salutaris
1952 4521 2147 4575 lavacri
2168 4522 2450 4576 instituisse
2475 4531 2872 4577 sacramentum.
2900 4520 3039 4590 Quin
3067 4524 3228 4578 etiam
3255 4525 3440 4580 homil.
3463 4524 3562 4588 5i,
3593 4539 3712 4592 qua:
3737 4534 3817 4577 est

542 4616 706 4671 sexta
732 4613 795 4667 de
817 4611 1087 4682 Baptismo
1115 4606 1326 4675 Christi,
1358 4623 1479 4679 pag.
1499 4607 1568 4662 97
1592 4628 1605 4663 :
1637 4608 1988 4677 Praedicabat,
2018 4612 2207 4680 inquit,
2242 4612 2297 4666 in
2339 4612 2541 4666 deserto
2566 4611 2798 4667 Joannes
2821 4615 3128 4683 baptismum
3153 4616 3465 4685 pamitentite
3485 4614 3670 4685 populo
3698 4629 3817 4684 pec-

556 4707 720 4761 catori
735 4722 754 4771 ;
776 4720 881 4759 non
907 4704 1030 4775 quia
1056 4702 1274 4755 crimina
1298 4702 1568 4755 commissa
1596 4702 1803 4767 deleret,
1831 4703 1921 4758 sed
1938 4719 2039 4774 quo
2067 4703 2364 4757 emendaret
2382 4711 2630 4757 errantes.
2664 4700 2806 4757 Nam
2826 4705 3058 4759 remissio
3081 4712 3407 4774 peccatorum
3426 4703 3618 4758 Christi
3639 4702 3821 4774 gratia:

561 4796 922 4849 servabatur...
953 4789 1252 4862 Con/luebat
1292 4790 1361 4844 ad
1391 4789 1647 4846 Joannem
1685 4794 1938 4848 desiderio
1979 4795 2173 4848 lavacri
2209 4794 2524 4848 diversorum
2562 4796 2918 4863 copiosissima
2964 4797 3304 4850 multitudo...
3347 4795 3493 4848 Inter
3529 4792 3819 4864 hujusmodi

561 4886 790 4940 homines
812 4887 898 4941 ille
925 4887 1166 4941 virtutum
1185 4885 1461 4940 caelestium
1494 4884 1804 4939 Dominus...
1833 4882 2065 4939 Christus
2088 4884 2240 4939 Iesus
2269 4901 2372 4939 non
2400 4884 2708 4955 dedignatur
2738 4885 2964 4951 humilis,
2998 4895 3048 4939 et
3067 4887 3267 4957 quietus
3298 4883 3368 4937 ad
3392 4883 3577 4937 servuli
3604 4883 3685 4936 sui
3722 4879 3806 4935 ba-

560 4981 803 5050 ptismum
847 4998 1185 5053 properare...
1226 4981 1527 5054 Baptizatur
1579 4996 1700 5052 ergo
1751 4979 1906 5035 Iesus
1950 4996 2052 5035 non
2089 4996 2205 5045 sun,
2251 4978 2344 5033 sed
2397 4978 2562 5033 nobis.
2606 4966 2909 5050 Baptizatur
2963 4996 3063 5035 non
3110 4995 3180 5034 ur
3245 4990 3593 5032 rumnce'run
3638 4991 3819 5040 AQUIS,

560 5068 654 5122 sed
699 5078 754 5121 ut
791 5086 952 5140 aquas
1001 5074 1109 5144 ipse
1159 5075 1462 5146 sanctificat.
1497 5072 1801 5144 Baptizatur
1826 5087 1986 5126 novus
2033 5073 2204 5138 homo,
2253 5079 2310 5125 ut
2347 5074 2482 5126 ιιιουί
2527 5072 2851 5144 baptismatis
2905 5073 3182 5126 constituat
3220 5078 3667 5123 sacramentum...
3722 5069 3820 5121 Ad-

564 5160 740 5214 vortite
764 5168 957 5231 quanta
983 5165 1128 5219 nobis
1162 5167 1216 5219 in
1259 5166 1562 5237 baptismate
1608 5163 1817 5219 Domini
1856 5180 2163 5219 PATEFAC'I‘A
2191 5179 2272 5219 srr
2313 5180 2526 5230 CRATIA,
2556 5177 2709 5235 quam
2750 5164 2922 5218 subtili
2955 5173 3278 5219 sacramento
3324 5163 3558 5217 Trinitas
3588 5180 3642 5216 se
3672 5162 3819 5215 hodie

567 5252 761 5306 homini
789 5251 1285 5318 revelarit...Quam
1328 5259 1547 5329 miriﬁco
1589 5258 1829 5329 mysterio
1868 5255 2121 5311 Dominus
2166 5264 2339 5310 noster
2363 5256 2516 5311 Jesus
2545 5255 2777 5310 Christus
2817 5254 2895 5309 vel
2923 5264 3057 5308 tactu
3095 5255 3323 5324 corporis
3368 5254 3467 5317 sui,
3499 5253 3576 5308 vel
3606 5253 3818 5305 transitu

487 5358 491 5371 λ
569 5342 749 5415 gloriae
771 5356 881 5397 sua:
905 5358 1108 5396 omnem
1130 5345 1197 5397 ad
1223 5358 1531 5403 momentum
1557 5357 1849 5402 creaturam
1894 5346 2202 5414 sanctiﬁcet,
2233 5346 2451 5414 uitii/iret
2476 5352 2525 5399 et
2564 5344 2804 5409 illustret,
2837 5352 2988 5418 etc...
3020 5343 3317 5398 Conﬁrmat
3344 5343 3602 5412 majorem
3628 5342 3681 5395 in
3707 5354 3812 5394 πηο-

571 5433 697 5487 dum
724 5447 973 5490 sermone
1019 5433 1102 5500 ιθ,
1133 5447 1254 5505 pag.
1284 5434 1380 5489 421
1413 5450 1550 5507 seq.,
1580 5437 1837 5491 Maximus
1865 5435 1917 5490 id
1944 5432 2085 5505 quod
2129 5433 2196 5493 de
2237 5433 2666 5489 manifestatione
2692 5433 2889 5488 Christi
2929 5435 3090 5504 paulo
3119 5441 3244 5489 ante
3270 5436 3620 5493 animadverti
3653 5452 3665 5486 :
3697 5434 3821 5487 Dies

573 5525 1005 5597 Epiphaniorum,
1036 5526 1227 5596 inquit,
1259 5525 1437 5583 Grazco
1466 5530 1671 5583 nomine
1717 5528 1797 5583 sic
1821 5536 2047 5583 uocatur.
2099 5523 2248 5589 Quod
2273 5527 2411 5580 enim
2456 5541 2548 5579 nos
2596 5525 2973 5595 apparitionem
3000 5525 3077 5580 vel
3101 5528 3450 5581 ostensionem
3498 5525 3733 5585 dicimus,
3766 5524 3820 5576 id

574 5615 740 5674 Crazci
764 5617 1093 5687 epiphaniam
1119 5610 1318 5673 oocdnt.
1353 5617 1467 5672 Hoc
1493 5627 1666 5673 tamen
1707 5620 1823 5673 ideo
1849 5619 2085 5685 dicimus,
2116 5619 2235 5688 quia
2261 5616 2414 5671 hodie
2439 5615 2693 5672 Dominus
2720 5624 2893 5670 noster
2919 5632 2982 5670 ac
3009 5616 3256 5672 Saluator
3281 5616 3520 5687 apparuit
3542 5613 3820 5668 secundum

568 5726 777 5766 carnem
815 5709 867 5765 in
907 5712 1075 5767 terris.
1108 5708 1250 5765 Licet
1273 5709 1410 5763 enim
1450 5708 1574 5763 olim
1602 5718 1752 5763 natus
1779 5718 1908 5764 esset
1941 5725 2005 5765 ea:
2043 5707 2237 5773 Maria,
2269 5715 2320 5761 et
2348 5705 2558 5776 triginta
2598 5721 2851 5762 annorum
2876 5706 3129 5778 explesset
3163 5714 3385 5774 attatem,
3414 5712 3585 5759 tamen
3611 5706 3818 5776 ignora-
