4138 6186
316 335 385 391 61
1770 335 1950 393 ΡΒᾸΞΙ

1955 336 2147 394 θΑΤιο.
2186 324 2189 325 ⁷
3518 348 3589 404 σε

316 452 476 503 batur
503 465 536 503 a
564 448 773 504 mundo.
830 446 909 505 Eo
938 459 1161 521 tempore
1189 451 1423 522 cognitus
1462 459 1538 505 est
1578 466 1677 521 quo
1706 451 1774 503 ad
1802 450 2058 504 Joannem
2100 449 2412 518 Baptistam,
2440 458 2494 502 ut
2521 451 2575 504 in
2604 448 2835 507 Iordane
2866 452 3231 524 baptizaretur,
3261 456 3497 521 advenit;
3539 469 3587 513 et

316 556 418 595 ros
448 540 513 594 de
540 539 663 596 ctslo
694 540 869 596 Patris
892 542 1174 597 intonantis
1202 543 1380 596 audita
1407 550 1554 595 est:t
1582 539 1680 593 llic
1702 548 1777 594 est
1800 538 1846 591 F
1849 540 1971 593 ilius
2000 554 2141 593 meus
2170 540 2416 605 dilectus,
2446 541 2501 593 in
2516 557 2614 609 quo
2642 541 2767 593 mihi
2791 540 2914 596 bene
2942 543 3249 612 complacui.
3269 562 3287 595 ι
3308 542 3470 607 Quem
3492 548 3591 599 Pa-

318 639 398 684 ter
419 630 484 687 de
517 632 658 687 ctslis
683 649 804 687 race
823 641 1214 699 monstraverat,
1238 633 1373 687 hunc
1404 632 1632 701 Spiritus
1658 640 1871 685 sanctus
1897 646 2043 683 verus
2070 630 2218 701 quasi
2245 631 2301 683 in
2338 629 2595 695 columba,
2622 639 2673 683 et
2707 647 2860 702 super
2888 640 3038 702 caput
3067 631 3205 687 illius
3232 634 3412 688 sedens
3451 643 3590 688 tactu

319 722 480 778 coluit
506 739 910 789 DEIONSTRABE,
941 740 1005 778 ne
1029 726 1142 795 quis
1167 725 1299 777 alius
1328 724 1426 777 Dei
1459 723 1629 777 Filius
1658 730 1925 793 putaretur
1953 736 2018 773 ex
2045 721 2299 791 papula...
2325 721 2631 790 Baptizatur
2653 719 2764 792 [ιι]
2796 739 2827 774 a
2848 720 3053 777 Joanne
3074 722 3130 776 in
3160 740 3335 790 carne,
3364 727 3452 779 sed
3481 728 3591 793 ipss

319 814 577 869 Joannem
595 816 649 869 in
678 817 860 886 spiritu
882 816 1039 869 lavat.
1064 816 1242 886 Aquas,
1271 831 1384 886 quae
1425 824 1615 869 cwtera
1638 814 1890 867 mundare
1914 820 2296 876 consueverant,
2328 810 2553 865 Domino
2579 822 2754 866 nostro
2774 811 2993 875 lavante,
3024 813 3285 867 mundata:
3312 824 3449 879 sunt,
3482 825 3588 870 etc.

321 906 418 964 llis
445 908 592 979 paria
622 907 831 961 dixerat
857 921 1017 960 serm.
1059 904 1112 971 9,
1138 921 1257 975 pag.
1287 905 1391 958 418
1428 921 1567 974 seq.,
1598 920 1707 973 quo
1741 905 1859 958 loco
1884 921 1898 957 :
1928 904 2201 972 Apparuit,
2233 903 2424 973 inquit,
2454 920 2557 957 non
2587 913 2693 957 tant
2720 904 2880 959 oculis
2905 905 3185 971 hominum,
3216 924 3371 978 quam
3407 909 3586 963 saluti.

327 998 378 1053 Ν
381 1016 470 1052 am
495 999 589 1052 etsi
610 998 754 1066 prius
782 1004 937 1050 natus
956 1013 1020 1051 ea:
1048 998 1243 1067 virgine
1269 996 1431 1051 oculis
1461 994 1753 1049 carnalibus
1775 995 2058 1060 videbatur,
2089 1004 2261 1050 tamen
2298 1011 2401 1050 non
2426 996 2724 1065 apparebat,
2756 996 2995 1065 quoniam
3022 998 3255 1052 virtutem
3281 1000 3394 1068 ejus
3422 998 3589 1052 adhuc

325 1090 447 1160 ﬁdei
483 1089 619 1141 acies
644 1086 980 1158 ignorabat...
1014 1087 1205 1141 Postea
1232 1088 1370 1141 enim
1391 1104 1543 1158 quam
1572 1088 1942 1141 humanitatem
1962 1103 2109 1140 suam
2136 1085 2455 1141 mirabilibus
2474 1088 2771 1153 declarauit,
2796 1090 3032 1144 humanis
3058 1091 3309 1143 mentibus
3343 1098 3588 1160 tanquam

324 1196 501 1243 novus,
533 1188 582 1233 et
607 1180 903 1249 inopinatus
928 1195 1206 1249 apparens,
1231 1179 1405 1234 oculos
1426 1178 1671 1250 quosdam
1697 1178 1867 1232 cordis
1892 1178 2100 1248 infudit,
2122 1188 2180 1231 ut
2206 1189 2530 1248 cognosceret
2552 1196 2749 1244 sensus,
2771 1196 2917 1250 quem
2944 1197 3047 1234 non
3076 1183 3309 1249 cognovit
3331 1189 3584 1251 aspectus.

324 1273 391 1327 Et
412 1287 667 1328 sermone
713 1271 803 1336 Η,
830 1284 952 1340 pag.
988 1270 1093 1324 424
1125 1288 1137 1323 :
1165 1269 1417 1342 Nunquid
1456 1279 1664 1340 propter
1702 1286 1755 1324 se
1783 1269 2036 1339 baptizari
2072 1270 2248 1335 uoluit,
2279 1284 2393 1323 cum
2436 1279 2697 1339 peccatum
2742 1287 2844 1324 non
2893 1270 3116 1335 haberet,
3147 1273 3276 1325 sicut
3305 1271 3427 1324 dicit
3466 1290 3588 1341 pro-
3688 1332 3691 1333 ν

320 1364 608 1433 pheta
636 1362 742 1418 Sed
760 1370 970 1432 propter
990 1378 1084 1415 nos
1104 1363 1291 1434 utique,
1316 1364 1400 1433 qui
1423 1362 1698 1415 multorum
1720 1363 1990 1415 criminum
2003 1363 2227 1431 peccatis
2255 1360 2483 1425 obnoxii,
2507 1379 2633 1431 opus
2660 1361 2987 1425 habebamus,
3012 1372 3065 1415 ut
3094 1364 3146 1415 in
3174 1361 3363 1416 Christi
3392 1364 3572 1432 baptis-

321 1462 460 1508 mate
504 1469 877 1525 purgaremur;
918 1461 1070 1524 atque
1111 1453 1224 1506 ideo
1253 1454 1388 1505 venit
1416 1452 1667 1506 Dominus
1691 1452 1759 1505 ad
1801 1452 2080 1515 lavacrum,
2113 1468 2212 1506 non
2240 1466 2309 1505 ur
2339 1468 2686 1507 runtrtcmun
2707 1454 2817 1523 ipse
2843 1455 3007 1523 aquis,
3034 1454 3125 1507 sed
3158 1470 3224 1508 UT
3255 1470 3399 1509 NOBIS
3426 1471 3590 1518 ΑουΑ-

325 1560 435 1599 non
462 1559 705 1598 noenu
737 1558 1034 1597 rumrtcs'r.
1064 1541 1150 1596 Ea:
1169 1559 1266 1612 quo
1287 1543 1424 1596 enim
1445 1542 1534 1596 ille
1564 1544 1615 1595 in
1645 1544 1790 1611 aquis
1819 1560 1873 1596 se
1892 1543 2087 1604 mersit,
2109 1558 2173 1595 ea:
2200 1559 2260 1596 eo
2287 1544 2511 1596 omnium
2550 1544 2867 1597 credentium
2896 1554 3106 1613 peccata
3134 1546 3335 1599 delevit.
3369 1544 3589 1599 Necesse

321 1643 395 1688 est
424 1643 618 1697 autem,
647 1641 701 1686 ut
729 1635 955 1687 omnium
984 1641 1193 1703 peccata
1220 1633 1478 1696 deleverit,
1508 1634 1593 1703 qui
1621 1633 1845 1686 omnium
1871 1640 2081 1701 peccata
2109 1634 2348 1702 suscepit,
2388 1633 2519 1686 sicut
2548 1635 2619 1687 ait
2645 1634 2995 1705 evangelista:
3019 1632 3117 1689 Hic
3143 1643 3225 1689 est
3251 1634 3435 1702 Agnus
3455 1634 3588 1699 Dei;

324 1726 415 1779 hic
443 1733 528 1779 est
549 1725 638 1793 qui
667 1724 805 1778 tollit
833 1733 1052 1794 peccata
1080 1724 1283 1778 mundi.
1309 1723 1502 1777 Mirum
1540 1740 1660 1794 ergo
1690 1725 1741 1777 in
1780 1724 1987 1777 modum
2009 1740 2140 1777 unus
2167 1726 2431 1794 mergitur,
2460 1732 2509 1778 et
2537 1724 2676 1777 salus
2706 1726 2935 1778 omnium
2962 1734 3248 1794 reparatur.
3282 1726 3441 1780 Adrst
3462 1742 3585 1795 ergo

325 1812 471 1867 Deus
493 1812 669 1876 Pater,
704 1829 819 1865 cum
848 1799 1136 1882 baptizatur
1158 1812 1429 1879 Dominus,
1453 1813 1599 1867 adest
1636 1812 1863 1883 Spiritus
1893 1821 2118 1867 sanctus.
2160 1814 2340 1868 Videte
2365 1814 2651 1869 Salvatoris
2681 1813 3080 1868 benevolentiam
3103 1832 3119 1868 :
3143 1816 3264 1885 quia
3290 1817 3431 1868 solus
3456 1832 3511 1868 se
3538 1817 3591 1869 in

320 1902 563 1971 passione
580 1903 901 1956 contumeliis
921 1902 1164 1966 subdidit,
1188 1904 1243 1956 in
1263 1903 1468 1958 lavacro
1488 1904 1627 1958 solus
1656 1905 1877 1976 gratiam
1906 1922 2007 1958 non
2036 1906 2283 1975 quasivit.
2317 1905 2436 1959 Vult
2456 1906 2731 1976 participes
2752 1923 2863 1961 esse
2888 1907 3086 1977 glorite.
3118 1907 3275 1961 Adest
3298 1923 3439 1977 ergo,
3463 1909 3591 1961 sicut

320 1994 451 2056 dixi,
484 1992 682 2057 Pater;
706 1994 852 2048 adest
879 2002 927 2047 et
949 1993 1177 2064 Spiritus
1220 2004 1460 2060 sanctus;
1492 2005 1539 2049 et
1566 1998 1687 2067 quia
1715 1995 1855 2049 Deus
1874 1996 2033 2050 videri
2062 2014 2164 2051 non
2203 2006 2387 2067 potest,
2420 1997 2648 2069 Spiritus
2673 2000 2728 2051 in
2766 1999 3017 2064 columba,
3051 1998 3211 2053 Pater
3239 1999 3500 2053 descendit
3538 2002 3592 2054 in

320 2101 469 2149 race;
501 2086 735 2157 quodque
761 2087 925 2140 solum
953 2087 1024 2140 ad
1051 2088 1383 2142 astruendam
1410 2088 1565 2158 ﬁdem
1590 2089 1934 2142 necessarium
1960 2096 2089 2153 erat,
2122 2104 2349 2143 EXBIBET
2379 2088 2751 2143 Ssunoneu.
2778 2088 2843 2142 Et
2868 2104 3027 2143 serm.
3058 2088 3143 2153 1%,
3173 2102 3291 2157 pag.
3313 2088 3417 2140 427
3438 2105 3454 2141 :
3478 2088 3591 2142 No-

321 2175 438 2236 stri,
471 2174 666 2241 inquit,
695 2174 848 2243 plane
876 2191 1029 2228 causa
1058 2176 1166 2230 hinc
1192 2177 1431 2231 universa
1467 2178 1699 2247 perfecit.
1733 2175 1874 2230 Nam
1898 2178 1975 2231 illi
2003 2178 2072 2231 ad
2107 2193 2254 2249 quem
2282 2180 2563 2248 profectum
2592 2180 2883 2232 necessaria
2906 2180 3243 2243 consecratio,
3265 2180 3350 2249 qui
3378 2179 3488 2247 ipse
3515 2186 3591 2231 est

320 2274 701 2319 sacramentum
719 2269 743 2321 ?
762 2267 841 2319 Ad
866 2283 1013 2337 quem
1040 2283 1188 2321 usum
1214 2268 1268 2321 in
1297 2284 1356 2323 eo
1378 2269 1608 2338 mysterii
1628 2268 1945 2331 solemnitas,
1968 2269 2024 2320 in
2047 2284 2144 2338 quo
2164 2275 2240 2320 est
2259 2266 2521 2338 plenitudo
2542 2266 2771 2336 mysterii
2786 2266 2876 2320 ?...
2891 2265 3037 2321 Sicut
3051 2267 3124 2319 ait
3143 2265 3488 2334 evangelista:
3515 2266 3590 2319 De

320 2355 652 2424 plenitudine
681 2357 798 2424 ejus
826 2372 1014 2411 omnes
1042 2359 1362 2427 accepimus.
1388 2357 1529 2429 Ergo
1552 2360 1605 2411 in
1628 2376 1725 2429 quo
1747 2357 2009 2429 plenitudo
2030 2357 2314 2411 divinitatis
2344 2365 2474 2420 erat,
2508 2373 2612 2410 non
2639 2356 2919 2427 indigebat,
2942 2366 2998 2410 ut
3017 2362 3453 2413 sacramentorum
3480 2374 3590 2428 mg-

322 2446 491 2498 steriis
518 2445 854 2513 impleretur;
883 2446 974 2499 sed
1003 2447 1117 2499 ideo
1156 2449 1452 2517 mysterium
1480 2447 1690 2515 implere
1711 2448 1885 2509 voluit,
1927 2464 2031 2501 non
2053 2455 2109 2500 ut
2136 2450 2245 2517 ipse
2273 2449 2557 2518 profectum
2593 2456 2813 2516 caperet,
2838 2448 2929 2502 sed
2950 2457 3005 2501 ut
3027 2447 3171 2502 nobis
3196 2448 3459 2518 plenitudo
3482 2466 3587 2519 mg-

322 2539 469 2591 sterii
492 2540 779 2608 proﬁceret.
818 2539 1048 2611 Denique
1088 2540 1283 2595 Joanni
1332 2540 1581 2611 Baptista:
1618 2540 1859 2594 renitenti
1893 2550 1943 2595 et
1972 2539 2159 2594 dicenti
2189 2558 2205 2593 :
2242 2539 2353 2609 Ego
2381 2554 2410 2593 a
2443 2550 2497 2594 te
2525 2539 2698 2594 debeo
2725 2540 3002 2609 baptizari,
3034 2548 3090 2594 et
3117 2548 3172 2593 tu
3196 2540 3349 2596 venis
3378 2541 3442 2593 ad
3475 2543 3589 2596 me?

324 2630 402 2682 ait
426 2630 502 2682 illi
526 2629 779 2683 Dominus
808 2647 827 2684 :
856 2629 985 2686 Sine
1008 2631 1167 2686 modo
1202 2650 1215 2684 :
1246 2632 1326 2687 sic
1352 2632 1494 2686 enim
1542 2640 1756 2701 oportet
1784 2648 1884 2686 nos
1911 2632 2135 2701 implere
2165 2648 2379 2687 omnem
2399 2631 2677 2699 justitiam.
2705 2631 2949 2701 Imptere,
2995 2632 3186 2700 inquit,
3213 2646 3417 2687 omnem
3434 2633 3589 2702 justi-

321 2724 469 2774 tiam.
495 2718 601 2773 Cur
624 2738 743 2791 ergo
766 2721 1054 2791 baptizatur
1080 2722 1372 2777 Dominus?
1399 2721 1524 2776 Non
1540 2723 1749 2793 justitia
1771 2724 2025 2793 justiﬁcat
2046 2722 2323 2787 Christum,
2346 2721 2438 2775 sed
2474 2722 2587 2791 ipsa
2609 2722 2813 2791 justitia
2835 2722 3237 2791 sanctiﬁcatura
3274 2721 3509 2785 Christo;
3542 2732 3590 2774 et

321 2811 604 2881 semiplena
625 2813 780 2868 virtus
819 2812 884 2865 ab
926 2829 985 2866 eo
1023 2812 1281 2881 impletur,
1314 2813 1394 2865 cui
1416 2814 1549 2866 inest
1574 2812 1838 2882 plenitudo
1867 2816 2171 2867 virtutum...
2204 2810 2341 2875 Quid
2363 2813 2499 2865 enim
2527 2811 2606 2865 illi
2645 2813 3046 2865 consecrationis
3070 2817 3272 2881 poterat
3308 2811 3589 2884 (Joannes)

322 2900 548 2964 tradere,
580 2918 613 2953 a
636 2918 735 2970 quo
764 2901 1226 2969 sanctiﬁcationem
1246 2902 1478 2971 accipere
1498 2902 1605 2971 ipse
1625 2900 1851 2971 aptabat.
1885 2902 2050 2971 Igitur
2076 2918 2215 2967 cum,
2247 2910 2385 2956 teste
2413 2900 2665 2963 Maximo,
2697 2909 2805 2955 tam
2835 2896 2999 2956 fuerit
3016 2912 3221 2956 sanctus
3243 2909 3367 2956 ante
3384 2901 3590 2971 baptis-

323 3007 467 3045 mum
503 2990 746 3046 Christus
792 3007 949 3059 quam
986 3000 1238 3061 suscepto
1278 2992 1545 3061 baptismo
1582 2990 1699 3053 fuit,
1747 2999 2002 3057 tantisque
2052 2992 2207 3061 fuerit
2252 2991 2562 3044 innocentia:
2622 3000 2678 3042 ut
2741 2990 2882 3044 nullo
2927 2990 3201 3061 indigeret,
3243 2992 3394 3045 sciret
3443 2992 3590 3055 dare,

323 3085 541 3139 nesciret
588 3085 851 3153 accipere;
890 3099 1102 3154 cumque
1145 3100 1248 3137 non
1289 3082 1405 3137 ideo
1453 3082 1724 3137 accesserit
1770 3084 1839 3136 ad
1885 3082 2194 3152 baptismum
2229 3090 2285 3135 ut
2323 3081 2747 3137 sanctiﬁcaretur
2790 3084 2899 3153 ipse
2940 3080 3073 3155 [ut]
3100 3090 3188 3135 aut
3234 3083 3590 3153 puriﬁcaretur

322 3177 489 3246 equis,
531 3177 612 3228 cui
634 3176 737 3229 vita
767 3186 961 3229 azterna
990 3191 1101 3227 cum
1141 3174 1304 3227 Patre
1323 3181 1417 3239 est,
1458 3174 1553 3228 sed
1596 3181 1655 3229 ut
1699 3174 2041 3229 conditionem
2094 3184 2284 3228 nostris
2331 3175 2509 3227 mortis
2557 3175 2814 3245 auferret;
2855 3172 3100 3243 adeoque
3140 3181 3195 3226 ut
3241 3172 3590 3245 baptizaretur

323 3286 427 3323 non
473 3268 593 3333 sibi,
634 3269 724 3322 sed
761 3269 935 3334 nobis,
986 3276 1138 3339 utque
1174 3284 1336 3340 aquas
1390 3269 1738 3337 sanctiﬁcaret
1789 3268 2203 3338 puriﬁcaretque,
2251 3276 2403 3337 atque
2439 3275 2497 3319 ut
2548 3275 2868 3321 consecraret
2913 3267 3106 3335 ﬂuenta
3165 3283 3278 3338 quas
3330 3275 3588 3338 tangeret,

323 3376 387 3412 ac
439 3375 533 3430 pro
582 3359 778 3411 cunctis
834 3359 1236 3428 regenerationis
1290 3358 1577 3412 institueret
1638 3357 1898 3411 lavacrum
1919 3373 1938 3421 ,'
1994 3370 2256 3425 cumque,
2307 3356 2597 3411 conﬁtente
2650 3356 2839 3411 eodem
2877 3356 3144 3423 Maximo,
3198 3374 3298 3411 non
3347 3358 3416 3411 ad
3467 3376 3588 3427 pro-

324 3453 514 3521 fectum
532 3447 729 3502 Christi
760 3449 1055 3502 messoria
1077 3449 1235 3519 fuerit
1263 3449 1604 3512 consecratio,
1643 3465 1755 3502 cum
1785 3448 1893 3519 ipse
1935 3448 2002 3502 sit
2049 3455 2428 3501 sacramentum
2461 3462 2522 3499 ac
2568 3446 2833 3517 plenitudo
2880 3450 3142 3518 mysterii;
3190 3449 3286 3503 sed
3321 3449 3435 3504 ideo
3481 3466 3590 3519 mg-

326 3539 537 3590 sterium
564 3536 773 3605 implere
791 3535 899 3605 ipse
920 3536 1153 3600 voluerit,
1181 3553 1283 3590 non
1305 3543 1360 3588 ut
1380 3537 1490 3607 ipse
1508 3539 1796 3608 profectum
1825 3546 2030 3607 caperet
2052 3536 2181 3608 (non
2204 3538 2339 3591 enim
2364 3536 2443 3591 illi
2469 3539 2868 3592 consecrationis
2889 3538 3165 3609 quidquam
3188 3540 3325 3592 tradi
3343 3542 3587 3609 poterat),

327 3629 423 3683 sed
441 3635 499 3680 ut
526 3626 666 3681 nobis
693 3627 954 3697 plenitudo
972 3628 1201 3698 mysterii
1222 3628 1522 3698 proﬁceret;
1553 3643 1694 3694 cum,
1738 3629 1975 3697 inquam,
2002 3631 2118 3685 hate
2147 3631 2218 3685 ita
2244 3646 2303 3686 se
2348 3629 2699 3701 (concedente
2747 3630 3000 3700 Maximo)
3031 3632 3281 3694 habeant,
3312 3632 3439 3699 quiti
3485 3642 3586 3697 est,

326 3717 475 3789 quod
504 3732 827 3789 quemquam
856 3717 997 3779 dicta
1026 3718 1113 3770 illa
1140 3717 1610 3786 Maximiejusdem
1638 3719 1979 3786 conturbent,
2011 3735 2130 3788 qua:
2174 3728 2299 3774 sunt
2345 3720 2413 3775 de
2463 3729 2661 3783 renato,
2712 3720 2779 3774 de
2808 3730 3122 3789 regenerato,
3144 3719 3211 3774 de
3239 3722 3586 3790 sanctiﬁcata,

324 3814 497 3882 deque
524 3821 824 3867 consecrato
853 3811 1101 3881 baptismi
1131 3812 1285 3879 aquis
1332 3810 1619 3867 Servatore
1645 3796 1896 3868 Christo?
1925 3812 2059 3867 Nam
2086 3814 2179 3883 qui
2228 3813 2403 3877 nobis,
2453 3829 2559 3868 non
2588 3813 2711 3877 sibi,
2752 3811 3022 3867 Christum
3070 3812 3231 3868 fuisse
3260 3814 3587 3883 baptizatum

323 3906 545 3971 scribit;
576 3905 737 3970 idem,
758 3912 905 3959 certe
928 3910 1171 3957 renatum
1201 3918 1265 3956 ac
1291 3910 1664 3971 regeneratum
1700 3902 1903 3970 dicens,
1933 3905 2063 3958 satis
2084 3904 2282 3959 indicat
2313 3921 2325 3956 :
2360 3919 2467 3958 non
2496 3903 2549 3957 in
2578 3918 2636 3959 se
2656 3902 2947 3968 Christum,
2977 3902 3069 3958 sed
3098 3904 3149 3957 in
3181 3906 3436 3959 membris
3455 3906 3586 3968 suis,

323 3994 625 4064 eujusmodi
657 4009 755 4048 nos
782 3994 1048 4063 baptismo
1077 3992 1359 4059 efﬁcimur,
1390 3993 1781 4049 sanctiﬁcatum
1827 3996 2020 4060 ipsum,
2052 4003 2297 4049 renatum
2325 4004 2809 4066 regeneratumque
2838 3996 2962 4051 dici.
2994 3996 3167 4066 Atque
3196 3998 3241 4053 is
3267 3998 3382 4067 ipse
3418 3998 3589 4053 Maxi-

336 4100 459 4138 mus
484 4084 671 4137 homil.
705 4082 794 4147 21,
826 4098 943 4152 qua:
965 4091 1050 4136 est
1080 4082 1265 4150 quinta
1306 4082 1369 4135 de
1413 4080 1734 4152 Epiphania,
1766 4098 1888 4154 pag.
1932 4083 2020 4149 58,
2069 4084 2270 4139 idcirco
2299 4085 2588 4153 profecisse
2618 4085 2906 4149 Christum,
2934 4086 3043 4141 dici
3087 4095 3287 4151 monet,
3322 4104 3428 4143 non
3455 4088 3589 4160 quod

323 4176 568 4246 proﬁciat
594 4174 784 4229 Christi
808 4176 1080 4239 sanctitas,
1102 4190 1217 4245 qua
1240 4176 1469 4246 perfecta
1497 4182 1593 4238 est,
1625 4174 1719 4228 sed
1746 4175 1889 4243 quod
1910 4175 2160 4245 proﬁcere
2188 4175 2407 4238 dicatur,
2437 4190 2551 4227 cum
2579 4176 2633 4227 in
2662 4175 2808 4228 nobis
2837 4177 2962 4245 facit
2995 4175 3311 4231 credulitatis
3338 4194 3589 4248 augmen-

325 4279 455 4321 tum.
484 4265 641 4332 Quod
668 4282 790 4322 cum
818 4266 893 4321 ita
914 4266 1006 4331 sit,
1021 4282 1117 4321 cur
1141 4281 1249 4320 non
1279 4266 1424 4331 item,
1456 4281 1578 4321 eum
1607 4266 1721 4335 ipse
1742 4264 2013 4320 Christum
2042 4273 2293 4330 renatum,
2343 4272 2695 4333 regeneratum
2730 4265 3206 4337 sanctiﬁcatumque
3234 4268 3425 4322 alicubi
3451 4268 3585 4322 scri-

327 4358 423 4421 bit,
459 4356 579 4410 ideo
601 4356 880 4425 scripsisse
907 4356 1209 4410 censendus
1236 4364 1337 4422 est,
1367 4357 1509 4425 quod
1538 4368 1766 4421 renatus,
1799 4367 2144 4428 regeneratus,
2177 4356 2546 4425 sanctiﬁcatus,
2577 4364 2900 4409 consecratus
2928 4356 3136 4411 dicatur
3162 4358 3423 4423 Christus,
3464 4360 3588 4427 quia

328 4444 482 4498 nobis
508 4443 739 4497 instituit
760 4452 1171 4509 sacramentum,
1202 4459 1310 4512 quo
1340 4446 1690 4511 renascimur,
1728 4459 2139 4514 ‘regeneramur,
2166 4444 2596 4499 sanctiﬁcamur?
2642 4442 2774 4509 Quia
2801 4446 2857 4497 in
2883 4442 3131 4498 Jordanis
3158 4449 3307 4500 undis
3336 4465 3497 4517 aquas
3521 4450 3588 4502 ad

328 4535 768 4604 regenerationem
795 4533 1008 4586 humani
1028 4534 1224 4603 generis
1252 4550 1345 4587 suo
1375 4534 1626 4603 baptismo
1651 4537 1967 4589 consecravit
2010 4535 2120 4604 (a)?
2148 4534 2281 4600 Quia
2310 4532 2444 4606 quod
2472 4532 2758 4604 baptizatus
2786 4536 2853 4588 sit
2878 4535 3056 4606 Agnus
3079 4535 3197 4600 Dei,
3230 4542 3579 4608 regenerantis

330 4621 570 4691 baptismi
594 4621 825 4675 salutare
853 4619 997 4674 nobis
1024 4637 1205 4675 munus
1232 4624 1328 4693 fuit
1352 4622 1640 4676 dedicatum
1670 4624 1780 4694 (b)?
1802 4622 1939 4689 Quia
1961 4624 2070 4693 jam
2096 4640 2200 4678 non
2230 4626 2310 4679 sui
2334 4641 2487 4678 causa
2514 4625 2801 4695 baptizatus
2822 4636 2916 4691 est,
2947 4627 3040 4681 sed
3063 4630 3227 4682 nostri
3251 4630 3358 4700 (c)?
3385 4629 3579 4695 Quidni

332 4719 492 4772 etiam
522 4726 739 4773 renatus
768 4716 821 4771 in
851 4718 1075 4788 mystico
1104 4733 1200 4773 suo
1228 4732 1475 4786 corpore,
1498 4718 1641 4787 quod
1681 4726 1764 4772 est
1791 4717 2049 4782 Ecclesia,
2076 4717 2179 4773 dici
2222 4718 2397 4787 potuit
2433 4716 2675 4773 Christus
2700 4732 2730 4771 a
2758 4716 3020 4793 Maximo;
3052 4734 3172 4773 cum
3200 4720 3337 4773 idem
3368 4730 3586 4778 sanctus

329 4811 627 4880 episcopus,
641 4811 835 4865 doceat
861 4829 874 4863 ε
906 4809 974 4864 In
1002 4810 1192 4865 Christi
1232 4811 1537 4880 baptismate
1563 4811 1903 4880 spiritualiter
1931 4813 2091 4881 fuisse
2119 4820 2371 4876 renatum,
2416 4822 2468 4866 et
2506 4812 2730 4883 quotidie
2766 4814 2967 4865 renasci
2995 4811 3319 4865 Ecclesiam?
3349 4811 3591 4876 Quotidie

326 4904 467 4955 enim
487 4902 557 4955 ad
580 4903 979 4973 regenerationis
1018 4901 1174 4955 vitam
1199 4902 1313 4971 ipsa
1342 4902 1531 4955 transit
1576 4900 1830 4965 Ecclesia,
1877 4904 2073 4973 quoties
2102 4903 2171 4955 ad
2217 4902 2525 4973 baptismum
2552 4904 2937 4957 catechumenos
2964 4904 3162 4971 recipit.
3204 4900 3469 4959 Prmterea
3497 4922 3590 4960 cur

328 4992 689 5047 manifestatio
716 4992 926 5046 virtutis
947 4990 1366 5060 sanctitatisque,
1390 4989 1589 5045 Christi
1615 4989 1983 5054 sanctiﬁcatio,
2007 4992 2446 5059 consecratioque
2466 4992 2644 5047 vocari
2673 4992 2909 5059 nequivit
2937 5006 2968 5043 a
2997 4989 3256 5058 Maximo;
3278 5009 3307 5046 a
3330 4992 3585 5059 Maximo,

330 5085 565 5154 inquam,
595 5085 687 5153 qui
727 5085 1013 5139 accessisse
1041 5082 1309 5136 Christum
1339 5082 1406 5136 ad
1434 5082 1757 5152 baptismum
1805 5088 1984 5149 negat,
2033 5090 2091 5135 ut
2110 5084 2405 5153 profectum
2450 5091 2681 5151 caperet;
2712 5081 2803 5135 sed
2832 5095 2898 5134 eo
2927 5079 3157 5133 afﬁrmat
3185 5084 3491 5150 accessisse,
3525 5094 3594 5139 ut.

329 5175 485 5230 nobis
511 5175 825 5247 proﬁceret;
856 5179 1053 5246 quique
1082 5176 1428 5239 indicaturus,
1476 5191 1585 5244 quo
1612 5176 1825 5229 demum
1861 5174 2020 5229 modo
2069 5177 2380 5230 enuntietur
2420 5174 2563 5243 gigni
2608 5174 2874 5242 baptismo
2900 5171 3146 5227 Christus
3179 5192 3191 5226 :
3224 5190 3364 5241 cum,
3398 5177 3605 5244 inquit,

329 5282 448 5321 cum
470 5266 610 5322 Deus
638 5266 798 5321 Pater
831 5250 945 5322 sua.
963 5285 1079 5323 voce
1104 5268 1455 5337 complectitur
1491 5267 1590 5329 (ait
1611 5266 1775 5330 enim,
1798 5265 1880 5319 hic
1908 5274 1986 5319 est
2031 5264 2081 5317 F
2086 5266 2202 5319 ilius
2232 5281 2392 5329 meus,
2422 5262 2552 5333 etc.)
2597 5280 2611 5316 ε
2639 5261 2797 5315 Pater
2821 5262 3089 5317 colendum
3141 5263 3374 5335 gentibus
3422 5267 3593 5319 mani~

327 5361 484 5429 [εειαι
520 5359 621 5429 (“)-

400 5445 516 5502 ΧΠ.
555 5448 660 5503 Sed
686 5451 940 5519 quoniam
968 5447 1035 5505 de
1060 5448 1332 5518 baptizato
1355 5447 1641 5502 Servatore
1668 5446 1900 5512 Christo,
1933 5448 2107 5517 deque
2157 5445 2492 5501 institutione
2527 5443 2873 5514 baptismatis
2892 5455 3069 5501 actum
3100 5461 3128 5499 a
3157 5447 3329 5511 nobis,
3372 5461 3438 5500 ex
3465 5446 3587 5502 doe-

326 5537 469 5592 trina
500 5536 735 5605 Maximi,
762 5538 1020 5593 hactenus
1060 5545 1173 5603 est;
1206 5552 1311 5592 non
1351 5536 1447 5589 abs
1476 5550 1534 5590 re
1563 5536 1794 5592 arbitror
1833 5536 2087 5605 futurum,
2116 5538 2161 5592 si
2190 5535 2376 5607 paucis
2407 5550 2693 5605 exponam,
2725 5549 2887 5605 quam
2933 5545 3148 5592 sanctus
3175 5537 3455 5608 episcopus
3472 5550 3593 5605 8ιά-

399 5645 479 5762 (az
518 5644 714 5725 Hmnil.
745 5645 832 5709 εἰ,
865 5659 983 5715 pag.
1131 5653 1187 5699 et
1214 5642 1408 5724 Homil.
1447 5642 1534 5728 ἓξ),
1564 5656 1684 5712 pag.
1711 5643 1800 5697 87.

399 5715 455 5762 tb
520 5714 714 5762 Hunni-
749 5716 834 5762 23-
864 5729 986 5762 nan-
1016 5715 1103 5762 b5)-
1140 5723 1203 5762 ct.
1224 5713 1416 5762 Humi].
1452 5714 1540 5762 at)-
1568 5728 1689 5762 nan.
1724 5712 1809 5762 90.

1168 5642 1408 5698 tHomil.
1447 5642 1534 5705 9.9,
1564 5656 1684 5712 pag.
1711 5643 1800 5697 87.
2089 5644 2162 5713 (ε)
2202 5642 2399 5697 Homil.
2441 5642 2529 5706 51,
2563 5657 2681 5712 pag.
2716 5642 2799 5699 9|.

1165 5723 1203 5762 ει
1224 5713 1416 5762 Humi].
1452 5714 1540 5762 50-
1568 5728 1689 5762 nan.
1724 5712 1809 5762 90.
2092 5714 2173 5762 td)
2212 5713 2405 5762 Hornil-
2440 5712 2526 5762 30-
2558 5729 2679 5762 nan.
2726 5714 2799 5762 90.

398 5712 479 5783 (ὁ)
520 5714 714 5771 Homit.
749 5716 835 5785 25,
863 5712 986 5787 pag.
1016 5715 1103 5781 b5,
1140 5723 1203 5769 ct
1222 5713 1416 5769 Humi].
1452 5714 1541 5780 5t),
1568 5728 1689 5783 pag.
1724 5712 1809 5768 90.
2092 5712 2173 5783 (tl)
2211 5713 2405 5769 ﬂontil.
2440 5712 2526 5781 30,
2558 5729 2679 5784 pag.
2726 5714 2811 5767 9U.
