4138 6186
533 361 608 424 εδ
1967 357 2350 417 Ριιίιειηειτιο.
3328 409 3336 418 .
3720 368 3796 429 δι

537 480 674 532 riter
701 475 881 532 tulerit
902 474 1065 537 fuisse
1101 475 1309 546 aliquos
1350 480 1511 530 aetate
1545 488 1661 538 sua,
1712 472 1805 542 qui
1833 474 1997 529 sacris
2022 473 2279 544 baptismi
2329 472 2527 528 initiari
2555 473 2849 544 diﬂ'erreut,
2898 477 3013 533 sive
3056 478 3201 548 quod
3253 477 3383 549 tingi
3411 496 3469 536 se
3498 484 3654 552 aquis
3672 483 3797 543 Ior-

536 563 706 629 danis,
735 569 792 617 at
816 571 1079 634 tempore,
1110 561 1263 637 [Lxu]
1291 577 1450 633 posse
1477 558 1838 627 conﬁderent;
1869 561 1982 617 sive
2008 562 2151 630 quod
2179 562 2282 617 sibi
2307 563 2718 632 persuasissent,
2747 567 2993 636 puriores
3019 582 3079 623 se
3107 569 3426 637 migraturos
3474 571 3527 626 in
3574 575 3794 645 caelum,

536 655 581 709 si
610 654 944 709 distulissent
980 653 1260 724 baptizari,
1291 652 1359 708 ad
1380 667 1536 709 suum
1565 666 1735 722 usque
1762 668 2069 723 supremum
2097 652 2255 709 diem.
2289 653 2426 724 Ergo
2456 652 2548 712 ille
2574 672 2824 715 sermone
2872 660 2956 725 15,
2989 662 3081 730 qui
3108 670 3191 718 est
3218 664 3282 718 de
3324 663 3506 720 Cratia
3535 665 3795 740 baptismi,

435 801 451 820 ο
536 756 658 811 pag.
682 742 787 796 450
808 756 921 811 seq.
948 760 961 796 :
996 740 1129 806 Quia
1152 750 1372 807 constat,
1397 741 1587 810 inquit,
1616 743 1749 796 sicut
1780 749 1899 796 ante
1925 742 2180 813 prosecuti
2199 757 2397 807 sumus,
2427 741 2602 827 Iesum
2640 744 2897 801 Christum
2924 765 3027 803 non
3049 751 3128 804 sui
3148 768 3305 806 causa
3335 751 3646 825 baptizatum
3665 776 3793 827 esse,

537 833 627 888 sed
650 835 841 898 nostri;
871 832 1107 888 debemus
1130 832 1293 903 (vobis
1312 832 1688 887 catechumenis
1717 831 1917 904 loquor)
1942 834 2166 904 gratiam
2211 831 2534 904 baptismatis
2561 835 2675 906 ejus
2695 851 2820 891 oua!
2862 854 3244 895 resrma'noue
3298 857 3577 901 SUSCIPERE
3609 848 3706 917 (a),
3747 858 3799 904 et

539 924 604 978 de
631 926 774 995 fonte
791 923 1058 987 Iordanis,
1086 938 1232 993 quem
1260 922 1349 976 ille
1383 920 1662 989 benedixit,
1691 921 2091 977 benedictionem
2118 922 2522 976 consecrationis
2558 923 2782 990 haurire,
2811 941 3107 998 curareque,
3144 937 3200 981 ut
3233 931 3288 983 in
3314 947 3427 985 eum
3455 936 3701 1006 gurgitem
3740 940 3797 992 in

539 1030 683 1085 quem
710 1030 767 1067 se
793 1013 930 1067 illius
958 1014 1208 1067 sanctitas
1237 1014 1433 1077 mersit,
1471 1020 1651 1066 nostra
1670 1021 1881 1083 peccata
1906 1019 2272 1083 mergantur...
2306 1010 2570 1082 Baptizari
2598 1029 2739 1086 ergo,
2772 1016 2982 1087 fratres,
3013 1018 3249 1073 debemus
3271 1022 3445 1076 eodem
3464 1026 3664 1095 gurgite
3698 1044 3796 1097 quo

539 1106 814 1171 Salvator;
838 1105 930 1160 sed
959 1115 1014 1158 ut
1048 1105 1223 1159 eodem
1246 1107 1386 1176 fonte
1408 1110 1718 1177 mergantur,
1742 1122 1843 1159 non
1880 1104 2025 1160 nobis
2068 1102 2351 1159 Orientalis
2380 1105 2598 1176 petenda
2624 1116 2702 1161 est
2739 1109 2880 1178 regio
2911 1107 3006 1180 (b),
3039 1127 3141 1166 non
3168 1113 3350 1181 fluvius
3372 1122 3522 1170 terra:
3538 1117 3793 1175 Iudaica.

541 1196 639 1251 Ubi
659 1197 796 1249 enim
824 1210 960 1248 nunc
987 1192 1236 1259 Christus,
1263 1193 1330 1248 ibi
1362 1211 1556 1266 quoque
1581 1193 1830 1249 Iordanis
1851 1203 1946 1248 est.
1989 1193 2187 1249 Eadem
2215 1197 2549 1262 consecratio,
2573 1212 2688 1268 qua:
2717 1195 2944 1254 Orientis
2963 1201 3177 1270 fiumina
3205 1201 3478 1272 benedixit,
3506 1206 3797 1268 Occidentis

540 1286 733 1356 fluenta
769 1285 1081 1354 sanctiﬁcat.
1120 1283 1270 1338 Unde
1287 1285 1332 1338 si
1356 1299 1541 1338 nomen
1587 1287 1720 1355 forte
1745 1285 1895 1342 ﬂuvio
1921 1284 2065 1339 aliud
2101 1287 2170 1339 sit
2194 1285 2258 1338 de
2284 1286 2492 1351 swculo,
2520 1286 2656 1340 inest
2683 1280 2853 1342 tamen
2878 1287 2959 1342 illi
2986 1293 3281 1361 mysterium
3311 1294 3373 1347 de
3388 1295 3637 1354 Iordane.

608 1374 741 1430 Xlll.
786 1376 958 1442 Quam
1007 1383 1189 1430 autem
1229 1375 1299 1430 sit
1324 1375 1597 1444 baptismo
1624 1372 1845 1430 Joannis
1872 1374 2172 1444 baptismus
2196 1373 2395 1429 Christi
2438 1377 2798 1445 prmstantior,
2829 1379 3012 1434 multis
3039 1380 3091 1435 in
3120 1380 3253 1437 locis
3298 1383 3565 1454 (Patribus
3591 1392 3798 1447 ueteris

537 1463 933 1536 Scripturisque
960 1464 1234 1533 insistens)
1283 1463 1545 1518 Maximus
1571 1463 1823 1517 ostendit.
1853 1462 2051 1517 llomil.
2080 1462 2167 1529 22,
2192 1478 2310 1532 qum
2338 1471 2421 1519 est
2449 1472 2599 1542 sexta
2649 1464 2712 1520 de
2758 1465 3073 1538 Epiphania,
3116 1485 3239 1541 pag.
3266 1472 3334 1527 65
3365 1492 3378 1528 :
3410 1474 3666 1549 Legimus,
3714 1483 3796 1536 in-

536 1556 670 1626 quit,
701 1556 916 1611 Iudwos
940 1555 1143 1609 diversa
1169 1553 1261 1608 sub
1290 1556 1399 1624 lege
1426 1550 1667 1607 habuisse
1693 1551 2020 1623 baptismata,
2053 1554 2144 1607 sed
2172 1553 2369 1608 nullum
2398 1572 2463 1609 ea:
2491 1556 2568 1608 his
2597 1566 2778 1610 contra
2816 1560 3259 1626 prwvaricatiouis
3285 1566 3479 1620 malum
3506 1572 3794 1637 generalem

537 1646 701 1714 potuit
736 1645 974 1712 conferre
994 1641 1320 1696 medicinam.
1353 1640 1424 1694 Et
1450 1641 1566 1696 ideo
1591 1657 1686 1712 pro
1724 1639 2044 1696 absolutione
2072 1643 2223 1696 totius
2266 1644 2445 1696 mundi
2472 1643 2769 1716 indigebant
2797 1646 3073 1720 (homines)
3102 1655 3502 1722 regenerationis
3537 1675 3671 1729 aqua
3700 1679 3803 1716 ca:-

536 1732 659 1786 litus
686 1730 1025 1800 sanctiﬁcari.
1057 1728 1127 1783 Et
1152 1730 1274 1800 quia
1301 1744 1395 1798 per
1430 1730 1720 1782 universum
1761 1729 2007 1782 mundum
2042 1738 2423 1784 sacramentum
2469 1730 2707 1802 baptismi
2745 1734 2967 1791 humano
3012 1740 3186 1808 generi
3231 1755 3357 1810 opus
3403 1730 3535 1809 erat,
3565 1728 3795 1804 omnibus

537 1826 682 1896 aquis
713 1821 993 1892 (Christus)
1039 1820 1440 1875 benedictionem
1479 1820 1638 1886 dedit,
1668 1821 1878 1892 quando
1914 1822 1969 1875 in
2015 1820 2266 1876 Iordanis
2308 1823 2507 1877 alveum
2549 1826 2703 1880 unica
2752 1842 2813 1881 ac
2850 1828 3101 1899 singulari
3128 1832 3316 1902 pietate
3345 1834 3620 1892 descendit.
3658 1840 3796 1896 Tunc

536 1911 793 1967 Christum
822 1910 1100 1965 Dominum
1137 1926 1241 1964 non
1273 1918 1377 1963 tam
1399 1908 1521 1962 lauit
1546 1909 1710 1971 unda,
1741 1925 1893 1979 quam
1920 1910 2028 1964 lota
2045 1920 2141 1965 est.
2177 1910 2290 1965 Tibi
2315 1929 2438 1984 ergo
2467 1915 2726 1970 nascendo
2754 1913 2987 1972 Christus
3009 1920 3235 1987 advenit,
3266 1922 3358 1978 tibi
3406 1927 3617 1984 vivendo
3662 1933 3797 1985 mil-

539 2007 683 2070 tavit,
723 2005 814 2058 tibi
837 2003 1104 2059 moriendo
1130 2004 1383 2072 conﬂixit.
1412 2003 1572 2070 Quem
1611 2003 1751 2057 vides
1779 2021 1872 2075 pro
1902 2012 1952 2058 te
1978 2013 2253 2072 mortuum,
2281 2022 2376 2078 pro
2401 2016 2449 2061 te
2471 2009 2703 2080 intellige
2731 2008 3060 2079 baptizatum.
3096 2013 3234 2068 Talis
3263 2017 3472 2070 omnino
3499 2021 3654 2075 etiam
3679 2034 3798 2077 ante

538 2097 859 2175 baptismum.
875 2098 1004 2167 fuit;
1033 2105 1082 2149 et
1126 2096 1242 2150 ideo
1270 2112 1558 2167 prtecursor
1591 2098 1724 2168 ejus,
1760 2106 1912 2169 atque
1939 2097 2193 2168 Baptista,
2244 2100 2320 2153 ita
2347 2116 2481 2166 eum,
2514 2117 2628 2156 cum
2665 2103 2734 2156 ad
2760 2119 2815 2158 se
2842 2103 3186 2176 baptizandus
3233 2110 3443 2171 ueniret,
3473 2112 3748 2183 alloquitur
3777 2133 3794 2170 :

546 2204 567 2236 ο
597 2184 837 2251 Domine,
860 2201 954 2255 ego
975 2201 1007 2237 a
1033 2193 1083 2237 te
1106 2183 1262 2237 debeo
1288 2183 1559 2253 baptizari.
1592 2203 1611 2236 ι
1640 2184 1811 2257 [uin]
1844 2183 1982 2249 Quid
1999 2186 2280 2240 evidentius
2308 2187 2371 2241 de
2399 2187 2589 2243 Christi
2610 2190 2839 2245 nondum
2865 2193 3113 2262 baptizati
3136 2197 3395 2264 puritate?
3420 2198 3544 2267 quid
3571 2196 3796 2271 fortius?

540 2276 653 2348 Ego
681 2294 713 2330 a
742 2284 789 2330 te
826 2273 980 2329 debeo
1003 2273 1275 2345 baptizari,
1299 2275 1385 2345 qui
1414 2276 1531 2345 fons
1552 2290 1607 2328 es
1625 2275 1952 2330 innocentiae.
1970 2315 1984 2328 .
2006 2315 2021 2328 .
2040 2314 2055 2330 .
2096 2275 2212 2348 Ego
2241 2293 2273 2331 a
2301 2286 2349 2332 te
2375 2277 2531 2334 debeo
2556 2278 2813 2351 baptizari
2836 2321 2851 2347 ,
2882 2285 3001 2354 quia
3024 2291 3186 2337 tecum
3214 2286 3418 2341 exhibes
3455 2298 3504 2342 et
3528 2291 3578 2343 in
3610 2300 3658 2345 te
3676 2310 3796 2363 pos-

537 2369 675 2424 sides
704 2367 944 2438 puritatis
965 2383 1179 2420 munera
1206 2376 1255 2419 et
1275 2364 1595 2436 baptismatis
1620 2376 2033 2434 sacramentum;
2072 2379 2121 2424 et
2138 2371 2274 2443 quod
2292 2389 2385 2443 ego
2406 2372 2536 2428 dabo
2553 2410 2568 2439 ,
2599 2383 2648 2427 te
2675 2374 2941 2446 largiente,
2973 2394 3065 2447 per
3083 2381 3304 2449 gratiam
3324 2420 3339 2446 ,
3377 2382 3432 2435 lu
3458 2386 3686 2453 possides
3706 2405 3796 2459 per

540 2466 806 2511 naturam.
845 2458 889 2508 Α
919 2465 1055 2510 tactu
1084 2456 1310 2510 membra
1340 2458 1625 2528 tinguntur,
1664 2466 1715 2511 et
1765 2459 1960 2527 ﬂuenta
1996 2461 2245 2516 ditantur.
2287 2461 2611 2519 Descendere
2646 2466 2699 2519 in
2725 2466 2794 2519 se
2820 2467 3013 2537 fontem
3050 2484 3197 2545 suum
3230 2470 3356 2541 felix
3392 2473 3530 2526 unda
3557 2456 3791 2546 miratur,

533 2547 628 2603 sub
654 2564 758 2602 uno
785 2557 1038 2603 momento
1066 2547 1325 2602 remedia:
1355 2556 1552 2602 (eterna
1581 2550 1893 2619 concipiens,
1936 2556 2042 2605 etc.
2082 2550 2282 2607 Homil.
2314 2554 2400 2618 55,
2434 2570 2551 2624 quae
2587 2562 2670 2610 est
2697 2556 2880 2623 quinta
2917 2557 2985 2611 de
3018 2557 3284 2630 Baptismo
3321 2560 3541 2635 Christi,
3572 2584 3694 2641 pag.
3727 2572 3794 2627 95

536 2653 651 2708 seq.
677 2655 692 2692 :
724 2637 891 2693 Crevit
912 2636 1190 2710 (Ecclesia)
1213 2637 1332 2708 quia
1361 2637 1458 2690 hac
1487 2637 1570 2691 die
1595 2639 1748 2691 etiam
1783 2639 2033 2693 salutaris
2073 2639 2268 2695 lauacri
2308 2659 2341 2695 a
2382 2642 2585 2698 Christo
2614 2643 2842 2700 Domino
2865 2648 3157 2704 institutum
3175 2659 3252 2705 est
3277 2636 3682 2716 sacramentum,
3705 2702 3719 2716 ,
3744 2703 3789 2719 ,,

540 2730 591 2783 11
597 2729 714 2785 odie
740 2729 943 2782 demum
969 2726 1275 2798 Redemptor
1297 2736 1471 2782 noster
1489 2729 1542 2781 in
1559 2726 1793 2784 Iordane
1811 2730 2066 2800 baptizari
2092 2732 2251 2785 voluit
2270 2774 2284 2796 ,
2315 2749 2558 2805 suumque
2576 2720 2797 2788 bicissim
2819 2736 3145 2807 sanctificare
3163 2738 3464 2812 Baptistam.
3494 2746 3794 2820 Baptizatur

535 2822 696 2892 igitur
733 2822 788 2874 in
827 2819 1062 2876 Iordane
1102 2817 1367 2885 Christus,
1398 2829 1448 2873 et
1466 2819 1718 2875 Iordanis
1745 2838 1906 2893 aquas
1945 2839 2038 2878 suo
2078 2823 2176 2875 hac
2221 2822 2305 2878 die
2330 2824 2673 2894 sanctiﬁcauit
2705 2824 3028 2896 baptismate.
3092 2827 3201 2884 Sed
3224 2833 3347 2903 quid
3373 2833 3485 2890 dico
3511 2817 3794 2897 Iordanis?

539 2911 839 2967 Universum
863 2911 998 2965 enim
1025 2926 1274 2981 aquarum
1314 2909 1654 2965 substantiam
1681 2928 1794 2982 qua:
1829 2912 2014 2984 ubique
2039 2921 2117 2966 est
2152 2928 2244 2967 suo
2270 2915 2613 2984 sancti/ienuit
2648 2913 2973 2986 baptismate.
3016 2916 3149 2975 Ecce
3168 2938 3292 2993 ergo
3320 2928 3570 2996 quomodo
3607 2932 3661 2984 in
3698 2933 3795 2987 hac

534 3005 860 3058 sanctissima
889 3005 972 3059 die
997 3016 1047 3060 et
1067 3005 1302 3061 Ecclesia
1321 3024 1386 3061 ea:
1404 3008 1635 3079 gentibus
1654 3010 1707 3062 in
1728 3026 1995 3080 magorum
2023 3011 2288 3064 vocatione
2314 3019 2390 3065 est
2414 3022 2741 3082 congregata,
2767 3021 2817 3065 et
2842 3014 3091 3084 quomodo
3118 3017 3272 3072 etiam
3297 3021 3350 3073 in
3377 3021 3578 3080 Christo
3602 3025 3793 3099 baptis-

535 3102 670 3149 male
689 3102 739 3148 et
762 3093 1102 3165 spiritualiter
1129 3105 1327 3162 renata,
1352 3106 1400 3149 et
1419 3097 1644 3167 quotidie
1669 3099 1975 3153 renascitur.
2027 3097 2270 3163 Quotidie
2295 3102 2428 3154 enim
2458 3099 2529 3153 ad
2553 3103 2955 3171 regenerationis
2988 3106 3143 3158 vitam
3167 3106 3280 3176 ipsa
3309 3114 3497 3166 transit
3520 3093 3752 3171 Ecclesia
3773 3158 3789 3183 ,

535 3188 723 3257 quoties
752 3187 822 3240 ad
849 3187 1150 3259 baptismum
1178 3187 1562 3242 catechumenos
1582 3189 1780 3257 recipit,
1813 3196 1917 3243 etc.
1948 3186 2017 3241 Et
2045 3189 2227 3244 homil.
2261 3188 2346 3251 51,
2374 3189 2437 3242 de
2463 3188 2779 3260 Baptismate
2799 3189 2991 3245 Christi
3014 3201 3186 3257 sexta,
3211 3210 3333 3265 pag.
3359 3198 3428 3251 96
3454 3216 3566 3271 seq.
3597 3221 3609 3256 :
3643 3204 3792 3268 Quod

533 3277 738 3346 ﬂuentis
756 3277 1003 3333 Iordanis
1031 3279 1319 3348 baptizatur
1346 3278 1595 3345 Christus,
1626 3295 1771 3350 aqua:
1797 3288 1974 3334 nostro
2004 3278 2301 3351 baptismati
2328 3290 2716 3335 consecrantur.
2747 3278 2960 3353 Oportet
2987 3285 3184 3356 itaque,
3209 3287 3514 3358 charissimi,
3539 3302 3596 3347 ut
3616 3296 3789 3365 aliqua

535 3385 669 3424 nunc
700 3370 763 3423 de
797 3371 912 3441 ipso
941 3369 1244 3441 baptismate
1282 3370 1547 3424 sanctitati
1591 3378 1773 3425 uestrae
1794 3412 1808 3437 ,
1841 3379 1992 3441 prout
2016 3369 2273 3425 Dominus
2301 3371 2565 3426 donauerit
2582 3411 2598 3437 ,
2643 3374 2999 3445 proferamus.
3022 3415 3035 3427 .
3060 3414 3106 3428 ..
3153 3374 3482 3434 Prwdicabat
3508 3382 3560 3449 in
3591 3384 3789 3445 deserto

535 3461 761 3515 Ioannes
789 3460 1096 3531 baptismum
1121 3461 1435 3533 paenitentia:
1455 3462 1643 3532 populo
1663 3462 1938 3532 peccatori,
1970 3478 2073 3516 non
2095 3478 2193 3534 quo
2213 3463 2432 3516 crimina
2465 3464 2738 3518 commissa
2759 3464 2964 3531 deleret,
2993 3465 3085 3521 sed
3110 3481 3207 3538 quo
3226 3469 3519 3526 emendaret
3538 3485 3786 3534 errantes.

536 3550 679 3617 Nam
720 3554 953 3608 remissio
981 3563 1307 3624 peccatorum
1334 3553 1526 3609 Christi
1558 3556 1746 3626 gratia:
1781 3553 2109 3610 servabatur.
2133 3595 2147 3609 .
2164 3595 2178 3608 .
2200 3595 2214 3610 .
2276 3554 2389 3619 Quo
2416 3565 2728 3627 properante
2752 3557 2823 3610 ad
2840 3558 3049 3624 ﬂuvium
3068 3601 3083 3626 ,
3110 3559 3265 3614 talem
3286 3560 3532 3631 Joannes,
3574 3566 3790 3624 circum-

529 3641 781 3697 stantibus
814 3643 994 3710 turbis,
1025 3646 1195 3715 erupit
1214 3646 1265 3699 in
1286 3661 1499 3700 vocem:
1530 3643 1666 3699 Ecce
1688 3661 1851 3716 agnus
1890 3643 2021 3710 Dei,
2052 3661 2167 3699 ecce
2192 3647 2278 3716 qui
2309 3644 2442 3699 tollit
2467 3653 2677 3716 peccata
2706 3646 2904 3700 mundi.
2946 3645 3062 3701 Hoc
3100 3656 3176 3701 est
3203 3648 3414 3704 dicere:
3445 3665 3641 3709 cessate
3650 3657 3789 3726 jam,

534 3742 729 3787 cessate
750 3751 781 3785 a
801 3734 1050 3802 baptismo
1073 3752 1202 3800 meo,
1227 3753 1323 3807 quo
1344 3737 1644 3806 paenitentia
1664 3738 1958 3807 suscipitur;
1979 3753 2093 3791 ecce
2119 3735 2370 3807 Baptista,
2393 3753 2485 3807 per
2502 3754 2649 3808 quem
2668 3737 2884 3791 crimina
2904 3738 3256 3792 dimittuntur..
3271 3738 3504 3794 Desinite
3526 3743 3740 3803 ulterius
3755 3767 3790 3804 a

535 3843 777 3883 conserto
805 3840 967 3883 vestro
990 3830 1246 3898 baptizari
1268 3830 1410 3881 velle.
1437 3829 1676 3881 Pra'sens
1696 3839 1776 3882 est
1800 3830 2053 3883 Dominus
2075 3819 2301 3883 omnium
2320 3837 2609 3881 nostrorum
2627 3869 2642 3893 ,
2666 3830 2749 3899 qui
2771 3828 2995 3898 baptizat
3021 3828 3091 3880 ad
3114 3828 3290 3882 vitam.
3315 3826 3471 3885 Illum
3497 3836 3788 3907 sequimini,

538 3920 612 3973 illi
641 3920 851 3984 credite,
883 3920 944 3972 ab
968 3920 1059 3973 illo
1084 3919 1341 3972 lavacrum
1355 3918 1538 3971 salutis
1568 3927 1677 3972 tota
1704 3927 1869 3972 mente
1898 3919 2150 3988 supplices
2177 3919 2448 3986 postulate,
2480 3935 2511 3971 a
2533 3935 2631 3989 quo
2668 3927 2718 3971 et
2742 3933 2835 3987 ego
2865 3919 2975 3987 ipse
3001 3916 3238 3989 Baptista
3266 3928 3431 3975 uester
3455 3925 3603 3994 cupio
3623 3925 3792 3998 bapti-

540 4011 650 4063 zari
670 4049 684 4063 .
702 4048 716 4062 .
735 4050 749 4063 .
772 4049 785 4063 .
818 4010 1122 4081 Baptizatur
1141 4007 1291 4062 Iesus
1315 4025 1417 4062 non
1445 4007 1561 4073 sibi,
1594 4008 1687 4063 sed
1707 4007 1885 4073 nobis;
1910 4024 2015 4062 non
2034 4017 2091 4060 ut
2109 4008 2408 4078 puriﬁcetur
2427 4010 2606 4078 aquis;
2640 4008 2730 4062 sed
2748 4016 2803 4061 ut
2828 4023 2988 4080 aquas
3014 4010 3123 4080 ipse
3145 4011 3473 4081 sanctiﬁcet;
3507 4011 3792 4085 baptizatur

540 4115 696 4155 novus
723 4099 893 4166 homo,
924 4109 981 4153 ut
1000 4100 1117 4154 novi
1147 4097 1467 4169 baptismatis
1488 4100 1766 4154 constituat
1793 4109 2188 4153 sacramentum.
2229 4098 2354 4165 Sed,
2381 4108 2440 4155 ut
2464 4101 2580 4157 loca
2607 4108 2800 4156 caetera
2830 4099 3047 4156 Maximi
3071 4117 3189 4171 qua:
3212 4102 3319 4159 huc
3343 4104 3623 4173 recidunt,
3668 4110 3789 4165 bre-

541 4190 718 4249 vitatis
745 4206 925 4257 causa,
958 4186 1380 4261 praetennittam,
1405 4190 1613 4246 duobus
1649 4191 1717 4246 ad
1745 4199 2042 4246 extremum
2083 4198 2221 4258 utar,
2253 4206 2479 4261 quorum
2508 4200 2590 4247 est
2616 4193 2767 4248 locus
2795 4192 2941 4261 prior
2978 4199 3228 4262 acceptus
3257 4209 3325 4249 ex
3353 4210 3512 4250 serm.
3547 4196 3633 4264 i2,
3665 4215 3786 4270 pag.

541 4281 643 4336 427
664 4324 679 4352 ,
726 4283 993 4353 habetque
1038 4284 1142 4339 hoc
1169 4284 1328 4340 modo
1354 4302 1367 4339 :
1413 4282 1539 4339 Ideo
1589 4282 1874 4355 (Christus)
1920 4285 2218 4355 mysterium
2261 4284 2474 4354 implere
2494 4283 2667 4345 uoluit,
2699 4300 2804 4338 non
2835 4292 2892 4337 ut
2931 4285 3042 4355 ipse
3067 4285 3351 4356 profectum
3371 4296 3592 4358 caperet,
3620 4290 3711 4344 sed
3737 4301 3791 4346 ut

611 4396 687 4469 (a)
726 4393 1204 4469 Exstat_Qregorii
1257 4397 1479 4469 Nysseni
1529 4397 1583 4452 in
1638 4413 1734 4453 eos
1786 4397 2113 4469 oratiokqui

541 4468 859 4537 baptismum
912 4465 1180 4529 differunt,
1214 4465 1353 4537 toni.
1376 4466 1418 4519 ll
1458 4482 1631 4537 oper.,
1665 4482 1787 4537 pag.
1818 4466 1948 4533 29.4;
1981 4465 2109 4522 Gre-

541 4535 723 4606 gorius
750 4536 1271 4607 Nazianzenusrora‘t.
1289 4535 1382 4607 κιο,
1408 4535 1527 4604 qua:
1538 4545 1625 4607 est
1644 4535 1960 4607 instinctum
1985 4539 2115 4607 bap-

542 4603 715 4667 tisma,
741 4618 865 4673 pag.
916 4604 1019 4657 647
1047 4604 1174 4658 edit.
1206 4603 1397 4660 Colon.
1432 4603 1530 4659 an.
1568 4603 1702 4659 l690
1731 4624 1744 4660 :
1780 4604 2018 4670 Quandiu
2053 4603 2112 4661 in

542 4675 1013 4747 catechumenorum
1043 4689 1253 4727 numero
1298 4691 1372 4740 es,
1414 4674 1600 4747 inquit,
1633 4677 1688 4729 in
1726 4678 1930 4747 pietatis
1958 4677 2112 4730 vesti-

543 4742 658 4796 bulo
698 4759 770 4796 es.
805 4741 1009 4797 Intrare
1037 4752 1085 4796 te
1112 4752 1325 4814 oportet,
1355 4741 1541 4796 atrium
1567 4741 1900 4814 pertransire,
1930 4758 2110 4799 sancta

541 4815 787 4884 contueri,
806 4815 1061 4884 insancta
1081 4822 1375 4867 sanctorum
1398 4815 1707 4884 prospicere,
1724 4831 1839 4868 cum
1858 4815 2111 4870 Trinitate

515 4883 801 4952 conjungi.
831 4881 1029 4956 Magna
1072 4891 1190 4937 sunt
1215 4898 1292 4956 _ea_
1320 4884 1381 4939 ob
1399 4881 1530 4956 quia
1550 4887 1893 4956 oppugnaris;
1922 4901 2109 4956 magno

540 4951 745 5025 quoque
761 4951 1020 5025 prwsidio
1041 4969 1165 5025 opu_s
1205 4951 1376 5025 habes.
1423 4951 1674 5015 Quocirca
1688 4951 1701 4954 ⁷
1710 4954 1859 5025 ﬁdei_
1870 4951 2110 5025 clypeum

543 5021 780 5074 adversus
805 5037 894 5093 eos
908 5021 1096 5093 Aobjice'.
1118 5021 1314 5077 Confer
1333 5037 1452 5093 quae
1479 5021 1789 5093 sequuntur.
1815 5021 1948 5077 Vide
1965 5021 2110 5093 pmo-

544 5097 834 5171 terea‘pag.
958 5089 1094 5171 seq.,
1118 5093 1208 5147 ubi
1229 5089 1414 5171 eorum
1441 5093 1530 5171 qui
1554 5089 1874 5171 baptismum
1898 5089 2111 5171 dill‘erre

546 5173 652 5213 non
682 5158 1013 5231 dubitabant,
1038 5158 1428 5231 excusationes
1453 5158 1667 5217 relellit.
1702 5160 1817 5216 Huc
1839 5163 2112 5231 pertinent

586 5244 664 5304 nu:
690 5237 907 5304 sanctus
949 5228 1181 5304 Joannes
1203 5229 1618 5304 Cltrysoslnmus
1660 5228 1895 5304 disputat
1925 5233 2106 5304 ιιοιιιί]Σ

610 5298 663 5352 in
707 5297 837 5371 Acta
869 5298 1266 5371 Apostolorum,
1284 5297 1443 5371 nutu.
1478 5303 1537 5371 6,
1567 5315 1688 5371 pag.
1746 5297 1826 5371 ii,
1880 5310 2008 5354 tom.
2042 5300 2113 5371 ιχ

548 5382 717 5437 (ψει-,ν
742 5367 874 5437 edit.
906 5367 1074 5421 Paris.
1106 5383 1194 5420 an.
1248 5368 1403 5435 1751,
1444 5378 1499 5424 et
1526 5367 1712 5424 honiil.
1761 5370 1848 5435 25,
1881 5387 2026 5425 num.
2060 5370 2110 5437 4,

547 5434 670 5508 pag.
701 5434 819 5491 190.
852 5437 1004 5492 Haud
1034 5452 1195 5508 secus
1217 5438 1406 5508 reliqui
1458 5440 1631 5496 sancti
1676 5434 1864 5495 Patres
1913 5434 2118 5495 statue-

548 5506 692 5569 runt,
720 5521 946 5569 quorum
973 5507 1264 5562 sententias
1290 5506 1593 5564 describere
1632 5525 1739 5564 non
1767 5518 1939 5563 vacat.

623 5575 697 5699 (1:)
737 5575 932 5659 [fuisse
947 5575 1088 5630 haud
1128 5590 1326 5646 paucos
1354 5577 1446 5644 qui
1472 5577 1795 5660 baptismum
1823 5577 2117 5645 differrent,

671 5652 892 5699 anttzart
919 5662 971 5699 ιιι
993 5642 1225 5699 Iordane
1252 5654 1491 5699 nossent.
1524 5646 1837 5699 ιιιιθιιιιιιιιιι·
1855 5663 1922 5699 ex
1952 5647 2116 5699 Euse-

552 5652 615 5699 nt
632 5642 700 5699 ba
742 5645 892 5700 tizari
919 5646 971 5700 in
993 5642 1225 5701 Iordane
1252 5642 1491 5716 possent,
1524 5642 1837 5717 intelligitur
1855 5663 1922 5703 ex
1952 5642 2116 5704 Ense;

555 5712 626 5771 bii
665 5660 801 5773 liﬁro
836 5714 901 5773 de
937 5714 1088 5772 Locis
1126 5714 1413 5773 Hebraicis.
1438 5729 1597 5773 quem
1620 5725 1836 5773 sanctus
1863 5716 2116 5773 Hierom-

555 5712 626 5771 ltii
665 5715 704 5772 li

2221 4414 2339 4473 mus
2367 4397 2785 4473 Latinumfecit,
2815 4411 2934 4467 pag.
2969 4396 3116 4473 18],
3134 4405 3272 4473 tom.
3323 4398 3389 4454 ΠΙ
3435 4417 3585 4472 oper.
3615 4408 3787 4462 sancti

2219 4466 2529 4540 Hieronymi
2559 4468 2699 4540 edit.
2729 4466 2870 4538 Lips.
2896 4482 2984 4540 an.
3021 4466 3172 4540 1681.
3215 4467 3272 4521 In
3313 4466 3497 4525 eorum
3528 4474 3619 4540 qui
3649 4475 3792 4529 illam

2219 4538 2291 4610 ob
2316 4537 2532 4610 canng
2558 4537 3488 4610 baptismumdistulerunt,numero
3507 4537 3658 4610 punit
3685 4543 3792 4598 Eu—

2217 4606 2839 4681 sebius‘Constantinum
2869 4606 3183 4681 Augustum,
3213 4606 3306 4661 lib.
3329 4623 3389 4681 tu
3406 4609 3469 4681 de
3502 4606 3614 4681 Ejus
3652 4611 3791 4675 Vita,

2215 4691 2334 4746 cap.
2365 4676 2452 4738 62,
2483 4689 2603 4746 pag.
2630 4674 2886 4746 599_edit.
2938 4674 3154 4746 Taurin.
3184 4692 3271 4730 an.
3323 4675 3478 4731 1746.
3510 4674 3793 4738 Distulerat

2216 4744 2344 4819 item
2375 4744 2698 4819 baptismum
2727 4744 3071 4819 Constantius
3120 4745 3431 4819 imperator,
3475 4758 3641 4819 utest
3669 4767 3779 4819 pro-

2215 4816 2382 4887 ditum
2411 4814 2684 4870 memoria:
2710 4814 3091 4887 ab_Athanas_io
3113 4814 3269 4883 epist.
3292 4815 3360 4869 de
3386 4818 3576 4887 synod.
3609 4814 3776 4874 Arim.

2208 4893 2265 4940 et
2287 4884 2520 4949 Selene,
2550 4899 2698 4939 num.
2743 4884 2829 4953 5t,
2863 4895 2993 4953 tom.
3017 4883 3065 4953 ,1,
3096 4899 3207 4953 par.
3238 4899 3276 4938 ιι
3303 4883 3477 4953 oper.,
3509 4886 3635 4942 edit.
3681 4888 3783 4943 Pa-

2208 4961 2319 5008 tav.
2342 4966 2429 5007 an.
2463 4953 2616 5015 1777,
2643 4963 2766 5021 pag.
2791 4950 2910 5016 597,
2938 4952 3032 5007 sed
3059 4950 3221 5021 quam
3247 4955 3315 5007 ob
3341 4950 3579 5020 causam,
3627 4974 3784 5014 sanc-

2211 5031 2296 5078 tus
2321 5023 2634 5078 ductornon
2655 5023 2870 5076 indicat.
2894 5022 3107 5077 Distulit
3130 5024 3255 5076 item
3277 5022 3579 5090 aliquandiu
3608 5025 3785 5081 Theo-

2209 5093 2393 5148 dosius
2419 5093 2598 5148 senior
2622 5092 3016 5161 susceptionem
3045 5090 3312 5161 baptismi,
3344 5107 3446 5159 qua
3476 5092 3543 5146 de
3585 5110 3643 5148 re
3667 5097 3788 5153 vide

2211 5161 2512 5225 Socratem,
2545 5161 2635 5215 lib.
2669 5178 2715 5230 νγ
2739 5160 2880 5215 Hist.
2905 5160 3075 5223 Eccl.,
3105 5159 3225 5230 cap.
3274 5159 3327 5224 6,
3366 5175 3485 5230 pag.
3518 5161 3620 5216 2‘26
3653 5167 3787 5222 edit.

2213 5231 2431 5304 Tauri".
2484 5247 2569 5285 an.
2626 5229 2906 5304 l7_.i7._De
2957 5231 3228 5304 Ariminum
3256 5229 3485 5304 prmtore
3527 5233 3793 5304 \‘ideqi.;u

2218 5302 2404 5356 scribit
2432 5308 2646 5355 sanctus
2674 5297 2906 5355 Basilius
2929 5300 3082 5368 epist.
3115 5296 3239 5368 269,
3258 5296 3342 5352 ἐι.
3370 5297 3492 5368 186,
3540 5301 3605 5354 ad
3636 5296 3794 5358 ΑΗ...

2222 5371 2345 5425 thaci
2379 5370 2614 5439 ejusdem
2645 5369 2951 5439 coniugem,
2966 5367 3122 5439 num.
3152 5367 3207 5439 2,
3256 5381 3376 5439 pag.
3404 5367 3528 5434 416,
3559 5380 3691 5427 lmu.
3736 5374 3799 5428 ill

2225 5456 2376 5509 oper.
2404 5436 2533 5494 edit.
2566 5436 2854 5511 Paris.'an.
2889 5437 3044 5511 1751)ἶ
3076 5436 3183 5492 Sed
3211 5437 3314 5511 etsi
3340 5439 3391 5492 in
3418 5439 3704 5511 aliquibus,
3733 5446 3798 5496 ob

2226 5507 2528 5580 témporum
2580 5509 2960 5568 conditionem,
2998 5507 3048 5560 id
3076 5507 3387 5580 non‘palam
3432 5507 3800 5580 reprehende-

2230 5577 2577 5642 rint'Patres;
2608 5588 2728 5632 eum
2753 5584 2929 5630 tamen
2968 5577 3260 5647 generatim
3282 5584 3451 5647 atque
3495 5577 3680 5647 aperte
3715 5597 3800 5637 re-

2229 5647 2629 5719 prehenderint,
2659 5654 2901 5719 ut_supra
2924 5645 3171 5719 vidimus,
3191 5646 3325 5719 satis
3352 5645 3675 5719 iudicarunt,
3701 5664 3800 5707 suo

740 5729 801 5772 ro
836 5714 901 5773 de
937 5714 1088 5772 Locis
1126 5713 1413 5785 Hebraicis,
1438 5729 1597 5782 quem
1620 5713 1836 5775 sanctus
1863 5716 2126 5789 Hierony—
2228 5713 2446 5789 quidem
2466 5715 2690 5786 judicio,
2712 5713 2985 5771 ferendum
3014 5715 3065 5772 id
3091 5716 3145 5771 in
3170 5715 3383 5773 nemine
3405 5715 3585 5772 fuisse.
