4138 6186
377 320 452 377 05
1816 327 2197 384 PREFATIO.
3545 346 3614 399 66

379 434 529 490 nobis
547 433 814 505 plenitudo
841 439 1068 509 mysterii
1095 439 1364 505 proﬁceret
1384 478 1395 492 .
1418 478 1429 490 .
1452 479 1464 490 .
1487 479 1499 491 .
1530 440 1614 493 Ait
1639 438 1867 494 Joannes
1890 458 1906 494 :
1954 459 1972 492 ‹
1991 440 2105 513 Ego
2132 459 2163 495 a
2195 428 2241 496 te
2268 443 2423 497 debeo
2447 444 2722 515 baptizari.
2747 467 2764 499 ι
2810 448 3139 507 Contestatur
3179 470 3304 527 ergo
3334 458 3635 523 Dominum.
3658 482 3693 523 ο

378 545 485 619 non
514 527 593 579 sui
633 544 792 581 causa
836 546 945 583 esse
984 530 1318 599 baptizatum,
1349 547 1460 585 cum
1498 542 1770 603 antequam
1796 533 2178 603 baptizaretur,
2228 536 2292 589 ab
2340 554 2398 590 eo
2427 555 2482 591 se
2508 542 2674 610 magis
2704 541 2960 612 baptizari
2987 544 3217 602 Joannes
3256 553 3635 619 expostulabat.

376 618 716 714 Demonstrat
735 621 869 714 enim
899 620 1261 714 hocidiceudo,
1314 625 1559 693 majorem
1606 625 1827 694 gratiam
1867 627 2033 698 [LXIV]
2081 645 2192 681 esse
2214 628 2267 681 in
2294 632 2534 698 mysterio
2564 629 2805 697 Domini,
2852 653 3006 707 quam
3033 639 3087 691 in
3117 618 3365 712 (Joanne)
3395 646 3641 714 magistro

372 711 627 779 mysterii.
671 708 810 773 Quid
828 712 963 764 enim
991 712 1069 765 illi
1100 712 1354 783 (Christo)
1385 716 1783 768 consecrationis
1813 725 2013 785 poterat
2036 718 2269 784 tradere,
2303 736 2333 771 a
2359 737 2458 790 quo
2486 724 2949 792 sancti/irationem
2975 729 3084 797 ipse
3106 708 3379 802 (Joannes)
3411 708 3642 803 accipere

372 803 627 871 aptabat?
657 803 884 873 Inferior
904 806 1037 858 enim
1058 815 1170 859 erat
1192 808 1434 876 magister
1462 808 1675 871 meritis,
1705 825 1855 877 quam
1878 808 2155 879 discipulus
2184 813 2492 866 sanctitate?
2521 813 2711 869 Christi
2735 818 2869 870 enim
2889 822 3288 887 comparatione,
3319 832 3368 875 et
3398 826 3642 894 magister

374 895 655 963 (Joannes)
688 896 951 965 imperitus
974 937 988 962 ,
1032 906 1080 950 et
1106 897 1311 967 justitia
1340 898 1647 968 semiplena,
1697 908 1745 951 et
1772 916 1905 969 aqua
1934 908 2008 952 est
2034 902 2339 956 turbulenta.
2386 906 2453 956 At
2490 904 2575 958 ubi
2616 905 2907 975 baptizatur
2934 909 3206 974 Dominus,
3240 913 3640 968 benedictionem

370 986 485 1054 ejus
514 995 561 1039 et
586 988 831 1056 magister
876 985 1150 1057 (Joannes)
1181 990 1407 1059 proﬁcit,
1458 1000 1504 1041 et
1526 990 1732 1059 justitia
1771 992 2029 1061 impletur,
2069 1003 2117 1044 et
2138 994 2275 1046 unda
2322 1006 2584 1065 purgatur.
2646 997 2881 1069 Purgata
2908 1010 2984 1054 est
3002 1002 3174 1067 unda,
3199 1021 3327 1074 quae,
3362 1023 3475 1059 cum
3504 1020 3638 1059 esset

369 1078 488 1131 vilis
515 1088 563 1131 et
590 1078 806 1148 frigida,
837 1077 1202 1133 benedictionis
1220 1079 1505 1134 Dominicw
1527 1082 1695 1135 calore
1724 1081 1886 1135 ditata
1917 1093 2019 1147 est;
2049 1085 2121 1136 ita
2142 1095 2196 1136 ut
2224 1103 2336 1155 qua:
2362 1088 2445 1138 vix
2473 1098 2626 1140 antea
2655 1088 2945 1143 mundanas
2968 1107 3134 1144 rerum
3157 1095 3384 1147 maculas
3406 1094 3632 1159 diluerit,

369 1187 506 1226 nunc
538 1188 878 1227 SPIRITUALES
907 1188 1183 1228 rumnch
1215 1189 1453 1227 uacuus
1482 1189 1774 1228 ANIMARUI.
1835 1172 1947 1227 Nec
1987 1178 2259 1239 miremini,
2289 1179 2423 1248 quod
2463 1197 2666 1249 aquam,
2702 1182 2796 1233 hoc
2835 1190 2911 1235 est
2931 1181 3267 1237 substantiam
3296 1187 3634 1255 corporalem,

365 1278 438 1315 an
468 1277 852 1316 PURIFICANDAM
884 1279 1081 1316 smmi!
1108 1279 1317 1318 olemus
1346 1280 1659 1319 navemus.
1714 1263 1957 1317 Pervenit
2003 1266 2178 1335 plane,
2224 1278 2457 1337 penetrat
2496 1273 2822 1325 conscientiw
2850 1275 3087 1326 universa
3118 1275 3353 1328 latibula.
3396 1274 3636 1339 Quamvis

363 1353 506 1405 enim
538 1354 650 1423 ipsa
697 1353 896 1407 subtilis
938 1364 985 1408 et
1034 1357 1217 1421 tenuis,
1267 1355 1614 1410 benedictione
1659 1368 1827 1409 tamen
1875 1356 2063 1410 Christi
2112 1360 2251 1429 facta
2295 1359 2549 1425 subtilior,
2594 1379 2683 1431 per
2723 1364 2951 1417 occultas
2976 1367 3093 1420 vita:
3122 1384 3325 1431 causas,
3352 1369 3420 1421 ad
3446 1370 3641 1422 scelera

364 1443 560 1496 animle
590 1458 825 1498 srtulrus
855 1460 993 1498 none
1024 1461 1371 1499 rnnrnsnsn.
1408 1445 1660 1500 Subtilior
1689 1463 1813 1499 eum
1846 1463 1939 1501 EST
1975 1463 2393 1503 BENEDICTIONUH
2424 1468 2642 1516 rwxus,
2675 1470 2812 1515 QUAM
2844 1472 3088 1517 AQL'ARUM
3121 1475 3348 1513 uenus.
3420 1459 3567 1513 Unde
3595 1469 3641 1513 et

365 1532 596 1586 diximus
618 1532 751 1603 quod
770 1534 821 1585 in
846 1532 1132 1587 Salvatoris
1164 1533 1468 1604 baptismate
1488 1534 1797 1600 benedictio,
1824 1553 1936 1607 qua:
1971 1538 2189 1606 deﬂuxit
2220 1550 2463 1610 tanquam
2489 1542 2672 1608 ﬂuvius
2695 1546 2961 1612 specialis,
2989 1550 3217 1601 omnium
3246 1554 3503 1621 gurgitum
3535 1561 3642 1604 tra-

363 1635 482 1677 ctus
502 1634 549 1676 et
571 1632 865 1677 cunctorum
888 1625 1107 1693 fontium
1134 1642 1285 1678 venas
1314 1626 1567 1695 infecerit.
1596 1625 1787 1679 Mirum
1808 1628 1964 1689 enim,
1991 1628 2223 1694 inquam,
2247 1628 2370 1681 dum
2392 1629 2594 1684 Christo
2622 1632 2675 1684 in
2699 1632 2928 1687 Jordane
2952 1639 3138 1703 posito,
3164 1656 3413 1709 aquarum
3437 1641 3639 1710 quidem

366 1715 585 1784 flumina
612 1714 867 1769 lavantur.
912 1714 1017 1768 Sed
1037 1725 1084 1768 et
1107 1715 1733 1784 benedictionunrﬂuenta
1764 1718 2055 1769 currebant.
2100 1717 2232 1771 Inde
2255 1720 2383 1773 alvei
2414 1738 2597 1792 gurges
2629 1723 2881 1777 turbidior
2906 1726 3194 1795 ferebatur;
3222 1730 3338 1782 hinc
3368 1732 3485 1800 fons
3517 1731 3641 1786 δαὶς

368 1808 561 1860 vatoris
589 1808 895 1876 purissimus
916 1805 1245 1870 entundubat,
1268 1815 1316 1859 et
1344 1816 1553 1877 stupore
1580 1808 1802 1878 quodam
1841 1807 2077 1862 deorsum
2118 1810 2187 1861 ad
2208 1809 2458 1865 Iordanis
2488 1814 2737 1882 originem
2766 1819 3081 1871 consecratio
3105 1817 3424 1888 baptismatis
3452 1837 3633 1875 ascen-

365 1895 536 1961 debat,
562 1906 609 1949 et
637 1906 819 1950 contra
841 1914 1087 1963 aquarum
1109 1898 1335 1966 ﬂuvium,
1362 1896 1765 1951 benedictionum
1787 1900 1969 1968 fluvius
1990 1901 2266 1971 ferebatur,
2289 1912 2393 1957 etc.
2421 1902 2569 1957 Alter
2589 1913 2669 1959 est
2698 1906 2843 1961 locus
2864 1918 3119 1977 exceptus
3144 1925 3211 1964 ex
3241 1926 3404 1967 serm.
3428 1912 3512 1979 1'5,
3549 1916 3642 1983 qui

364 1996 447 2043 est
468 1986 733 2043 de.Cratia
756 1987 1015 2059 baptismi,
1033 2003 1153 2058 pag.
1171 1988 1272 2040 49.9
1291 2004 1427 2058 seq.,
1447 1998 1633 2058 estque
1656 1991 1987 2059 hujusmodi:
2013 1990 2162 2055 Quod
2182 1996 2321 2047 salva
2345 1995 2449 2063 fide
2464 1996 2703 2054 dixerim.
2723 1998 2838 2051 licet
2860 1998 3111 2070 baptisma
3140 2010 3406 2074 utrumque
3423 2004 3641 2073 (nempe

371 2076 597 2131 Joannis
625 2085 677 2130 et
698 2076 917 2147 Christi)
940 2078 1006 2131 sit
1030 2077 1259 2142 Domini,
1295 2088 1436 2132 tanto
1464 2081 1660 2149 gratius
1689 2089 1809 2150 puto
1833 2082 1925 2134 hoc
1956 2080 2212 2151 baptisma
2242 2101 2351 2137 esse
2372 2103 2469 2157 quo
2497 2103 2591 2140 nos
2612 2089 2884 2153 abluimur,
2918 2106 3068 2161 quam
3092 2095 3222 2145 illud
3246 2094 3507 2170 (Joannis)
3536 2114 3635 2167 quo

374 2165 957 2256 Salvatorbaptizatur.
1002 2165 1116 2219 Hoc
1136 2167 1575 2256 enim‘celebratur
1595 2186 1684 2239 per
1704 2168 1982 2235 Christum,
2015 2172 2145 2225 illud
2164 2173 2471 2227 celebratum
2499 2184 2575 2229 est
2612 2195 2703 2245 per
2746 2178 3019 2233 Joannem.
3064 2181 3127 2235 In
3161 2165 3271 2238 illo-
3296 2202 3349 2238 se
3387 2165 3634 2256 magister

370 2254 652 2324 (Joannes)
676 2263 907 2317 excusat,
932 2255 986 2307 in
1008 2256 1105 2308 isto
1128 2271 1219 2308 nos
1243 2254 1485 2309 Salvator
1504 2258 1705 2310 invitat.
1734 2256 1798 2310 In
1819 2258 1908 2312 illo
1932 2260 2137 2329 justitia
2166 2261 2465 2330 semiplena,
2488 2264 2542 2316 in
2573 2264 2670 2317 isto
2703 2264 2928 2321 Trinitas
2953 2272 3197 2341 perfecta.
3240 2274 3321 2327 Ad
3352 2254 3492 2329 illud
3506 2293 3632 2331 san-

372 2354 483 2400 ctus
507 2346 659 2411 venit,
684 2355 892 2399 sanctus
913 2363 1144 2418 egressus
1166 2355 1275 2413 est;
1300 2347 1370 2399 ad
1390 2348 1527 2401 istud
1547 2358 1784 2419 peccator
1805 2352 1955 2415 venit,
1982 2360 2031 2403 et
2049 2360 2258 2405 sanctus
2283 2352 2526 2406 abscedit.
2556 2354 2620 2408 In
2642 2357 2732 2411 illo
2755 2358 3033 2414 benedictio
3064 2366 3323 2433 confertur
3352 2371 3634 2437 mysteriis,

374 2442 429 2492 in
459 2441 557 2492 isto
584 2438 844 2509 mysteriis
870 2437 1055 2491 delicta
1090 2438 1332 2491 donatur.
1367 2439 1443 2493 Ac
1471 2439 1537 2493 de
1565 2441 1967 2508 comparatione
1994 2441 2243 2510 baptismi
2270 2440 2509 2508 Joannis,
2541 2460 2661 2498 cum
2690 2448 2957 2515 baptismo
2986 2450 3201 2516 Christi,
3236 2454 3514 2511 hactenus.

443 2527 578 2582 XIV.
619 2529 771 2582 Nunc
792 2528 858 2581 de
881 2527 1167 2593 miraculis,
1194 2526 1365 2596 deque
1392 2528 1767 2597 praedicatione
1792 2527 2093 2583 Servatoris
2116 2529 2335 2615 Christi,
2369 2538 2427 2586 ut
2455 2532 2568 2587 ﬁeri
2591 2536 2807 2603 poterit,
2831 2537 3099 2593 brevibus.
3130 2540 3204 2596 Ac
3228 2545 3496 2601 miraculis
3517 2549 3636 2617 qui-

366 2621 489 2675 dem
508 2620 775 2675 Christum
797 2619 1189 2674 manil‘estatum
1214 2619 1376 2675 fuisse
1393 2621 1582 2686 Deum,
1596 2620 1686 2689 qui
1712 2621 1997 2675 humanam
2017 2630 2260 2676 naturam
2283 2638 2507 2693 eamque
2528 2625 2923 2681 inﬁrmitatibus
2945 2631 3141 2685 nostris
3162 2632 3448 2688 obnoxiam
3462 2653 3637 2692 suscc<

365 2722 542 2784 perat,
557 2721 739 2767 monet
755 2712 1017 2766 Maximus
1034 2712 1216 2766 homil.
1240 2712 1322 2776 l7,
1342 2728 1463 2782 pag.
1482 2713 1567 2766 50.
1587 2711 1839 2779 Christus,
1858 2714 2046 2782 inquit,
2066 2714 2319 2769 Dominus
2340 2727 2512 2771 noster
2528 2717 2596 2770 ad
2618 2728 2842 2772 terrenas
2864 2721 3107 2774 invitatus
3123 2725 3327 2792 nuptias
3344 2704 3637 2791 advenerat,

365 2821 469 2857 non
495 2814 548 2857 ut
571 2804 659 2858 illo
682 2802 1019 2857 delectaretur
1047 2804 1296 2869 convivio,
1328 2804 1417 2857 sed
1440 2812 1495 2856 ut
1517 2821 1571 2857 se
1591 2805 1888 2874 nuptiarum
1919 2821 2029 2859 esse
2049 2804 2426 2858 demonstraret
2452 2815 2746 2869 auctorem;
2775 2808 3078 2879 easdemque
3104 2813 3438 2880 sanctiﬁcans
3468 2815 3638 2868 divina

364 2895 529 2964 ipsius
544 2893 1239 2965 incresceretvirtus,quando
1253 2891 1626 2962 nuptiantibus,
1653 2893 1787 2964 quod
1801 2894 1925 2963 ipsis
1939 2893 2193 2964 defecerat
2209 2893 2398 2958 vinum,
2412 2896 2523 2962 ipse
2535 2895 2691 2948 dedit.
2716 2894 2868 2947 Dedit
2883 2897 3083 2966 quidem
3096 2900 3284 2951 riuum.
3301 2900 3443 2968 Aqua
3472 2903 3634 2971 reple-

368 2994 449 3037 tas
478 2982 628 3056 [ην]
652 2984 863 3054 hydrias
892 2984 1005 3053 ipse
1033 2985 1086 3036 in
1118 2984 1231 3037 vina
1254 2986 1531 3037 mutavit...
1568 2984 1787 3038 Tantum
1813 3002 1934 3055 ergo
1965 2985 2189 3038 videntes
2219 2986 2521 3040 miraculum
2553 2987 2898 3052 crediderunt,
2930 2990 3003 3041 uti
3032 2989 3183 3043 habet
3209 3007 3374 3045 sermo
3404 2993 3630 3057 divinus,

368 3080 421 3131 in
452 3096 566 3131 eum
594 3076 833 3147 discipuli
854 3078 983 3148 ejus,
1017 3094 1120 3131 non
1142 3077 1257 3147 jam
1286 3078 1421 3148 quod
1448 3080 1559 3143 ipse
1585 3087 1715 3132 esset
1737 3079 1979 3144 hominis,
2009 3078 2099 3131 sed
2127 3077 2223 3131 Dei
2252 3076 2301 3129 F
2305 3078 2442 3142 ilius,
2466 3079 2602 3150 quod
2630 3088 2771 3133 tanto
2811 3079 3237 3149 comprobabatur
3265 3085 3533 3137 miraculo.
3572 3085 3637 3138 Id

368 3186 563 3241 quoque
583 3178 629 3222 et
658 3185 770 3232 nos,
803 3170 1007 3239 fratres,
1043 3178 1145 3221 toto
1168 3168 1320 3223 corde
1349 3168 1637 3235 credamus,
1669 3170 1835 3239 ipsum
1865 3186 2061 3240 nempe,
2093 3171 2187 3223 etsi
2216 3180 2408 3224 nostrw
2430 3179 2718 3224 consortem
2749 3182 2969 3234 naturai,
3003 3183 3233 3242 paterna:
3262 3184 3430 3229 tamen
3461 3177 3640 3230 divina

370 3261 675 3315 substantia:
703 3278 813 3314 esse
840 3261 1169 3332 cocequalem.
1204 3261 1270 3315 Et
1295 3263 1512 3317 homilia
1539 3262 1627 3328 25,
1675 3278 1793 3332 qme
1836 3272 1917 3318 est
1959 3264 2186 3334 septima
2229 3264 2292 3317 de
2327 3263 2647 3334 Epiphania,
2689 3276 2809 3334 pag.
2843 3264 2912 3318 69
2945 3284 2956 3319 :
2990 3266 3312 3321 Permutatio
3341 3286 3587 3337 aquarum
3616 3288 3644 3326 α

371 3371 467 3407 sua
486 3355 536 3406 in
562 3353 787 3407 alienam
818 3364 1108 3406 creaturam
1136 3355 1406 3424 praesentis
1436 3353 1695 3409 Creatoris
1716 3364 1788 3409 est
1821 3364 2007 3409 testata
2028 3357 2284 3409 virtutem.
2320 3354 2501 3426 Neque
2530 3372 2645 3410 vero
2666 3359 2933 3428 quisquam
2955 3368 3244 3412 convertere
3272 3377 3429 3429 aquas
3452 3362 3503 3413 in
3528 3377 3650 3414 usus

372 3456 546 3515 posset
576 3447 723 3511 alios,
755 3447 855 3498 nisi
883 3446 968 3499 ille
997 3446 1080 3516 qui
1110 3463 1196 3499 eas
1227 3447 1347 3516 fecit
1374 3463 1438 3499 ex
1467 3447 1692 3500 nihilo...
1744 3444 1859 3500 Nec
1888 3446 2244 3509 dubitandum,
2277 3446 2588 3508 charissimi,
2621 3449 2741 3516 quia
2772 3449 2881 3516 ipse
2919 3465 3079 3518 aquas
3120 3450 3349 3503 traduxit
3378 3452 3429 3503 in
3456 3454 3647 3520 vinum,

296 3544 315 3563 ‘
374 3540 461 3608 qui
490 3555 574 3590 cas
596 3536 656 3589 ab
687 3539 832 3591 initio
856 3541 1041 3591 creavit
1073 3540 1123 3592 in
1155 3540 1310 3602 nit-es,
1344 3538 1545 3591 duravit
1574 3540 1627 3591 in
1652 3541 1933 3611 glaciem...
1969 3538 2310 3592 Crediderunt
2333 3538 2589 3607 discipuli,
2614 3554 2716 3590 non
2738 3540 2910 3607 utique
2932 3539 3025 3591 hoc
3053 3541 3186 3608 quod
3214 3541 3327 3608 ﬁeri
3356 3541 3645 3606 cernebant,
3736 3586 3752 3601 κ

385 3630 478 3682 sed
508 3630 630 3681 illud
656 3631 792 3700 quod
821 3630 1046 3682 carnalis
1077 3631 1240 3682 ridere
1283 3647 1384 3682 non
1422 3631 1580 3701 possit
1612 3638 1864 3699 aspectus.
1900 3627 2255 3693 Crediderunt,
2306 3646 2406 3682 non
2450 3629 2584 3699 quod
2630 3627 2863 3681 Christus
2906 3627 3057 3679 Jesus
3094 3630 3232 3696 [ilius
3260 3641 3389 3682 esset
3416 3632 3647 3700 virginis,

379 3719 517 3790 quod
542 3721 813 3785 sciebatur,
839 3721 929 3785 sed
958 3712 1090 3791 quod
1120 3720 1254 3773 idem
1298 3720 1604 3790 Unigenitus
1633 3731 1764 3773 esset
1807 3721 2080 3783 Altissimi,
2106 3720 2239 3789 quod
2278 3722 2331 3773 in
2361 3737 2514 3790 opere
2542 3719 2873 3790 probabatur.
2912 3717 3059 3771 Unde
3085 3728 3134 3771 et
3163 3736 3276 3783 nos,
3301 3721 3510 3790 fratres,
3543 3730 3648 3776 toto

377 3810 534 3864 corde
570 3810 838 3865 credamus
877 3812 1039 3879 ipsum
1070 3828 1179 3864 esse
1206 3809 1301 3864 Dei
1332 3809 1547 3874 Filium,
1579 3827 1725 3881 quem
1755 3809 1948 3863 Filium
1977 3812 2199 3865 hominis
2229 3812 2551 3880 conﬁtemur.
2584 3810 2864 3863 Credamus
2894 3808 3039 3862 illum
3065 3819 3113 3862 et
3143 3819 3333 3863 nostra:
3361 3821 3648 3865 consortem

380 3911 586 3956 natura:
612 3913 661 3957 et
688 3910 919 3972 paternis
946 3900 1246 3956 substantia:
1281 3903 1609 3973 coa’qualem,
1653 3902 1893 3972 quoniam
1941 3909 1991 3953 et
2012 3902 2202 3971 nuptiis
2241 3902 2474 3970 interfuit
2515 3910 2569 3953 ut
2597 3901 2768 3964 homo,
2808 3911 2858 3954 et
2899 3917 3061 3971 aquas
3090 3902 3141 3954 in
3180 3902 3297 3954 vina
3343 3903 3555 3956 mutavit
3594 3910 3650 3957 ut

378 3991 541 4046 Deus.
573 3992 690 4058 Quo
719 3992 876 4062 plane
902 3992 1142 4045 recidunt
1171 4008 1289 4061 qum
1315 3993 1451 4046 idem
1480 4001 1697 4047 sanctus
1727 3995 1951 4047 antistes
1993 3993 2303 4062 complexus
2345 4002 2426 4047 est
2470 3993 2691 4047 humilia
2729 3993 2816 4058 24,
2850 4008 2971 4062 pag.
3003 3994 3068 4047 70
3096 4008 3233 4063 seq.,
3265 4004 3319 4049 et
3340 3995 3526 4051 homil.
3557 3997 3647 4061 ‘29,

380 4101 504 4155 pag.
536 4087 604 4138 87
630 4099 768 4153 seq.,
800 4092 855 4138 et
882 4084 1065 4138 homil.
1102 4084 1187 4152 52,
1220 4100 1337 4154 qua:
1366 4092 1448 4139 est
1475 4086 1538 4138 de
1566 4085 1755 4139 Christi
1788 4086 2050 4155 Baptismo
2068 4096 2287 4154 quarta,
2320 4101 2443 4155 pag.
2494 4086 2581 4149 93,
2612 4101 2720 4155 quo
2757 4087 2877 4141 loco
2911 4106 2923 4139 :
2957 4087 3264 4155 Saluatoris,
3308 4090 3498 4159 inquit,
3538 4091 3650 4147 Do-

380 4179 509 4231 mini
538 4180 701 4231 nostri
728 4176 761 4229 Ι
766 4193 854 4229 esu
882 4175 1074 4229 Christi
1103 4177 1422 4246 omnipotens
1453 4178 1610 4230 virtus
1636 4194 1700 4230 ex
1727 4178 1945 4231 lectione
1974 4196 2127 4249 quam
2156 4178 2307 4232 modo
2338 4179 2623 4231 audivimus
2652 4180 2913 4233 evidenter
2932 4174 3209 4250 colligitur.
3250 4179 3492 4244 Quamvis
3515 4187 3650 4237 enim

377 4269 755 4339 onmipotentia
778 4267 934 4330 illius,
963 4283 1063 4336 qua
1093 4266 1146 4317 in
1174 4267 1427 4335 principio
1448 4283 1617 4319 rerum
1647 4283 1751 4318 una
1794 4282 1908 4319 cum
1937 4265 2097 4320 Patre
2125 4274 2173 4318 et
2206 4264 2407 4336 Spiritu
2436 4277 2614 4319 sancto
2644 4266 2821 4319 caelum
2850 4283 2914 4319 ex
2944 4268 3106 4321 nihilo
3135 4272 3322 4321 creavit
3360 4281 3409 4323 et
3440 4281 3647 4332 terram,

380 4363 543 4415 latere
569 4358 824 4412 videretur
849 4358 903 4410 in
930 4358 1154 4420 homine,
1188 4373 1334 4426 quem
1380 4374 1471 4426 pro
1520 4367 1695 4410 nostra
1733 4368 2082 4428 assumpserat
2127 4358 2492 4427 redemptione,
2523 4359 2632 4411 suis
2669 4365 2744 4409 est
2775 4368 2949 4411 tamen
2982 4360 3246 4428 discipulis
3290 4364 3645 4431 manifestata.

385 4447 527 4502 Nam
555 4466 669 4502 cum
698 4447 766 4501 ad
789 4449 993 4517 nuptias
1018 4448 1196 4500 veteris
1225 4447 1446 4499 instituti
1470 4448 1684 4500 venisset
1713 4449 1766 4499 in
1788 4447 1930 4501 Cana
1955 4447 2206 4513 Galilarw,
2229 4460 2278 4502 et
2308 4450 2371 4502 de
2394 4458 2598 4519 repente
2624 4447 3004 4502 convivantibus
3027 4449 3273 4520 defuisset
3300 4452 3488 4516 vinum,
3516 4454 3645 4521 ipse,

380 4543 469 4612 qui
495 4541 687 4611 nuptiis
714 4540 816 4593 illis
846 4556 946 4593 non
968 4551 1080 4591 erat
1106 4538 1413 4608 dedignatus
1443 4538 1643 4601 adesse,
1673 4541 1878 4608 nuptias
1908 4557 2101 4611 quoque
2136 4540 2254 4594 illas
2284 4541 2534 4593 miraculo
2573 4540 2729 4599 voluit
2766 4540 3118 4608 comprobare,
3150 4548 3304 4611 atque
3332 4557 3492 4611 aquas
3521 4557 3646 4595 conr-

384 4633 532 4693 vertit
559 4634 611 4684 in
638 4633 826 4683 vinum.
861 4629 970 4684 Nec
999 4629 1104 4684 alio
1134 4630 1403 4699 pertinent
1429 4644 1547 4698 qua:
1576 4630 1714 4683 idem
1745 4632 2084 4699 persequitur
2117 4632 2301 4685 homil.
2345 4631 2431 4697 54,
2475 4646 2595 4701 pag.
2639 4631 2706 4684 96
2751 4646 2865 4700 seq.
2895 4631 3013 4686 Jam
3046 4647 3174 4686 vero
3201 4645 3449 4686 sermone
3477 4629 3528 4697 9,
3557 4633 3645 4700 qui

385 4732 467 4777 est
494 4724 681 4777 tertius
708 4723 770 4775 de
799 4722 1097 4793 Epiphania
1128 4721 1356 4785 Domini,
1387 4736 1508 4790 pag.
1538 4720 1640 4775 418
1672 4739 1683 4773 :
1720 4720 1874 4786 Quia,
1908 4722 2096 4790 inquit,
2130 4731 2248 4775 tunc
2276 4724 2494 4792 primum
2531 4724 2772 4792 apparuit
2801 4723 3043 4777 Salvator
3070 4724 3123 4775 in
3151 4722 3362 4783 mundo,
3394 4722 3507 4790 ipsa
3540 4722 3647 4776 dies

382 4819 563 4873 eodem
608 4817 851 4872 vocabulo
890 4816 1188 4887 Epiphania
1216 4824 1510 4883 nuncupata
1539 4824 1633 4867 est.
1668 4814 1934 4877 Quomodo
1964 4826 2133 4869 autem
2162 4817 2478 4883 apparuerit,
2508 4816 2859 4886 requiramus;
2906 4830 3008 4866 non
3049 4812 3263 4881 quodin
3301 4804 3489 4866 mundo
3528 4822 3649 4865 ante

386 4930 488 4967 non
512 4914 684 4983 fuerit,
710 4927 823 4964 cum
850 4911 1070 4965 mundus
1099 4928 1191 4982 per
1219 4913 1383 4981 ipsum
1414 4912 1578 4980 factus
1607 4910 1706 4972 sit;
1731 4910 1821 4961 sed
1840 4906 1974 4977 quod
2000 4916 2120 4958 tunc
2145 4906 2363 4974 primum
2392 4907 2553 4976 signis
2587 4916 2736 4976 atque
2774 4904 3033 4958 miraculis
3068 4904 3381 4957 credentium
3412 4906 3647 4960 cordibus

388 5005 525 5059 Deus
556 5002 789 5057 Christus
820 5004 1067 5066 illuxerit,
1100 5012 1147 5056 et
1188 5004 1240 5055 in
1271 4999 1563 5055 tenebrosus
1593 4999 1933 5053 conscientias
1975 4997 2237 5049 hominum
2274 4997 2396 5066 fidei
2424 4997 2667 5066 splendor
2706 4995 3031 5047 advenerit...
3067 4995 3323 5063 Apparuit
3346 5006 3515 5049 autem
3543 5014 3647 5051 non

388 5110 493 5152 tum
514 5097 675 5152 oculis
706 5096 969 5150 hominum
994 5112 1146 5164 quam
1173 5094 1348 5148 saluti.
1378 5090 1519 5145 Nam
1547 5094 1592 5145 si
1619 5092 1763 5161 prius
1795 5078 2035 5143 natus‘ex
2060 5089 2254 5159 virgine
2297 5087 2457 5141 oculis
2486 5084 2781 5138 carnalibus
2815 5080 3100 5147 videbatur,
3140 5092 3309 5137 tamen
3346 5102 3450 5139 non
3480 5103 3633 5155 appa-
3658 5140 3677 5145 ,η

388 5194 551 5259 rebat,
583 5194 826 5265 quoniam
854 5191 1086 5245 virtutem
1114 5191 1223 5260 ejus
1253 5188 1418 5240 adhuc
1438 5187 1559 5256 ﬁdei
1588 5186 1724 5239 acies
1765 5182 2105 5254 ignorabat...
2143 5180 2333 5234 Postea
2360 5180 2495 5233 enim
2535 5192 2685 5247 quam
2727 5175 3095 5228 humanitatem
3142 5193 3288 5230 suam
3330 5176 3647 5233 mirabilibus

389 5285 692 5350 declaravit,
726 5284 962 5337 humanis
992 5279 1243 5335 mentibus
1268 5288 1513 5350 tanquam
1551 5292 1709 5331 novus
1751 5285 1799 5328 et
1837 5275 2133 5344 inopinatus
2160 5288 2436 5342 apparens,
2462 5268 2632 5323 oculos
2665 5267 2910 5338 quosdam
2949 5265 3115 5339 [LXVI]
3155 5269 3325 5322 cordis
3363 5269 3573 5337 infudit,
3594 5281 3649 5322 ut

388 5386 719 5450 cognosceret
748 5392 949 5439 sensus,
974 5391 1121 5445 quem
1149 5390 1252 5428 non
1279 5374 1511 5443 cognovit
1531 5377 1785 5440 aspectus.
1819 5368 1966 5422 Unde
1992 5368 2053 5437 ﬁt
2082 5378 2135 5420 ut
2164 5383 2255 5419 nos
2286 5364 2539 5419 Christum
2578 5359 2856 5415 Dominum
2893 5379 2981 5432 per
3009 5360 3181 5431 fidem,
3215 5375 3359 5431 quem
3388 5376 3647 5450 nunquam

390 5472 629 5535 vidimus,
661 5469 1091 5538 contemplemur;
1118 5467 1290 5520 Judwi
1318 5482 1464 5537 quem
1490 5471 1857 5535 perspexerant
1885 5460 2063 5525 oculis,
2094 5460 2425 5529 palpaverunt
2456 5454 2708 5517 manibus,
2740 5453 2986 5521 hodieque
3014 5469 3115 5505 non
3140 5450 3364 5504 videant.
3399 5449 3649 5515 Requira-

389 5576 504 5613 mus
533 5561 689 5631 igitur
715 5559 849 5629 quod
876 5560 1079 5629 signum
1105 5567 1339 5625 aperatus
1363 5556 1449 5620 sit,
1474 5565 1528 5607 ut
1557 5555 1876 5607 divinitatem
1905 5568 2053 5606 suam
2080 5550 2282 5621 populis
2313 5548 2617 5602 declararet.
2662 5546 2862 5600 Dicitur
2900 5546 3240 5617 hocprimum
3280 5544 3458 5613 fecisse
3486 5541 3645 5631 mira-

391 5628 584 5716 culum,
614 5661 670 5705 ut
713 5668 901 5724 aquam
932 5628 1160 5703 mutaret
1188 5651 1244 5702 in
1281 5649 1471 5702 vinum.
1505 5646 1758 5715 Magnum
1795 5644 1951 5715 plane
1977 5644 2197 5714 signum,
2237 5650 2285 5694 et
2307 5640 2375 5693 ad
2404 5637 2500 5693 Dei
2540 5639 2847 5693 credendam
2868 5636 3121 5705 sufficiens
3149 5635 3486 5724 majestatem.
3520 5628 3646 5724 Quis

404 5751 508 5789 non
530 5718 771 5808 miretur,
786 5743 839 5797 in
867 5741 1011 5796 aliud
1030 5758 1179 5811 quam
1210 5751 1358 5794 erant
1386 5740 1634 5794 elementa
1661 5753 1772 5792 esse
1798 5734 2087 5790 translata?
2118 5730 2283 5787 Nemo
2314 5734 2445 5787 enim
2468 5741 2633 5805 potest
2660 5742 2858 5787 mutare
2880 5738 3137 5791 naturam,
3168 5726 3269 5780 nisi
3292 5724 3379 5793 qui
3399 5718 3643 5777 Dominus
