4138 6186
535 236 599 290 67
1958 241 2336 306 ΡιυειθΑῖιο.
2902 237 2911 250 ’
3723 250 3786 306 68

469 378 497 406 ο.
533 364 609 408 est
634 363 850 411 naturae.
883 355 1206 412 Credendum
1235 367 1310 412 est
1323 358 1437 428 jam
1460 372 1525 411 ex
1545 356 1638 409 hoc
1668 356 1938 417 mortalem
1965 357 2222 412 hominem
2255 359 2309 410 in
2346 358 2784 434 immortalitatem
2811 375 2961 425 posse
2985 363 3237 429 converti,
3277 360 3483 432 quando
3521 360 3633 416 vilis
3669 367 3786 419 sub—

533 447 725 499 stantia
747 448 798 501 in
827 448 1107 517 pretiosam
1132 458 1210 501 est
1233 462 1477 502 conversa
1499 445 1864 501 substantiam.
1898 443 2078 500 Nolim
2105 448 2260 512 enim,
2283 447 2510 512 auditor,
2542 449 2751 504 nomina
2779 458 2975 506 tantum
3003 452 3285 520 perspicias
3314 451 3417 503 vini
3444 458 3493 503 et
3520 468 3684 522 aqum,
3705 457 3790 510 sed

531 534 577 587 si
603 536 678 589 vis
700 539 982 603 potentiam
1009 535 1359 604 comprobare,
1391 537 1622 592 virtutem
1662 553 1832 590 rerum
1859 538 2050 605 aspice.
2084 535 2246 589 Tanto
2269 538 2405 590 enim
2441 539 2598 591 altius
2635 539 2804 593 nescio
2845 540 2969 612 quid
3004 540 3448 600 demonstratur...
3481 541 3598 596 Iloc
3637 547 3790 616 igitur

531 623 741 694 dignum
777 633 854 679 est
881 625 1106 689 credere,
1138 625 1344 695 operari
1373 623 1651 678 Dominum
1685 625 1924 691 voluisse,
1955 633 2010 678 ut
2037 640 2128 695 per
2172 624 2266 678 hoc
2302 635 2560 679 terrenum
2605 627 2827 698 signum,
2872 629 3098 698 futurum
3127 629 3239 700 jam
3277 641 3393 682 tunc
3421 645 3452 683 a
3479 631 3788 700 sapientibus

531 712 732 768 caeleste
759 718 1058 786 mysterium
1083 716 1353 770 videretur.
1387 713 1530 769 Nam
1558 715 1601 769 si
1624 713 1860 769 mirabile
1895 723 1970 769 est
2002 715 2191 785 utique,
2221 731 2334 786 qua:
2371 715 2683 786 defecerant,
2733 718 2953 771 convivis
2997 719 3115 772 vina
3155 719 3436 790 supplesse,
3479 732 3670 792 quanto
3715 741 3787 788 es;

530 804 836 871 mirabilius,
869 807 1025 866 vitam
1054 823 1168 879 quae
1187 815 1264 862 est
1291 806 1561 873 exhausta,
1587 804 1874 860 hominibus
1913 823 2205 877 reparasse.
2237 806 2313 860 De
2335 806 2544 861 caeteris
2572 805 2826 877 prodigiis
2855 823 2885 861 a
2918 807 3131 863 Christo
3160 811 3397 878 patratis,
3425 819 3484 865 ut
3510 810 3576 866 de
3604 824 3786 869 curato

531 906 751 964 repente
778 899 871 954 illo
897 900 1048 969 cujus
1077 901 1224 955 arida
1251 909 1367 956 erat
1386 915 1592 965 manus,
1624 899 1690 954 de
1718 901 1963 954 restituta
1991 901 2285 971 paralytico
2307 899 2557 962 sanitate,
2588 899 2761 968 deque
2787 897 2946 954 Petro
2977 899 3173 956 Christi
3212 903 3407 958 virtute
3435 920 3597 974 super
3623 921 3786 976 aquas

528 987 851 1054 ambulante,
877 991 1061 1045 scribit
1090 991 1352 1046 Maximus
1377 991 1569 1046 homil.
1601 989 1697 1044 108
1723 999 1778 1044 et
1806 989 1927 1044 116.
1957 991 2134 1061 Atque
2179 990 2234 1044 in
2279 989 2382 1044 hac
2423 989 2636 1058 quidem
2678 999 2966 1060 postrema,
3012 1006 3152 1061 pag;
3182 992 3286 1047 585
3318 1012 3331 1046 :
3359 993 3610 1051 Dominus
3636 996 3785 1051 Jesus

527 1072 778 1140 Clu-istas,
802 1076 991 1145 inquit,
1022 1081 1282 1150 ingressus
1312 1079 1522 1134 sabbato
1552 1095 1888 1150 synagogam,
1921 1079 2142 1133 hominis
2171 1078 2406 1132 habentis
2433 1094 2642 1133 manum
2671 1079 2874 1133 aridam
2903 1081 3126 1150 spiritali
3153 1083 3407 1137 medicina
3435 1087 3651 1153 curavit,
3677 1104 3782 1143 non

526 1166 772 1244 appositis
797 1166 1075 1226 herbarum
1101 1172 1284 1236 succis,
1322 1187 1425 1225 non
1462 1171 1838 1240 pigmentorum
1864 1167 2287 1222 medicaminibus
2326 1168 2602 1239 colligatis,
2634 1170 2724 1223 sed
2751 1167 2900 1224 verbo
2927 1167 3137 1239 jubens,
3177 1181 3227 1225 et
3269 1174 3325 1226 in
3368 1175 3450 1226 ira
3485 1177 3783 1244 prtecipiens

537 1243 728 1325 refudit
755 1260 956 1327 corpori
983 1261 1326 1314 sanitatem...
1360 1259 1524 1315 Verbo
1551 1259 1708 1330 igitur
1726 1257 1893 1328 jubet,
1915 1268 1971 1311 ut
1991 1258 2158 1311 arenti
2187 1258 2413 1311 dextera:
2439 1273 2684 1311 venarum
2706 1274 2762 1312 se
2788 1274 2967 1312 succus
2994 1260 3302 1328 infunderet.
3336 1259 3460 1316 Non
3480 1243 3664 1318 mirum
3686 1275 3779 1331 est,

526 1349 573 1400 si
597 1347 642 1402 is
664 1359 893 1404 arentem
922 1351 1177 1420 reparavit
1203 1351 1486 1415 dexteram,
1511 1351 1599 1421 qui
1619 1359 1778 1403 totum
1802 1365 1984 1420 corpus
2013 1347 2076 1402 de
2102 1349 2270 1402 arenti
2298 1347 2502 1418 pulvere
2518 1350 2817 1419 procreavit,
2847 1358 2896 1403 et
2918 1351 2975 1404 id
3000 1349 3136 1404 verbi
3155 1352 3367 1422 imperio
3389 1356 3623 1422 restituit,
3649 1360 3782 1428 quod

533 1439 587 1492 in
613 1441 866 1509 principio
896 1443 1099 1512 factura
1138 1444 1451 1512 operationis
1477 1442 1718 1507 instituit,
1758 1441 1891 1496 velut
1929 1449 2190 1495 auctorem
2232 1457 2379 1495 suum
2413 1443 2612 1512 plasma
2639 1458 2949 1513 cognoscens
2997 1443 3305 1517 obsequitur.
3353 1447 3581 1504 Humilia
3620 1467 3780 1522 porro

529 1527 650 1592 108,
682 1545 802 1600 pag.
836 1530 957 1594 560,
990 1540 1112 1602 post
1157 1533 1246 1586 ubi
1289 1532 1550 1587 Maximus
1595 1532 1950 1600 obloquentes
1995 1529 2291 1587 Pharisaeos
2333 1532 2594 1599 meminit,
2627 1540 2786 1602 atque
2826 1534 3215 1603 interrogantes
3243 1538 3360 1606 quis
3397 1539 3484 1594 ille
3522 1552 3664 1598 esset
3689 1547 3779 1614 qui

525 1620 824 1690 paralytico
851 1621 1061 1680 dixerat
1088 1640 1101 1675 ε
1132 1621 1262 1688 Fili,
1287 1625 1613 1678 remittuntur
1632 1622 1723 1677 tibi
1741 1632 1950 1693 peccata
1971 1631 2077 1688 tua,
2101 1637 2222 1676 cum
2250 1623 2469 1690 remitti,
2497 1623 2599 1679 nisi
2627 1640 2658 1678 a
2687 1623 2817 1690 Deo,
2847 1635 3066 1696 peccata
3098 1643 3204 1682 non
3231 1630 3461 1698 possint;
3487 1639 3597 1686 tum
3617 1634 3779 1691 allata

521 1711 873 1779 reSponsione
901 1710 1118 1778 Christi,
1145 1711 1282 1777 Quid
1307 1722 1382 1767 est
1407 1715 1612 1784 facilius
1642 1714 1829 1774 dicere,
1872 1711 2220 1766 Remittuntur
2249 1713 2338 1768 tibi
2365 1723 2577 1784 peccata
2617 1723 2721 1782 tua,
2753 1733 2822 1772 an
2849 1717 3035 1784 dicere,
3058 1717 3225 1790 Surge
3250 1730 3299 1774 et
3326 1721 3551 1789 ambula,
3578 1727 3776 1780 clc.?...

518 1799 796 1856 Scrutator
822 1803 1133 1868 animarum,
1165 1803 1355 1872 inquit,
1398 1805 1642 1875 praevenit
1672 1802 1917 1856 mentium
1955 1800 2184 1872 maligna
2211 1801 2449 1866 consilia,
2489 1809 2536 1854 et
2583 1801 2789 1856 deitatis
2816 1820 2922 1859 sute
2947 1808 3230 1875 potentiam
3262 1810 3429 1876 operis
3458 1815 3780 1868 attestatione

517 1894 838 1957 monstravit,
867 1893 988 1948 dum
1013 1892 1252 1964 dissipati
1279 1894 1507 1963 corporis
1528 1891 1752 1946 membra
1772 1891 2048 1962 componit,
2073 1904 2252 1944 nervos
2276 1890 2506 1963 stringit,
2520 1891 2696 1962 jungit
2716 1908 2854 1958 ossa,
2874 1895 3092 1962 complet
3111 1897 3320 1961 viscera,
3347 1898 3524 1968 ﬁrmat
3544 1891 3707 1967 artus,
3730 1915 3778 1956 et

517 1998 717 2052 gressus
747 1983 815 2036 ad
842 2001 1046 2040 cursum
1065 1986 1283 2040 suscitat
1311 1985 1364 2036 in
1385 1985 1492 2036 vivo
1522 1982 1770 2035 cadavere
1789 1981 1905 2052 jam
1934 1981 2177 2051 sepultos.
2207 1979 2350 2034 Tolle
2373 1980 2560 2034 lectum
2586 1991 2744 2046 tuum,
2769 1983 2864 2038 hoc
2895 1992 2975 2038 est
3000 1993 3151 2054 porta
3188 1997 3501 2058 portantem,
3525 1999 3574 2045 et
3603 2007 3777 2048 omnes

515 2079 653 2125 muta
675 2072 823 2137 vices,
842 2062 1049 2144 utquod
1068 2084 1146 2128 est
1165 2074 1484 2143 infirmitatis
1509 2072 1872 2134 testimonium,
1895 2072 1964 2124 sit
1983 2073 2222 2144 probatio
2242 2071 2503 2138 sanitatis,
2529 2079 2632 2126 etc.
2656 2071 2730 2127 De
2749 2072 2963 2130 Christo
2984 2085 3160 2132 autem
3177 2080 3502 2135 concedente
3518 2090 3572 2135 ut
3591 2080 3777 2140 Petrus

517 2177 678 2231 super
699 2177 866 2231 aquas
895 2163 1211 2229 ambularet,
1243 2163 1403 2232 paulo
1432 2168 1558 2216 ante
1586 2161 1780 2230 pagina
1809 2175 2000 2234 nempe
2026 2160 2128 2215 557
2148 2161 2388 2216 dixerat:
2415 2158 2607 2216 Nonne
2627 2161 2707 2215 hic
2727 2171 2804 2218 est
2824 2167 2908 2236 qui
2929 2164 3075 2221 Petri
3095 2169 3309 2238 pedibus
3323 2173 3550 2226 marinos
3567 2175 3776 2228 vortices

519 2253 707 2328 [uvn]
737 2255 1020 2323 inclinavit,
1044 2267 1100 2310 ut
1119 2257 1214 2311 iter
1242 2256 1490 2328 liquidum
1509 2255 1748 2309 humanis
1777 2254 2032 2327 gressibus
2053 2255 2273 2312 solidum
2292 2254 2541 2328 praeberet
2568 2253 2856 2327 obsequium
2871 2258 2896 2310 ?
2913 2263 3016 2312 etc.
3049 2257 3166 2312 lam
3195 2275 3323 2315 vero
3352 2277 3515 2317 serm.
3539 2261 3628 2330 9L,
3653 2278 3772 2334 pag.

519 2345 644 2410 659,
689 2346 756 2400 de
784 2347 1053 2402 miraculis
1079 2347 1418 2402 curationum
1445 2345 1738 2413 generatim
1767 2345 1999 2411 disserit,
2032 2355 2086 2403 et
2112 2362 2232 2419 pag.
2261 2346 2384 2412 642,
2433 2346 2500 2402 de
2526 2345 2712 2402 sedata
2740 2360 2770 2400 a
2797 2343 3012 2401 Christo
3039 2354 3378 2418 tempestate,
3410 2359 3464 2404 et
3491 2367 3652 2406 scrin.
3683 2351 3771 2420 95,

482 2473 486 2476 .
523 2450 645 2505 pag.
689 2435 793 2488 644
823 2452 961 2505 seq.,
991 2437 1060 2493 de
1087 2437 1317 2493 mirabili
1345 2436 1568 2506 piscium
1596 2442 1838 2504 captura,
1869 2443 1926 2503 et
1962 2451 2123 2492 serm.
2157 2438 2278 2503 106,
2308 2451 2429 2509 pag.
2461 2437 2582 2505 668,
2614 2439 2680 2494 de
2709 2439 2940 2509 quinque
2968 2439 3194 2510 panibus
3222 2455 3284 2496 ac
3308 2442 3513 2499 duobus
3540 2445 3777 2514 piscibus

515 2527 710 2597 quibus
734 2524 978 2582 Christus
997 2528 1234 2598 quinque
1262 2527 1537 2584 hominum
1556 2526 1721 2581 millia
1744 2526 1993 2596 explevit.
2021 2525 2253 2600 Quinque
2270 2545 2429 2600 panes
2465 2529 2600 2583 illati
2625 2538 2762 2596 sunt,
2789 2530 2983 2598 inquit,
3010 2539 3061 2585 et
3083 2531 3344 2586 duodecim
3367 2537 3771 2606 fragmentorum

514 2617 722 2688 captiini
749 2627 866 2671 sunt
894 2618 1062 2672 relati.
1095 2617 1222 2673 Plus
1249 2635 1370 2690 ergo
1396 2617 1662 2673 inveniunt
1683 2619 1768 2688 qui
1797 2617 2038 2689 reliquias
2066 2618 2338 2690 colligunt,
2359 2635 2512 2697 quam
2539 2619 2722 2674 detulit
2741 2620 2828 2692 qui
2861 2619 3028 2675 cibum
3054 2624 3277 2678 convivio
3305 2627 3630 2682 ministravit.
3662 2629 3770 2683 De-

510 2709 660 2780 nique
679 2711 926 2764 saturatis
953 2711 1174 2782 quinque
1199 2710 1422 2766 millibus
1451 2711 1694 2774 virorum,
1725 2711 1810 2764 via:
1841 2709 2108 2763 duodecim
2137 2709 2357 2780 apostoli
2395 2710 2664 2764 duodecim
2688 2711 2934 2782 cophinos
2974 2714 3306 2782 sustulerunt,
3337 2717 3470 2790 quod
3488 2735 3621 2772 unus
3642 2739 3769 2790 puer

509 2815 684 2863 manu,
715 2809 988 2869 antequam
1002 2799 1199 2871 aliquid
1223 2799 1613 2870 expenderetur,
1644 2799 1903 2854 attulerat.
1929 2797 2014 2850 Ita
2034 2799 2185 2868 panis
2216 2798 2269 2851 in
2296 2814 2453 2853 manu
2480 2797 2692 2854 Domini
2718 2799 3089 2869 multiplicatur
3127 2803 3246 2859 dum
3273 2807 3550 2878 frangitur,
3582 2812 3766 2863 crescit

506 2889 627 2942 dum
649 2892 913 2950 minuitur,
937 2890 1058 2943 dum
1095 2900 1335 2962 erogatur
1357 2891 1600 2961 augescit,
1625 2899 1773 2961 atque
1813 2887 2018 2942 utiliore
2045 2887 2312 2957 dispendio
2336 2896 2570 2942 creatura
2598 2888 2698 2943 cibi
2719 2891 2935 2960 papulos
2962 2894 3131 2962 pascit
3158 2903 3206 2946 et
3241 2895 3482 2966 proﬁcit;
3509 2899 3691 2952 crescit
3715 2900 3765 2952 in

506 2999 597 3035 ore
616 2982 1004 3048 comedentium,
1029 2983 1165 3054 quod
1184 2983 1353 3038 minus
1375 2981 1650 3052 putabatur
1673 2984 1728 3036 in
1761 2982 1994 3037 manibus
2024 2982 2395 3037 ministrorum.
2430 2981 2663 3055 Denique
2691 2984 2765 3037 ait
2792 2995 3000 3039 sanctus
3037 2986 3271 3042 Andreas
3303 3005 3316 3041 :
3364 2987 3456 3042 Est
3481 3007 3609 3060 puer
3634 3010 3766 3046 unus

507 3073 608 3137 hic,
641 3073 728 3144 qui
747 3073 896 3127 habet
925 3074 1144 3146 quinque
1164 3089 1322 3144 panes
1342 3080 1392 3126 et
1418 3073 1545 3127 duos
1567 3073 1753 3142 pisces,
1774 3081 1824 3126 et
1844 3072 2058 3143 reliqua.
2083 3069 2275 3126 Mirum
2294 3072 2452 3142 igitur
2477 3073 2532 3125 in
2559 3071 2765 3126 modum
2787 3073 3138 3128 benedictione
3166 3075 3356 3130 Christi
3380 3075 3593 3133 Domini
3617 3083 3765 3148 panis

503 3166 669 3220 solida
691 3174 878 3220 natura
899 3168 1032 3236 fluit,
1058 3166 1306 3232 abundat,
1336 3166 1600 3232 exuberat,
1629 3175 1678 3220 et
1715 3166 1937 3236 quodam
1962 3165 2150 3238 vigoris
2187 3167 2389 3236 irriguo
2424 3166 2820 3231 comedentibus,
2845 3185 2947 3222 non
2961 3169 3075 3240 jam
3114 3187 3362 3242 aquarum
3390 3173 3507 3241 fons
3527 3172 3760 3240 efficitur,

502 3257 593 3310 sed
617 3274 871 3312 escarum.
915 3257 1155 3330 Legimus
1185 3259 1239 3312 in
1268 3257 1550 3329 prophetis,
1595 3256 1731 3328 quod
1770 3257 1906 3311 idem
1949 3255 2200 3311 Dominus
2245 3263 2422 3328 potum
2447 3257 2732 3312 sitientibus
2763 3257 2825 3312 de
2845 3245 2971 3313 duro
2997 3277 3125 3314 saao
3154 3261 3448 3331 protulerit;
3477 3278 3592 3316 ecce
3628 3279 3762 3316 nunc

499 3349 835 3404 esurientibus
863 3351 929 3404 de
955 3352 1091 3404 sicco
1119 3367 1253 3421 pane
1273 3350 1519 3406 saturatis
1545 3351 1736 3418 fluenta
1757 3348 2024 3418 produxit.
2051 3346 2192 3415 Quin
2217 3348 2384 3402 etiam
2403 3361 2652 3403 sermone
2675 3347 2776 3401 107
2805 3347 2871 3404 de
2896 3348 3052 3404 simili
3077 3347 3317 3419 prodigio
3339 3355 3543 3416 septem
3564 3362 3760 3417 panum

499 3441 694 3508 quibus
720 3440 960 3496 Christus
985 3449 1216 3510 quatuor
1236 3440 1400 3494 millia
1423 3441 1660 3496 virorum
1685 3440 1914 3505 satiavit,
1941 3439 2116 3508 deque
2149 3447 2298 3494 muto
2320 3454 2384 3494 ac
2416 3440 2579 3494 surdo
2600 3439 2686 3495 cui
2709 3440 2955 3497 audiendi
2978 3440 3336 3512 loquendique
3357 3437 3580 3494 facultas
3599 3439 3755 3494 resti-

497 3538 608 3584 tuta
633 3546 662 3584 a
687 3530 900 3586 Christo
930 3531 1046 3597 fuit,
1071 3531 1244 3601 deque
1275 3539 1461 3588 sanata
1490 3530 1596 3585 ﬁlia
1631 3531 1867 3584 mulieris
1898 3527 2214 3584 Chananaue
2245 3538 2490 3595 acturus,
2526 3542 2646 3598 pag.
2691 3528 2823 3598 669,
2851 3533 3034 3587 scribit
3071 3533 3175 3590 hoc
3197 3531 3356 3586 modo
3384 3547 3396 3584 :
3421 3530 3759 3585 Altitudineni

499 3620 800 3676 vicinitatis
826 3639 952 3688 suae,
992 3630 1042 3677 et
1078 3624 1485 3678 misericordiam
1513 3621 1850 3676 humanitatis
1879 3620 2052 3675 multis
2078 3631 2126 3675 et
2151 3621 2308 3676 variis
2332 3620 2498 3674 modis
2527 3620 2581 3674 in
2621 3617 2906 3690 Scripturis
2927 3625 3122 3677 sanctis
3145 3621 3396 3678 Dominus
3419 3633 3592 3676 noster
3607 3621 3758 3676 Iesus

495 3712 727 3768 Christus
748 3714 988 3778 ostendit,
1008 3715 1436 3782 quemadmodum
1453 3715 1602 3776 solet,
1621 3714 1673 3766 in
1695 3713 1952 3780 mysteriis
1967 3722 2016 3764 et
2035 3714 2392 3778 sacramentis,
2409 3721 2464 3764 ut
2483 3722 2533 3766 et
2549 3721 2774 3782 petentes
2797 3714 3071 3780 accipiant,
3094 3720 3145 3764 et
3171 3722 3454 3781 quaerentes
3472 3715 3754 3776 inveniant,

490 3812 542 3854 et
566 3802 892 3871 pulsantibus
922 3800 1203 3869 aperiatur.
1247 3796 1439 3857 Omnia
1466 3799 1601 3851 enim
1629 3814 1742 3867 qua:
1770 3799 1824 3849 in
1853 3798 1948 3849 hoc
1992 3799 2187 3850 mundo
2209 3797 2299 3851 sub
2327 3799 2610 3869 fragilitate
2646 3809 2823 3853 nostra
2851 3798 3077 3853 exhibuit
3103 3801 3383 3868 miracula,
3423 3801 3567 3856 nobis
3597 3805 3756 3874 proﬁ-

492 3892 654 3944 ciunt.
699 3890 819 3944 Non
849 3892 1026 3960 utique
1071 3889 1184 3942 sine
1221 3904 1379 3941 causa
1408 3885 1631 3958 faciebat
1657 3903 1718 3939 ea
1751 3885 2018 3952 Dominus,
2048 3885 2124 3938 vel
2150 3886 2298 3956 quasi
2325 3887 2522 3956 frustra
2549 3897 2599 3942 et
2640 3889 2884 3941 inaniter.
2926 3884 3146 3942 Verbum
3166 3887 3265 3942 Dei
3293 3899 3367 3944 est
3395 3888 3646 3956 Christus,
3668 3893 3754 3963 qui

489 4000 592 4041 ncu
626 3983 748 4036 solis
773 3981 952 4046 verbis,
979 3981 1070 4036 sed
1089 3981 1246 4039 etiam
1267 3982 1416 4050 factis
1441 3980 1664 4049 loquitur
1683 3976 2085 4034 hominibus.....
2118 3979 2184 4034 In
2223 3978 2471 4033 alterutra
2493 3987 2644 4050 parte
2670 3978 2748 4035 vel
2772 3982 2856 4052 qui
2887 3979 3051 4034 solum
3089 3980 3341 4038 hominem
3364 3983 3522 4053 fuisse
3543 3983 3748 4048 dixerit,

489 4073 710 4143 gloriam
731 4069 938 4141 negabit
957 4068 1274 4133 Conditoris;
1305 4072 1379 4123 vel
1407 4069 1494 4140 qui
1515 4068 1678 4122 solum
1706 4067 1891 4133 Deum,
1916 4067 2121 4139 negabit
2151 4068 2556 4122 misericordiam
2586 4067 2963 4139 Redemptoris.
2986 4067 3187 4138 Nempe
3208 4070 3343 4140 quod
3373 4086 3524 4140 super
3551 4071 3749 4127 turbant

486 4167 752 4218 miseretur
792 4163 1064 4229 Dominus,
1091 4181 1156 4218 ne
1178 4164 1254 4219 vel
1282 4163 1477 4228 inedia,
1507 4163 1582 4217 vel
1611 4162 1858 4234 longioris
1881 4163 1975 4216 vite
1999 4162 2209 4232 deficiat
2228 4160 2420 4226 labore,
2446 4162 2673 4215 novimus
2695 4161 2933 4229 affectum
2954 4153 3103 4233 atque
3131 4163 3535 4232 compassionem
3561 4163 3747 4216 huma-

487 4273 567 4310 nae
589 4255 924 4327 fragilitatis;
951 4256 1086 4327 quod
1106 4265 1274 4310 autem
1307 4255 1368 4309 de
1396 4265 1585 4324 septem
1611 4252 1832 4324 panibus
1859 4263 1909 4308 et
1927 4255 2105 4324 paucis
2134 4253 2356 4323 piscibus
2385 4254 2592 4306 satiavit
2623 4262 2839 4325 quatuor
2877 4253 3041 4306 millia
3069 4252 3350 4315 hominum,
3383 4253 3638 4308 credimus
3666 4256 3747 4308 di-

483 4350 614 4404 vince
641 4364 766 4417 opus
795 4363 907 4401 esse
933 4348 1248 4402 virtutis.....
1275 4345 1484 4399 Relictis
1526 4344 1722 4399 Judmis
1763 4347 1899 4398 venit
1926 4345 1979 4398 in
2006 4344 2196 4415 ﬁnibus
2221 4345 2466 4416 gentium,
2489 4343 2576 4397 ubi
2598 4346 2781 4399 mulier
2808 4344 3219 4399 Chananaea.....
3250 4344 3527 4400 Dominum
3565 4346 3744 4418 depre-

480 4449 644 4503 catur,
670 4453 783 4509 quw
810 4437 991 4490 tandiu
1011 4436 1304 4506 postulavit,
1331 4435 1493 4488 donec
1521 4435 1775 4502 acciperet
1795 4432 1930 4505 quod
1968 4431 2188 4504 petebat.
2220 4432 2349 4486 Post
2385 4432 2494 4486 hasc
2532 4434 2716 4486 iterum
2743 4434 2938 4486 curavit
2963 4443 3160 4486 mutum
3185 4442 3234 4487 et
3264 4434 3491 4487 surdum.
3524 4427 3666 4506 Ergo
3688 4438 3742 4490 in

479 4530 558 4584 his
585 4525 764 4582 diebus
783 4543 896 4582 cum
920 4524 1190 4582 multitudo
1204 4524 1382 4594 populi
1411 4524 1772 4587 concurrisset,
1806 4538 1898 4575 nec
1929 4520 2174 4575 haberent
2211 4521 2348 4592 quod
2374 4523 2813 4577 manducarent...
2843 4522 2992 4576 Dixit
3017 4522 3333 4580 Dominus...
3365 4523 3636 4580 Dimittere
3655 4544 3742 4581 eos

469 4620 684 4691 jejunos
705 4618 891 4673 nolo...
916 4612 1119 4688 [vam]
1137 4613 1328 4666 Dicunt
1347 4613 1582 4682 discipuli
1593 4613 1738 4683 ejus:
1761 4611 1908 4666 Unde
1926 4613 2050 4666 istos
2065 4612 2176 4684 quis
2196 4613 2381 4682 poterit
2396 4623 2632 4666 saturare
2646 4612 2862 4683 panibus
2885 4615 2937 4666 in
2960 4614 3262 4668 solitudine?
3274 4615 3453 4668 Adhuc
3482 4619 3740 4684 apostolos

482 4709 680 4764 tenebat
707 4710 1062 4772 incredulitas,
1095 4708 1255 4762 donec
1283 4708 1527 4776 mysteria
1550 4704 1933 4767 revelarentur;
1965 4720 2053 4756 nec
2076 4703 2480 4757 recordabantur
2509 4704 2642 4774 quod
2684 4707 2872 4774 fecerat
2901 4705 2964 4758 de
2990 4707 3208 4778 quinque
3227 4707 3446 4776 panibus
3474 4716 3522 4762 et
3544 4709 3739 4766 duobus

477 4798 718 4868 piscibus.
745 4799 814 4852 Et
851 4799 1185 4869 interrogavit
1217 4813 1302 4850 eos
1336 4804 1454 4866 quot
1482 4812 1640 4866 panes
1665 4795 1929 4849 haberent.
1961 4792 2060 4857 Qui
2083 4795 2323 4848 dixerunt
2347 4804 2557 4865 septem,
2584 4803 2632 4846 et
2651 4795 2893 4863 prwcepit
2914 4794 3093 4862 turbat,
3117 4806 3173 4850 ut
3193 4797 3568 4853 discumberent
3588 4817 3740 4872 super

487 4899 674 4944 terram
702 4930 739 4943 ..
759 4890 827 4944 Et
855 4890 1303 4955 manducave‘runt,
1335 4898 1383 4942 et
1409 4888 1633 4944 saturati
1655 4897 1790 4953 sunt,
1822 4899 1871 4944 et
1891 4887 2206 4942 sustulerunt
2227 4896 2418 4957 septem
2444 4895 2642 4957 sportas
2674 4885 2873 4954 plenas.
2893 4885 3062 4940 Erant
3085 4898 3254 4942 autem
3278 4891 3367 4960 qui
3394 4891 3739 4947 manducare-

379 5005 402 5040 ;
477 4990 615 5048 runt,
638 4983 782 5052 quasi
809 4992 1025 5053 quatuor
1049 4983 1213 5037 millia
1239 4993 1387 5036 extra
1409 4979 1642 5034 mulieres
1665 4990 1712 5032 et
1741 4979 2032 5050 infantes...
2060 4976 2127 5031 In
2158 4977 2411 5047 superiori
2440 4976 2656 5029 lectione
2699 4974 2761 5028 de
2786 4976 3006 5048 quinque
3034 4976 3250 5046 panibus
3278 4987 3325 5030 et
3353 4979 3546 5034 duobus
3577 4982 3738 5050 pisci-

476 5072 568 5151 bus
587 5076 803 5145 quinque
826 5073 991 5126 millia
1018 5074 1281 5128 heminam
1299 5073 1538 5135 satiavit;
1569 5071 1652 5124 hic
1669 5079 1861 5140 septem
1882 5067 2099 5138 panibus
2122 5065 2371 5120 saturavit
2400 5072 2622 5138 quatuor
2648 5063 2814 5118 millia
2847 5066 3128 5131 hominum,
3153 5076 3255 5121 etc.
3283 5066 3350 5152 E}
3371 5083 3618 5124 sermone
3642 5071 3730 5133 45.

449 5179 597 5234 pag.
626 5165 762 5218 512:
792 5164 921 5219 Erat
939 5166 995 5218 in
1019 5165 1220 5221 Christo
1246 5176 1295 5220 et
1325 5163 1590 5236 regnantis
1618 5160 1925 5223 dominatio,
1956 5167 2006 5212 et
2035 5159 2371 5212 ministerium
2398 5157 2776 5212 servientis.....
2808 5155 2940 5210 Erat
2961 5157 3016 5210 in
3057 5159 3227 5227 forma
3261 5157 3354 5212 Dei
3380 5157 3731 5231 Christus.....

473 5272 590 5312 cum
616 5262 869 5326 prwcepto
896 5254 1059 5320 ipsius
1086 5251 1151 5306 de
1173 5255 1390 5308 obsessis
1432 5248 1731 5317 corporibus
1759 5264 1821 5301 ac
1849 5248 2056 5302 vetustis
2080 5264 2107 5301 e
2143 5247 2348 5300 sedibus
2377 5246 2715 5300 reclamantes
2754 5247 3010 5301 dazmones
3037 5245 3377 5317 pellebantur.
3399 5248 3532 5302 Erat
3551 5251 3607 5303 in
3634 5251 3732 5306 Dei

476 5353 662 5422 forma,
685 5363 798 5400 cum
819 5345 1002 5400 mediis
1029 5345 1082 5398 in
1101 5344 1339 5412 ﬂuctibus
1365 5343 1506 5397 unda
1531 5340 1754 5396 solidata
1774 5337 2076 5392 venerandis
2096 5337 2205 5406 ejus
2234 5337 2462 5406 vestigiis
2479 5334 2745 5391 serviebat.
2781 5335 2961 5389 Totum
2989 5338 3124 5391 enim
3151 5347 3206 5390 ut
3228 5335 3482 5393 Dominus
3510 5348 3726 5409 poterat,

473 5449 524 5493 et
545 5448 701 5492 totum
730 5433 1018 5507 patiebatur
1037 5442 1094 5487 ut
1112 5447 1307 5486 servus.
1341 5430 1447 5485 Sed
1479 5433 1591 5502 jam
1622 5429 1882 5484 videamus
1920 5426 2102 5497 quibus
2129 5425 2452 5495 potissimum
2488 5425 2754 5479 virtutibus
2780 5426 3055 5494 quibusque
3077 5427 3320 5498 gradibus
3341 5430 3428 5484 ille
3453 5433 3539 5498 qui
3559 5448 3731 5485 servus

473 5539 586 5583 erat
606 5528 767 5583 Deum
791 5545 846 5582 se
863 5544 974 5584 esse
1000 5529 1107 5588 suis
1135 5524 1400 5593 discipulis
1421 5522 1762 5592 conﬁrmavit.
1789 5519 1967 5572 Primo
2005 5519 2232 5572 omnium
2257 5517 2546 5587 ﬁdelissimi
2573 5510 2888 5572 centurionis
2929 5523 3275 5577 necessarium
3298 5525 3566 5595 famulum,
3614 5543 3727 5580 cum

474 5621 651 5680 lethali
669 5631 934 5691 urgeretur
960 5616 1302 5684 incommodo,
1330 5625 1538 5684 rogatus
1568 5614 1631 5668 ab
1659 5615 1768 5683 ejus
1802 5612 2011 5669 domino
2035 5651 2049 5678 ,
2081 5611 2262 5667 absens
2289 5609 2564 5678 absentem,
2595 5620 2653 5664 ut
2681 5627 2793 5667 vere
2814 5611 2980 5682 Deus,
3004 5614 3162 5668 missa
3189 5617 3411 5669 sanitate
3441 5617 3656 5682 curavit,
3681 5631 3729 5673 ct
