4138 6186
316 319 385 372 sa
554 304 557 307 '
1748 311 2129 387 PRA-ZFATIO.
3531 318 3597 373 7b

318 437 577 499 (egrotum
595 426 763 492 illum,
794 443 938 500 quem
955 428 1108 497 paulo
1130 425 1331 497 longius
1371 426 1746 480 decumbentem
1787 429 2128 497 corporaliter
2150 443 2253 480 non
2284 427 2504 492 uidebat,
2534 428 2741 483 deitatis
2779 444 2885 482 sua:
2907 433 3069 484 oculis
3098 432 3337 485 rtsttarit.
3365 431 3595 504 Denique

321 518 638 581 miserandae
660 519 829 573 vidua:
846 518 1050 571 unicum
1091 518 1275 587 ﬁlium,
1305 534 1417 571 cum
1434 519 1546 589 jam
1573 519 1895 588 sepeliendus
1914 518 2042 572 lecto
2064 527 2358 588 portaretur
2384 520 2453 573 ad
2473 521 2743 584 tumulum,
2774 522 3011 591 jussione
3045 523 3347 592 viviﬁcantis
3391 524 3592 595 imperii

320 612 653 674 suscitatam,
682 611 801 664 vitte
822 609 971 663 simul
996 625 1056 661 ac
1093 609 1247 664 matri
1276 609 1469 662 medias
1499 610 1631 662 inter
1654 608 1847 673 turbas,
1876 617 1923 660 et
1942 618 2101 661 morte
2129 610 2243 678 ipsa
2273 617 2416 674 teste,
2445 610 2684 662 restituit.
2710 608 2837 664 Post
2871 610 2980 665 lucc
3007 612 3331 666 sacerdotum
3362 614 3591 684 princige

319 719 417 771 pro
442 701 611 754 salute
636 699 765 769 ﬁlice
787 714 894 752 sua:
915 697 1250 767 supplicante,
1274 699 1401 767 ipse,
1434 698 1520 767 qui
1542 698 1699 749 vitam
1726 696 1959 749 nascenti
1987 696 2219 759 dederat,
2250 696 2508 764 defuncta:
2531 696 2715 766 puella:
2740 700 2970 752 animum
3013 699 3277 768 proprium
3304 700 3509 755 induxit
3536 704 3589 755 in

316 806 527 857 corpus.
562 788 634 839 Ac
664 804 727 840 ne
748 787 1010 839 miraculis
1051 788 1347 839 recentioris
1376 787 1544 840 obitus
1571 786 1711 856 apud
1739 788 1922 855 impios
1951 787 2187 839 concludi
2224 796 2512 841 remaneret
2536 788 2644 841 ulla
2672 790 2914 857 suspicio,
2939 799 2986 843 et
3013 800 3315 860 putarentur
3336 810 3438 847 non
3480 811 3596 848 esse

315 880 509 932 mortui
540 888 645 931 tam
668 880 905 931 velociter
923 879 1173 941 suscitati,
1206 876 1275 929 ad
1299 877 1434 929 beati
1455 875 1643 929 Lazari
1663 878 1892 947 pergitur
1918 880 2255 947 sepulturam,
2284 880 2371 949 qui
2398 878 2771 949 quatriduanus
2799 890 2848 931 et
2877 880 3082 950 fetidus,
3119 882 3334 937 uinculis
3360 885 3592 956 insuper,

314 980 372 1021 ut
396 970 557 1023 moris
585 979 679 1032 est,
712 969 1005 1038 colligatus,
1030 968 1098 1019 ad
1120 976 1427 1036 prleceptum
1449 966 1639 1021 Christi
1659 968 1886 1019 vocantis
1908 968 2171 1031 exsiliens,
2204 969 2368 1036 factus
2391 977 2467 1020 est
2494 970 2735 1021 continuo
2761 967 2983 1023 Domino
3005 986 3095 1022 suo
3120 971 3175 1021 in
3198 971 3445 1040 colloquio
3462 991 3587 1043 par-

316 1064 505 1129 ticeps,
529 1070 577 1112 et
600 1062 653 1111 in
676 1075 871 1112 mensa:
902 1062 1144 1111 societate
1166 1059 1395 1112 conriva.
1432 1055 1559 1120 Qua:
1587 1059 1760 1111 omnia
1784 1061 1923 1129 facta
1945 1068 2062 1112 sunt
2096 1058 2307 1123 idcirco,
2337 1060 2649 1125 charissimi,
2676 1069 2734 1113 ut
2772 1078 2919 1115 nemo
2946 1064 3146 1132 penitus
3167 1065 3231 1117 de
3268 1065 3378 1133 ejus
3423 1067 3587 1121 reditu

314 1151 380 1201 ab
405 1150 589 1218 inferis
618 1148 921 1217 disputaret.
946 1148 1020 1202 Ac
1043 1148 1108 1201 de
1131 1148 1401 1202 miraculis
1422 1148 1637 1217 quidem
1662 1149 1810 1202 satis.
1838 1148 1967 1202 Nam
1995 1150 2208 1217 longum
2230 1159 2310 1205 est
2334 1152 2435 1205 iter
2457 1153 2525 1206 ad
2567 1154 2764 1207 omnia.
2793 1153 2921 1219 Quae
2945 1171 3072 1210 vero
3117 1157 3167 1210 in
3192 1167 3365 1212 morte
3388 1157 3587 1214 Christi

310 1256 572 1303 evenere,
599 1255 825 1309 quaeque
848 1239 1098 1307 deinceps
1121 1239 1187 1291 ab
1210 1254 1275 1292 eo
1299 1246 1508 1307 patrata
1534 1247 1673 1299 sunt,
1701 1246 1891 1306 etquae
1916 1239 2177 1294 Maximus
2200 1240 2314 1294 fuse
2336 1242 2658 1310 capioseque
2684 1250 2895 1306 tractat,
2922 1259 2983 1297 ea
3019 1245 3264 1313 equidem
3288 1258 3588 1316 Opportune

311 1341 460 1401 post,
487 1348 609 1387 cum
636 1341 842 1399 tempus
865 1330 1151 1393 monuerit,
1178 1330 1495 1386 describam.
1522 1330 1673 1384 Nunc
1694 1330 1761 1384 de
1784 1331 2165 1399 praidicatione
2207 1330 2406 1387 Christi
2447 1336 2649 1402 paucis.
2675 1333 2791 1389 Jam
2816 1351 2944 1390 vero
2966 1351 3085 1404 qua:
3108 1336 3359 1392 Servatur
3380 1340 3589 1407 generis

311 1424 537 1476 humani
561 1430 651 1476 aut
672 1422 847 1491 palam
870 1429 1159 1491 aperteque
1184 1431 1274 1474 aut
1297 1422 1565 1491 parabolis
1588 1438 1715 1477 usus
1736 1424 1935 1486 docuit,
1961 1426 2344 1494 comprehensa
2367 1441 2397 1479 a
2433 1427 2665 1481 Maximo
2688 1428 2844 1483 video
2883 1428 3044 1484 fuisse
3066 1430 3286 1485 homilia
3312 1431 3430 1496 108,
3458 1447 3581 1501 pag.

308 1510 418 1564 557
444 1526 618 1579 seqq.;
648 1508 763 1573 109,
790 1522 909 1578 pag.
937 1508 1032 1561 561
1062 1523 1243 1577 seqq.;
1278 1509 1396 1575 111,
1424 1524 1544 1579 pag.
1574 1509 1675 1563 509
1698 1526 1849 1579 seq.;
1898 1512 1942 1563 11

1951 1512 2016 1577 .4,
2044 1528 2164 1581 pag.
2214 1513 2317 1567 580
2357 1530 2533 1584 seqq.;
2562 1516 2681 1580 1-16,
2709 1532 2829 1585 pag.
2859 1518 2960 1572 585
2985 1535 3163 1588 seqq.;
3192 1521 3310 1585 117,
3336 1536 3454 1591 pag.
3483 1523 3585 1577 586

309 1618 496 1671 soqq.;
524 1616 681 1653 serm.
708 1598 760 1663 2,
787 1611 907 1668 pag.
936 1598 1038 1651 598
1061 1614 1234 1669 seqq.,
1260 1599 1485 1669 aliisque
1508 1600 1563 1653 in
1587 1601 1717 1655 locis
1740 1616 1860 1669 qua:
1882 1616 1949 1655 ne
1972 1617 2256 1657 numerare
2276 1604 2490 1671 quidem
2512 1614 2681 1659 vacat.
2712 1606 2824 1660 lloc
2845 1607 3009 1661 breve
3031 1610 3270 1671 alierum,
3296 1611 3437 1679 quod
3461 1628 3586 1669 san-

306 1699 437 1744 ctus
460 1690 681 1742 antistes
704 1685 871 1760 [uix]
901 1687 1278 1741 animadvertit
1324 1704 1572 1743 sermone
1595 1689 1681 1753 57,
1733 1690 1824 1757 qui
1868 1696 1951 1743 est
1998 1705 2172 1745 nonus
2193 1692 2257 1745 de
2301 1692 2574 1748 Paschalis
2605 1695 2959 1760 Solemnitate,
3012 1712 3129 1766 pag.
3158 1697 3299 1752 495:
3332 1700 3586 1771 Suscepta

309 1796 478 1833 carne
507 1782 568 1833 de
592 1781 805 1851 virgine,
835 1795 899 1832 ne
920 1795 1069 1850 quam
1107 1781 1163 1833 in
1204 1779 1309 1848 ﬁde
1332 1790 1524 1835 nostra:
1561 1782 1900 1850 confessionis
1931 1781 2167 1837 nebulam
2213 1792 2527 1853 pateremur,
2570 1802 2709 1842 'roro
2737 1804 3151 1842 rnuicntoms
3194 1806 3305 1843 sua:
3336 1808 3582 1847 Teneone

309 1886 490 1923 rerum
518 1887 572 1924 se
598 1870 855 1923 reuelabat
880 1869 1065 1934 Deum,
1096 1873 1378 1941 perfectum
1407 1871 1700 1925 ostendebat
1728 1880 1775 1925 et
1804 1872 2075 1927 hominem.
2096 1872 2284 1928 Flebat
2305 1878 2509 1948 quippe,
2538 1886 2594 1931 ut
2614 1890 2789 1933 nostro
2820 1880 2995 1934 dolore
3014 1898 3263 1945 moerens;
3291 1882 3381 1934 sed
3406 1892 3461 1935 ut
3489 1900 3583 1937 sua

311 1964 497 2013 virtute
523 1970 706 2031 potens
743 1963 1014 2014 miseratus
1043 1976 1293 2015 caecorum
1324 1961 1579 2027 tenebras,
1612 1964 1726 2016 huic
1748 1964 1964 2017 necdum
1994 1968 2245 2035 formatos
2273 1970 2493 2039 faciebat
2521 1971 2723 2035 oculos,
2756 1973 2832 2025 illi
2870 1973 3112 2027 reddebat
3140 1977 3380 2029 amissos.
3416 1973 3469 2026 Ν
3475 1976 3582 2027 ιιιιὶο

311 2068 444 2123 gans
465 2069 578 2104 cum
599 2052 865 2121 discipulis
892 2053 996 2105 suis
1025 2069 1204 2105 somno
1242 2053 1464 2105 hominis
1494 2054 1779 2107 dormiebat
1806 2055 1858 2107 in
1890 2058 2047 2124 puppi
2062 2074 2081 2120 ;
2108 2058 2197 2109 sed
2220 2063 2441 2113 conscia:
2479 2063 2769 2131 majestatis
2797 2066 3013 2132 imperio
3052 2066 3421 2134 insurgentium
3449 2066 3579 2132 ﬂuc-

311 2152 452 2194 tuum
489 2144 649 2197 moles
686 2145 1212 2213 minacesqulrentos
1266 2159 1447 2196 serena
1494 2145 1726 2212 protinus
1777 2146 2150 2214 tranquillitate
2191 2152 2520 2217 compescuit.
2573 2151 2885 2205 Moriturum
2927 2170 3001 2216 se,
3045 2164 3099 2206 ut
3147 2157 3439 2223 temporalis
3467 2157 3580 2208 vita

312 2234 463 2287 homo
502 2234 781 2303 saepissime
829 2235 1139 2299 testabatur;
1172 2235 1263 2288 sed
1302 2242 1357 2287 ut
1404 2246 1623 2289 wternus
1660 2234 1818 2300 Deus,
1849 2239 2029 2307 refugo
2058 2238 2109 2290 in
2142 2254 2353 2307 corpore
2379 2240 2519 2293 vitali
2569 2243 2783 2310 spiritu,
2832 2244 2901 2295 ad
2948 2243 3109 2296 lucem
3158 2253 3383 2299 mortuos
3414 2245 3578 2298 redire

318 2327 581 2395 pra’t‘epil.

393 2417 504 2471 XV.
541 2417 821 2471 Venditum
850 2432 1013 2485 porro
1053 2416 1117 2470 ad
1147 2424 1443 2470 extremum
1471 2431 1501 2469 a
1527 2414 1661 2469 Juda
1704 2416 2010 2485 proditore,
2064 2432 2160 2488 per
2198 2432 2461 2472 summum
2503 2419 2677 2473 scelus
2716 2419 2876 2473 fuisse
2917 2420 3255 2475 Servatorem
3284 2421 3573 2483 Christian,

315 2526 546 2579 eamque
575 2512 644 2565 ob
674 2520 787 2564 rem
816 2508 1003 2563 Judam
1036 2510 1207 2578 ipsum
1238 2509 1399 2563 fuisse
1434 2525 1529 2562 sua
1555 2510 1819 2565 sententia
1848 2508 2291 2570 condemnatum,
2322 2508 2584 2563 Maximus
2611 2508 2767 2563 docet
2795 2510 3011 2563 humilia
3037 2510 3125 2573 47,
3155 2526 3275 2581 pag.
3310 2512 3441 2576 144;
3473 2511 3572 2576 48,

315 2619 442 2672 pag.
473 2602 572 2654 147
601 2617 750 2669 seqq.
782 2601 1007 2655 llomilia
1038 2611 1214 2656 autem
1245 2601 1333 2665 51,
1365 2615 1484 2671 pag.
1513 2599 1631 2666 157,
1665 2602 1927 2655 latronem
1964 2601 2055 2670 qui
2094 2602 2146 2653 in
2189 2613 2347 2654 cruce
2373 2599 2649 2653 confessus
2672 2598 2938 2654 Christum
2962 2609 3069 2665 est,
3096 2617 3213 2655 cum
3237 2600 3371 2655 Juda
3392 2642 3405 2663 ,
3435 2603 3573 2659 idem

312 2692 574 2745 Maximus
601 2691 882 2744 conferens
915 2707 928 2741 :
963 2688 1117 2744 Recte
1144 2690 1313 2760 plane,
1349 2691 1546 2758 inquit,
1582 2688 1833 2745 Dominus
1864 2688 1980 2742 huic
2007 2690 2262 2758 (latroni)
2294 2691 2453 2743 donat
2475 2691 2801 2758 paradisum,
2833 2693 2953 2761 quia
2982 2708 3129 2761 quem
3154 2691 3321 2746 ludas
3353 2693 3573 2750 Iscariot

309 2787 361 2837 in
393 2783 597 2835 hortulo
627 2780 860 2851 paradisi
889 2780 1232 2844 distraxerat,
1265 2782 1344 2833 hic
1374 2783 1426 2834 in
1454 2782 1617 2834 crucis
1654 2780 1883 2850 patibulo
1911 2781 2205 2849 conﬁtetur.
2257 2778 2399 2833 Mira
2446 2782 2571 2834 res!
2601 2781 2871 2849 conﬁtetur
2916 2781 3049 2834 latro
3096 2799 3243 2853 quem
3294 2783 3572 2854 discipulus

309 2870 603 2942 abnegavit.
636 2869 688 2922 Μ
698 2871 794 2933 ira,
822 2872 1063 2940 inquam,
1096 2870 1217 2923 res!
1245 2868 1403 2922 Latro
1434 2869 1741 2939 honoriﬁcat
1768 2870 2077 2935 patientem,
2121 2886 2266 2940 quem
2309 2869 2475 2923 ludas
2526 2870 2753 2937 prodidit
2800 2872 3133 2926 osculantem.
3189 2873 3265 2927 Ab
3308 2875 3401 2929 hoc
3429 2878 3571 2944 pacis

308 2963 662 3017 blandimenta
703 2961 1006 3029 cenduntur,
1045 2960 1105 3013 ab
1154 2961 1241 3015 illo
1289 2962 1455 3015 crucis
1496 2961 1706 3014 uulnera
1732 2962 2100 3029 praedicantur.
2149 2961 2214 3015 Et
2242 2963 2455 3016 homilia
2485 2960 2574 3026 5‘2,
2606 2978 2727 3031 pag.
2758 2961 2895 3017 16‘2:
2924 2964 3093 3019 ludas
3120 2977 3387 3035 postquam
3415 2968 3571 3038 ﬁdem

307 3055 551 3126 perdidit,
585 3055 932 3108 innocentiam
962 3054 1277 3123 apostolatus
1306 3055 1495 3107 amisit.
1532 3054 1771 3107 Omnium
1800 3056 1934 3107 enim
1964 3055 2231 3107 criminum
2260 3069 2375 3106 reus
2417 3054 2582 3123 factus
2623 3061 2725 3115 est,
2758 3063 3025 3125 postquam
3062 3058 3305 3109 virtutum
3343 3059 3569 3111 omnium

308 3148 591 3217 Dominum
618 3147 904 3217 denegavit.
940 3188 952 3199 .
990 3188 1003 3200 .
1040 3187 1052 3199 .
1089 3187 1101 3199 .
1139 3188 1152 3201 .
1186 3146 1339 3201 Facit
1365 3150 1523 3219 igitur
1549 3157 1598 3201 et
1626 3149 1757 3219 ﬁdes
1783 3150 2076 3203 innocentes
2106 3150 2350 3213 latrones,
2381 3158 2430 3201 et
2458 3149 2677 3217 perﬁdia
2708 3150 2967 3217 apostolos
2993 3150 3314 3201 criminosos.
3340 3147 3443 3201 Sed
3470 3149 3569 3201 hac

309 3242 379 3295 de
406 3256 464 3295 re
495 3240 649 3309 plura
697 3238 943 3307 persequi
976 3254 1081 3291 non
1111 3245 1192 3293 est
1220 3253 1373 3307 opus.
1428 3238 1503 3292 De
1544 3238 1745 3307 judicio
1776 3240 1828 3292 in
1854 3238 2123 3291 Christum
2153 3239 2396 3292 instituto
2426 3253 2455 3290 a
2488 3236 2658 3291 Pilato
2687 3236 2881 3291 ludam
2903 3237 3129 3306 pmside
3154 3237 3319 3305 (quod
3347 3236 3564 3306 quidem

302 3332 564 3400 judicium
594 3329 802 3398 injuria:
832 3330 1043 3397 plenum
1076 3328 1452 3396 injustitiarque
1481 3327 1609 3398 fuit)
1642 3328 1854 3395 egregie
1882 3327 2143 3381 Maximus
2167 3327 2381 3379 disserit
2408 3326 2624 3379 homilia
2654 3325 2741 3390 46,
2773 3322 2892 3394 pag.
2920 3325 3041 3379 144.
3078 3325 3139 3379 in
3182 3324 3380 3378 Christi
3407 3340 3564 3379 accu-

304 3432 518 3476 satores
546 3428 721 3473 autem
745 3416 1021 3482 Hebraaos,
1051 3419 1141 3486 qui
1169 3432 1228 3471 se
1256 3432 1488 3486 suosque
1515 3426 1761 3486 posteros
1784 3418 1923 3469 irent
1951 3416 2247 3484 perditum,
2280 3416 2356 3469 sic
2384 3416 2545 3468 habet
2572 3428 2733 3468 serm.
2766 3413 2851 3478 ‘29,
2886 3428 3007 3483 pag.
3041 3414 3144 3468 475
3168 3429 3288 3483 seq.
3316 3433 3327 3466 :
3361 3412 3568 3468 Crudeli

304 3513 559 3565 sententia
584 3527 677 3563 sua
724 3510 862 3579 ﬁlios
901 3517 1231 3578 posterosque
1272 3524 1389 3561 suos
1436 3508 1707 3561 sceleribus
1753 3507 2091 3568 addixerunt,
2134 3506 2356 3559 dicentes
2384 3521 2399 3556 :
2430 3502 2703 3573 tSanguis
2731 3503 2843 3573 ejus
2872 3519 3140 3572 supernos
3178 3512 3226 3555 et
3253 3519 3403 3570 super
3429 3502 3568 3571 ﬁlios

305 3608 567 3652 nostros.»
599 3596 831 3650 Crudelis
858 3597 1111 3649 sententia
1136 3595 1455 3661 Iudaeorum,
1486 3596 1574 3665 qui
1601 3597 1834 3666 facinore
1860 3612 1951 3648 suo
1991 3610 2092 3647 non
2120 3598 2285 3647 solum
2312 3602 2591 3663 prtesentes
2634 3593 2818 3647 liberos
2849 3592 3115 3655 damnant,
3150 3594 3237 3645 sed
3265 3594 3421 3645 etiam
3462 3609 3564 3647 non

206 3719 213 3723 -
304 3701 461 3744 natos
487 3689 736 3743 occidunt.
773 3686 1003 3751 Quantos
1031 3689 1166 3740 enim
1194 3688 1290 3739 hac
1318 3704 1433 3741 uoce
1462 3687 1532 3739 ad
1560 3686 1924 3740 conscientiam
1971 3687 2219 3756 facinoris
2258 3693 2468 3749 vocant,
2514 3701 2637 3755 quos
2666 3684 2880 3738 scientia
2923 3684 3153 3735 criminis
3192 3698 3297 3735 non
3342 3682 3561 3735 tenebat.

300 3779 559 3843 Crudelis,
590 3781 820 3848 inquam,
844 3779 1096 3848 impietas,
1120 3777 1254 3848 quod
1273 3788 1503 3847 posteros
1532 3786 1653 3829 ante
1676 3778 1731 3829 in
1758 3785 1956 3832 reatum
1978 3786 2141 3840 uocat,
2173 3773 2325 3845 quam
2352 3777 2587 3846 producit
2618 3777 2672 3829 in
2701 3775 2881 3838 lucem,
2907 3782 2962 3826 ut
2987 3776 3130 3841 prius
3160 3776 3344 3845 futuris
3367 3778 3565 3829 contin-

300 3880 445 3943 geret
472 3887 685 3940 peccare
712 3886 863 3941 quam
891 3870 1070 3922 vivere.
1104 3866 1312 3922 Cruenti
1349 3868 1502 3936 plane
1529 3870 1813 3939 genitores,
1844 3868 1927 3937 qui
1974 3877 2093 3919 ante
2118 3868 2393 3936 parricida:
2446 3869 2569 3936 facti
2597 3876 2715 3920 sunt
2759 3883 2910 3938 quam
2956 3876 3223 3936 parentes;
3253 3877 3303 3920 et
3337 3878 3456 3920 ante
3479 3884 3563 3922 eos

297 3962 467 4014 socios
496 3977 617 4015 suos
647 3960 919 4014 sceleribus
948 3967 1350 4029 assumpserunt,
1381 3976 1505 4028 quos
1534 3967 1704 4012 utrum
1757 3959 2022 4028 sanguinis
2072 3960 2347 4027 participes
2394 3966 2599 4027 possent
2650 3956 2852 4021 habere,
2885 3958 3193 4010 nescierunt.
3242 3956 3363 4010 Non
3408 3959 3565 4028 igitur

296 4051 597 4103 mirandum
625 4061 699 4103 est
739 4052 784 4103 si
824 4052 877 4103 in
909 4049 1233 4104 Salvatorem
1262 4056 1368 4100 tam
1396 4048 1624 4101 crudeles
1655 4050 1880 4118 fuerunt,
1908 4049 1993 4117 qui
2031 4048 2335 4100 exstiterunt
2380 4048 2431 4099 in
2478 4062 2598 4098 suos
2641 4055 2866 4114 posteros
2897 4054 3003 4098 tam
3033 4046 3281 4099 crudeles.
3316 4045 3564 4100 Tacuisse

301 4155 429 4193 vero
456 4138 753 4205 Christum,
786 4140 909 4194 dum
937 4146 1295 4202 accusaretur,
1328 4138 1476 4211 [ιιι]
1505 4138 1765 4193 Maximus
1810 4147 2024 4201 monet,
2076 4138 2408 4206 tacendoque
2437 4154 2586 4191 suam
2618 4137 2962 4191 conliriuasse
2993 4138 3370 4202 innocentiam,
3405 4150 3563 4208 atque

300 4228 581 4282 Veturiam
610 4238 935 4298 reportasse.
966 4227 1195 4282 Ilomilia
1224 4226 1309 4291 46,
1342 4243 1463 4298 pag.
1499 4228 1592 4280 141
1619 4243 1755 4297 seq.:
1790 4228 2010 4295 Mirum,
2043 4230 2230 4297 inquit,
2268 4231 2488 4299 forsitan
2515 4230 2761 4292 uideatur,
2795 4232 3001 4298 fratres,
3027 4247 3118 4282 cur
3149 4230 3399 4284 Dominus
3426 4229 3563 4299 apud

298 4319 575 4385 pra'sidcm
604 4318 833 4371 Pilatum
860 4336 891 4371 a
914 4318 1227 4388 principibus
1256 4320 1579 4373 sacerdotum
1608 4328 1889 4385 accusetur,
1920 4332 1969 4373 et
1998 4330 2193 4383 taceat,
2226 4336 2316 4373 nec
2345 4322 2621 4390 nequitiam
2660 4337 2834 4373 eorum
2869 4316 2961 4372 sua
2995 4324 3324 4387 responsione
3353 4321 3563 4373 convin-

296 4419 413 4471 cat;
444 4425 559 4461 cum
592 4411 762 4478 utique
788 4412 1037 4480 ingestam
1067 4412 1445 4463 accusationem
1473 4412 1677 4463 nonnisi
1708 4412 1936 4481 refellere
1956 4412 2118 4464 soleat
2145 4410 2413 4464 subsecuta
2436 4410 2682 4479 defensio.
2709 4408 2920 4474 Mirum,
2946 4411 3174 4475 inquam,
3202 4411 3315 4477 ﬁat,
3344 4412 3551 4478 fratres,

298 4503 436 4567 quod
466 4511 716 4572 arguatur
746 4502 1007 4565 Salvator,
1042 4512 1089 4554 et
1119 4510 1301 4554 taceat.
1349 4502 1697 4554 Taciturnitas
1725 4504 1859 4555 enim
1890 4503 2142 4555 interdum
2188 4520 2279 4571 pro
2318 4517 2571 4555 consensu
2615 4501 2856 4565 habetur;
2900 4500 3097 4553 videtur
3126 4515 3340 4569 namque
3369 4498 3559 4567 conﬁr-

300 4610 442 4645 mare
470 4594 604 4663 quod
632 4592 890 4663 objicitur,
924 4610 1037 4646 cum
1066 4611 1167 4646 non
1209 4594 1312 4647 vult
1341 4596 1647 4665 respondere
1674 4596 1809 4661 quod
1836 4598 2099 4663 quarritur.
2133 4597 2520 4649 Accusationem
2564 4613 2684 4667 ergo
2724 4613 2869 4649 suam
2900 4595 3149 4649 Dominus
3179 4590 3395 4643 tacendo
3434 4607 3559 4643 con-

302 4690 517 4757 ﬁrmat?
545 4686 667 4741 Non
697 4690 850 4757 plane
875 4690 1249 4741 accusationem
1278 4706 1423 4742 suam
1454 4690 1664 4741 latendo
1692 4690 1988 4758 conﬁrmat,
2038 4691 2129 4743 sed
2174 4691 2387 4759 despicit
2431 4706 2534 4742 non
2583 4689 2880 4760 refellendo.
2935 4689 3072 4741 Bene
3116 4688 3250 4739 enim
3294 4693 3445 4748 tacet,
3477 4686 3561 4752 qui

300 4781 599 4850 defensione
628 4797 729 4833 non
760 4780 973 4848 indiget.
1020 4779 1224 4832 Ambiat
1268 4779 1509 4850 defendi,
1540 4782 1623 4850 qui
1667 4782 1844 4833 metuit
1892 4783 2145 4851 superari.
2199 4780 2433 4834 Festinet
2461 4782 2617 4851 loqui,
2650 4783 2733 4850 qui
2766 4782 2905 4832 timet
2934 4780 3083 4831 vinci.
3128 4775 3363 4828 Christus
3392 4783 3560 4826 autent

299 4886 413 4924 cum
462 4870 852 4935 condemnatur,
897 4876 946 4920 et
974 4876 1217 4937 superat:
1247 4884 1358 4920 cum
1400 4868 1686 4938 judicatur,
1719 4877 1765 4921 et
1794 4871 1981 4931 vincit,
2016 4870 2145 4921 sicut
2174 4869 2246 4921 ait
2285 4870 2573 4938 propheta:
2613 4868 2679 4921 Ut
2700 4867 3001 4938 justiﬁceris
3031 4866 3084 4917 in
3110 4864 3427 4917 sermonibus
3459 4864 3557 4915 tuis

296 4970 346 5013 et
374 4962 550 5011 vincas
580 4976 693 5011 cum
711 4960 985 5030 judicaris.
1018 4956 1153 5022 Quid
1180 4975 1301 5029 ergo
1327 4976 1452 5028 opus
1482 4960 1530 5013 ei
1556 4962 1689 5029 loqui
1718 4970 1839 5013 ante
1860 4961 2145 5030 judicium,
2178 4964 2256 5014 cui
2294 4963 2460 5025 ipsum
2495 4961 2747 5030 judicium
2776 4968 2887 5011 erat
2914 4957 3065 5025 plena
3095 4957 3350 5009 victoria?
3389 4956 3561 5009 Vincit

298 5052 434 5102 enim
464 5065 578 5102 cum
599 5052 865 5120 judicatur
892 5049 1153 5113 Christus,
1181 5052 1299 5120 quia
1327 5052 1399 5102 sic
1425 5052 1669 5103 innocens
1711 5051 2056 5122 approbatur;
2085 5054 2221 5107 unde
2261 5054 2332 5105 ait
2362 5051 2604 5104 Pilatus:
2638 5049 2893 5102 Innocens
2936 5064 3030 5117 ego
3070 5063 3183 5100 sum
3229 5064 3263 5100 a
3303 5051 3559 5118 sanguine

301 5145 453 5212 hujus
474 5144 626 5213 justi,
658 5153 763 5197 etc.
794 5141 911 5196 Jam
941 5159 1069 5198 vero
1100 5159 1196 5212 pro
1225 5144 1437 5212 quibus,
1465 5144 1842 5211 quamobrem,
1875 5160 2035 5212 quam
2064 5162 2203 5199 szeva
2251 5146 2505 5201 Servator
2542 5146 2751 5213 generis
2796 5145 3017 5199 humani
3060 5146 3359 5214 pertulerit,
3393 5161 3457 5199 ex
3490 5145 3558 5199 iis

298 5249 415 5302 qua:
444 5250 568 5287 mox
599 5234 814 5287 alleram
860 5234 1019 5303 plane
1066 5233 1251 5301 liquet.
1305 5232 1534 5287 Homilia
1564 5233 1658 5299 5‘2,
1690 5248 1810 5303 pag.
1846 5234 1967 5300 102,
1996 5236 2072 5290 sic
2117 5236 2315 5289 habet:
2348 5236 2490 5288 Unus
2539 5250 2719 5303 passus
2764 5244 2841 5287 est
2887 5252 2981 5303 pro
3022 5236 3189 5289 salute
3234 5245 3557 5288 cunctorum.

298 5326 503 5380 Rursus
532 5327 748 5380 homilia
780 5326 868 5387 50,
902 5340 1021 5395 pag.
1057 5325 1161 5379 155
1186 5344 1197 5377 :
1231 5325 1417 5380 Passio
1448 5326 1659 5391 Christi,
1691 5328 1878 5395 inquit,
1913 5338 2094 5381 nostra
2120 5329 2399 5395 redemptio
2426 5337 2527 5390 est,
2560 5342 2696 5379 mors
2724 5326 2835 5397 ejus
2865 5330 2967 5381 vita
2996 5336 3196 5383 nostra.
3230 5326 3358 5380 Ideo
3385 5335 3555 5379 autem

295 5418 437 5471 mala
483 5418 589 5471 hac
619 5427 801 5470 cuncta
831 5417 1099 5479 sustinuit,
1141 5427 1199 5469 ut
1226 5434 1321 5470 nos
1360 5416 1495 5471 bona
1523 5418 1696 5471 omnia
1727 5421 2050 5473 sentiremus.
2085 5418 2211 5472 Ideo
2258 5418 2611 5471 crudelitatem
2655 5417 2707 5470 in
2735 5435 2790 5471 se
2817 5422 3045 5472 exerceri
3089 5420 3301 5481 maluit,
3332 5428 3388 5471 ut
3417 5418 3561 5472 nobis

297 5510 709 5563 misericordiam
740 5509 1036 5578 largiretur.
1066 5511 1316 5579 Aufer-ens
1356 5512 1491 5563 enim
1518 5526 1611 5579 per
1651 5526 1851 5564 crucem
1881 5512 2090 5564 humani
2121 5511 2323 5581 generis
2356 5510 2608 5579 injurias,
2640 5526 2726 5563 eas
2764 5526 2936 5564 omnes
2964 5512 3019 5563 in
3048 5526 3143 5563 sua
3170 5510 3409 5580 passione
3438 5524 3561 5561 oon-

298 5604 536 5671 sumpsit.
569 5601 940 5654 Conscntanea
968 5608 1125 5665 sunt,
1155 5616 1273 5669 qua:
1302 5602 1491 5655 scribit
1520 5602 1735 5655 homilia
1764 5601 1851 5666 85,
1886 5617 2005 5671 pag.
2035 5602 2156 5653 9.70.
2191 5601 2321 5654 Nam
2350 5618 2360 5652 :
2397 5599 2720 5673 Unigenitus,
2754 5602 2943 5672 inquit,
2975 5601 3071 5655 Dei
3100 5603 3265 5671 factus
3291 5610 3365 5654 est
3390 5599 3557 5651 Filius

298 5695 544 5753 hominis,
576 5694 742 5760 utqui
772 5701 972 5746 creator
1000 5694 1177 5746 mundi
1206 5703 1348 5759 erat,
1397 5694 1542 5761 ﬁeret
1569 5703 1617 5747 et
1647 5695 1953 5765 redemptor.
2004 5691 2102 5757 Qui
2149 5694 2240 5747 sub
2290 5693 2477 5751 Pontio
2523 5694 2696 5751 Pilato
2741 5697 3019 5767 cruciﬁxus
3066 5704 3173 5764 est,
3213 5705 3263 5748 et
3306 5693 3551 5762 sepultus.
