4138 6186
557 316 618 371 τι
1974 285 2348 345 ιιῑιίιῑιηελτιι).
3440 323 3449 341 .
3732 278 3807 336 72

545 413 704 468 Nulla
731 415 876 470 nobis
915 418 982 470 sit
1011 414 1072 467 de
1111 411 1299 466 Christi
1328 415 1478 464 cruce
1505 408 1764 478 confusio,
1795 405 1920 475 quia
1947 404 2188 456 habemus
2235 403 2300 456 de
2327 402 2438 471 ejus
2487 399 2728 470 passione
2776 401 3060 455 victoriam.
3091 437 3105 452 .
3134 438 3148 452 .
3174 437 3187 451 .
3223 395 3596 451 Immaculatus
3625 397 3804 469 Agnus

543 521 640 560 non
670 505 787 569 sibi,
819 505 911 561 sed
936 505 1080 560 nobis
1101 515 1177 560 est
1199 519 1399 576 passus.
1427 541 1444 555 .
1470 541 1482 555 .
1511 541 1526 554 .
1561 498 1673 553 Nec
1700 496 1986 569 incogitata
2013 498 2078 559 ei,
2109 495 2243 565 quod
2263 504 2555 563 peremptus
2582 504 2688 559 est,
2721 504 2810 547 aut
2835 495 3108 566 improvisa
3149 510 3230 547 res
3259 493 3445 547 accidit
3463 533 3477 556 ,
3503 493 3590 562 qui
3617 493 3806 547 divini-

541 598 663 649 tatis
702 611 810 650 sua:
837 597 1048 650 consilio
1090 597 1282 649 idcirco
1310 592 1531 662 suscepit
1560 591 1837 655 hominem,
1868 596 1925 642 ut
1972 604 2066 659 pro
2112 587 2317 647 homine
2341 596 2511 656 posset
2539 585 2722 642 occidi.
2769 585 3089 657 Supplicium
3133 595 3304 639 autem
3349 585 3516 638 crucis
3545 585 3718 656 elegit,
3750 595 3806 640 ut

544 684 888 739 sublimiorem
915 685 1180 739 victoriam
1207 692 1413 754 pareret
1436 699 1584 754 poma
1613 680 1867 743 deterior;
1895 687 1944 732 et
1973 679 2062 748 qui
2095 693 2491 733 UNIVBBSITATIS
2518 692 2650 732 nono
2679 692 3028 740 rntunnun,
3060 677 3206 747 quasi
3235 677 3287 729 in
3318 685 3587 743 conspectu
3627 675 3807 729 mundi

545 778 596 830 in
627 777 785 832 ul’um
813 778 1099 832 sublevatus
1129 776 1476 833 occumberet:
1506 773 1661 829 simul
1691 782 1750 826 ut
1776 772 1863 844 qui
1890 772 2192 842 cruciﬁxum
2217 768 2477 833 viderent,
2510 767 2770 848 mirabilia
2797 776 3062 821 cernerent
3091 768 3346 835 crucifixi.

617 864 691 921 De
719 869 890 922 crucis
937 877 1114 922 autem
1162 869 1416 940 symbolis
1459 866 1590 938 quid
1633 866 1840 930 dicam,
1870 879 1989 934 qua:
2014 863 2093 918 sic
2118 859 2484 934 percensendo
2513 859 2793 929 explicavit
2833 858 3125 922 Maximus,
3157 865 3217 912 ut
3244 874 3306 912 ea
3334 857 3572 911 Justinus
3604 865 3810 928 martyr

547 959 689 1028 iique
718 961 896 1014 ueteri
925 962 1289 1030 explicarunt,
1318 962 1409 1031 qui
1437 961 1690 1030 deinceps
1718 959 1976 1014 adversus
2004 954 2247 1011 ethnicos
2275 967 2374 1022 pro
2417 951 2674 1017 religione
2700 947 3000 1003 Christiana
3042 943 3430 1017 pugnaverant.
3465 949 3541 1004 Ac
3568 947 3809 1002 Justinus

548 1053 782 1121 quidem,
823 1053 1065 1121 apologis
1099 1053 1148 1115 l,
1175 1069 1322 1107 num.
1354 1052 1446 1118 55,
1479 1065 1601 1122 pag.
1629 1049 1696 1104 78
1722 1049 1848 1104 edit.
1883 1063 2034 1118 oper.
2065 1047 2281 1101 Veneta:
2307 1060 2396 1101 an.
2424 1043 2560 1097 1747
2585 1061 2597 1096 :
2633 1041 2936 1107 Intuemini,
2965 1041 3156 1109 inquit,
3187 1043 3379 1104 animo,
3415 1059 3727 1113 quacunque
3753 1043 3808 1096 in

551 1143 738 1196 mundo
767 1153 1052 1208 versantur,
1083 1161 1152 1198 an
1197 1145 1307 1198 sine
1353 1144 1450 1197 hac
1501 1143 1669 1214 ﬁgura
1714 1139 2075 1195 administrari
2119 1146 2168 1190 et
2215 1136 2515 1190 commercio
2560 1131 2730 1206 [ωσι]
2761 1135 2892 1186 inter
2917 1149 2972 1186 se
3008 1132 3254 1202 conjungi
3281 1133 3497 1200 possint.
3530 1133 3678 1187 Mare
3705 1150 3809 1188 non

551 1230 820 1295 scinditur,
852 1232 950 1286 nisi
974 1233 1252 1300 trophceum
1285 1232 1426 1296 illud,
1461 1231 1596 1303 quod
1621 1231 1808 1300 dicitur
1839 1229 2022 1292 velum,
2045 1229 2300 1298 integrum
2337 1228 2392 1279 in
2428 1227 2545 1278 navi
2574 1235 2800 1279 maneat.
2833 1223 2991 1278 Terra
3019 1241 3134 1278 vero
3167 1225 3352 1303 absque
3373 1240 3432 1276 eo
3462 1241 3567 1278 non
3591 1235 3790 1279 aratur.

552 1319 799 1376 Fossores
820 1339 945 1392 Opus
973 1340 1075 1377 non
1100 1325 1313 1394 faciunt,
1347 1340 1438 1377 nec
1473 1323 1730 1376 manuarii
1758 1322 1956 1391 pariter
1991 1319 2238 1388 artiﬁces,
2269 1318 2368 1370 nisi
2395 1316 2639 1370 adhibitis
2659 1316 2794 1368 hanc
2815 1316 3036 1385 figuram
3067 1299 3460 1384 prxferéntibus
3493 1316 3809 1370 instrumen-

555 1411 640 1473 tis,
670 1417 773 1464 etc.
797 1409 1112 1465 Consonant
1132 1411 1213 1464 his
1241 1426 1358 1481 qua:
1387 1410 1743 1465 Tertullianus
1769 1408 2084 1478 Apologetici
2105 1421 2222 1476 cap.
2250 1404 2334 1468 16,
2359 1404 2614 1459 Minatius
2639 1402 2788 1458 Felix
2803 1404 2857 1456 in
2886 1400 3100 1458 Octavio
3129 1417 3248 1472 pag.
3276 1403 3380 1457 502
3406 1404 3534 1458 edit.
3567 1404 3810 1474 Lugduni.

554 1497 807 1553 Batavor.
858 1514 944 1552 an.
981 1499 1138 1565 1709,
1171 1511 1230 1553 ιιι
1259 1501 1494 1568 reliquos
1524 1508 1858 1569 przctcream,
1909 1498 2200 1568 disputant.
2250 1495 2362 1565 Age
2387 1511 2515 1551 vero
2575 1495 2853 1561 Maximus,
2899 1511 2967 1550 an
3011 1511 3118 1550 non
3158 1495 3373 1549 homilia
3406 1494 3492 1561 50,
3538 1511 3656 1566 pag.
3687 1496 3810 1564 254,

555 1592 776 1660 perinde
801 1593 912 1660 agit
957 1592 1025 1646 de
1061 1593 1208 1647 navis
1231 1593 1422 1648 arbore
1445 1634 1458 1659 ,
1501 1607 1620 1662 qua:
1666 1607 1775 1663 pra:
1821 1607 1881 1648 se
1910 1591 2311 1646 similitudinem
2339 1591 2514 1646 crucis
2544 1590 2698 1655 ferat,
2729 1598 2785 1646 et
2829 1590 2947 1645 sine
2973 1605 3077 1659 qua
3100 1591 3267 1646 scindi
3297 1606 3443 1646 mare
3472 1608 3579 1648 non
3606 1603 3769 1661 queat
3795 1596 3809 1649 !

557 1677 783 1743 Grande,
829 1680 1019 1749 inquit,
1051 1682 1217 1735 crucis
1239 1690 1316 1736 est
1341 1691 1742 1747 sacramentum,
1766 1691 1815 1736 et
1842 1683 1886 1735 si
1906 1681 2272 1751 intelligamus,
2317 1698 2408 1751 per
2445 1680 2540 1734 hoc
2569 1681 2774 1751 signum
2813 1681 2969 1735 etiam
3005 1666 3224 1736 mu‘ndus
3249 1683 3358 1753 ipse
3395 1684 3638 1740 solvatur.
3673 1684 3815 1742 Nam

556 1788 672 1824 cum
697 1788 728 1824 a
748 1773 919 1824 nautis
940 1771 1190 1825 scinditur
1217 1789 1380 1836 mare,
1411 1774 1555 1842 prius
1596 1772 1662 1825 ab
1691 1773 1819 1842 ipsis
1848 1769 2004 1826 arbor
2029 1772 2263 1842 erigitur,
2306 1770 2469 1824 velum
2512 1769 2844 1834 distenditur,
2874 1777 2930 1822 ut
2960 1785 3110 1826 cruce
3136 1770 3345 1825 Domini
3379 1773 3538 1844 facta,
3569 1791 3816 1846 aquarum

556 1859 750 1930 ﬂuenta
773 1869 1107 1930 rumpantur;
1129 1860 1291 1914 ethoc
1319 1860 1575 1914 dominico
1603 1862 1768 1916 securi
1795 1863 1943 1932 signo
1963 1869 2165 1932 portum
2195 1859 2378 1914 salutis
2413 1867 2609 1930 petunt,
2641 1860 2920 1930 periculum
2963 1862 3143 1916 mortis
3161 1863 3401 1916 evadunt.
3451 1863 3648 1935 Figura
3683 1867 3816 1922 enim

557 1950 864 2002 sacramenti
893 1949 1127 2020 quantum
1149 1958 1224 2002 est
1247 1949 1409 2002 velum
1441 1965 1743 2020 suspensum
1776 1949 1831 2002 in
1859 1946 2058 2013 arbore,
2089 1949 2236 2018 quasi
2277 1945 2512 2002 Christus
2547 1949 2616 2002 sit
2647 1949 2902 2002 exaltatus
2921 1949 2976 2002 in
3007 1965 3171 2003 cruce.
3200 1949 3348 2004 Sicut
3380 1961 3551 2006 autem
3584 1951 3819 2009 Ecclesia

559 2039 671 2092 sine
697 2054 846 2091 cruce
871 2049 1010 2092 stare
1029 2054 1133 2091 non
1159 2046 1342 2108 potest,
1368 2038 1442 2091 ita
1468 2047 1518 2091 et
1542 2039 1654 2092 sine
1675 2037 1859 2091 arbore
1879 2037 2022 2090 navis
2043 2036 2254 2106 inﬁrma
2287 2045 2474 2090 est.....
2507 2035 2614 2092 Sed
2645 2046 2694 2091 et
2719 2036 2880 2092 bonus
2913 2038 3140 2108 agricola
3161 2055 3274 2092 cum
3294 2047 3448 2111 parat
3477 2053 3626 2098 terra:
3654 2045 3818 2099 solum

561 2139 770 2192 vertere,
793 2138 842 2182 et
860 2130 977 2182 vita:
1000 2129 1242 2182 alimenta
1261 2130 1570 2200 perquirere,
1598 2128 1808 2182 nonnisi
1831 2143 1923 2197 per
1951 2127 2156 2196 signum
2180 2127 2348 2179 crucis
2375 2125 2431 2180 id
2460 2127 2630 2197 facere
2647 2135 2892 2192 conatur,
2919 2128 3038 2181 dum
3066 2130 3203 2181 enim
3236 2138 3413 2184 aratro
3451 2131 3659 2186 dentale
3695 2135 3820 2189 sub-

560 2219 691 2292 iicit,
719 2220 876 2291 affigit
894 2235 1066 2285 aures,
1087 2221 1268 2274 stivam
1290 2219 1496 2290 ingerit,
1521 2219 1746 2289 figuram
1768 2219 1934 2271 crucis
1956 2217 2226 2270 imitatur:
2249 2217 2534 2287 compactio
2564 2217 2700 2270 enim
2720 2217 2833 2287 ipsa
2858 2219 3141 2273 similitudo
3163 2220 3397 2291 qutedum
3428 2232 3504 2275 est
3533 2223 3819 2280 Dominica

561 2309 850 2366 Passionis.
882 2309 1057 2380 Pergit
1080 2309 1317 2366 Justinus
1341 2328 1354 2364 :
1381 2309 1626 2365 Humana
1645 2313 1813 2383 forma
1832 2326 1937 2365 non
1957 2309 2064 2363 alia
2087 2325 2144 2363 re
2163 2308 2225 2362 ab
2247 2309 2592 2363 animantibus
2614 2311 2830 2365 rationis
2851 2311 3140 2381 expertibus
3163 2311 3355 2380 differt,
3379 2313 3478 2366 nisi
3499 2315 3634 2385 quod
3655 2323 3819 2370 erecta

561 2410 657 2468 est,
679 2409 727 2454 et
747 2402 1092 2455 extensionem
1113 2418 1356 2454 manuum
1377 2400 1686 2454 habet.......
1718 2417 1810 2454 nec
1837 2401 1981 2456 aliud
2000 2417 2154 2474 quam
2178 2401 2345 2454 crucis
2368 2403 2590 2473 formam
2611 2401 2851 2455 ostendit.
2875 2400 3078 2456 Horum
3100 2397 3226 2457 sunt
3245 2403 3455 2471 simi-lia,
3480 2420 3598 2474 qua:
3619 2407 3820 2477 profert

557 2489 922 2545 Tertullianus
945 2491 997 2545 in
1021 2508 1038 2545 ι
1061 2493 1129 2544 ad
1149 2488 1403 2544 Nationes
1425 2491 1581 2556 libro,
1605 2505 1725 2560 cap.
1753 2490 1858 2544 12;
1886 2489 2018 2562 Ipsi,
2044 2490 2232 2560 inquit,
2275 2493 2479 2562 corpori
2515 2501 2692 2546 nostro
2725 2492 2884 2544 tacita
2912 2499 2962 2546 et
2983 2501 3178 2547 secreta
3217 2493 3354 2548 linea
3390 2498 3683 2552 crucissitus
3721 2507 3820 2554 est.

565 2582 816 2637 Minutius
859 2581 990 2638 item
1029 2582 1180 2637 Felix
1203 2583 1254 2636 in
1309 2579 1551 2648 Octavio,
1576 2595 1698 2652 pag.
1725 2580 1830 2635 501
1873 2599 1887 2634 :
1921 2580 2091 2635 Deum
2129 2581 2280 2635 homo
2330 2582 2579 2652 porrectis
2606 2579 2840 2636 manibus
2870 2599 3003 2650 pura
3054 2592 3219 2638 mente
3245 2594 3528 2639 veneratur.
3559 2585 3645 2640 Ita
3672 2590 3820 2660 signa

563 2674 729 2727 crucis
755 2682 844 2727 aut
872 2675 1004 2728 ratio
1025 2673 1278 2726 naturalis
1300 2671 1558 2738 innititur,
1588 2681 1678 2725 aut
1697 2679 1869 2726 vestra
1890 2671 2071 2744 religio
2097 2673 2372 2743 formatur.
2414 2669 2554 2738 Quid
2573 2670 2868 2726 Maximus?
2891 2672 3046 2738 lbid.,
3072 2686 3193 2744 pag.
3231 2672 3332 2726 155
3357 2692 3369 2726 :
3401 2673 3594 2745 Ipsius,
3627 2677 3819 2746 inquit,

562 2764 790 2817 incessus
821 2763 1061 2828 hominis,
1089 2780 1202 2816 cum
1232 2779 1413 2817 manus
1443 2764 1699 2829 levaverit,
1722 2779 1922 2818 crucem
1943 2765 2128 2835 pingit.
2162 2762 2294 2816 Eam
2317 2772 2497 2817 autem
2537 2762 2608 2817 ob
2641 2778 2752 2817 rem
2795 2764 3047 2834 expansis
3086 2765 3329 2820 manibus
3351 2781 3506 2820 orare
3527 2767 3653 2820 olim
3692 2784 3822 2823 con-

567 2865 749 2906 suesse
770 2849 1103 2908 Christianos
1124 2850 1386 2906 Maximus
1409 2851 1803 2907 animadvertit.
1831 2851 1980 2907 Ideo.
2007 2851 2176 2920 inquit
2199 2851 2347 2916 ibid.,
2379 2850 2586 2906 elevatis
2614 2853 2850 2907 manibus
2874 2870 3024 2907 orare
3049 2855 3394 2925 praxipimur,
3427 2866 3483 2909 ut
3501 2858 3612 2924 ipso
3631 2875 3823 2930 quoque

567 2943 910 2998 membrorum
946 2953 1085 3015 gestu
1111 2944 1402 3014 passionem
1444 2942 1657 2999 Domini
1691 2945 1966 3016 fateamur.
1985 2945 2120 3011 Ejus
2161 2943 2562 2998 consuetudinis
2601 2944 2844 2999 meminit
2885 2943 3244 3001 Tertullianus
3285 2949 3338 3002 in
3381 2963 3448 3003 eo
3489 2949 3626 3005 lbro
3665 2967 3822 3020 quem

571 3033 840 3102 inscripsit
861 3032 924 3086 de
945 3029 1213 3098 Oratione,
1237 3050 1352 3103 cap.
1380 3031 1448 3086 12
1474 3050 1487 3085 :
1522 3029 1654 3098 Nos,
1679 3032 1870 3102 inquit,
1897 3049 2000 3086 non
2029 3031 2310 3086 attollimus
2333 3041 2530 3086 tantum
2552 3031 2804 3104 (manus),
2835 3032 2925 3086 sed
2945 3035 3098 3087 etiam
3126 3036 3464 3104 expendimus
3493 3055 3521 3092 e
3547 3037 3822 3094 Dominica

571 3123 824 3179 Passione
844 3124 1184 3190 modulantes,
1215 3133 1265 3178 et
1288 3133 1495 3178 orantes
1515 3124 1818 3193 confitemur
1849 3122 2074 3176 Christo.
2093 3120 2161 3174 Et
2184 3119 2515 3192 Apologetici
2549 3135 2669 3190 cap.
2693 3121 2764 3177 50
2789 3138 2802 3176 :
2828 3120 3073 3189 Sursum,
3098 3121 3287 3192 inquit,
3317 3127 3648 3194 suspicientes
3672 3126 3823 3184 Chri-

571 3213 748 3276 stiani,
770 3209 1003 3266 manibus
1033 3213 1298 3282 expansis,
1337 3213 1458 3284 quia
1483 3213 1752 3276 innocuis;
1794 3211 1963 3282 capite
2000 3210 2155 3276 nudo,
2199 3212 2319 3282 quia
2356 3226 2460 3264 non
2491 3210 2860 3276 erubescimus;
2898 3211 3114 3283 denique
3150 3214 3262 3266 sine
3297 3216 3572 3280 monitore,
3608 3220 3727 3288 quia
3764 3217 3826 3271 de

571 3314 774 3376 pectore
791 3321 1017 3359 oramus.
1041 3303 1157 3358 Jam
1180 3305 1284 3360 hoc
1313 3304 1405 3359 diu
1437 3311 1564 3358 ante
1594 3301 1981 3360 Tertullianum
2015 3303 2210 3358 litteris
2240 3305 2583 3372 consignarat
2614 3302 2862 3358 Clemens
2893 3301 3120 3358 Roman.
3163 3312 3312 3374 pont.
3338 3303 3508 3374 Epist.
3554 3307 3581 3358 1
3617 3307 3688 3361 ad
3723 3309 3825 3363 Co-

573 3397 757 3466 rinth.,
789 3413 938 3452 num.
967 3395 1020 3465 2,
1052 3412 1173 3468 pag.
1207 3399 1291 3467 10,
1315 3407 1446 3456 tom.
1471 3400 1490 3454 l
1514 3398 1801 3470 Epistolar.
1829 3399 2120 3456 Romanrr.
2147 3399 2385 3470 poutilic.
2413 3398 2541 3454 edit.
2577 3397 2744 3452 Paris.
2771 3397 3070 3453 Constantii
3093 3413 3181 3453 an.
3228 3397 3384 3463 1721.
3426 3399 3564 3456 Hinc
3603 3401 3656 3456 in
3681 3409 3826 3457 vete-

574 3488 722 3546 ribus
763 3488 1183 3545 Christianorum
1226 3493 1606 3558 monumentis,
1635 3491 2100 3547 cmmeterialibus
2142 3489 2471 3559 cumprimis,
2516 3488 2774 3558 imagines
2815 3488 3133 3544 exhibentur
3165 3489 3402 3546 virorum
3441 3491 3828 3560 mulierumque

574 3580 818 3636 manibus
841 3583 1074 3637 extensis
1098 3581 1287 3655 [Lxxu]
1312 3584 1598 3639 amntium.
1627 3581 1891 3638 Revertor
1911 3581 1978 3635 ad
2003 3580 2308 3634 Maximum.
2334 3579 2384 3634 Is
2404 3579 2472 3634 de
2494 3594 2651 3634 cruce
2673 3577 2871 3634 Christi
2915 3580 3152 3636 scribere
3174 3583 3348 3651 pergit
3367 3581 3472 3638 hoc
3491 3582 3652 3639 modo
3677 3600 3691 3637 :
3718 3581 3830 3638 Hoc

572 3677 729 3729 etiam
752 3676 984 3745 exemplo
1015 3674 1190 3730 Moses
1219 3684 1450 3741 sanctus,
1491 3692 1605 3731 cum
1633 3685 1814 3730 contra
1859 3672 2068 3728 Amalec
2109 3671 2294 3726 bellum
2328 3681 2539 3743 gereret,
2575 3687 2678 3726 non
2721 3672 2900 3736 armis,
2932 3688 3035 3727 non
3065 3674 3226 3742 ferro,
3257 3673 3350 3726 sed
3375 3675 3580 3740 elevatis
3607 3693 3721 3730 eum
3765 3676 3834 3731 ad

575 3765 740 3819 Deum
760 3766 992 3818 manibus
1013 3769 1285 3834 superauit.
1314 3765 1626 3819 Pra‘tulerat
1648 3765 1698 3818 ei
1723 3765 1893 3819 facem
1915 3772 2070 3817 vetus
2091 3771 2280 3817 auctor
2302 3763 2352 3814 in
2379 3761 2564 3830 primis
2587 3760 2756 3828 Epist.
2783 3760 3025 3827 ascripta:
3049 3767 3234 3813 sancto
3258 3760 3534 3827 Barnabas,
3562 3779 3706 3818 num.
3744 3764 3830 3830 12,

574 3863 706 3908 tom.
733 3854 752 3907 1
777 3854 1134 3922 Apostolicor.
1170 3850 1405 3914 Patrum,
1449 3865 1570 3918 pag.
1619 3850 1679 3901 6|
1707 3851 1835 3902 edit.
1882 3850 2107 3901 Londin.
2144 3863 2230 3899 an.
2274 3848 2424 3900 1716.
2453 3846 2619 3913 Hujus
2661 3854 2741 3898 est
2763 3845 3068 3914 exemplum
3090 3845 3326 3901 imit..tus
3365 3845 3603 3905 Justinus
3635 3863 3835 3925 martyr

579 3945 799 4012 Dialogo
828 3960 940 3995 cum
973 3943 1262 4012 Trypltone,
1296 3958 1446 3996 num.
1480 3940 1566 4005 9|,
1599 3954 1719 4009 pag.
1756 3938 1878 4003 198,
1917 3954 2024 4008 quo
2071 3939 2190 3992 loco
2223 3956 2234 3990 :
2275 3937 2401 3991 Cum
2428 3936 2644 4008 populus
2690 3952 2804 3990 cum
2832 3936 3060 4004 Amalec,
3091 3936 3282 4006 inquit,
3307 3937 3493 3994 bellant
3520 3952 3735 4011 gereret,
3776 3959 3835 3996 ac

581 4031 728 4085 Nave
755 4032 913 4100 filius,
940 4031 1024 4100 qui
1061 4029 1214 4084 Iesus
1257 4031 1648 4100 cognominatus
1677 4035 1782 4092 est,
1815 4028 2009 4098 primus
2045 4035 2178 4080 esset
2219 4027 2273 4080 in
2304 4026 2431 4090 acie,
2455 4023 2625 4078 Moses
2666 4025 2775 4095 ipse
2811 4022 2976 4079 Deum
3013 4024 3193 4078 orabat
3219 4026 3454 4082 manibus
3483 4030 3715 4101 utrinque
3743 4047 3836 4084 ex-

578 4124 755 4176 tensis.
793 4121 907 4175 llur
951 4131 1120 4174 autem
1149 4130 1197 4174 et
1217 4119 1392 4174 Aaron
1429 4135 1514 4173 eas
1547 4127 1650 4172 toto
1692 4118 1776 4171 die
1804 4115 2142 4176 sustinebant.
2186 4132 2249 4168 ne
2277 4132 2335 4169 eo
2365 4114 2580 4180 lassata,
2614 4114 3016 4168 demitterentur.
3039 4114 3100 4170 Si
3122 4115 3419 4186 quid,enim
3459 4117 3523 4171 dc
3561 4119 3655 4174 hoc
3688 4122 3835 4191 signo

577 4225 776 4262 crucem
803 4209 1035 4262 imitante
1055 4209 1338 4272 remiserat,
1369 4207 1586 4277 papulas
1622 4205 1934 4269 vincebatur,
1965 4214 2020 4256 ut
2044 4207 2097 4258 in
2136 4202 2298 4258 Hosis
2329 4203 2474 4257 libris
2508 4204 2754 4273 scriptum
2790 4215 2884 4256 est.
2921 4200 2983 4256 Si
3020 4219 3135 4258 vero
3157 4205 3208 4257 in
3232 4204 3326 4259 hoc
3355 4207 3456 4259 situ
3483 4211 3834 4278 permanebat,

580 4297 758 4353 tandiu
779 4297 1073 4351 vincebatur
1100 4298 1327 4363 Amalec,
1359 4309 1408 4353 et
1428 4301 1514 4371 qui
1536 4299 1728 4355 viribus
1757 4299 2058 4369 priestabat,
2091 4316 2182 4369 per
2201 4315 2401 4352 crucem
2429 4297 2728 4368 prarstabat.
2753 4296 2866 4352 Non
2890 4297 3194 4368 discrepant
3214 4314 3333 4368 qua:
3357 4300 3684 4370 scripserant
3704 4302 3837 4358 Ter-

579 4389 830 4443 tullianus
865 4388 956 4444 lib.
983 4389 1238 4445 adversus
1258 4388 1490 4455 Judteos,
1515 4406 1632 4460 cap.
1662 4391 1745 4455 10,
1772 4405 1891 4460 pag.
1924 4389 2042 4455 i96,
2069 4397 2124 4444 et
2145 4389 2236 4444 lib.
2263 4404 2317 4444 ιιι
2340 4397 2526 4443 contra
2550 4387 2893 4454 Marciouem,
2927 4402 3044 4457 cap.
3075 4387 3157 4449 18,
3191 4402 3309 4457 pag.
3345 4389 3446 4443 408
3469 4393 3596 4445 edit.
3625 4393 3838 4449 Venetia

579 4493 666 4531 an.
704 4474 871 4540 17M;
897 4486 1115 4532 sanctus
1137 4475 1443 4548 Cyprianus
1464 4478 1556 4532 lib.
1584 4495 1619 4533 ιι
1665 4479 2069 4544 Testimonior.,
2096 4496 2215 4550 cap.
2239 4479 2329 4544 21,
2354 4493 2476 4550 pag.
2501 4477 2570 4532 46
2601 4478 2730 4532 edit.
2755 4475 2928 4533 Oxon.
2956 4493 3043 4532 an.
3078 4476 3242 4544 i682;
3265 4477 3434 4535 Julius
3456 4482 3715 4538 Firmicus
3744 4483 3835 4540 lib.

578 4567 644 4622 de
666 4566 847 4621 Error.
873 4566 1142 4636 profanar.
1170 4567 1346 4636 relig.,
1377 4580 1497 4637 pag.
1527 4567 1632 4620 448
1655 4567 1782 4622 edit.
1810 4569 1957 4624 Post.
1980 4567 2165 4624 Octav.
2209 4569 2407 4625 Minue.
2435 4568 2596 4624 Felic.
2641 4567 2882 4641 Lugdun.
2928 4565 3179 4622 Batavor.
3204 4583 3293 4623 an.
3320 4567 3488 4637 1709;
3519 4578 3684 4641 utque
3729 4588 3834 4629 ca:-

581 4667 723 4712 teros
745 4657 1172 4727 praetermittam,
1198 4672 1265 4713 ne
1287 4657 1386 4712 sim
1412 4657 1463 4711 in
1494 4673 1553 4713 re
1573 4659 1793 4715 minime
1823 4660 2124 4715 necessaria
2152 4659 2366 4725 nimius,
2391 4657 2684 4727 Gregorius
2706 4655 3072 4711 Nazianzenus
3095 4652 3278 4711 Carm.
3302 4673 3411 4724 un,
3438 4673 3558 4729 pag.
3586 4659 3686 4714 127
3705 4661 3833 4716 edit.

578 4746 768 4804 Colon.
803 4764 891 4803 an.
926 4748 1080 4804 1690.

651 4837 833 4906 Neque
852 4853 983 4894 vero
1007 4839 1088 4893 his
1129 4846 1334 4894 tantum
1377 4837 1558 4907 ﬁguris
1599 4841 1922 4911 symbolisve
1960 4856 2079 4895 sese
2121 4840 2383 4895 continuit
2424 4838 2700 4892 Maximus.
2729 4835 2858 4889 Nam
2892 4835 3095 4891 illustre
3138 4837 3298 4892 etiam
3338 4855 3402 4892 ac
3439 4839 3836 4895 memorandum

581 4930 706 4985 illud
732 4932 782 4985 in
807 4932 1117 4986 memoriam
1142 4931 1340 5000 populo
1365 4932 1653 4996 revocavit,
1686 4931 1752 4986 de
1781 4941 2030 5001 serpente
2051 4945 2192 4985 mreo
2213 4938 2392 4985 erecto
2415 4944 2444 4982 a
2477 4929 2622 4983 Mose
2647 4928 2742 4982 Dei
2759 4927 2930 4994 jussu,
2964 4928 3316 4982 curandorum
3342 4943 3528 4983 eorum
3553 4946 3713 4984 causa
3746 4930 3838 5001 qui

580 5027 888 5089 serpentum
909 5022 1178 5076 morsibus
1208 5021 1420 5076 adducti
1445 5021 1655 5076 fuerant
1676 5021 1729 5074 in
1753 5029 2054 5076 extremum
2078 5021 2362 5076 discrimen
2387 5018 2526 5072 vita}.
2553 5017 2737 5085 Itaque
2764 5015 2986 5071 homilia
3010 5014 3096 5082 49,
3131 5031 3249 5085 pag.
3291 5015 3387 5069 152
3417 5035 3429 5070 :
3467 5015 3611 5084 Cum,
3645 5019 3836 5088 inquit,

583 5114 754 5170 Moses
775 5121 984 5167 sanctus
1011 5115 1149 5183 ﬁlios
1175 5112 1340 5168 Israel
1361 5115 1424 5168 de
1445 5115 1736 5184 captivitate
1754 5112 1972 5184 zEgypti
1996 5113 2350 5182 produxisset,
2373 5120 2523 5182 atque
2549 5110 2682 5162 idem
2719 5108 2934 5180 populus
2965 5109 3017 5162 in
3044 5109 3243 5162 deserto
3268 5111 3410 5180 gravi
3449 5126 3481 5162 a
3519 5112 3840 5182 serpentibus

579 5205 870 5259 incursione
900 5203 1176 5262 laboraret,
1210 5221 1300 5260 nec
1321 5206 1494 5277 aliqua
1531 5205 1636 5259 illis
1664 5219 1926 5258 armorum
1947 5203 2176 5275 defensio
2197 5213 2366 5274 posset
2385 5201 2651 5268 obsistere,
2677 5211 2782 5256 tum
2819 5209 3028 5255 sanctus
3059 5200 3228 5256 Moses
3268 5203 3438 5258 divino
3468 5204 3691 5273 repletus
3726 5209 3838 5276 spi-

581 5301 704 5362 ritu,
733 5304 1019 5368 serpentem
1039 5311 1227 5350 azreum
1255 5299 1464 5367 afﬁxam
1492 5299 1632 5370 ligno
1659 5301 1793 5354 inter
1818 5297 2014 5353 medius
2043 5299 2368 5353 morientium
2397 5300 2562 5352 erexit
2593 5297 2786 5364 turbas,
2822 5305 2872 5351 et
2911 5297 3174 5350 mandarit
3194 5297 3380 5368 populo
3401 5307 3456 5350 ut
3484 5296 3546 5350 de
3573 5298 3664 5352 illo
3690 5299 3836 5368 signo

581 5403 722 5458 spem
765 5393 998 5458 gererent
1034 5384 1304 5448 sanitatis;
1336 5396 1487 5456 atque
1523 5389 1620 5442 hac
1646 5405 1702 5443 re
1726 5397 1870 5441 tanta
1899 5387 2153 5442 medicina
2193 5396 2371 5441 contra
2406 5401 2632 5440 morsum
2660 5385 2896 5456 aspidum
2941 5386 3189 5456 provenit,
3229 5396 3284 5440 ut
3303 5388 3529 5459 quisquis
3550 5389 3837 5442 vulneratus

581 5479 635 5532 in
662 5479 806 5532 illam
831 5478 1080 5548 serpentis
1099 5491 1299 5530 crucem
1336 5487 1425 5530 aut
1460 5481 1729 5549 respiceret
1765 5489 1856 5534 aut
1886 5491 2134 5550 speraret,
2174 5481 2346 5534 statim
2374 5481 2650 5534 remedium
2689 5480 2873 5534 salutis
2899 5481 3172 5549 acciperet.
3207 5479 3363 5552 Cujus
3395 5483 3522 5553 facti
3542 5484 3697 5537 etiam
3724 5481 3836 5538 Do-

585 5569 749 5624 vtinus
775 5571 829 5622 in
849 5567 1133 5638 Evangelia
1179 5568 1430 5633 meminit,
1469 5569 1644 5626 dicens
1680 5583 1697 5622 :
1743 5571 1894 5627 Sicut
1936 5571 2107 5627 Moses
2156 5573 2404 5626 exultavit
2425 5581 2709 5641 serpentem
2747 5573 2799 5625 in
2822 5570 3041 5636 deserto,
3066 5573 3140 5627 ita
3161 5575 3387 5629 exaltari
3415 5584 3613 5644 oportet
3645 5573 3688 5627 F
3691 5576 3836 5629 ilium

583 5663 820 5719 hominis.
858 5661 1007 5717 Unde
1038 5663 1080 5716 si
1107 5660 1294 5731 affixus
1331 5675 1540 5728 serpens
1579 5662 1715 5731 ligno
1751 5665 1874 5725 ﬁliis
1919 5663 2086 5720 Israel
2115 5665 2332 5718 contulit
2374 5665 2678 5730 sanitatem;
2708 5675 2899 5734 quanto
2929 5665 3096 5736 magis
3137 5667 3356 5721 salutem
3393 5677 3611 5736 prwstat
3636 5667 3836 5733 populis
