4138 6186
285 336 337 391 π.
1062 292 1065 295 ἢ
1720 328 1919 386 eum

1915 329 2103 388 'ATlO.
3482 329 3549 389 τι

283 448 521 505 Dominus
552 463 605 500 In
634 444 862 517 patibulo
897 442 1208 513 crucifixus?
1247 441 1317 495 Et
1351 444 1396 497 si
1437 443 1608 515 ﬁgura
1656 453 1858 497 tantum
1894 447 2111 516 profuit,
2154 457 2400 517 «ﬂantum
2444 442 2683 509 prodesse
2712 445 2967 499 credimus
3002 444 3546 518 veritatem?Serpens

280 542 424 612 igitur
452 540 649 609 primus
679 537 1030 607 cruciﬁgitur;
1064 543 1201 588 recte
1227 536 1411 606 plane,
1442 544 1497 589 ut
1525 537 1612 606 qui
1642 538 1837 606 primus
1876 539 2023 606 apud
2048 537 2213 591 Deum
2243 546 2546 607 peccaverat
2572 538 2830 604 diabolus,
2861 539 3061 609 primus
3088 539 3256 591 crucis
3291 542 3549 595 sententia

281 632 533 703 feriretur.
563 627 628 682 In
656 630 796 699 ligno
834 629 970 680 enim
993 627 1335 697 crucifigitur,
1369 635 1443 690 ut,
1478 629 1599 698 quia
1640 628 1791 682 homo
1831 637 1885 683 tu
1916 631 2163 697 paradiso
2208 648 2301 701 per
2336 631 2573 685 arborem
2608 633 3039 701 concupiscentia
3076 633 3318 704 deceptus
3360 635 3552 704 fuerat,

278 740 406 778 nunc
434 723 571 777 idem
599 739 691 793 per
728 722 855 791 ligni
884 719 1123 773 arborem
1143 719 1450 783 salvaretur,
1476 734 1628 791 atque
1651 721 1835 774 eadem
1865 725 2084 776 materia
2112 738 2227 794 quce
2256 738 2414 776 causa
2439 724 2619 777 mortis
2642 725 2833 794 fuerat,
2865 723 3073 796 [ιχιιιι]
3103 740 3240 777 nunc
3259 724 3395 778 idem
3423 733 3557 780 esset

278 818 549 872 remedium
590 815 855 879 sanitatis,
887 822 990 867 etc.
1024 812 1216 866 Mirum
1260 827 1419 881 quam
1445 812 1557 865 hmc
1598 821 1895 880 congruant
1930 814 2190 869 doctrinas
2232 814 2449 869 Patrum
2486 816 2845 886 superiorum.
2890 817 3091 871 Auctor
3111 825 3265 872 vetus
3306 816 3558 888 Epistolas

278 919 459 966 sancto
473 902 750 961 Barnabae
774 904 1020 975 apostolo
1050 903 1319 958 attributze
1346 919 1492 957 num.
1529 901 1614 969 12,
1640 918 1761 973 pag.
1795 902 1864 957 65
1896 921 1909 956 :
1943 904 2135 971 Moses,
2161 906 2349 975 inquit,
2384 909 2511 977 facit
2538 908 2763 977 figuram
2782 906 2905 962 Iesu
2938 907 3096 979 (quod
3124 924 3373 977 passurus
3400 918 3555 979 esset,

276 1013 319 1059 et
351 1006 507 1057 vitam
526 1000 837 1071 preebiturus
856 999 998 1068 ipse,
1042 1013 1187 1068 quem
1224 995 1399 1051 Iudcei
1429 997 1682 1066 putabant
1723 997 1970 1070 periisse)
1994 1001 2048 1052 in
2077 1000 2226 1070 signa
2256 999 2487 1054 cadentis
2518 999 2751 1055 Israelis.
2779 1000 2966 1071 Effecit
2992 1002 3129 1055 enim
3166 1001 3328 1068 Deus,
3358 1011 3415 1055 ut
3441 1019 3558 1057 cum

276 1101 529 1164 serpentes
559 1090 854 1145 morderent
883 1105 1001 1154 eos,
1035 1098 1083 1142 et
1111 1098 1462 1151 morerentur;
1489 1089 1734 1158 quoniam
1775 1090 2121 1160 transgressio
2160 1107 2254 1161 per
2285 1101 2570 1161 serpentem
2591 1092 2645 1145 in
2678 1090 2790 1145 Eva
2828 1093 3111 1163 contigit...
3150 1090 3325 1146 Moses
3366 1095 3561 1164 faceret

275 1195 560 1257 serpentem
605 1198 820 1245 teneam,
853 1197 914 1233 ac
944 1182 1166 1252 gloriose
1206 1180 1502 1240 collocaret,
1542 1191 1693 1249 atque
1732 1197 1825 1251 per
1864 1196 2153 1252 prwconem
2199 1192 2502 1237 convocaret
2533 1182 2869 1254 papulum....
2902 1183 3050 1237 Dixit
3077 1193 3245 1238 autem
3286 1181 3462 1240 Moses
3489 1186 3561 1238 ad

275 1282 389 1335 illos
419 1295 437 1332 :
460 1277 591 1333 Cum
621 1276 810 1344 aliquis
839 1290 903 1328 ex
928 1275 1069 1328 vobis
1098 1290 1295 1328 morsus
1326 1275 1500 1345 fuerit,
1546 1275 1715 1327 veniat
1740 1273 1811 1325 ad
1837 1282 2121 1343 serpentem
2159 1292 2213 1328 tn
2239 1275 2379 1346 ligno
2421 1278 2672 1345 positum,
2702 1286 2752 1330 et
2779 1277 2983 1340 credat,
3017 1287 3167 1349 atque
3198 1287 3366 1349 speret
3402 1278 3562 1349 quod,

273 1372 391 1425 licet
418 1378 653 1423 mortuus
680 1366 769 1420 ille
796 1368 883 1429 sit,
914 1366 1100 1436 poterit
1120 1366 1277 1419 vitam
1305 1374 1573 1434 prtestare,
1617 1374 1667 1418 et
1687 1366 1956 1437 confestim
1976 1364 2469 1437 servabitur.-Atque
2487 1368 2563 1419 ita
2578 1366 2857 1437 faciebant.
2882 1366 3055 1421 Habes
3083 1368 3237 1421 etiam
3258 1370 3311 1422 in
3334 1368 3429 1422 hoc
3452 1368 3569 1440 glo-

275 1469 409 1520 riam
428 1464 574 1518 Iesu.
598 1461 691 1515 llis
704 1468 1065 1516 consentanea
1082 1457 1350 1513 tradidere
1369 1456 1609 1513 Justinus
1629 1467 1832 1529 martyr
1859 1458 1913 1512 in
1944 1458 2167 1528 Dialogo
2188 1475 2301 1512 cum
2326 1457 2617 1528 Trgphone,
2643 1475 2789 1513 num.
2822 1458 2881 1511 9|
2908 1500 2924 1524 ,
2945 1476 2997 1530 p.
3038 1459 3165 1527 I99;
3199 1460 3566 1518 Tertullianus

274 1559 370 1613 lib.
404 1556 643 1609 adversus
671 1552 902 1616 Iudam,
933 1564 1053 1618 cap.
1080 1548 1167 1614 10,
1196 1563 1249 1617 ρ.
1274 1546 1404 1613 596;
1437 1547 1666 1619 Cyrillus
1694 1547 2211 1619 Hierosolymitanus
2229 1548 2435 1602 catech.
2463 1546 2531 1601 15
2552 1586 2567 1611 ,
2601 1561 2747 1600 num.
2772 1545 2859 1612 20,
2892 1563 2946 1616 p.
2980 1548 3082 1601 192
3107 1549 3238 1603 edit.
3270 1548 3439 1605 Paris.
3473 1565 3563 1603 an.

277 1648 437 1702 1720.
456 1646 564 1701 Sed
584 1645 800 1712 longum
820 1648 901 1697 est
921 1654 1109 1695 omnes
1130 1653 1574 1694 commemorare.
1590 1639 1667 1694 Ac
1686 1639 1817 1695 satis
1837 1641 2005 1693 multa
2021 1638 2088 1694 de
2102 1638 2284 1706 ﬁguris
2303 1637 2628 1710 symbolisve
2647 1638 2841 1693 crucis.
2862 1638 3145 1708 Reliquum
3167 1647 3268 1706 est,
3284 1647 3342 1695 ut
3361 1655 3481 1710 qua:
3500 1640 3568 1697 do

275 1734 584 1792 Senatoris
604 1732 805 1787 Christi
845 1737 1040 1796 morte,
1072 1728 1335 1784 Maximus
1371 1730 1485 1784 suis
1513 1728 1783 1798 opusculis
1808 1730 2119 1799 complexus
2139 1736 2240 1792 est,
2264 1729 2470 1799 paucis,
2510 1727 2690 1798 quoad
2716 1728 2832 1798 ejus
2872 1728 2986 1783 ﬁeri
3014 1730 3245 1800 poterit,
3276 1745 3565 1801 exponam.

357 1826 500 1895 Ergo
528 1825 614 1880 ille
642 1823 863 1879 homilia
896 1821 983 1888 51,
1007 1835 1130 1892 pag.
1169 1820 1286 1887 158,
1318 1821 1445 1891 quid
1473 1821 1541 1875 de
1568 1830 1743 1876 morte
1771 1822 2079 1877 Servatoris
2107 1821 2354 1892 ejusdem
2398 1824 2569 1878 nostri
2602 1823 2819 1879 devotio
2847 1821 2970 1878 ﬁdei
3004 1823 3142 1879 ferat
3163 1867 3178 1893 ,
3221 1841 3568 1896 proponens:

281 1919 412 1973 Haec
440 1926 535 1981 est,
565 1916 755 1985 inquit,
786 1915 909 1984 fidei
937 1914 1091 1983 plena
1118 1913 1335 1978 devotio,
1359 1920 1413 1966 ut
1440 1914 1639 1967 cunrde
1658 1913 1949 1969 vulneribus
1987 1914 2199 1969 Domini
2233 1916 2466 1986 proﬂuas
2492 1917 2708 1987 sanguis
2750 1918 2979 1971 cernitur
2997 1958 3011 1982 ,
3063 1926 3170 1972 tum
3210 1918 3273 1972 de
3315 1927 3570 1989 potestate

277 2013 391 2083 ejus
419 2012 570 2064 venia
598 2007 914 2077 postuletur;
941 2022 1056 2060 cum
1078 2005 1277 2060 videtur
1297 2006 1409 2075 ejus
1439 2006 1724 2071 humilitas,
1756 2014 1861 2059 tum
1886 2008 2053 2079 ntagis
2082 2017 2319 2061 teneatur
2344 2010 2459 2079 ejus
2486 2009 2767 2073 divinitas;
2797 2025 2912 2062 cum
2952 2011 3108 2062 morti
3137 2010 3376 2063 addictus
3414 2021 3573 2079 puta-

278 2114 382 2170 tur,
410 2113 531 2157 tunc
560 2102 696 2172 regis
724 2099 802 2154 illi
824 2097 1221 2169 honoriﬁcentia
1250 2098 1536 2170 deferatur.
1560 2096 2024 2164 Quemadmodum
2054 2097 2230 2152 delata
2275 2114 2304 2152 a
2345 2105 2535 2153 sancto
2564 2099 2775 2152 latrone
2820 2098 2948 2163 fuit,
2996 2099 3063 2153 de
3088 2115 3195 2169 quo
3225 2099 3447 2153 homilia
3483 2098 3581 2171 52,

282 2212 400 2269 pag.
434 2195 557 2260 105,
589 2193 849 2247 Maximus
878 2192 1021 2247 idem
1040 2192 1118 2247 sic
1148 2198 1377 2246 testatur
1406 2207 1420 2244 :
1452 2189 1782 2246 Salvatorem
1811 2199 1933 2245 tunc
1961 2193 2254 2262 majestatis
2293 2191 2573 2245 Dominum
2602 2191 2955 2263 recognoscit,
2988 2209 3101 2246 cum
3132 2193 3330 2246 videtur
3358 2193 3571 2248 humili-

277 2290 402 2341 tatis
430 2286 684 2357 patientia
710 2283 952 2337 cruoiari.
984 2280 1101 2336 Iam
1126 2297 1258 2337 vero
1285 2282 1506 2337 homilia
1539 2280 1624 2347 54,
1657 2295 1778 2352 pag.
1810 2283 1915 2336 175
1945 2301 1957 2336 :
1991 2282 2138 2348 Quis,
2166 2284 2356 2354 inquit,
2389 2284 2442 2337 in
2471 2282 2646 2338 Eliseo
2673 2285 3073 2356 prazﬁguratur,
3100 2286 3203 2339 nisi
3224 2294 3400 2340 noster
3418 2284 3570 2343 Iesus

283 2380 540 2441 Christus,
572 2378 659 2444 qui
686 2375 1115 2430 resurrectionem
1138 2373 1201 2425 de
1230 2381 1395 2427 morte
1423 2373 1671 2444 largitur,
1720 2382 1771 2426 et
1816 2374 1974 2427 vitam
2019 2375 2251 2444 sepultus
2286 2375 2574 2446 operatur?
2610 2374 2679 2429 Et
2722 2376 2884 2445 paulo
2932 2384 3057 2446 post
3098 2377 3247 2432 Iona:
3274 2379 3572 2449 prophetas,

281 2488 443 2541 quem
472 2478 647 2524 nauta!
676 2468 1036 2536 increparan',
1065 2464 1336 2520 Christum
1364 2478 1721 2534 comparans:
1754 2463 1968 2531 Nautes,
1994 2466 2184 2535 inquit,
2216 2466 2483 2521 dimissuri
2508 2467 2700 2521 Ionam
2724 2508 2739 2532 ,
2783 2477 2955 2523 tamen
2996 2479 3235 2523 verentur
3276 2479 3327 2525 et
3360 2472 3572 2526 dicunt:

284 2563 527 2627 Domine,
560 2575 626 2612 ne
655 2557 745 2611 des
774 2573 928 2628 super
958 2571 1049 2609 nos
1079 2555 1386 2627 sanguinem
1413 2555 1760 2608 innocentem.
1794 2553 1987 2609 Nonne
2015 2554 2153 2610 vobis
2182 2557 2381 2609 videtur
2410 2566 2684 2611 nautarum
2705 2559 3011 2628 increpatio,
3044 2558 3208 2614 Pilati
3230 2577 3341 2615 esse
3372 2566 3577 2635 confes-

281 2659 379 2721 sio,
409 2656 499 2727 qui
530 2652 690 2707 tradit
712 2648 991 2713 Christum,
1024 2658 1073 2703 et
1100 2656 1271 2702 tamen
1310 2646 1448 2700 lavat
1472 2663 1656 2702 manus
1688 2663 1810 2701 suas
1833 2655 1881 2701 et
1910 2647 2077 2701 dicit:
2099 2646 2327 2702 Mundus
2375 2665 2469 2720 ego
2511 2665 2625 2703 sum
2666 2665 2699 2701 α
2745 2650 2999 2720 sanguine
3019 2650 3152 2721 justi
3188 2651 3344 2723 hujus
3367 2653 3392 2705 .’
3427 2652 3577 2707 Dicit

277 2750 451 2818 itaque
468 2745 636 2799 Jonas
656 2744 711 2796 in
732 2741 970 2797 oratione
989 2755 1121 2795 sua:
1149 2738 1293 2794 Tolle
1313 2739 1489 2810 igitur,
1508 2737 1750 2806 Domine,
1773 2732 2002 2794 animum
2027 2755 2214 2807 meam,
2238 2742 2360 2812 quia
2381 2741 2562 2795 melior
2580 2751 2657 2796 est
2681 2743 2809 2796 mihi
2828 2759 2966 2797 mors
2989 2760 3139 2815 quant
3162 2747 3283 2799 vita.
3308 2744 3462 2800 Dicat
3482 2748 3577 2801 hoc

278 2842 444 2895 terius
470 2837 728 2891 Dominus
749 2843 923 2889 noster
940 2833 1093 2887 Iesus
1116 2830 1370 2897 Christus,
1388 2834 1507 2902 quia
1529 2833 1711 2887 melior
1729 2842 1805 2887 est
1826 2832 1951 2886 mihi
1969 2849 2109 2887 mors
2128 2849 2278 2905 quam
2301 2834 2435 2898 vita;
2458 2834 2515 2887 id
2535 2845 2630 2901 est,
2655 2836 2828 2889 vivens
2855 2852 3014 2889 unam
3042 2836 3344 2892 Iudazorum
3372 2847 3574 2911 gentem

278 2936 483 2991 salvare
516 2949 621 2987 non
650 2929 828 3000 potui;
858 2930 1073 2992 uioriar,
1105 2936 1157 2981 et
1183 2927 1452 2981 universas
1473 2926 1695 2981 mundus
1723 2942 1825 2981 mu
1855 2942 2035 2982 non":
2065 2942 2358 2982 ssnverun.
2377 2927 2566 2981 Ionam
2589 2938 2726 2982 cetus
2754 2930 2909 2999 piscis
2932 2932 3131 3001 excepit
3149 2932 3463 2999 immersam,
3486 2939 3582 2990 sed

278 3044 381 3081 non
402 3024 622 3095 contigit
642 3022 1005 3076 devoratum...
1033 3016 1159 3083 Quis
1180 3026 1258 3072 est
1283 3018 1380 3071 iste
1400 3020 1485 3089 qui
1506 3018 1647 3071 intra
1667 3017 1846 3071 avidos
1869 3018 2024 3071 rictus
2038 3018 2231 3072 assumi
2246 3027 2434 3088 potest,
2461 3019 2695 3072 consumi
2713 3035 2816 3073 non
2839 3021 3106 3089 potest...?
3130 3019 3255 3085 Quis
3277 3029 3355 3076 est
3376 3024 3473 3077 iste
3490 3025 3579 3095 qui

278 3120 599 3173 vastissimas
618 3117 763 3170 sinus
784 3114 1127 3186 periculorum
1161 3119 1295 3167 tutus
1323 3111 1630 3183 ingreditur,
1655 3119 1705 3164 et
1722 3110 1815 3166 sub
1837 3110 2111 3165 altitudine
2131 3112 2385 3165 immensa
2407 3111 2696 3176 conclusus,
2727 3120 2877 3182 atque
2898 3113 3185 3185 mortifera,
3214 3112 3415 3186 [ιιιιν]
3437 3114 3579 3168 vitali

280 3227 399 3265 aere
420 3211 672 3280 pascitur,
692 3216 745 3261 et
766 3206 1020 3261 demissus
1042 3207 1097 3260 in
1120 3206 1343 3259 alienam
1374 3221 1547 3259 rerum
1569 3212 1831 3269 naturam,
1863 3205 1917 3257 in
1940 3204 2056 3257 vita!
2076 3204 2318 3257 exsilium
2347 3220 2464 3256 cum
2484 3205 2587 3257 vita
2616 3205 3007 3274 peregrinatur,
3040 3214 3091 3258 et
3122 3207 3302 3260 mortis
3322 3215 3580 3278 superstes

279 3305 560 3357 annuntiat
582 3311 849 3357 venturam
864 3300 1041 3354 mundi
1064 3299 1283 3354 salutem
1301 3298 1391 3351 1’...
1417 3296 1521 3351 Hic
1538 3305 1617 3350 est
1632 3294 1885 3349 Dominus
1910 3304 2085 3349 noster
2103 3294 2257 3348 Iesus
2278 3294 2528 3358 Christus,
2549 3311 2697 3366 quem
2719 3312 2855 3350 steva
2872 3312 3029 3362 mors,
3053 3296 3379 3368 inexplebilis
3390 3295 3578 3359 bellua,

278 3398 335 3449 in
364 3412 537 3448 escam
558 3411 707 3448 suam
729 3394 921 3464 rapuit,
940 3401 989 3445 et
1016 3390 1247 3463 praedam
1266 3405 1414 3443 suam
1436 3388 1636 3458 captiua
1655 3388 1977 3441 contremuit.
2004 3386 2343 3450 Contremuit,
2360 3387 2588 3456 inquam,
2609 3390 2728 3440 nam
2756 3388 2801 3441 si
2832 3394 3040 3441 noverat
3066 3388 3389 3458 crucifixum,
3410 3397 3582 3441 tamen

282 3503 431 3556 quem
455 3504 560 3540 non
600 3487 904 3539 meminerat
930 3499 1090 3548 reum,
1114 3497 1216 3535 non
1245 3488 1447 3552 poterat
1471 3488 1639 3532 tenere
1664 3477 1985 3541 damnatum,
2019 3478 2140 3548 quia
2166 3476 2370 3546 culpam
2400 3491 2502 3530 non
2526 3477 2653 3545 facit
2671 3493 2837 3544 paena,
2860 3476 2953 3530 sed
2978 3492 3157 3529 causa.
3185 3473 3343 3538 Quasi
3374 3474 3583 3529 solitum

283 3576 459 3629 cibum
490 3577 737 3645 perditum
766 3576 819 3629 in
843 3575 1043 3645 origine
1058 3572 1235 3627 mundi
1258 3572 1515 3626 hominem
1531 3570 1821 3633 devoravit;
1839 3570 1929 3623 sed
1948 3586 2191 3640 magnam
2211 3584 2322 3622 esse
2342 3567 2439 3621 cibi
2474 3569 2634 3638 ipsius
2665 3569 2972 3640 dignitatem
3005 3571 3290 3639 prtefocata
3321 3570 3578 3639 cognovit,

283 3676 445 3736 atque
465 3664 581 3717 ideo
608 3665 809 3718 divinus
836 3679 1002 3717 sermo
1024 3669 1391 3717 commemorat
1408 3677 1425 3714 :
1444 3659 1513 3713 Et
1532 3660 1775 3729 prwcepit
1792 3659 2045 3712 Dominus
2063 3659 2214 3730 pisci,
2237 3667 2286 3711 et
2304 3660 2521 3711 evomuit
2541 3659 2731 3711 Ionam
2752 3659 2805 3711 in
2828 3658 3049 3712 aridam.
3072 3658 3328 3727 Prwcepit
3348 3676 3467 3730 ergo
3492 3657 3550 3713 be
3565 3685 3581 3697 -

284 3760 421 3822 stite,
455 3759 702 3827 prmeepit
728 3757 882 3811 morti
909 3773 1110 3826 semper
1129 3755 1398 3817 esurienti,
1424 3753 1670 3825 praecepit
1699 3751 1898 3821 abgssis
1925 3759 1975 3803 et
2003 3751 2232 3821 inferno,
2256 3758 2309 3802 ut
2335 3749 2527 3803 mundo
2559 3750 2836 3801 restituant
2858 3747 3199 3802 Salvatorcm.
3229 3748 3467 3805 Evonmr
3489 3767 3585 3804 au-

287 3860 385 3901 tem
417 3848 513 3901 hoc
541 3847 781 3902 debemus
804 3848 1056 3917 accipere,
1088 3845 1225 3917 quod
1254 3852 1319 3899 e15
1344 3846 1463 3899 imis
1494 3842 1772 3899 visceribus
1801 3843 1981 3896 mortis
2007 3843 2191 3895 victria:
2212 3841 2315 3895 vita
2340 3841 2598 3906 remearit,
2631 3849 2783 3912 atque
2804 3857 2917 3894 eam
2945 3857 3010 3894 ex
3038 3842 3157 3895 imis
3184 3843 3484 3912 prazcordiis
3511 3847 3585 3897 in-

287 3940 423 4010 ferni
451 3938 674 4009 perditio
704 3939 1004 3991 exulcerata
1032 3936 1337 3992 reddiderit.
1370 3936 1616 3990 Videmus
1645 3936 1818 4003 itaque
1846 3934 1901 3986 in
1928 3933 2192 4003 prophetes
2212 3931 2573 4003 afﬂictionibus
2603 3934 2925 4002 apertissime
2948 3934 3341 4006 pratfiguratam
3369 3944 3418 3989 et
3443 3950 3589 3989 mor-

288 4042 392 4083 tem
418 4029 614 4099 pariter
643 4027 881 4099 (Christi)
911 4035 963 4082 et
990 4027 1439 4082 resurrectionem.
1475 4024 1822 4095 Quapropter,
1854 4023 1990 4095 quod
2010 4023 2271 4094 impletum
2292 4025 2460 4078 cernis
2490 4025 2543 4077 in
2566 4040 2727 4088 servo,
2759 4025 2967 4078 credere
2995 4042 3098 4079 non
3124 4026 3375 4080 cuncteris
3395 4029 3449 4081 in
3470 4025 3581 4081 Do-

285 4119 446 4172 mino.
484 4117 879 4173 Pnenuntiarat
905 4118 1120 4189 quidem
1148 4117 1406 4173 Servator
1432 4130 1492 4171 se
1526 4116 1759 4170 futurum
1787 4118 1844 4169 in
1880 4124 2051 4171 ventre
2080 4124 2235 4170 terra:
2264 4116 2426 4169 tribus
2454 4116 2631 4169 diebus
2654 4117 2913 4188 tribusque
2933 4118 3165 4173 noctibus
3190 4157 3205 4184 ,
3235 4119 3583 4188 quemadmo-

290 4210 419 4263 dum
446 4209 616 4264 Jonas
648 4209 821 4264 fuerat
850 4210 903 4263 in
932 4218 1124 4265 ventre
1144 4209 1249 4264 ceti
1273 4207 1490 4279 (Matth.
1521 4222 1614 4270 xu,
1648 4206 1760 4276 40).
1792 4206 1967 4277 Atque
1994 4207 2099 4260 hoc
2126 4205 2332 4260 scilicet
2358 4202 2508 4258 Jonte
2536 4204 2781 4275 symbolo
2827 4206 2910 4259 usi
2956 4205 3272 4275 plerumque
3302 4206 3450 4262 luere
3478 4206 3583 4262 Pa-

291 4308 422 4364 tres,
446 4316 571 4355 cum
592 4299 676 4353 vel
706 4297 919 4354 Judzeos
946 4297 1276 4360 refellerent,
1312 4297 1397 4351 vel
1425 4295 1493 4351 de
1520 4304 1714 4359 morte,
1747 4294 2251 4363 resurrectioneque
2279 4291 2582 4347 Servatoris
2622 4290 2904 4345 scribendo
2934 4292 3291 4362 loquendove,
3324 4296 3583 4363 populum

298 4388 577 4444 docerent.
609 4386 853 4443 Adeundi
872 4386 1114 4442 Iustinus
1142 4393 1365 4457 martyr,
1390 4385 1603 4456 Dialog.
1626 4401 1741 4439 cum
1770 4384 2042 4455 Trgphone
2069 4383 2272 4449 Iudam,
2306 4398 2451 4437 num.
2486 4381 2619 4448 107;
2651 4381 3028 4450 Tertullianus,
3064 4384 3153 4438 lib.
3202 4386 3264 4439 de
3302 4385 3587 4450 Pudicitia,

293 4492 413 4546 Cap.
450 4476 519 4531 10
541 4518 557 4542 ,
602 4492 711 4546 quo
750 4477 871 4531 loco
909 4475 1105 4531 Ionam
1146 4475 1438 4547 exemplum
1484 4491 1595 4528 esse
1643 4477 1836 4545 passim
1877 4474 2153 4529 dominica:
2179 4474 2437 4540 passionis
2459 4474 2676 4539 scribit;
2709 4470 2984 4542 Origenes,
3012 4474 3506 4533 Commentariorum
3534 4480 3588 4532 in

299 4569 492 4624 Matth.
527 4578 661 4625 tom.
696 4567 807 4635 XII,
840 4583 961 4639 pag.
985 4567 1091 4621 277
1120 4568 1247 4624 edit.
1281 4566 1499 4622 Veneta:
1528 4582 1616 4620 an.
1652 4565 1817 4632 I743;
1849 4564 2140 4633 Gregorius
2167 4565 2551 4631 Nazianzenus,
2585 4573 2721 4620 orat.
2751 4565 2800 4633 1,
2829 4582 2951 4638 pag.
2985 4567 3086 4635 45;
3118 4568 3350 4640 Cyrillus
3391 4569 3586 4624 Hiero-

297 4662 676 4733 solymitanus,
707 4658 916 4717 catech.
954 4660 1040 4726 11,
1073 4676 1219 4715 num.
1255 4660 1321 4713 17
1348 4675 1488 4729 seq.,
1520 4674 1640 4729 pag.
1673 4658 1778 4711 215
1805 4674 1942 4728 seq.,
1966 4667 2028 4713 ut
2055 4657 2459 4729 Hieronymum,
2489 4658 2863 4729 Augustinum,
2891 4660 3146 4732 Cyrillum
3170 4662 3589 4719 Alexandrinum

303 4753 735 4821 prattermittam,
755 4767 985 4822 quorum
1005 4760 1131 4807 sunt
1153 4751 1459 4807 testimonia
1481 4751 1747 4821 descripta
1768 4766 1798 4804 a
1820 4750 1991 4805 Natali
2013 4751 2337 4816 Alexandro,
2359 4751 2572 4807 dissert.
2599 4751 2666 4806 10
2686 4753 2738 4807 ἱη
2763 4751 2816 4805 Η
2821 4755 2964 4807 istor.
2990 4755 3173 4807 eccles.
3197 4753 3291 4807 Vet
3339 4754 3590 4823 Testam.,

302 4854 406 4899 art.
438 4845 491 4912 5,
517 4855 648 4902 tom.
678 4846 743 4911 ll,
776 4862 899 4917 pag.
934 4846 1036 4901 169
1067 4848 1194 4903 edit.
1228 4846 1485 4902 Lucensis
1513 4863 1602 4901 an.
1638 4847 1793 4901 1748.
1830 4846 2009 4914 Quid?
2037 4848 2085 4902 si
2112 4846 2401 4903 Christiani
2428 4848 2529 4918 ipsi
2559 4857 2771 4903 veteres
2806 4855 2862 4901 et
2889 4846 3191 4917 anaglypho
3232 4862 3399 4917 opere
3426 4856 3483 4904 et
3510 4850 3593 4919 pi-

306 4940 477 4994 cturis
504 4938 694 4995 Ionam
719 4954 1054 5010 expressere,
1086 4949 1145 4995 ut
1184 4942 1471 5007 intuentes,
1516 4941 1706 4995 mortis
1734 4940 2248 5008 resurrectionisque
2276 4940 2473 4994 Christi
2514 4938 3026 4995 reminiscerentur?
3052 4935 3249 4993 Conler
3276 4939 3594 5010 Aringhium

306 5032 492 5088 Romae
519 5032 738 5087 subterr.
771 5032 864 5087 lib.
897 5048 954 5097 II,
984 5047 1105 5103 cap.
1138 5032 1224 5097 10,
1247 5047 1367 5103 pag.
1399 5029 1503 5086 525
1522 5040 1578 5087 et
1608 5030 1743 5099 555;
1776 5032 1868 5087 lib.
1902 5049 1937 5086 II

1962 5074 1975 5097 ,
2008 5046 2127 5102 cap.
2158 5030 2245 5096 22,
2274 5045 2397 5101 pag.
2432 5029 2557 5095 555,
2583 5028 2704 5094 551,
2737 5026 2840 5081 585
2866 5043 3005 5098 seq.,
3039 5036 3168 5084 tom.
3201 5030 3251 5097 l;
3293 5040 3349 5087 et
3384 5032 3476 5087 lib.
3519 5049 3592 5096 Iv,

303 5141 429 5195 cap.
462 5125 549 5188 14,
583 5140 704 5196 pag.
739 5125 829 5191 71,
850 5124 941 5192 97,
970 5134 1100 5192 etc.,
1124 5133 1182 5180 et
1201 5127 1296 5181 lib.
1326 5143 1376 5191 v,
1401 5141 1520 5197 cap.
1553 5124 1640 5190 22,
1676 5139 1799 5195 pag.
1833 5122 1937 5179 505
1957 5140 2131 5194 seqq.,
2158 5131 2292 5178 tom.
2325 5123 2398 5188 ll;
2422 5122 2726 5193 Philippum
2754 5120 3098 5187 Bonarotam,
3127 5120 3485 5179 Osserrazioni
3508 5143 3597 5181 so-

305 5233 406 5288 pra
430 5217 599 5270 alcuni
630 5218 927 5287 frammenti
957 5216 1011 5268 di
1039 5217 1148 5269 vasi
1178 5218 1394 5280 antichi,
1420 5217 1529 5271 tab.
1559 5218 1616 5279 1;
1641 5216 1960 5283 Bottarium,
1995 5217 2144 5271 liam.
2170 5216 2417 5280 subterr.,
2446 5215 2554 5272 tab.
2580 5212 2669 5278 12,
2692 5226 2814 5282 pag.
2848 5210 2943 5265 191
2966 5230 2981 5279 ;
3008 5212 3257 5284 Equitem
3279 5215 3596 5283 Victorium,

309 5305 508 5378 Opusc.
540 5308 606 5361 de
629 5319 822 5380 septem
851 5308 1257 5373 Dormientibus,
1288 5323 1410 5379 pag.
1447 5309 1548 5375 55,’
1568 5309 1651 5364 55.

382 5398 491 5454 Sed
521 5398 705 5462 redeo,
737 5397 881 5454 unde
910 5398 1018 5454 huc
1038 5398 1249 5462 diverti,
1283 5398 1349 5452 ad
1380 5398 1666 5454 Maximum
1699 5400 1767 5455 de
1794 5399 1990 5453 Christi
2019 5398 2323 5453 Servatoris
2344 5401 2541 5457 morte,
2572 5392 2748 5465 deque
2776 5394 3049 5452 miraculis
3075 5412 3194 5466 quae
3224 5405 3351 5454 tunc
3392 5410 3602 5470 patrata

308 5497 457 5555 sunt,
479 5489 856 5544 disserentem.
881 5485 1111 5543 Homilia
1129 5485 1215 5553 57,
1241 5503 1295 5557 p.
1318 5486 1409 5541 181
1437 5507 1449 5541 :
1477 5487 1541 5542 In
1566 5490 1954 5550 resurrectione,
1974 5487 2166 5558 inquit,
2191 5484 2384 5539 Christi
2411 5484 2659 5537 elementa
2680 5486 2857 5539 omnia
2877 5484 3185 5557 gloriantur.
3214 5484 3269 5539 Ν
3272 5503 3356 5540 om
3375 5498 3424 5541 et
3444 5491 3603 5545 solem

309 5585 483 5650 ipsum
510 5582 739 5635 arbitror
757 5597 867 5634 esse
893 5582 948 5634 in
977 5581 1072 5634 hac
1111 5578 1294 5653 [Lxxv]
1322 5580 1406 5634 die
1430 5582 1581 5636 solito
1611 5582 1903 5635 clariorem.
1932 5578 2154 5633 Necesse
2177 5579 2313 5632 enim
2339 5582 2492 5630 estut
2519 5575 2598 5631 sol
2631 5577 2687 5630 in
2725 5578 2836 5647 ejus
2866 5578 3235 5632 resurrectione
3266 5578 3517 5649 gaudeat,
3548 5583 3603 5635 in

310 5678 464 5747 cujus
492 5677 737 5746 passione
756 5675 1052 5738 condoluit;
1084 5682 1137 5729 et
1166 5675 1316 5745 cujus
1364 5692 1581 5732 nomen
1613 5692 1835 5732 LUGUBRI
1869 5692 2080 5739 quaom
2107 5689 2351 5729 cauom:
2381 5687 2717 5729 rnosecurus
2746 5690 2843 5729 es?
2864 5716 2878 5734 .
2910 5674 3139 5744 ejusdem
3161 5676 3317 5727 vitam
3346 5672 3603 5725 nitidinris

313 5765 447 5819 lucis
476 5763 753 5833 splendore
797 5763 1062 5835 suscipiat.
1109 5764 1304 5820 Verum
1328 5766 1454 5835 quid
1485 5767 1664 5822 multis
1708 5767 1965 5821 lectorem
2007 5766 2224 5823 moror?
2253 5763 2511 5821 Omittam
2538 5772 2728 5819 cetera
2772 5764 3018 5829 Maximi,
3050 5780 3169 5832 qua:
3198 5776 3326 5816 sane
3352 5758 3602 5827 perplura

605 5856 874 5915 I‘nuoc.
924 5854 1113 5915 LVII.
3163 5851 3201 5906 3
