  <div class='ocr_page' id='page_1' title='image "/cluster/home/n/w/nwhite01/storage/ocr_20150623/57/hvd.32044054758669/053.png"; bbox 0 0 4138 6186; ppageno 0'>
   <div class='ocr_carea' id='block_1_1' title="bbox 511 301 3804 383">
    <p class='ocr_par' dir='ltr' id='par_1_1' title="bbox 511 301 3804 383">
     <span class='ocr_line' id='line_1_1' title="bbox 511 301 3804 383; baseline -0.005 0"><span class='ocrx_word' id='word_1_1' title='bbox 511 326 588 383; x_wconf 71' lang='grc'><strong><em>’15</em></strong></span> <span class='ocrx_word' id='word_1_2' title='bbox 1943 312 2329 372; x_wconf 62' lang='grc' dir='ltr'><strong><em>ΡΒᾸΞΕΑΤΙΟ.</em></strong></span> <span class='ocrx_word' id='word_1_3' title='bbox 3726 301 3804 366; x_wconf 71' lang='grc'><strong>76</strong></span> 
     </span>
    </p>
   </div>
   <div class='ocr_carea' id='block_1_2' title="bbox 511 421 3801 507">
    <p class='ocr_par' dir='ltr' id='par_1_2' title="bbox 511 421 3801 507">
     <span class='ocr_line' id='line_1_2' title="bbox 511 421 3801 507; baseline -0.003 -13"><span class='ocrx_word' id='word_1_4' title='bbox 511 442 656 502; x_wconf 80' lang='lat' dir='ltr'><strong><em>sunt,</em></strong></span> <span class='ocrx_word' id='word_1_5' title='bbox 687 434 983 504; x_wconf 85' lang='lat' dir='ltr'><strong><em>eademque</em></strong></span> <span class='ocrx_word' id='word_1_6' title='bbox 1011 434 1267 507; x_wconf 64' lang='lat' dir='ltr'><strong><em>praeclara</em></strong></span> <span class='ocrx_word' id='word_1_7' title='bbox 1295 433 1396 490; x_wconf 87' lang='lat' dir='ltr'><strong><em>hac</em></strong></span> <span class='ocrx_word' id='word_1_8' title='bbox 1437 432 1505 488; x_wconf 89' lang='lat' dir='ltr'><strong><em>de</em></strong></span> <span class='ocrx_word' id='word_1_9' title='bbox 1554 447 1613 487; x_wconf 90' lang='lat' dir='ltr'><strong><em>re</em></strong></span> <span class='ocrx_word' id='word_1_10' title='bbox 1654 431 1793 488; x_wconf 88' lang='lat' dir='ltr'><strong><em>loca.</em></strong></span> <span class='ocrx_word' id='word_1_11' title='bbox 1834 429 1917 487; x_wconf 86' lang='lat' dir='ltr'><strong><em>Eo</em></strong></span> <span class='ocrx_word' id='word_1_12' title='bbox 1945 430 2199 501; x_wconf 74' lang='lat' dir='ltr'><strong><em>deinceps</em></strong></span> <span class='ocrx_word' id='word_1_13' title='bbox 2228 445 2296 485; x_wconf 80' lang='lat' dir='ltr'><strong><em>ex</em></strong></span> <span class='ocrx_word' id='word_1_14' title='bbox 2334 426 2556 484; x_wconf 88' lang='lat' dir='ltr'><strong><em>bomilia</em></strong></span> <span class='ocrx_word' id='word_1_15' title='bbox 2594 424 2686 491; x_wconf 75' lang='lat'><strong><em>83,</em></strong></span> <span class='ocrx_word' id='word_1_16' title='bbox 2719 438 2839 496; x_wconf 82' lang='lat' dir='ltr'><strong><em>pag.</em></strong></span> <span class='ocrx_word' id='word_1_17' title='bbox 2874 423 2999 491; x_wconf 76' lang='lat'><strong><em>270,</em></strong></span> <span class='ocrx_word' id='word_1_18' title='bbox 3028 422 3268 480; x_wconf 90' lang='lat' dir='ltr'><strong><em>contenti</em></strong></span> <span class='ocrx_word' id='word_1_19' title='bbox 3293 421 3494 507; x_wconf 77' lang='lat' dir='ltr'><strong><em>erimus</em></strong></span> <span class='ocrx_word' id='word_1_20' title='bbox 3521 436 3653 479; x_wconf 88' lang='lat' dir='ltr'><strong><em>uno.</em></strong></span> <span class='ocrx_word' id='word_1_21' title='bbox 3702 422 3801 483; x_wconf 67' lang='grc' dir='ltr'><strong><em>[ζει</em></strong></span> 
     </span>
    </p>
   </div>
   <div class='ocr_carea' id='block_1_3' title="bbox 511 504 3796 599">
    <p class='ocr_par' dir='ltr' id='par_1_3' title="bbox 511 504 3796 599">
     <span class='ocr_line' id='line_1_3' title="bbox 511 504 3796 599; baseline -0.005 -14"><span class='ocrx_word' id='word_1_22' title='bbox 511 537 693 585; x_wconf 82' lang='lat' dir='ltr'><strong><em>autem</em></strong></span> <span class='ocrx_word' id='word_1_23' title='bbox 721 504 1029 595; x_wconf 84' lang='lat' dir='ltr'><strong><em>hujusmodi</em></strong></span> <span class='ocrx_word' id='word_1_24' title='bbox 1051 522 1073 583; x_wconf 68' lang='grc' dir='ltr'><strong><em>ς’</em></strong></span> <span class='ocrx_word' id='word_1_25' title='bbox 1100 526 1408 599; x_wconf 87' lang='lat' dir='ltr'><strong><em>Unigenitus</em></strong></span> <span class='ocrx_word' id='word_1_26' title='bbox 1454 524 1553 580; x_wconf 91' lang='lat' dir='ltr'><strong><em>Dei</em></strong></span> <span class='ocrx_word' id='word_1_27' title='bbox 1600 527 1771 597; x_wconf 79' lang='lat' dir='ltr'><strong><em>{actus</em></strong></span> <span class='ocrx_word' id='word_1_28' title='bbox 1807 534 1886 579; x_wconf 89' lang='lat' dir='ltr'><strong><em>est</em></strong></span> <span class='ocrx_word' id='word_1_29' title='bbox 1931 523 1978 577; x_wconf 83' lang='lat' dir='ltr'><strong><em>F</em></strong></span> <span class='ocrx_word' id='word_1_30' title='bbox 1980 524 2102 579; x_wconf 89' lang='lat' dir='ltr'><strong><em>ilius</em></strong></span> <span class='ocrx_word' id='word_1_31' title='bbox 2131 523 2379 584; x_wconf 84' lang='lat' dir='ltr'><strong><em>hominis,</em></strong></span> <span class='ocrx_word' id='word_1_32' title='bbox 2419 528 2475 575; x_wconf 89' lang='lat' dir='ltr'><strong><em>ut</em></strong></span> <span class='ocrx_word' id='word_1_33' title='bbox 2513 519 2599 593; x_wconf 91' lang='lat' dir='ltr'><strong><em>qui</em></strong></span> <span class='ocrx_word' id='word_1_34' title='bbox 2640 527 2843 574; x_wconf 79' lang='lat' dir='ltr'><strong><em>creator</em></strong></span> <span class='ocrx_word' id='word_1_35' title='bbox 2872 517 3201 584; x_wconf 82' lang='lat' dir='ltr'><strong><em>muttdierat,</em></strong></span> <span class='ocrx_word' id='word_1_36' title='bbox 3230 516 3384 587; x_wconf 86' lang='lat' dir='ltr'><strong><em>ﬁeret</em></strong></span> <span class='ocrx_word' id='word_1_37' title='bbox 3402 504 3452 568; x_wconf 70' lang='lat' dir='ltr'><strong><em>et</em></strong></span> <span class='ocrx_word' id='word_1_38' title='bbox 3481 514 3796 586; x_wconf 73' lang='lat' dir='ltr'><strong><em>redemptor.</em></strong></span> 
     </span>
    </p>
   </div>
   <div class='ocr_carea' id='block_1_4' title="bbox 511 603 3798 688">
    <p class='ocr_par' dir='ltr' id='par_1_4' title="bbox 511 603 3798 688">
     <span class='ocr_line' id='line_1_4' title="bbox 511 603 3798 688; baseline -0.005 -11"><span class='ocrx_word' id='word_1_39' title='bbox 511 622 615 688; x_wconf 84' lang='lat' dir='ltr'><strong><em>Qui</em></strong></span> <span class='ocrx_word' id='word_1_40' title='bbox 642 618 735 676; x_wconf 90' lang='lat' dir='ltr'><strong><em>sub</em></strong></span> <span class='ocrx_word' id='word_1_41' title='bbox 762 619 953 675; x_wconf 85' lang='lat' dir='ltr'><strong><em>Pontio</em></strong></span> <span class='ocrx_word' id='word_1_42' title='bbox 979 618 1156 674; x_wconf 80' lang='lat' dir='ltr'><strong><em>Pilato</em></strong></span> <span class='ocrx_word' id='word_1_43' title='bbox 1179 618 1456 688; x_wconf 68' lang='lat' dir='ltr'><strong><em>cruciﬁxus</em></strong></span> <span class='ocrx_word' id='word_1_44' title='bbox 1494 625 1591 683; x_wconf 91' lang='lat' dir='ltr'><strong><em>est,</em></strong></span> <span class='ocrx_word' id='word_1_45' title='bbox 1620 624 1668 671; x_wconf 91' lang='lat' dir='ltr'><strong><em>et</em></strong></span> <span class='ocrx_word' id='word_1_46' title='bbox 1697 616 1944 686; x_wconf 88' lang='lat' dir='ltr'><strong><em>sepultus.</em></strong></span> <span class='ocrx_word' id='word_1_47' title='bbox 1986 612 2151 668; x_wconf 86' lang='lat' dir='ltr'><strong><em>Nulla</em></strong></span> <span class='ocrx_word' id='word_1_48' title='bbox 2171 611 2318 669; x_wconf 88' lang='lat' dir='ltr'><strong><em>nobis</em></strong></span> <span class='ocrx_word' id='word_1_49' title='bbox 2342 613 2411 666; x_wconf 93' lang='lat' dir='ltr'><strong><em>sit</em></strong></span> <span class='ocrx_word' id='word_1_50' title='bbox 2433 611 2496 664; x_wconf 91' lang='lat' dir='ltr'><strong><em>de</em></strong></span> <span class='ocrx_word' id='word_1_51' title='bbox 2518 608 2712 664; x_wconf 75' lang='lat' dir='ltr'><strong><em>Christi</em></strong></span> <span class='ocrx_word' id='word_1_52' title='bbox 2733 624 2882 663; x_wconf 83' lang='lat' dir='ltr'><strong><em>cruce</em></strong></span> <span class='ocrx_word' id='word_1_53' title='bbox 2910 608 3166 679; x_wconf 79' lang='lat' dir='ltr'><strong><em>confusio,</em></strong></span> <span class='ocrx_word' id='word_1_54' title='bbox 3183 606 3304 677; x_wconf 87' lang='lat' dir='ltr'><strong><em>quia</em></strong></span> <span class='ocrx_word' id='word_1_55' title='bbox 3329 603 3575 658; x_wconf 85' lang='lat' dir='ltr'><strong><em>habemus</em></strong></span> <span class='ocrx_word' id='word_1_56' title='bbox 3606 604 3671 659; x_wconf 88' lang='lat' dir='ltr'><strong><em>de</em></strong></span> <span class='ocrx_word' id='word_1_57' title='bbox 3683 605 3798 677; x_wconf 82' lang='lat' dir='ltr'><strong><em>ejus</em></strong></span> 
     </span>
    </p>
   </div>
   <div class='ocr_carea' id='block_1_5' title="bbox 508 693 3797 785">
    <p class='ocr_par' dir='ltr' id='par_1_5' title="bbox 508 693 3797 785">
     <span class='ocr_line' id='line_1_5' title="bbox 508 693 3797 785; baseline -0.007 -15"><span class='ocrx_word' id='word_1_58' title='bbox 508 715 749 785; x_wconf 79' lang='lat' dir='ltr'><strong><em>passione</em></strong></span> <span class='ocrx_word' id='word_1_59' title='bbox 776 712 1042 768; x_wconf 87' lang='lat' dir='ltr'><strong><em>victoriam</em></strong></span> <span class='ocrx_word' id='word_1_60' title='bbox 1059 750 1073 766; x_wconf 94' lang='lat'><strong><em>.</em></strong></span> <span class='ocrx_word' id='word_1_61' title='bbox 1090 749 1103 763; x_wconf 92' lang='lat'><strong><em>.</em></strong></span> <span class='ocrx_word' id='word_1_62' title='bbox 1121 749 1135 763; x_wconf 94' lang='lat'><strong><em>.</em></strong></span> <span class='ocrx_word' id='word_1_63' title='bbox 1159 751 1173 764; x_wconf 93' lang='lat'><strong><em>.</em></strong></span> <span class='ocrx_word' id='word_1_64' title='bbox 1195 750 1210 765; x_wconf 93' lang='lat'><strong><em>.</em></strong></span> <span class='ocrx_word' id='word_1_65' title='bbox 1260 709 1583 781; x_wconf 82' lang='lat' dir='ltr'><strong><em>Supplicium</em></strong></span> <span class='ocrx_word' id='word_1_66' title='bbox 1609 716 1782 762; x_wconf 88' lang='lat' dir='ltr'><strong><em>autem</em></strong></span> <span class='ocrx_word' id='word_1_67' title='bbox 1809 707 1974 761; x_wconf 89' lang='lat' dir='ltr'><strong><em>crucis</em></strong></span> <span class='ocrx_word' id='word_1_68' title='bbox 2007 704 2181 777; x_wconf 75' lang='lat' dir='ltr'><strong><em>elegit,</em></strong></span> <span class='ocrx_word' id='word_1_69' title='bbox 2210 711 2267 757; x_wconf 92' lang='lat' dir='ltr'><strong><em>ut</em></strong></span> <span class='ocrx_word' id='word_1_70' title='bbox 2293 701 2647 757; x_wconf 84' lang='lat' dir='ltr'><strong><em>sublimiorem</em></strong></span> <span class='ocrx_word' id='word_1_71' title='bbox 2675 698 2898 770; x_wconf 87' lang='lat' dir='ltr'><strong><em>gloriam</em></strong></span> <span class='ocrx_word' id='word_1_72' title='bbox 2933 704 3136 768; x_wconf 89' lang='lat' dir='ltr'><strong><em>pareret</em></strong></span> <span class='ocrx_word' id='word_1_73' title='bbox 3165 710 3315 766; x_wconf 75' lang='lat' dir='ltr'><strong><em>paena</em></strong></span> <span class='ocrx_word' id='word_1_74' title='bbox 3354 693 3614 760; x_wconf 82' lang='lat' dir='ltr'><strong><em>deterior;</em></strong></span> <span class='ocrx_word' id='word_1_75' title='bbox 3639 703 3691 748; x_wconf 89' lang='lat' dir='ltr'><strong><em>et</em></strong></span> <span class='ocrx_word' id='word_1_76' title='bbox 3710 695 3797 766; x_wconf 91' lang='lat' dir='ltr'><strong><em>qui</em></strong></span> 
     </span>
    </p>
   </div>
   <div class='ocr_carea' id='block_1_6' title="bbox 507 786 3797 877">
    <p class='ocr_par' dir='ltr' id='par_1_6' title="bbox 507 786 3797 877">
     <span class='ocr_line' id='line_1_6' title="bbox 507 786 3797 877; baseline -0.007 -13"><span class='ocrx_word' id='word_1_77' title='bbox 507 808 859 864; x_wconf 82' lang='lat' dir='ltr'><strong><em>universitatis</em></strong></span> <span class='ocrx_word' id='word_1_78' title='bbox 887 805 1019 862; x_wconf 87' lang='lat' dir='ltr'><strong><em>bono</em></strong></span> <span class='ocrx_word' id='word_1_79' title='bbox 1046 802 1355 877; x_wconf 87' lang='lat' dir='ltr'><strong><em>patiebatur,</em></strong></span> <span class='ocrx_word' id='word_1_80' title='bbox 1381 804 1529 877; x_wconf 86' lang='lat' dir='ltr'><strong><em>quasi</em></strong></span> <span class='ocrx_word' id='word_1_81' title='bbox 1556 804 1610 857; x_wconf 91' lang='lat' dir='ltr'><strong><em>in</em></strong></span> <span class='ocrx_word' id='word_1_82' title='bbox 1631 810 1905 873; x_wconf 84' lang='lat' dir='ltr'><strong><em>conspectu</em></strong></span> <span class='ocrx_word' id='word_1_83' title='bbox 1931 799 2110 856; x_wconf 86' lang='lat' dir='ltr'><strong><em>mundi</em></strong></span> <span class='ocrx_word' id='word_1_84' title='bbox 2138 801 2192 854; x_wconf 91' lang='lat' dir='ltr'><strong><em>in</em></strong></span> <span class='ocrx_word' id='word_1_85' title='bbox 2213 798 2376 853; x_wconf 89' lang='lat' dir='ltr'><strong><em>altum</em></strong></span> <span class='ocrx_word' id='word_1_86' title='bbox 2403 795 2694 851; x_wconf 76' lang='lat' dir='ltr'><strong><em>sublevatus</em></strong></span> <span class='ocrx_word' id='word_1_87' title='bbox 2721 793 3072 857; x_wconf 85' lang='lat' dir='ltr'><strong><em>occumberet;</em></strong></span> <span class='ocrx_word' id='word_1_88' title='bbox 3098 789 3252 846; x_wconf 87' lang='lat' dir='ltr'><strong><em>simul</em></strong></span> <span class='ocrx_word' id='word_1_89' title='bbox 3277 799 3334 843; x_wconf 91' lang='lat' dir='ltr'><strong><em>ut</em></strong></span> <span class='ocrx_word' id='word_1_90' title='bbox 3368 789 3456 861; x_wconf 85' lang='lat' dir='ltr'><strong><em>qui</em></strong></span> <span class='ocrx_word' id='word_1_91' title='bbox 3477 786 3797 858; x_wconf 75' lang='lat' dir='ltr'><strong><em>Cruciﬁxum</em></strong></span> 
     </span>
    </p>
   </div>
   <div class='ocr_carea' id='block_1_7' title="bbox 508 876 3798 965">
    <p class='ocr_par' dir='ltr' id='par_1_7' title="bbox 508 876 3798 965">
     <span class='ocr_line' id='line_1_7' title="bbox 508 876 3798 965; baseline -0.007 -10"><span class='ocrx_word' id='word_1_92' title='bbox 508 897 764 964; x_wconf 78' lang='lat' dir='ltr'><strong><em>videbant,</em></strong></span> <span class='ocrx_word' id='word_1_93' title='bbox 798 876 1058 954; x_wconf 82' lang='lat' dir='ltr'><strong><em>mirabilia</em></strong></span> <span class='ocrx_word' id='word_1_94' title='bbox 1076 902 1347 950; x_wconf 89' lang='lat' dir='ltr'><strong><em>cernerent</em></strong></span> <span class='ocrx_word' id='word_1_95' title='bbox 1385 876 1652 965; x_wconf 72' lang='lat' dir='ltr'><strong><em>Cruciﬁxi.</em></strong></span> <span class='ocrx_word' id='word_1_96' title='bbox 1694 889 1835 946; x_wconf 87' lang='lat' dir='ltr'><strong><em>Nam</em></strong></span> <span class='ocrx_word' id='word_1_97' title='bbox 1865 890 1993 945; x_wconf 88' lang='lat' dir='ltr'><strong><em>satis</em></strong></span> <span class='ocrx_word' id='word_1_98' title='bbox 2031 887 2330 958; x_wconf 83' lang='lat' dir='ltr'><strong><em>abundeque</em></strong></span> <span class='ocrx_word' id='word_1_99' title='bbox 2354 885 2577 957; x_wconf 87' lang='lat' dir='ltr'><strong><em>gloriam</em></strong></span> <span class='ocrx_word' id='word_1_100' title='bbox 2600 884 2844 955; x_wconf 82' lang='lat' dir='ltr'><strong><em>patientis</em></strong></span> <span class='ocrx_word' id='word_1_101' title='bbox 2871 879 3148 936; x_wconf 85' lang='lat' dir='ltr'><strong><em>ostendunt</em></strong></span> <span class='ocrx_word' id='word_1_102' title='bbox 3175 880 3441 951; x_wconf 88' lang='lat' dir='ltr'><strong><em>repentina</em></strong></span> <span class='ocrx_word' id='word_1_103' title='bbox 3461 878 3595 933; x_wconf 79' lang='lat' dir='ltr'><strong><em>solis</em></strong></span> <span class='ocrx_word' id='word_1_104' title='bbox 3616 876 3798 933; x_wconf 86' lang='lat' dir='ltr'><strong><em>obscu-</em></strong></span> 
     </span>
    </p>
   </div>
   <div class='ocr_carea' id='block_1_8' title="bbox 510 971 3797 1054">
    <p class='ocr_par' dir='ltr' id='par_1_8' title="bbox 510 971 3797 1054">
     <span class='ocr_line' id='line_1_8' title="bbox 510 971 3797 1054; baseline -0.006 -11"><span class='ocrx_word' id='word_1_105' title='bbox 510 990 665 1054; x_wconf 88' lang='lat' dir='ltr'><strong><em>ritas,</em></strong></span> <span class='ocrx_word' id='word_1_106' title='bbox 696 995 886 1041; x_wconf 88' lang='lat' dir='ltr'><strong><em>tremor</em></strong></span> <span class='ocrx_word' id='word_1_107' title='bbox 911 995 1163 1041; x_wconf 89' lang='lat' dir='ltr'><strong><em>terrarum</em></strong></span> <span class='ocrx_word' id='word_1_108' title='bbox 1184 1026 1200 1054; x_wconf 92' lang='lat'><strong><em>,</em></strong></span> <span class='ocrx_word' id='word_1_109' title='bbox 1230 1002 1476 1041; x_wconf 76' lang='lat' dir='ltr'><strong><em>saxorum</em></strong></span> <span class='ocrx_word' id='word_1_110' title='bbox 1503 985 1684 1040; x_wconf 84' lang='lat' dir='ltr'><strong><em>divisio</em></strong></span> <span class='ocrx_word' id='word_1_111' title='bbox 1707 1024 1723 1050; x_wconf 90' lang='lat'><strong><em>,</em></strong></span> <span class='ocrx_word' id='word_1_112' title='bbox 1751 983 2055 1038; x_wconf 81' lang='lat' dir='ltr'><strong><em>resurrectio</em></strong></span> <span class='ocrx_word' id='word_1_113' title='bbox 2085 989 2424 1035; x_wconf 87' lang='lat' dir='ltr'><strong><em>ntortuorum.</em></strong></span> <span class='ocrx_word' id='word_1_114' title='bbox 2467 976 2611 1032; x_wconf 84' lang='lat' dir='ltr'><strong><em>Illud</em></strong></span> <span class='ocrx_word' id='word_1_115' title='bbox 2631 984 2803 1030; x_wconf 91' lang='lat' dir='ltr'><strong><em>autem</em></strong></span> <span class='ocrx_word' id='word_1_116' title='bbox 2830 976 3009 1048; x_wconf 82' lang='lat' dir='ltr'><strong><em>quanti</em></strong></span> <span class='ocrx_word' id='word_1_117' title='bbox 3034 983 3111 1028; x_wconf 90' lang='lat' dir='ltr'><strong><em>est</em></strong></span> <span class='ocrx_word' id='word_1_118' title='bbox 3143 971 3439 1037; x_wconf 80' lang='lat' dir='ltr'><strong><em>testimonii,</em></strong></span> <span class='ocrx_word' id='word_1_119' title='bbox 3469 971 3606 1044; x_wconf 88' lang='lat' dir='ltr'><strong><em>quod</em></strong></span> <span class='ocrx_word' id='word_1_120' title='bbox 3643 973 3797 1025; x_wconf 89' lang='lat' dir='ltr'><strong><em>etiam</em></strong></span> 
     </span>
    </p>
   </div>
   <div class='ocr_carea' id='block_1_9' title="bbox 508 1066 3797 1152">
    <p class='ocr_par' dir='ltr' id='par_1_9' title="bbox 508 1066 3797 1152">
     <span class='ocr_line' id='line_1_9' title="bbox 508 1066 3797 1152; baseline -0.005 -17"><span class='ocrx_word' id='word_1_121' title='bbox 508 1082 707 1152; x_wconf 88' lang='lat' dir='ltr'><strong><em>pariter</em></strong></span> <span class='ocrx_word' id='word_1_122' title='bbox 735 1080 1016 1152; x_wconf 62' lang='lat' dir='ltr'><strong><em>cruciﬁxus</em></strong></span> <span class='ocrx_word' id='word_1_123' title='bbox 1044 1080 1179 1136; x_wconf 88' lang='lat' dir='ltr'><strong><em>latro</em></strong></span> <span class='ocrx_word' id='word_1_124' title='bbox 1208 1080 1509 1135; x_wconf 77' lang='lat' dir='ltr'><strong><em>memoriam</em></strong></span> <span class='ocrx_word' id='word_1_125' title='bbox 1535 1080 1616 1133; x_wconf 91' lang='lat' dir='ltr'><strong><em>sui</em></strong></span> <span class='ocrx_word' id='word_1_126' title='bbox 1638 1079 1691 1131; x_wconf 91' lang='lat' dir='ltr'><strong><em>in</em></strong></span> <span class='ocrx_word' id='word_1_127' title='bbox 1714 1077 1902 1132; x_wconf 75' lang='lat' dir='ltr'><strong><em>cadesti</em></strong></span> <span class='ocrx_word' id='word_1_128' title='bbox 1932 1091 2090 1147; x_wconf 88' lang='lat' dir='ltr'><strong><em>regno</em></strong></span> <span class='ocrx_word' id='word_1_129' title='bbox 2117 1075 2233 1146; x_wconf 87' lang='lat' dir='ltr'><strong><em>ﬁeri</em></strong></span> <span class='ocrx_word' id='word_1_130' title='bbox 2261 1092 2295 1128; x_wconf 89' lang='lat' dir='ltr'><strong><em>a</em></strong></span> <span class='ocrx_word' id='word_1_131' title='bbox 2318 1081 2553 1127; x_wconf 86' lang='lat' dir='ltr'><strong><em>consorte</em></strong></span> <span class='ocrx_word' id='word_1_132' title='bbox 2577 1070 2816 1142; x_wconf 84' lang='lat' dir='ltr'><strong><em>supplicii</em></strong></span> <span class='ocrx_word' id='word_1_133' title='bbox 2844 1068 3190 1141; x_wconf 85' lang='lat' dir='ltr'><strong><em>precabatur?</em></strong></span> <span class='ocrx_word' id='word_1_134' title='bbox 3219 1066 3357 1122; x_wconf 79' lang='lat' dir='ltr'><strong><em>Hinc</em></strong></span> <span class='ocrx_word' id='word_1_135' title='bbox 3378 1076 3486 1133; x_wconf 86' lang='lat' dir='ltr'><strong><em>est,</em></strong></span> <span class='ocrx_word' id='word_1_136' title='bbox 3517 1067 3797 1131; x_wconf 79' lang='lat' dir='ltr'><strong><em>carissimi,</em></strong></span> 
     </span>
    </p>
   </div>
   <div class='ocr_carea' id='block_1_10' title="bbox 509 1157 3802 1243">
    <p class='ocr_par' dir='ltr' id='par_1_10' title="bbox 509 1157 3802 1243">
     <span class='ocr_line' id='line_1_10' title="bbox 509 1157 3802 1243; baseline -0.004 -19"><span class='ocrx_word' id='word_1_137' title='bbox 509 1172 647 1242; x_wconf 80' lang='lat' dir='ltr'><strong><em>quod</em></strong></span> <span class='ocrx_word' id='word_1_138' title='bbox 673 1171 942 1227; x_wconf 89' lang='lat' dir='ltr'><strong><em>illusiones</em></strong></span> <span class='ocrx_word' id='word_1_139' title='bbox 971 1181 1021 1226; x_wconf 92' lang='lat' dir='ltr'><strong><em>et</em></strong></span> <span class='ocrx_word' id='word_1_140' title='bbox 1048 1171 1269 1243; x_wconf 81' lang='lat' dir='ltr'><strong><em>probra,</em></strong></span> <span class='ocrx_word' id='word_1_141' title='bbox 1300 1186 1416 1243; x_wconf 80' lang='lat' dir='ltr'><strong><em>qute</em></strong></span> <span class='ocrx_word' id='word_1_142' title='bbox 1441 1170 1647 1242; x_wconf 85' lang='lat' dir='ltr'><strong><em>pertulit</em></strong></span> <span class='ocrx_word' id='word_1_143' title='bbox 1669 1167 1923 1232; x_wconf 83' lang='lat' dir='ltr'><strong><em>Christus,</em></strong></span> <span class='ocrx_word' id='word_1_144' title='bbox 1952 1182 2174 1230; x_wconf 89' lang='lat' dir='ltr'><strong><em>crucem,</em></strong></span> <span class='ocrx_word' id='word_1_145' title='bbox 2207 1180 2533 1228; x_wconf 65' lang='lat' dir='ltr'><strong><em>nomenque.</em></strong></span> <span class='ocrx_word' id='word_1_146' title='bbox 2557 1163 2669 1235; x_wconf 87' lang='lat' dir='ltr'><strong><em>ejus</em></strong></span> <span class='ocrx_word' id='word_1_147' title='bbox 2696 1178 2799 1217; x_wconf 90' lang='lat' dir='ltr'><strong><em>non</em></strong></span> <span class='ocrx_word' id='word_1_148' title='bbox 2822 1162 3063 1232; x_wconf 90' lang='lat' dir='ltr'><strong><em>suspiriis</em></strong></span> <span class='ocrx_word' id='word_1_149' title='bbox 3086 1161 3475 1231; x_wconf 87' lang='lat' dir='ltr'><strong><em>ingemiscimus</em></strong></span> <span class='ocrx_word' id='word_1_150' title='bbox 3497 1198 3514 1225; x_wconf 91' lang='lat'><strong><em>,</em></strong></span> <span class='ocrx_word' id='word_1_151' title='bbox 3543 1157 3635 1212; x_wconf 89' lang='lat' dir='ltr'><strong><em>sed</em></strong></span> <span class='ocrx_word' id='word_1_152' title='bbox 3674 1174 3802 1212; x_wconf 76' lang='lat' dir='ltr'><strong><em>con-</em></strong></span> 
     </span>
    </p>
   </div>
   <div class='ocr_carea' id='block_1_11' title="bbox 511 1247 3795 1332">
    <p class='ocr_par' dir='ltr' id='par_1_11' title="bbox 511 1247 3795 1332">
     <span class='ocr_line' id='line_1_11' title="bbox 511 1247 3795 1332; baseline -0.005 -15"><span class='ocrx_word' id='word_1_153' title='bbox 511 1265 670 1321; x_wconf 87' lang='lat' dir='ltr'><strong><em>tinuis</em></strong></span> <span class='ocrx_word' id='word_1_154' title='bbox 699 1261 937 1325; x_wconf 83' lang='lat' dir='ltr'><strong><em>laudibus</em></strong></span> <span class='ocrx_word' id='word_1_155' title='bbox 964 1261 1297 1318; x_wconf 87' lang='lat' dir='ltr'><strong><em>celebramus.</em></strong></span> <span class='ocrx_word' id='word_1_156' title='bbox 1331 1260 1575 1332; x_wconf 88' lang='lat' dir='ltr'><strong><em>Sepultus</em></strong></span> <span class='ocrx_word' id='word_1_157' title='bbox 1594 1268 1669 1314; x_wconf 85' lang='lat' dir='ltr'><strong><em>est</em></strong></span> <span class='ocrx_word' id='word_1_158' title='bbox 1691 1269 1886 1324; x_wconf 81' lang='lat' dir='ltr'><strong><em>autent,</em></strong></span> <span class='ocrx_word' id='word_1_159' title='bbox 1915 1258 2034 1326; x_wconf 85' lang='lat' dir='ltr'><strong><em>quia</em></strong></span> <span class='ocrx_word' id='word_1_160' title='bbox 2064 1271 2376 1328; x_wconf 83' lang='lat' dir='ltr'><strong><em>consequens</em></strong></span> <span class='ocrx_word' id='word_1_161' title='bbox 2402 1262 2543 1319; x_wconf 89' lang='lat' dir='ltr'><strong><em>erat,</em></strong></span> <span class='ocrx_word' id='word_1_162' title='bbox 2588 1261 2645 1307; x_wconf 89' lang='lat' dir='ltr'><strong><em>ut</em></strong></span> <span class='ocrx_word' id='word_1_163' title='bbox 2671 1253 2757 1325; x_wconf 85' lang='lat' dir='ltr'><strong><em>qui</em></strong></span> <span class='ocrx_word' id='word_1_164' title='bbox 2796 1266 3044 1307; x_wconf 76' lang='lat' dir='ltr'><strong><em>uon&#39;ruus</em></strong></span> <span class='ocrx_word' id='word_1_165' title='bbox 3070 1265 3305 1315; x_wconf 68' lang='lat' dir='ltr'><strong><em>ruens-1&#39;,</em></strong></span> <span class='ocrx_word' id='word_1_166' title='bbox 3347 1248 3602 1317; x_wconf 85' lang='lat' dir='ltr'><strong><em>acciperet</em></strong></span> <span class='ocrx_word' id='word_1_167' title='bbox 3627 1247 3795 1319; x_wconf 65' lang='lat' dir='ltr'><strong><em>sepulo</em></strong></span> 
     </span>
    </p>
   </div>
   <div class='ocr_carea' id='block_1_12' title="bbox 512 1338 3796 1425">
    <p class='ocr_par' dir='ltr' id='par_1_12' title="bbox 512 1338 3796 1425">
     <span class='ocr_line' id='line_1_12' title="bbox 512 1338 3796 1425; baseline -0.005 -17"><span class='ocrx_word' id='word_1_168' title='bbox 512 1364 714 1409; x_wconf 86' lang='lat' dir='ltr'><strong><em>turam.</em></strong></span> <span class='ocrx_word' id='word_1_169' title='bbox 736 1393 780 1409; x_wconf 92' lang='lat'><strong><em>..</em></strong></span> <span class='ocrx_word' id='word_1_170' title='bbox 804 1394 818 1408; x_wconf 94' lang='lat'><strong><em>.</em></strong></span> <span class='ocrx_word' id='word_1_171' title='bbox 870 1352 1112 1425; x_wconf 89' lang='lat' dir='ltr'><strong><em>Sepultus</em></strong></span> <span class='ocrx_word' id='word_1_172' title='bbox 1158 1362 1266 1418; x_wconf 88' lang='lat' dir='ltr'><strong><em>est,</em></strong></span> <span class='ocrx_word' id='word_1_173' title='bbox 1309 1360 1366 1405; x_wconf 82' lang='lat' dir='ltr'><strong><em>ut</em></strong></span> <span class='ocrx_word' id='word_1_174' title='bbox 1402 1352 1490 1422; x_wconf 88' lang='lat' dir='ltr'><strong><em>qui</em></strong></span> <span class='ocrx_word' id='word_1_175' title='bbox 1530 1366 1670 1405; x_wconf 74' lang='lat' dir='ltr'><strong><em>VERE</em></strong></span> <span class='ocrx_word' id='word_1_176' title='bbox 1719 1363 1965 1403; x_wconf 75' lang='lat' dir='ltr'><strong><em>nonruus</em></strong></span> <span class='ocrx_word' id='word_1_177' title='bbox 1992 1362 2364 1412; x_wconf 73' lang='lat' dir='ltr'><strong><em>cnsnsnnun,</em></strong></span> <span class='ocrx_word' id='word_1_178' title='bbox 2408 1360 2547 1399; x_wconf 76' lang='lat' dir='ltr'><strong><em>VERE</em></strong></span> <span class='ocrx_word' id='word_1_179' title='bbox 2574 1358 2810 1399; x_wconf 75' lang='lat' dir='ltr'><strong><em>ncnnsss</em></strong></span> <span class='ocrx_word' id='word_1_180' title='bbox 2848 1359 2880 1398; x_wconf 77' lang='grc' dir='ltr'><strong>Α</strong></span> <span class='ocrx_word' id='word_1_181' title='bbox 2908 1356 3139 1397; x_wconf 76' lang='lat' dir='ltr'><strong><em>uon&#39;rms</em></strong></span> <span class='ocrx_word' id='word_1_182' title='bbox 3164 1356 3539 1397; x_wconf 72' lang='lat' dir='ltr'><strong><em>cnwsnc&#39;rua.</em></strong></span> <span class='ocrx_word' id='word_1_183' title='bbox 3596 1338 3796 1403; x_wconf 83' lang='lat' dir='ltr'><strong><em>Tertia,</em></strong></span> 
     </span>
    </p>
   </div>
   <div class='ocr_carea' id='block_1_13' title="bbox 513 1430 3798 1513">
    <p class='ocr_par' dir='ltr' id='par_1_13' title="bbox 513 1430 3798 1513">
     <span class='ocr_line' id='line_1_13' title="bbox 513 1430 3798 1513; baseline -0.004 -15"><span class='ocrx_word' id='word_1_184' title='bbox 513 1443 706 1513; x_wconf 84' lang='lat' dir='ltr'><strong><em>inquit,</em></strong></span> <span class='ocrx_word' id='word_1_185' title='bbox 739 1443 822 1497; x_wconf 88' lang='lat' dir='ltr'><strong><em>die</em></strong></span> <span class='ocrx_word' id='word_1_186' title='bbox 850 1443 1130 1497; x_wconf 79' lang='lat' dir='ltr'><strong><em>resurrexit</em></strong></span> <span class='ocrx_word' id='word_1_187' title='bbox 1151 1458 1183 1495; x_wconf 92' lang='lat' dir='ltr'><strong><em>a</em></strong></span> <span class='ocrx_word' id='word_1_188' title='bbox 1213 1442 1449 1496; x_wconf 85' lang='lat' dir='ltr'><strong><em>mortuis.</em></strong></span> <span class='ocrx_word' id='word_1_189' title='bbox 1469 1479 1485 1494; x_wconf 93' lang='lat'><strong><em>.</em></strong></span> <span class='ocrx_word' id='word_1_190' title='bbox 1506 1479 1553 1495; x_wconf 93' lang='lat'><strong><em>..</em></strong></span> <span class='ocrx_word' id='word_1_191' title='bbox 1571 1479 1587 1494; x_wconf 92' lang='lat'><strong><em>.</em></strong></span> <span class='ocrx_word' id='word_1_192' title='bbox 1605 1480 1619 1494; x_wconf 96' lang='lat'><strong><em>.</em></strong></span> <span class='ocrx_word' id='word_1_193' title='bbox 1654 1438 1716 1495; x_wconf 88' lang='lat' dir='ltr'><strong><em>Si</em></strong></span> <span class='ocrx_word' id='word_1_194' title='bbox 1743 1438 2009 1494; x_wconf 84' lang='lat' dir='ltr'><strong><em>credidisti</em></strong></span> <span class='ocrx_word' id='word_1_195' title='bbox 2037 1438 2126 1510; x_wconf 85' lang='lat' dir='ltr'><strong><em>(de</em></strong></span> <span class='ocrx_word' id='word_1_196' title='bbox 2145 1436 2372 1507; x_wconf 79' lang='lat' dir='ltr'><strong><em>Christo)</em></strong></span> <span class='ocrx_word' id='word_1_197' title='bbox 2402 1452 2540 1501; x_wconf 76' lang='lat' dir='ltr'><strong><em>quon</em></strong></span> <span class='ocrx_word' id='word_1_198' title='bbox 2570 1451 2765 1491; x_wconf 74' lang='lat' dir='ltr'><strong><em>nonus</em></strong></span> <span class='ocrx_word' id='word_1_199' title='bbox 2784 1443 2883 1502; x_wconf 86' lang='lat' dir='ltr'><strong><em>est,</em></strong></span> <span class='ocrx_word' id='word_1_200' title='bbox 2927 1433 3079 1490; x_wconf 89' lang='lat' dir='ltr'><strong><em>crede</em></strong></span> <span class='ocrx_word' id='word_1_201' title='bbox 3123 1448 3262 1498; x_wconf 75' lang='lat' dir='ltr'><strong><em>quon</em></strong></span> <span class='ocrx_word' id='word_1_202' title='bbox 3307 1449 3448 1488; x_wconf 66' lang='lat' dir='ltr'><strong><em>vnn:</em></strong></span> <span class='ocrx_word' id='word_1_203' title='bbox 3485 1447 3604 1487; x_wconf 66' lang='grc' dir='ltr'><strong><em>ηδτ.</em></strong></span> <span class='ocrx_word' id='word_1_204' title='bbox 3648 1430 3798 1487; x_wconf 89' lang='lat' dir='ltr'><strong><em>Sicut</em></strong></span> 
     </span>
    </p>
   </div>
   <div class='ocr_carea' id='block_1_14' title="bbox 512 1523 3799 1605">
    <p class='ocr_par' dir='ltr' id='par_1_14' title="bbox 512 1523 3799 1605">
     <span class='ocr_line' id='line_1_14' title="bbox 512 1523 3799 1605; baseline -0.003 -17"><span class='ocrx_word' id='word_1_205' title='bbox 512 1534 650 1604; x_wconf 83' lang='lat' dir='ltr'><strong><em>enim</em></strong></span> <span class='ocrx_word' id='word_1_206' title='bbox 676 1535 729 1588; x_wconf 91' lang='lat' dir='ltr'><strong><em>in</em></strong></span> <span class='ocrx_word' id='word_1_207' title='bbox 752 1535 996 1605; x_wconf 86' lang='lat' dir='ltr'><strong><em>passione</em></strong></span> <span class='ocrx_word' id='word_1_208' title='bbox 1021 1534 1323 1605; x_wconf 85' lang='lat' dir='ltr'><strong><em>mysterium</em></strong></span> <span class='ocrx_word' id='word_1_209' title='bbox 1350 1531 1556 1603; x_wconf 87' lang='lat' dir='ltr'><strong><em>pietatis</em></strong></span> <span class='ocrx_word' id='word_1_210' title='bbox 1583 1539 1679 1599; x_wconf 89' lang='lat' dir='ltr'><strong><em>est,</em></strong></span> <span class='ocrx_word' id='word_1_211' title='bbox 1704 1532 1779 1586; x_wconf 90' lang='lat' dir='ltr'><strong><em>ita</em></strong></span> <span class='ocrx_word' id='word_1_212' title='bbox 1799 1531 1854 1586; x_wconf 85' lang='lat' dir='ltr'><strong><em>in</em></strong></span> <span class='ocrx_word' id='word_1_213' title='bbox 1877 1530 2249 1585; x_wconf 88' lang='lat' dir='ltr'><strong><em>resurrectione</em></strong></span> <span class='ocrx_word' id='word_1_214' title='bbox 2274 1530 2508 1600; x_wconf 88' lang='lat' dir='ltr'><strong><em>operatio</em></strong></span> <span class='ocrx_word' id='word_1_215' title='bbox 2534 1528 2825 1599; x_wconf 86' lang='lat' dir='ltr'><strong><em>potestatis,</em></strong></span> <span class='ocrx_word' id='word_1_216' title='bbox 2847 1535 2903 1581; x_wconf 90' lang='lat' dir='ltr'><strong><em>ut</em></strong></span> <span class='ocrx_word' id='word_1_217' title='bbox 2930 1528 3006 1581; x_wconf 90' lang='lat' dir='ltr'><strong><em>ait</em></strong></span> <span class='ocrx_word' id='word_1_218' title='bbox 3030 1527 3144 1596; x_wconf 90' lang='lat' dir='ltr'><strong><em>ipse</em></strong></span> <span class='ocrx_word' id='word_1_219' title='bbox 3167 1542 3185 1578; x_wconf 93' lang='lat'><strong><em>:</em></strong></span> <span class='ocrx_word' id='word_1_220' title='bbox 3231 1544 3250 1576; x_wconf 78' lang='grc' dir='ltr'>ι</span> <span class='ocrx_word' id='word_1_221' title='bbox 3276 1524 3596 1580; x_wconf 88' lang='lat' dir='ltr'><strong><em>Potestatem</em></strong></span> <span class='ocrx_word' id='word_1_222' title='bbox 3632 1523 3799 1579; x_wconf 83' lang='lat' dir='ltr'><strong><em>habeo</em></strong></span> 
     </span>
    </p>
   </div>
   <div class='ocr_carea' id='block_1_15' title="bbox 513 1614 3797 1695">
    <p class='ocr_par' dir='ltr' id='par_1_15' title="bbox 513 1614 3797 1695">
     <span class='ocr_line' id='line_1_15' title="bbox 513 1614 3797 1695; baseline -0.002 -18"><span class='ocrx_word' id='word_1_223' title='bbox 513 1623 739 1695; x_wconf 87' lang='lat' dir='ltr'><strong><em>ponendi</em></strong></span> <span class='ocrx_word' id='word_1_224' title='bbox 765 1624 995 1678; x_wconf 88' lang='lat' dir='ltr'><strong><em>animam</em></strong></span> <span class='ocrx_word' id='word_1_225' title='bbox 1024 1639 1211 1690; x_wconf 84' lang='lat' dir='ltr'><strong><em>meam,</em></strong></span> <span class='ocrx_word' id='word_1_226' title='bbox 1234 1632 1285 1678; x_wconf 87' lang='lat' dir='ltr'><strong><em>et</em></strong></span> <span class='ocrx_word' id='word_1_227' title='bbox 1302 1632 1604 1694; x_wconf 88' lang='lat' dir='ltr'><strong><em>potestatem</em></strong></span> <span class='ocrx_word' id='word_1_228' title='bbox 1626 1620 1786 1677; x_wconf 81' lang='lat' dir='ltr'><strong><em>habeo</em></strong></span> <span class='ocrx_word' id='word_1_229' title='bbox 1807 1621 1990 1676; x_wconf 89' lang='lat' dir='ltr'><strong><em>iterum</em></strong></span> <span class='ocrx_word' id='word_1_230' title='bbox 2015 1620 2249 1675; x_wconf 89' lang='lat' dir='ltr'><strong><em>sumendi</em></strong></span> <span class='ocrx_word' id='word_1_231' title='bbox 2271 1636 2407 1675; x_wconf 86' lang='lat' dir='ltr'><strong><em>eam.</em></strong></span> <span class='ocrx_word' id='word_1_232' title='bbox 2475 1618 2742 1683; x_wconf 84' lang='lat' dir='ltr'><strong><em>Quomodo</em></strong></span> <span class='ocrx_word' id='word_1_233' title='bbox 2769 1620 2942 1691; x_wconf 83' lang='lat' dir='ltr'><strong><em>itaque</em></strong></span> <span class='ocrx_word' id='word_1_234' title='bbox 2978 1634 3083 1672; x_wconf 90' lang='lat' dir='ltr'><strong><em>non</em></strong></span> <span class='ocrx_word' id='word_1_235' title='bbox 3109 1617 3189 1672; x_wconf 90' lang='lat' dir='ltr'><strong><em>illi</em></strong></span> <span class='ocrx_word' id='word_1_236' title='bbox 3216 1614 3516 1689; x_wconf 85' lang='lat' dir='ltr'><strong><em>suppetebat</em></strong></span> <span class='ocrx_word' id='word_1_237' title='bbox 3547 1616 3652 1671; x_wconf 88' lang='lat' dir='ltr'><strong><em>vita</em></strong></span> <span class='ocrx_word' id='word_1_238' title='bbox 3679 1622 3797 1687; x_wconf 85' lang='lat' dir='ltr'><strong><em>post</em></strong></span> 
     </span>
    </p>
   </div>
   <div class='ocr_carea' id='block_1_16' title="bbox 516 1705 3795 1784">
    <p class='ocr_par' dir='ltr' id='par_1_16' title="bbox 516 1705 3795 1784">
     <span class='ocr_line' id='line_1_16' title="bbox 516 1705 3795 1784; baseline -0.002 -16"><span class='ocrx_word' id='word_1_239' title='bbox 516 1726 755 1778; x_wconf 67' lang='lat' dir='ltr'><strong><em>nomen,</em></strong></span> <span class='ocrx_word' id='word_1_240' title='bbox 784 1713 868 1766; x_wconf 87' lang='lat' dir='ltr'><strong><em>cui</em></strong></span> <span class='ocrx_word' id='word_1_241' title='bbox 896 1727 1023 1768; x_wconf 76' lang='lat' dir='ltr'><strong><em>nom</em></strong></span> <span class='ocrx_word' id='word_1_242' title='bbox 1049 1728 1151 1767; x_wconf 94' lang='lat' dir='ltr'><strong><em>non</em></strong></span> <span class='ocrx_word' id='word_1_243' title='bbox 1178 1713 1280 1784; x_wconf 80' lang='lat' dir='ltr'><strong><em>fuit</em></strong></span> <span class='ocrx_word' id='word_1_244' title='bbox 1304 1712 1553 1779; x_wconf 88' lang='lat' dir='ltr'><strong><em>conditio,</em></strong></span> <span class='ocrx_word' id='word_1_245' title='bbox 1575 1709 1668 1765; x_wconf 90' lang='lat' dir='ltr'><strong><em>sed</em></strong></span> <span class='ocrx_word' id='word_1_246' title='bbox 1687 1719 1914 1783; x_wconf 87' lang='lat' dir='ltr'><strong><em>potestas</em></strong></span> <span class='ocrx_word' id='word_1_247' title='bbox 1930 1709 1955 1764; x_wconf 86' lang='lat'><strong><em>?</em></strong></span> <span class='ocrx_word' id='word_1_248' title='bbox 1971 1749 1987 1765; x_wconf 94' lang='lat'><strong><em>.</em></strong></span> <span class='ocrx_word' id='word_1_249' title='bbox 2003 1748 2019 1764; x_wconf 94' lang='lat'><strong><em>.</em></strong></span> <span class='ocrx_word' id='word_1_250' title='bbox 2041 1748 2056 1764; x_wconf 90' lang='lat'><strong><em>.</em></strong></span> <span class='ocrx_word' id='word_1_251' title='bbox 2077 1750 2092 1765; x_wconf 95' lang='lat'><strong><em>.</em></strong></span> <span class='ocrx_word' id='word_1_252' title='bbox 2122 1706 2392 1775; x_wconf 85' lang='lat' dir='ltr'><strong><em>Quomodo</em></strong></span> <span class='ocrx_word' id='word_1_253' title='bbox 2414 1720 2615 1783; x_wconf 86' lang='lat' dir='ltr'><strong><em>poterat</em></strong></span> <span class='ocrx_word' id='word_1_254' title='bbox 2643 1709 2836 1781; x_wconf 78' lang='lat' dir='ltr'><strong><em>inferni</em></strong></span> <span class='ocrx_word' id='word_1_255' title='bbox 2863 1706 3060 1780; x_wconf 77' lang='lat' dir='ltr'><strong><em>legibus</em></strong></span> <span class='ocrx_word' id='word_1_256' title='bbox 3086 1708 3324 1775; x_wconf 81' lang='lat' dir='ltr'><strong><em>detineri,</em></strong></span> <span class='ocrx_word' id='word_1_257' title='bbox 3363 1709 3451 1780; x_wconf 90' lang='lat' dir='ltr'><strong><em>qui</em></strong></span> <span class='ocrx_word' id='word_1_258' title='bbox 3470 1705 3665 1762; x_wconf 87' lang='lat' dir='ltr'><strong><em>idcirco</em></strong></span> <span class='ocrx_word' id='word_1_259' title='bbox 3695 1720 3795 1762; x_wconf 58' lang='lat' dir='ltr'><strong><em>es:</em></strong></span> 
     </span>
    </p>
   </div>
   <div class='ocr_carea' id='block_1_17' title="bbox 515 1801 1680 1875">
    <p class='ocr_par' dir='ltr' id='par_1_17' title="bbox 515 1801 1680 1875">
     <span class='ocr_line' id='line_1_17' title="bbox 515 1801 1680 1875; baseline -0.002 -18"><span class='ocrx_word' id='word_1_260' title='bbox 515 1816 778 1875; x_wconf 77' lang='lat' dir='ltr'><strong><em>tton&#39;ruus,</em></strong></span> <span class='ocrx_word' id='word_1_261' title='bbox 804 1810 861 1857; x_wconf 91' lang='lat' dir='ltr'><strong><em>ut</em></strong></span> <span class='ocrx_word' id='word_1_262' title='bbox 887 1816 1026 1857; x_wconf 89' lang='lat' dir='ltr'><strong><em>mors</em></strong></span> <span class='ocrx_word' id='word_1_263' title='bbox 1054 1801 1311 1856; x_wconf 85' lang='lat' dir='ltr'><strong><em>amitteret</em></strong></span> <span class='ocrx_word' id='word_1_264' title='bbox 1340 1801 1680 1873; x_wconf 81' lang='lat' dir='ltr'><strong><em>potestatem?</em></strong></span> 
     </span>
    </p>
   </div>
   <div class='ocr_carea' id='block_1_18' title="bbox 588 1886 3793 1961">
    <p class='ocr_par' dir='ltr' id='par_1_18' title="bbox 588 1886 3793 1961">
     <span class='ocr_line' id='line_1_18' title="bbox 588 1886 3793 1961; baseline -0.001 -17"><span class='ocrx_word' id='word_1_265' title='bbox 588 1891 657 1944; x_wconf 86' lang='lat' dir='ltr'><strong><em>At</em></strong></span> <span class='ocrx_word' id='word_1_266' title='bbox 694 1890 976 1946; x_wconf 85' lang='lat' dir='ltr'><strong><em>mirabitur</em></strong></span> <span class='ocrx_word' id='word_1_267' title='bbox 1004 1888 1229 1945; x_wconf 86' lang='lat' dir='ltr'><strong><em>fortasse</em></strong></span> <span class='ocrx_word' id='word_1_268' title='bbox 1271 1890 1537 1961; x_wconf 84' lang='lat' dir='ltr'><strong><em>quispiam</em></strong></span> <span class='ocrx_word' id='word_1_269' title='bbox 1563 1889 1695 1960; x_wconf 89' lang='lat' dir='ltr'><strong><em>quid</em></strong></span> <span class='ocrx_word' id='word_1_270' title='bbox 1718 1892 1810 1958; x_wconf 90' lang='lat' dir='ltr'><strong><em>sit,</em></strong></span> <span class='ocrx_word' id='word_1_271' title='bbox 1841 1891 1987 1961; x_wconf 88' lang='lat' dir='ltr'><strong><em>quod</em></strong></span> <span class='ocrx_word' id='word_1_272' title='bbox 2015 1907 2137 1949; x_wconf 89' lang='lat' dir='ltr'><strong><em>cum</em></strong></span> <span class='ocrx_word' id='word_1_273' title='bbox 2183 1890 2480 1957; x_wconf 76' lang='lat' dir='ltr'><strong><em>Maximus,</em></strong></span> <span class='ocrx_word' id='word_1_274' title='bbox 2511 1889 2785 1946; x_wconf 81' lang='lat' dir='ltr'><strong><em>Christum</em></strong></span> <span class='ocrx_word' id='word_1_275' title='bbox 2813 1897 3086 1946; x_wconf 88' lang='lat' dir='ltr'><strong><em>mortuum</em></strong></span> <span class='ocrx_word' id='word_1_276' title='bbox 3112 1903 3302 1944; x_wconf 83' lang='lat' dir='ltr'><strong><em>revera</em></strong></span> <span class='ocrx_word' id='word_1_277' title='bbox 3338 1886 3522 1955; x_wconf 82' lang='lat' dir='ltr'><strong><em>fuisse,</em></strong></span> <span class='ocrx_word' id='word_1_278' title='bbox 3552 1886 3697 1943; x_wconf 87' lang='lat' dir='ltr'><strong><em>credi</em></strong></span> <span class='ocrx_word' id='word_1_279' title='bbox 3724 1886 3793 1941; x_wconf 79' lang='lat' dir='ltr'><strong><em>ab</em></strong></span> 
     </span>
    </p>
   </div>
   <div class='ocr_carea' id='block_1_19' title="bbox 515 1975 3794 2057">
    <p class='ocr_par' dir='ltr' id='par_1_19' title="bbox 515 1975 3794 2057">
     <span class='ocr_line' id='line_1_19' title="bbox 515 1975 3794 2057; baseline -0.001 -23"><span class='ocrx_word' id='word_1_280' title='bbox 515 1980 763 2057; x_wconf 85' lang='lat' dir='ltr'><strong><em>omnibus</em></strong></span> <span class='ocrx_word' id='word_1_281' title='bbox 791 1987 1044 2049; x_wconf 82' lang='lat' dir='ltr'><strong><em>oportere</em></strong></span> <span class='ocrx_word' id='word_1_282' title='bbox 1065 2021 1080 2046; x_wconf 92' lang='lat'><strong><em>,</em></strong></span> <span class='ocrx_word' id='word_1_283' title='bbox 1121 1979 1244 2048; x_wconf 86' lang='lat' dir='ltr'><strong><em>jure</em></strong></span> <span class='ocrx_word' id='word_1_284' title='bbox 1272 1980 1578 2050; x_wconf 69' lang='lat' dir='ltr'><strong><em>praecipiat;</em></strong></span> <span class='ocrx_word' id='word_1_285' title='bbox 1605 1990 1718 2036; x_wconf 89' lang='lat' dir='ltr'><strong><em>tum</em></strong></span> <span class='ocrx_word' id='word_1_286' title='bbox 1746 1990 1934 2038; x_wconf 86' lang='lat' dir='ltr'><strong><em>sancto</em></strong></span> <span class='ocrx_word' id='word_1_287' title='bbox 1961 1982 2198 2047; x_wconf 87' lang='lat' dir='ltr'><strong><em>latroni,</em></strong></span> <span class='ocrx_word' id='word_1_288' title='bbox 2245 1981 2392 2052; x_wconf 87' lang='lat' dir='ltr'><strong><em>quod</em></strong></span> <span class='ocrx_word' id='word_1_289' title='bbox 2419 1981 2474 2037; x_wconf 93' lang='lat' dir='ltr'><strong><em>id</em></strong></span> <span class='ocrx_word' id='word_1_290' title='bbox 2500 1996 2610 2036; x_wconf 92' lang='lat' dir='ltr'><strong><em>non</em></strong></span> <span class='ocrx_word' id='word_1_291' title='bbox 2639 1979 2945 2047; x_wconf 85' lang='lat' dir='ltr'><strong><em>crediderit,</em></strong></span> <span class='ocrx_word' id='word_1_292' title='bbox 2978 1981 3202 2036; x_wconf 87' lang='lat' dir='ltr'><strong><em>vertisse</em></strong></span> <span class='ocrx_word' id='word_1_293' title='bbox 3228 1980 3374 2035; x_wconf 86' lang='lat' dir='ltr'><strong><em>laudi</em></strong></span> <span class='ocrx_word' id='word_1_294' title='bbox 3398 1977 3663 2034; x_wconf 85' lang='lat' dir='ltr'><strong><em>videatur.</em></strong></span> <span class='ocrx_word' id='word_1_295' title='bbox 3703 1975 3794 2032; x_wconf 85' lang='lat' dir='ltr'><strong><em>Sic</em></strong></span> 
     </span>
    </p>
   </div>
   <div class='ocr_carea' id='block_1_20' title="bbox 516 2069 3792 2146">
    <p class='ocr_par' dir='ltr' id='par_1_20' title="bbox 516 2069 3792 2146">
     <span class='ocr_line' id='line_1_20' title="bbox 516 2069 3792 2146; baseline -0.001 -21"><span class='ocrx_word' id='word_1_296' title='bbox 516 2071 660 2125; x_wconf 85' lang='lat' dir='ltr'><strong><em>enim</em></strong></span> <span class='ocrx_word' id='word_1_297' title='bbox 686 2069 873 2125; x_wconf 87' lang='lat' dir='ltr'><strong><em>scribit</em></strong></span> <span class='ocrx_word' id='word_1_298' title='bbox 900 2070 1085 2126; x_wconf 86' lang='lat' dir='ltr'><strong><em>homil.</em></strong></span> <span class='ocrx_word' id='word_1_299' title='bbox 1118 2069 1206 2136; x_wconf 84' lang='lat'><strong><em>5|,</em></strong></span> <span class='ocrx_word' id='word_1_300' title='bbox 1238 2085 1360 2142; x_wconf 87' lang='lat' dir='ltr'><strong><em>pag.</em></strong></span> <span class='ocrx_word' id='word_1_301' title='bbox 1394 2070 1497 2126; x_wconf 81' lang='grc'><strong><em>158</em></strong></span> <span class='ocrx_word' id='word_1_302' title='bbox 1522 2090 1535 2126; x_wconf 91' lang='lat'>:</span> <span class='ocrx_word' id='word_1_303' title='bbox 1569 2070 1681 2127; x_wconf 83' lang='lat' dir='ltr'><strong><em>Iste</em></strong></span> <span class='ocrx_word' id='word_1_304' title='bbox 1697 2072 1871 2144; x_wconf 92' lang='lat' dir='ltr'><strong><em>ﬁdelis</em></strong></span> <span class='ocrx_word' id='word_1_305' title='bbox 1899 2073 2034 2129; x_wconf 91' lang='lat' dir='ltr'><strong><em>latro</em></strong></span> <span class='ocrx_word' id='word_1_306' title='bbox 2055 2091 2160 2130; x_wconf 89' lang='lat' dir='ltr'><strong><em>non</em></strong></span> <span class='ocrx_word' id='word_1_307' title='bbox 2187 2073 2405 2129; x_wconf 85' lang='lat' dir='ltr'><strong><em>credidit</em></strong></span> <span class='ocrx_word' id='word_1_308' title='bbox 2431 2074 2770 2140; x_wconf 84' lang='lat' dir='ltr'><strong><em>moriturum,</em></strong></span> <span class='ocrx_word' id='word_1_309' title='bbox 2799 2088 2948 2146; x_wconf 88' lang='lat' dir='ltr'><strong><em>quem</em></strong></span> <span class='ocrx_word' id='word_1_310' title='bbox 2971 2072 3246 2127; x_wconf 77' lang='lat' dir='ltr'><strong><em>annuntiat</em></strong></span> <span class='ocrx_word' id='word_1_311' title='bbox 3271 2079 3644 2143; x_wconf 86' lang='lat' dir='ltr'><strong><em>regnaturum;</em></strong></span> <span class='ocrx_word' id='word_1_312' title='bbox 3687 2085 3792 2123; x_wconf 90' lang='lat' dir='ltr'><strong><em>non</em></strong></span> 
     </span>
    </p>
   </div>
   <div class='ocr_carea' id='block_1_21' title="bbox 514 2160 3794 2239">
    <p class='ocr_par' dir='ltr' id='par_1_21' title="bbox 514 2160 3794 2239">
     <span class='ocr_line' id='line_1_21' title="bbox 514 2160 3794 2239; baseline 0.001 -24"><span class='ocrx_word' id='word_1_313' title='bbox 514 2170 663 2233; x_wconf 81' lang='lat' dir='ltr'><strong><em>putat</em></strong></span> <span class='ocrx_word' id='word_1_314' title='bbox 706 2160 1023 2219; x_wconf 84' lang='lat' dir='ltr'><strong><em>subdendum</em></strong></span> <span class='ocrx_word' id='word_1_315' title='bbox 1068 2164 1285 2235; x_wconf 75' lang='lat' dir='ltr'><strong><em>inferis,</em></strong></span> <span class='ocrx_word' id='word_1_316' title='bbox 1328 2180 1474 2237; x_wconf 89' lang='lat' dir='ltr'><strong><em>quem</em></strong></span> <span class='ocrx_word' id='word_1_317' title='bbox 1515 2165 1899 2223; x_wconf 83' lang='lat' dir='ltr'><strong><em>deminuturum</em></strong></span> <span class='ocrx_word' id='word_1_318' title='bbox 1945 2170 2219 2239; x_wconf 86' lang='lat' dir='ltr'><strong><em>conﬁtetur</em></strong></span> <span class='ocrx_word' id='word_1_319' title='bbox 2244 2170 2302 2224; x_wconf 89' lang='lat' dir='ltr'><strong><em>in</em></strong></span> <span class='ocrx_word' id='word_1_320' title='bbox 2341 2169 2499 2224; x_wconf 74' lang='lat' dir='ltr'><strong><em>caelis.</em></strong></span> <span class='ocrx_word' id='word_1_321' title='bbox 2542 2167 2922 2223; x_wconf 86' lang='lat' dir='ltr'><strong><em>Verumtamen</em></strong></span> <span class='ocrx_word' id='word_1_322' title='bbox 2949 2166 3043 2237; x_wconf 91' lang='lat' dir='ltr'><strong><em>qui</em></strong></span> <span class='ocrx_word' id='word_1_323' title='bbox 3068 2166 3265 2223; x_wconf 84' lang='lat' dir='ltr'><strong><em>seriem</em></strong></span> <span class='ocrx_word' id='word_1_324' title='bbox 3292 2164 3552 2221; x_wconf 87' lang='lat' dir='ltr'><strong><em>orationis</em></strong></span> <span class='ocrx_word' id='word_1_325' title='bbox 3579 2163 3794 2218; x_wconf 78' lang='lat' dir='ltr'><strong><em>Maximi</em></strong></span> 
     </span>
    </p>
   </div>
   <div class='ocr_carea' id='block_1_22' title="bbox 516 2253 3795 2339">
    <p class='ocr_par' dir='ltr' id='par_1_22' title="bbox 516 2253 3795 2339">
     <span class='ocr_line' id='line_1_22' title="bbox 516 2253 3795 2339; baseline 0 -30"><span class='ocrx_word' id='word_1_326' title='bbox 516 2255 800 2323; x_wconf 85' lang='lat' dir='ltr'><strong><em>diligenter</em></strong></span> <span class='ocrx_word' id='word_1_327' title='bbox 845 2255 1233 2339; x_wconf 87' lang='lat' dir='ltr'><strong><em>considerarit,</em></strong></span> <span class='ocrx_word' id='word_1_328' title='bbox 1282 2257 1328 2313; x_wconf 90' lang='lat' dir='ltr'><strong><em>is</em></strong></span> <span class='ocrx_word' id='word_1_329' title='bbox 1382 2258 1541 2328; x_wconf 88' lang='lat' dir='ltr'><strong><em>plane</em></strong></span> <span class='ocrx_word' id='word_1_330' title='bbox 1587 2260 1877 2331; x_wconf 84' lang='lat' dir='ltr'><strong><em>perspiciet</em></strong></span> <span class='ocrx_word' id='word_1_331' title='bbox 1922 2278 2030 2318; x_wconf 90' lang='lat' dir='ltr'><strong><em>non</em></strong></span> <span class='ocrx_word' id='word_1_332' title='bbox 2075 2278 2144 2318; x_wconf 89' lang='lat' dir='ltr'><strong><em>eo</em></strong></span> <span class='ocrx_word' id='word_1_333' title='bbox 2186 2262 2390 2318; x_wconf 84' lang='lat' dir='ltr'><strong><em>laudari</em></strong></span> <span class='ocrx_word' id='word_1_334' title='bbox 2419 2268 2664 2318; x_wconf 87' lang='lat' dir='ltr'><strong><em>sanctum</em></strong></span> <span class='ocrx_word' id='word_1_335' title='bbox 2700 2259 2965 2315; x_wconf 87' lang='lat' dir='ltr'><strong><em>latronem</em></strong></span> <span class='ocrx_word' id='word_1_336' title='bbox 3005 2273 3037 2313; x_wconf 86' lang='lat' dir='ltr'><strong><em>a</em></strong></span> <span class='ocrx_word' id='word_1_337' title='bbox 3063 2263 3254 2312; x_wconf 88' lang='lat' dir='ltr'><strong><em>sancto</em></strong></span> <span class='ocrx_word' id='word_1_338' title='bbox 3281 2254 3540 2321; x_wconf 87' lang='lat' dir='ltr'><strong><em>antistite,</em></strong></span> <span class='ocrx_word' id='word_1_339' title='bbox 3569 2253 3721 2323; x_wconf 87' lang='lat' dir='ltr'><strong><em>quasi</em></strong></span> <span class='ocrx_word' id='word_1_340' title='bbox 3748 2254 3795 2310; x_wconf 85' lang='lat' dir='ltr'><strong><em>is</em></strong></span> 
     </span>
    </p>
   </div>
   <div class='ocr_carea' id='block_1_23' title="bbox 518 2343 3795 2423">
    <p class='ocr_par' dir='ltr' id='par_1_23' title="bbox 518 2343 3795 2423">
     <span class='ocr_line' id='line_1_23' title="bbox 518 2343 3795 2423; baseline 0.001 -26"><span class='ocrx_word' id='word_1_341' title='bbox 518 2344 656 2398; x_wconf 88' lang='lat' dir='ltr'><strong><em>latro</em></strong></span> <span class='ocrx_word' id='word_1_342' title='bbox 684 2343 998 2410; x_wconf 88' lang='lat' dir='ltr'><strong><em>crediderit,</em></strong></span> <span class='ocrx_word' id='word_1_343' title='bbox 1045 2360 1152 2398; x_wconf 91' lang='lat' dir='ltr'><strong><em>non</em></strong></span> <span class='ocrx_word' id='word_1_344' title='bbox 1191 2344 1352 2401; x_wconf 81' lang='lat' dir='ltr'><strong><em>fuisse</em></strong></span> <span class='ocrx_word' id='word_1_345' title='bbox 1378 2361 1600 2416; x_wconf 85' lang='lat' dir='ltr'><strong><em>prorsus</em></strong></span> <span class='ocrx_word' id='word_1_346' title='bbox 1637 2348 1955 2405; x_wconf 87' lang='lat' dir='ltr'><strong><em>moriturum</em></strong></span> <span class='ocrx_word' id='word_1_347' title='bbox 1997 2350 2303 2419; x_wconf 86' lang='lat' dir='ltr'><strong><em>Christum;</em></strong></span> <span class='ocrx_word' id='word_1_348' title='bbox 2346 2351 2441 2407; x_wconf 88' lang='lat' dir='ltr'><strong><em>sed</em></strong></span> <span class='ocrx_word' id='word_1_349' title='bbox 2469 2350 2614 2423; x_wconf 89' lang='lat' dir='ltr'><strong><em>quod</em></strong></span> <span class='ocrx_word' id='word_1_350' title='bbox 2653 2349 2942 2406; x_wconf 66' lang='lat' dir='ltr'><strong><em>Crediderit</em></strong></span> <span class='ocrx_word' id='word_1_351' title='bbox 2981 2347 3255 2404; x_wconf 87' lang='lat' dir='ltr'><strong><em>Christum</em></strong></span> <span class='ocrx_word' id='word_1_352' title='bbox 3295 2347 3468 2420; x_wconf 87' lang='lat' dir='ltr'><strong><em>ipsum</em></strong></span> <span class='ocrx_word' id='word_1_353' title='bbox 3498 2361 3604 2401; x_wconf 89' lang='lat' dir='ltr'><strong><em>non</em></strong></span> <span class='ocrx_word' id='word_1_354' title='bbox 3630 2344 3795 2401; x_wconf 77' lang='lat' dir='ltr'><strong><em>fuisse</em></strong></span> 
     </span>
    </p>
   </div>
   <div class='ocr_carea' id='block_1_24' title="bbox 518 2435 3795 2514">
    <p class='ocr_par' dir='ltr' id='par_1_24' title="bbox 518 2435 3795 2514">
     <span class='ocr_line' id='line_1_24' title="bbox 518 2435 3795 2514; baseline 0.001 -25"><span class='ocrx_word' id='word_1_355' title='bbox 518 2435 859 2501; x_wconf 88' lang='lat' dir='ltr'><strong><em>moriturum,</em></strong></span> <span class='ocrx_word' id='word_1_356' title='bbox 889 2435 934 2489; x_wconf 89' lang='lat' dir='ltr'><strong><em>si</em></strong></span> <span class='ocrx_word' id='word_1_357' title='bbox 971 2436 1108 2491; x_wconf 90' lang='lat' dir='ltr'><strong><em>mori</em></strong></span> <span class='ocrx_word' id='word_1_358' title='bbox 1137 2436 1418 2491; x_wconf 89' lang='lat' dir='ltr'><strong><em>noluisset.</em></strong></span> <span class='ocrx_word' id='word_1_359' title='bbox 1460 2436 1595 2493; x_wconf 82' lang='lat' dir='ltr'><strong><em>Nam</em></strong></span> <span class='ocrx_word' id='word_1_360' title='bbox 1616 2446 1677 2494; x_wconf 90' lang='lat' dir='ltr'><strong><em>ut</em></strong></span> <span class='ocrx_word' id='word_1_361' title='bbox 1703 2440 1844 2496; x_wconf 88' lang='lat' dir='ltr'><strong><em>idem</em></strong></span> <span class='ocrx_word' id='word_1_362' title='bbox 1886 2443 2048 2512; x_wconf 85' lang='lat' dir='ltr'><strong><em>paulo</em></strong></span> <span class='ocrx_word' id='word_1_363' title='bbox 2077 2451 2199 2513; x_wconf 88' lang='lat' dir='ltr'><strong><em>post</em></strong></span> <span class='ocrx_word' id='word_1_364' title='bbox 2225 2443 2386 2499; x_wconf 85' lang='lat' dir='ltr'><strong><em>docet</em></strong></span> <span class='ocrx_word' id='word_1_365' title='bbox 2412 2442 2713 2499; x_wconf 89' lang='lat' dir='ltr'><strong><em>Maximus:</em></strong></span> <span class='ocrx_word' id='word_1_366' title='bbox 2738 2440 2987 2514; x_wconf 80' lang='lat' dir='ltr'><strong><em>Cognovit</em></strong></span> <span class='ocrx_word' id='word_1_367' title='bbox 3015 2442 3171 2506; x_wconf 90' lang='lat' dir='ltr'><strong><em>latro,</em></strong></span> <span class='ocrx_word' id='word_1_368' title='bbox 3204 2456 3406 2495; x_wconf 88' lang='lat' dir='ltr'><strong><em>omnem</em></strong></span> <span class='ocrx_word' id='word_1_369' title='bbox 3436 2436 3648 2493; x_wconf 87' lang='lat' dir='ltr'><strong><em>Domini</em></strong></span> <span class='ocrx_word' id='word_1_370' title='bbox 3668 2454 3795 2508; x_wconf 87' lang='lat' dir='ltr'><strong><em>pas-</em></strong></span> 
     </span>
    </p>
   </div>
   <div class='ocr_carea' id='block_1_25' title="bbox 518 2526 3792 2603">
    <p class='ocr_par' dir='ltr' id='par_1_25' title="bbox 518 2526 3792 2603">
     <span class='ocr_line' id='line_1_25' title="bbox 518 2526 3792 2603; baseline 0 -22"><span class='ocrx_word' id='word_1_371' title='bbox 518 2529 715 2581; x_wconf 86' lang='lat' dir='ltr'><strong><em>sionem</em></strong></span> <span class='ocrx_word' id='word_1_372' title='bbox 739 2543 810 2600; x_wconf 33' lang='lat' dir='ltr'><strong><em>.ea:</em></strong></span> <span class='ocrx_word' id='word_1_373' title='bbox 847 2528 1007 2597; x_wconf 87' lang='lat' dir='ltr'><strong><em>ipsius</em></strong></span> <span class='ocrx_word' id='word_1_374' title='bbox 1046 2526 1160 2597; x_wconf 85' lang='lat' dir='ltr'><strong><em>ﬁeri</em></strong></span> <span class='ocrx_word' id='word_1_375' title='bbox 1186 2527 1464 2591; x_wconf 82' lang='lat' dir='ltr'><strong><em>voluntate,</em></strong></span> <span class='ocrx_word' id='word_1_376' title='bbox 1496 2537 1546 2583; x_wconf 90' lang='lat' dir='ltr'><strong><em>et</em></strong></span> <span class='ocrx_word' id='word_1_377' title='bbox 1571 2529 1625 2583; x_wconf 87' lang='lat' dir='ltr'><strong><em>in</em></strong></span> <span class='ocrx_word' id='word_1_378' title='bbox 1660 2538 1912 2601; x_wconf 85' lang='lat' dir='ltr'><strong><em>potestate</em></strong></span> <span class='ocrx_word' id='word_1_379' title='bbox 1951 2533 2063 2603; x_wconf 88' lang='lat' dir='ltr'><strong><em>ejus</em></strong></span> <span class='ocrx_word' id='word_1_380' title='bbox 2091 2548 2204 2588; x_wconf 87' lang='lat' dir='ltr'><strong><em>esse</em></strong></span> <span class='ocrx_word' id='word_1_381' title='bbox 2239 2534 2394 2588; x_wconf 91' lang='lat' dir='ltr'><strong><em>morti</em></strong></span> <span class='ocrx_word' id='word_1_382' title='bbox 2432 2533 2660 2587; x_wconf 88' lang='lat' dir='ltr'><strong><em>animam</em></strong></span> <span class='ocrx_word' id='word_1_383' title='bbox 2700 2532 2906 2587; x_wconf 89' lang='lat' dir='ltr'><strong><em>tradere</em></strong></span> <span class='ocrx_word' id='word_1_384' title='bbox 2931 2530 3009 2586; x_wconf 89' lang='lat' dir='ltr'><strong><em>vel</em></strong></span> <span class='ocrx_word' id='word_1_385' title='bbox 3039 2529 3109 2585; x_wconf 90' lang='lat' dir='ltr'><strong><em>ad</em></strong></span> <span class='ocrx_word' id='word_1_386' title='bbox 3141 2530 3297 2584; x_wconf 89' lang='lat' dir='ltr'><strong><em>vitam</em></strong></span> <span class='ocrx_word' id='word_1_387' title='bbox 3322 2531 3508 2583; x_wconf 85' lang='lat' dir='ltr'><strong><em>iterum</em></strong></span> <span class='ocrx_word' id='word_1_388' title='bbox 3536 2543 3792 2582; x_wconf 82' lang='lat' dir='ltr'><strong><em>remeare.</em></strong></span> 
     </span>
    </p>
   </div>
   <div class='ocr_carea' id='block_1_26' title="bbox 520 2618 3797 2706">
    <p class='ocr_par' dir='ltr' id='par_1_26' title="bbox 520 2618 3797 2706">
     <span class='ocr_line' id='line_1_26' title="bbox 520 2618 3797 2706; baseline 0.001 -33"><span class='ocrx_word' id='word_1_389' title='bbox 520 2618 643 2706; x_wconf 71' lang='lat' dir='ltr'><strong><em>Nisi</em></strong></span> <span class='ocrx_word' id='word_1_390' title='bbox 659 2628 839 2680; x_wconf 90' lang='lat' dir='ltr'><strong><em>autem</em></strong></span> <span class='ocrx_word' id='word_1_391' title='bbox 864 2621 939 2676; x_wconf 91' lang='lat' dir='ltr'><strong><em>ita</em></strong></span> <span class='ocrx_word' id='word_1_392' title='bbox 959 2620 1216 2676; x_wconf 88' lang='lat' dir='ltr'><strong><em>sensisset</em></strong></span> <span class='ocrx_word' id='word_1_393' title='bbox 1243 2619 1526 2689; x_wconf 81' lang='lat' dir='ltr'><strong><em>Maximus,</em></strong></span> <span class='ocrx_word' id='word_1_394' title='bbox 1557 2636 1740 2679; x_wconf 89' lang='lat' dir='ltr'><strong><em>secum</em></strong></span> <span class='ocrx_word' id='word_1_395' title='bbox 1780 2624 1896 2694; x_wconf 89' lang='lat' dir='ltr'><strong><em>ipse</em></strong></span> <span class='ocrx_word' id='word_1_396' title='bbox 1922 2625 2167 2695; x_wconf 77' lang='lat' dir='ltr'><strong><em>proiecto</em></strong></span> <span class='ocrx_word' id='word_1_397' title='bbox 2192 2625 2542 2682; x_wconf 80' lang='lat' dir='ltr'><strong><em>conﬂixisset.</em></strong></span> <span class='ocrx_word' id='word_1_398' title='bbox 2581 2623 2719 2679; x_wconf 83' lang='lat' dir='ltr'><strong><em>Eum</em></strong></span> <span class='ocrx_word' id='word_1_399' title='bbox 2741 2639 2874 2681; x_wconf 85' lang='lat' dir='ltr'><strong><em>vero</em></strong></span> <span class='ocrx_word' id='word_1_400' title='bbox 2901 2623 3197 2694; x_wconf 79' lang='lat' dir='ltr'><strong><em>pugnantia</em></strong></span> <span class='ocrx_word' id='word_1_401' title='bbox 3226 2618 3429 2694; x_wconf 68' lang='lat' dir='ltr'><strong><em>[uxvs]</em></strong></span> <span class='ocrx_word' id='word_1_402' title='bbox 3450 2618 3613 2676; x_wconf 85' lang='lat' dir='ltr'><strong><em>luisse</em></strong></span> <span class='ocrx_word' id='word_1_403' title='bbox 3641 2618 3797 2676; x_wconf 82' lang='lat' dir='ltr'><strong><em>locu-</em></strong></span> 
     </span>
    </p>
   </div>
   <div class='ocr_carea' id='block_1_27' title="bbox 520 2714 3797 2790">
    <p class='ocr_par' dir='ltr' id='par_1_27' title="bbox 520 2714 3797 2790">
     <span class='ocr_line' id='line_1_27' title="bbox 520 2714 3797 2790; baseline 0.001 -21"><span class='ocrx_word' id='word_1_404' title='bbox 520 2725 633 2775; x_wconf 87' lang='lat' dir='ltr'><strong><em>tum</em></strong></span> <span class='ocrx_word' id='word_1_405' title='bbox 668 2717 787 2787; x_wconf 90' lang='lat' dir='ltr'><strong><em>quis</em></strong></span> <span class='ocrx_word' id='word_1_406' title='bbox 832 2715 934 2773; x_wconf 89' lang='lat' dir='ltr'><strong><em>sibi</em></strong></span> <span class='ocrx_word' id='word_1_407' title='bbox 970 2714 1206 2788; x_wconf 90' lang='lat' dir='ltr'><strong><em>prudens</em></strong></span> <span class='ocrx_word' id='word_1_408' title='bbox 1251 2719 1614 2788; x_wconf 86' lang='lat' dir='ltr'><strong><em>persuaserit?</em></strong></span> <span class='ocrx_word' id='word_1_409' title='bbox 1660 2719 1836 2790; x_wconf 83' lang='lat' dir='ltr'><strong><em>Atque</em></strong></span> <span class='ocrx_word' id='word_1_410' title='bbox 1884 2721 1960 2789; x_wconf 94' lang='lat' dir='ltr'><strong><em>is,</em></strong></span> <span class='ocrx_word' id='word_1_411' title='bbox 1992 2730 2052 2777; x_wconf 90' lang='lat' dir='ltr'><strong><em>ut</em></strong></span> <span class='ocrx_word' id='word_1_412' title='bbox 2092 2722 2357 2790; x_wconf 83' lang='lat' dir='ltr'><strong><em>vidimus,</em></strong></span> <span class='ocrx_word' id='word_1_413' title='bbox 2397 2737 2528 2778; x_wconf 91' lang='lat' dir='ltr'><strong><em>vere</em></strong></span> <span class='ocrx_word' id='word_1_414' title='bbox 2554 2720 2718 2776; x_wconf 79' lang='lat' dir='ltr'><strong><em>fuisse</em></strong></span> <span class='ocrx_word' id='word_1_415' title='bbox 2744 2728 3017 2776; x_wconf 90' lang='lat' dir='ltr'><strong><em>mortuum</em></strong></span> <span class='ocrx_word' id='word_1_416' title='bbox 3044 2720 3337 2786; x_wconf 83' lang='lat' dir='ltr'><strong><em>Christum,</em></strong></span> <span class='ocrx_word' id='word_1_417' title='bbox 3366 2718 3527 2788; x_wconf 88' lang='lat' dir='ltr'><strong><em>idque</em></strong></span> <span class='ocrx_word' id='word_1_418' title='bbox 3552 2717 3702 2773; x_wconf 87' lang='lat' dir='ltr'><strong><em>credi</em></strong></span> <span class='ocrx_word' id='word_1_419' title='bbox 3728 2716 3797 2773; x_wconf 86' lang='lat' dir='ltr'><strong><em>ab</em></strong></span> 
     </span>
    </p>
   </div>
   <div class='ocr_carea' id='block_1_28' title="bbox 520 2812 3798 2890">
    <p class='ocr_par' dir='ltr' id='par_1_28' title="bbox 520 2812 3798 2890">
     <span class='ocr_line' id='line_1_28' title="bbox 520 2812 3798 2890; baseline 0 -26"><span class='ocrx_word' id='word_1_420' title='bbox 520 2813 769 2868; x_wconf 78' lang='lat' dir='ltr'><strong><em>uttinibus</em></strong></span> <span class='ocrx_word' id='word_1_421' title='bbox 796 2820 1048 2883; x_wconf 87' lang='lat' dir='ltr'><strong><em>oportere</em></strong></span> <span class='ocrx_word' id='word_1_422' title='bbox 1075 2814 1283 2869; x_wconf 88' lang='lat' dir='ltr'><strong><em>statuit.</em></strong></span> <span class='ocrx_word' id='word_1_423' title='bbox 1324 2814 1478 2882; x_wconf 86' lang='lat' dir='ltr'><strong><em>Quod</em></strong></span> <span class='ocrx_word' id='word_1_424' title='bbox 1504 2831 1670 2887; x_wconf 89' lang='lat' dir='ltr'><strong><em>porro</em></strong></span> <span class='ocrx_word' id='word_1_425' title='bbox 1697 2816 1975 2887; x_wconf 84' lang='lat' dir='ltr'><strong><em>adjungit:</em></strong></span> <span class='ocrx_word' id='word_1_426' title='bbox 2030 2817 2155 2874; x_wconf 86' lang='lat' dir='ltr'><strong><em>Non</em></strong></span> <span class='ocrx_word' id='word_1_427' title='bbox 2181 2827 2327 2890; x_wconf 88' lang='lat' dir='ltr'><strong><em>putat</em></strong></span> <span class='ocrx_word' id='word_1_428' title='bbox 2360 2818 2494 2872; x_wconf 88' lang='lat' dir='ltr'><strong><em>latro</em></strong></span> <span class='ocrx_word' id='word_1_429' title='bbox 2514 2815 2837 2872; x_wconf 87' lang='lat' dir='ltr'><strong><em>subdendum</em></strong></span> <span class='ocrx_word' id='word_1_430' title='bbox 2863 2816 3066 2887; x_wconf 79' lang='lat' dir='ltr'><strong><em>inferis,</em></strong></span> <span class='ocrx_word' id='word_1_431' title='bbox 3097 2829 3246 2886; x_wconf 88' lang='lat' dir='ltr'><strong><em>quem</em></strong></span> <span class='ocrx_word' id='word_1_432' title='bbox 3263 2812 3647 2869; x_wconf 89' lang='lat' dir='ltr'><strong><em>dominaturum</em></strong></span> <span class='ocrx_word' id='word_1_433' title='bbox 3669 2826 3798 2865; x_wconf 86' lang='lat' dir='ltr'><strong><em>con-</em></strong></span> 
     </span>
    </p>
   </div>
   <div class='ocr_carea' id='block_1_29' title="bbox 520 2900 3800 2977">
    <p class='ocr_par' dir='ltr' id='par_1_29' title="bbox 520 2900 3800 2977">
     <span class='ocr_line' id='line_1_29' title="bbox 520 2900 3800 2977; baseline 0 -21"><span class='ocrx_word' id='word_1_434' title='bbox 520 2905 558 2973; x_wconf 85' lang='lat' dir='ltr'><strong><em>ﬁ</em></strong></span> <span class='ocrx_word' id='word_1_435' title='bbox 582 2905 769 2967; x_wconf 81' lang='lat' dir='ltr'><strong><em>eturin</em></strong></span> <span class='ocrx_word' id='word_1_436' title='bbox 794 2900 967 2970; x_wconf 75' lang='lat' dir='ltr'><strong><em>caelis,</em></strong></span> <span class='ocrx_word' id='word_1_437' title='bbox 1018 2903 1072 2958; x_wconf 90' lang='lat' dir='ltr'><strong><em>id</em></strong></span> <span class='ocrx_word' id='word_1_438' title='bbox 1118 2903 1361 2974; x_wconf 81' lang='lat' dir='ltr'><strong><em>proiecto</em></strong></span> <span class='ocrx_word' id='word_1_439' title='bbox 1390 2921 1497 2959; x_wconf 92' lang='lat' dir='ltr'><strong><em>non</em></strong></span> <span class='ocrx_word' id='word_1_440' title='bbox 1540 2906 1800 2977; x_wconf 90' lang='lat' dir='ltr'><strong><em>impedit,</em></strong></span> <span class='ocrx_word' id='word_1_441' title='bbox 1831 2908 1961 2977; x_wconf 86' lang='lat' dir='ltr'><strong><em>quin</em></strong></span> <span class='ocrx_word' id='word_1_442' title='bbox 2003 2905 2276 2963; x_wconf 84' lang='lat' dir='ltr'><strong><em>Christum</em></strong></span> <span class='ocrx_word' id='word_1_443' title='bbox 2305 2907 2445 2961; x_wconf 89' lang='lat' dir='ltr'><strong><em>latro</em></strong></span> <span class='ocrx_word' id='word_1_444' title='bbox 2491 2904 2780 2962; x_wconf 87' lang='lat' dir='ltr'><strong><em>crediderit</em></strong></span> <span class='ocrx_word' id='word_1_445' title='bbox 2819 2904 3159 2961; x_wconf 88' lang='lat' dir='ltr'><strong><em>moriturum.</em></strong></span> <span class='ocrx_word' id='word_1_446' title='bbox 3208 2902 3322 2957; x_wconf 79' lang='lat' dir='ltr'><strong><em>lino</em></strong></span> <span class='ocrx_word' id='word_1_447' title='bbox 3360 2900 3596 2957; x_wconf 88' lang='lat' dir='ltr'><strong><em>ostendit</em></strong></span> <span class='ocrx_word' id='word_1_448' title='bbox 3635 2907 3800 2969; x_wconf 83' lang='lat' dir='ltr'><strong><em>atque</em></strong></span> 
     </span>
    </p>
   </div>
   <div class='ocr_carea' id='block_1_30' title="bbox 519 2986 3795 3062">
    <p class='ocr_par' dir='ltr' id='par_1_30' title="bbox 519 2986 3795 3062">
     <span class='ocr_line' id='line_1_30' title="bbox 519 2986 3795 3062; baseline -0.003 -10"><span class='ocrx_word' id='word_1_449' title='bbox 519 2995 702 3060; x_wconf 76' lang='lat' dir='ltr'><strong><em>allicit,</em></strong></span> <span class='ocrx_word' id='word_1_450' title='bbox 735 2996 1042 3049; x_wconf 89' lang='lat' dir='ltr'><strong><em>moriturum</em></strong></span> <span class='ocrx_word' id='word_1_451' title='bbox 1081 2995 1379 3050; x_wconf 80' lang='lat' dir='ltr'><strong><em>credidisse.</em></strong></span> <span class='ocrx_word' id='word_1_452' title='bbox 1433 2995 1597 3062; x_wconf 89' lang='lat' dir='ltr'><strong><em>Nam,</em></strong></span> <span class='ocrx_word' id='word_1_453' title='bbox 1647 3006 1707 3052; x_wconf 88' lang='lat' dir='ltr'><strong><em>ut</em></strong></span> <span class='ocrx_word' id='word_1_454' title='bbox 1753 2996 1857 3053; x_wconf 76' lang='lat' dir='ltr'><strong><em>fert</em></strong></span> <span class='ocrx_word' id='word_1_455' title='bbox 1900 2998 1968 3055; x_wconf 91' lang='lat' dir='ltr'><strong><em>de</em></strong></span> <span class='ocrx_word' id='word_1_456' title='bbox 2013 3014 2122 3054; x_wconf 88' lang='lat' dir='ltr'><strong><em>non</em></strong></span> <span class='ocrx_word' id='word_1_457' title='bbox 2161 2998 2440 3056; x_wconf 88' lang='lat' dir='ltr'><strong><em>subdcndo</em></strong></span> <span class='ocrx_word' id='word_1_458' title='bbox 2468 2996 2656 3052; x_wconf 82' lang='lat' dir='ltr'><strong><em>inferis</em></strong></span> <span class='ocrx_word' id='word_1_459' title='bbox 2678 2994 2893 3052; x_wconf 84' lang='lat' dir='ltr'><strong><em>Christo</em></strong></span> <span class='ocrx_word' id='word_1_460' title='bbox 2916 2986 3137 3051; x_wconf 86' lang='lat' dir='ltr'><strong><em>bomilia</em></strong></span> <span class='ocrx_word' id='word_1_461' title='bbox 3164 2992 3381 3048; x_wconf 83' lang='lat' dir='ltr'><strong><em>Maximi</em></strong></span> <span class='ocrx_word' id='word_1_462' title='bbox 3403 2989 3492 3057; x_wconf 78' lang='grc'><strong><em>55,</em></strong></span> <span class='ocrx_word' id='word_1_463' title='bbox 3523 3004 3642 3060; x_wconf 88' lang='lat' dir='ltr'><strong><em>pag.</em></strong></span> <span class='ocrx_word' id='word_1_464' title='bbox 3674 2989 3795 3053; x_wconf 71' lang='grc'><strong><em>174,</em></strong></span> 
     </span>
    </p>
   </div>
   <div class='ocr_carea' id='block_1_31' title="bbox 519 3083 3797 3170">
    <p class='ocr_par' dir='ltr' id='par_1_31' title="bbox 519 3083 3797 3170">
     <span class='ocr_line' id='line_1_31' title="bbox 519 3083 3797 3170; baseline -0.003 -26"><span class='ocrx_word' id='word_1_465' title='bbox 519 3088 777 3170; x_wconf 85' lang='lat' dir='ltr'><strong><em>Dominus</em></strong></span> <span class='ocrx_word' id='word_1_466' title='bbox 803 3088 1118 3142; x_wconf 85' lang='lat' dir='ltr'><strong><em>vastissimas</em></strong></span> <span class='ocrx_word' id='word_1_467' title='bbox 1146 3090 1290 3142; x_wconf 89' lang='lat' dir='ltr'><strong><em>sinus</em></strong></span> <span class='ocrx_word' id='word_1_468' title='bbox 1317 3089 1661 3160; x_wconf 86' lang='lat' dir='ltr'><strong><em>periculorum</em></strong></span> <span class='ocrx_word' id='word_1_469' title='bbox 1690 3098 1827 3145; x_wconf 88' lang='lat' dir='ltr'><strong><em>tutus</em></strong></span> <span class='ocrx_word' id='word_1_470' title='bbox 1867 3091 2176 3163; x_wconf 84' lang='lat' dir='ltr'><strong><em>ingreditur,</em></strong></span> <span class='ocrx_word' id='word_1_471' title='bbox 2227 3100 2278 3146; x_wconf 91' lang='lat' dir='ltr'><strong><em>et</em></strong></span> <span class='ocrx_word' id='word_1_472' title='bbox 2304 3092 2396 3146; x_wconf 88' lang='lat' dir='ltr'><strong><em>sub</em></strong></span> <span class='ocrx_word' id='word_1_473' title='bbox 2426 3089 2702 3145; x_wconf 87' lang='lat' dir='ltr'><strong><em>altitudine</em></strong></span> <span class='ocrx_word' id='word_1_474' title='bbox 2719 3090 2973 3144; x_wconf 88' lang='lat' dir='ltr'><strong><em>immensa</em></strong></span> <span class='ocrx_word' id='word_1_475' title='bbox 2999 3086 3295 3153; x_wconf 90' lang='lat' dir='ltr'><strong><em>conclusus,</em></strong></span> <span class='ocrx_word' id='word_1_476' title='bbox 3327 3092 3479 3157; x_wconf 89' lang='lat' dir='ltr'><strong><em>atque</em></strong></span> <span class='ocrx_word' id='word_1_477' title='bbox 3504 3083 3797 3154; x_wconf 76' lang='lat' dir='ltr'><strong><em>mortifera.</em></strong></span> 
     </span>
    </p>
   </div>
   <div class='ocr_carea' id='block_1_32' title="bbox 517 3176 3798 3261">
    <p class='ocr_par' dir='ltr' id='par_1_32' title="bbox 517 3176 3798 3261">
     <span class='ocr_line' id='line_1_32' title="bbox 517 3176 3798 3261; baseline -0.002 -25"><span class='ocrx_word' id='word_1_478' title='bbox 517 3184 664 3261; x_wconf 84' lang='lat' dir='ltr'><strong><em>vitali</em></strong></span> <span class='ocrx_word' id='word_1_479' title='bbox 694 3198 813 3237; x_wconf 89' lang='lat' dir='ltr'><strong><em>aere</em></strong></span> <span class='ocrx_word' id='word_1_480' title='bbox 833 3181 1085 3254; x_wconf 88' lang='lat' dir='ltr'><strong><em>pascitur,</em></strong></span> <span class='ocrx_word' id='word_1_481' title='bbox 1134 3188 1184 3235; x_wconf 89' lang='lat' dir='ltr'><strong><em>et</em></strong></span> <span class='ocrx_word' id='word_1_482' title='bbox 1226 3181 1474 3237; x_wconf 87' lang='lat' dir='ltr'><strong><em>demissus</em></strong></span> <span class='ocrx_word' id='word_1_483' title='bbox 1503 3183 1559 3237; x_wconf 88' lang='lat' dir='ltr'><strong><em>in</em></strong></span> <span class='ocrx_word' id='word_1_484' title='bbox 1580 3182 1805 3238; x_wconf 87' lang='lat' dir='ltr'><strong><em>alienam</em></strong></span> <span class='ocrx_word' id='word_1_485' title='bbox 1850 3201 2021 3239; x_wconf 88' lang='lat' dir='ltr'><strong><em>rerum</em></strong></span> <span class='ocrx_word' id='word_1_486' title='bbox 2048 3192 2291 3239; x_wconf 88' lang='lat' dir='ltr'><strong><em>naturam</em></strong></span> <span class='ocrx_word' id='word_1_487' title='bbox 2313 3224 2329 3251; x_wconf 93' lang='lat'><strong><em>,</em></strong></span> <span class='ocrx_word' id='word_1_488' title='bbox 2361 3186 2416 3238; x_wconf 83' lang='lat' dir='ltr'><strong><em>in</em></strong></span> <span class='ocrx_word' id='word_1_489' title='bbox 2443 3184 2561 3238; x_wconf 63' lang='lat' dir='ltr'><strong><em>vitae</em></strong></span> <span class='ocrx_word' id='word_1_490' title='bbox 2585 3180 2846 3249; x_wconf 77' lang='lat' dir='ltr'><strong><em>exsiliunt,</em></strong></span> <span class='ocrx_word' id='word_1_491' title='bbox 2869 3196 2984 3235; x_wconf 90' lang='lat' dir='ltr'><strong><em>cum</em></strong></span> <span class='ocrx_word' id='word_1_492' title='bbox 3010 3181 3112 3234; x_wconf 84' lang='lat' dir='ltr'><strong><em>vita</em></strong></span> <span class='ocrx_word' id='word_1_493' title='bbox 3131 3178 3515 3250; x_wconf 81' lang='lat' dir='ltr'><strong><em>peregrinatur,</em></strong></span> <span class='ocrx_word' id='word_1_494' title='bbox 3541 3183 3593 3229; x_wconf 93' lang='lat' dir='ltr'><strong><em>et</em></strong></span> <span class='ocrx_word' id='word_1_495' title='bbox 3620 3176 3798 3229; x_wconf 85' lang='lat' dir='ltr'><strong><em>mortis</em></strong></span> 
     </span>
    </p>
   </div>
   <div class='ocr_carea' id='block_1_33' title="bbox 510 3262 3797 3349">
    <p class='ocr_par' dir='ltr' id='par_1_33' title="bbox 510 3262 3797 3349">
     <span class='ocr_line' id='line_1_33' title="bbox 510 3262 3797 3349; baseline -0.003 -22"><span class='ocrx_word' id='word_1_496' title='bbox 510 3282 774 3349; x_wconf 75' lang='lat' dir='ltr'><strong><em>superstes</em></strong></span> <span class='ocrx_word' id='word_1_497' title='bbox 798 3273 1073 3328; x_wconf 88' lang='lat' dir='ltr'><strong><em>annuntiat</em></strong></span> <span class='ocrx_word' id='word_1_498' title='bbox 1092 3280 1358 3329; x_wconf 84' lang='lat' dir='ltr'><strong><em>uenturam</em></strong></span> <span class='ocrx_word' id='word_1_499' title='bbox 1373 3273 1549 3347; x_wconf 84' lang='lat' dir='ltr'><strong><em>mundi</em></strong></span> <span class='ocrx_word' id='word_1_500' title='bbox 1566 3272 1802 3328; x_wconf 88' lang='lat' dir='ltr'><strong><em>salutem.</em></strong></span> <span class='ocrx_word' id='word_1_501' title='bbox 1837 3273 1941 3328; x_wconf 83' lang='lat' dir='ltr'><strong><em>Hic</em></strong></span> <span class='ocrx_word' id='word_1_502' title='bbox 1961 3274 2216 3330; x_wconf 88' lang='lat' dir='ltr'><strong><em>Dominus</em></strong></span> <span class='ocrx_word' id='word_1_503' title='bbox 2245 3282 2419 3329; x_wconf 84' lang='lat' dir='ltr'><strong><em>noster</em></strong></span> <span class='ocrx_word' id='word_1_504' title='bbox 2441 3272 2594 3327; x_wconf 81' lang='lat' dir='ltr'><strong><em>Jesus</em></strong></span> <span class='ocrx_word' id='word_1_505' title='bbox 2616 3270 2872 3337; x_wconf 86' lang='lat' dir='ltr'><strong><em>Christus,</em></strong></span> <span class='ocrx_word' id='word_1_506' title='bbox 2894 3286 3040 3342; x_wconf 87' lang='lat' dir='ltr'><strong><em>quem</em></strong></span> <span class='ocrx_word' id='word_1_507' title='bbox 3067 3284 3205 3324; x_wconf 82' lang='lat' dir='ltr'><strong><em>steva</em></strong></span> <span class='ocrx_word' id='word_1_508' title='bbox 3232 3282 3389 3333; x_wconf 74' lang='lat' dir='ltr'><strong><em>IORS,</em></strong></span> <span class='ocrx_word' id='word_1_509' title='bbox 3412 3262 3797 3337; x_wconf 67' lang='lat' dir='ltr'><strong><em>inexplicabilis</em></strong></span> 
     </span>
    </p>
   </div>
   <div class='ocr_carea' id='block_1_34' title="bbox 506 3353 3797 3441">
    <p class='ocr_par' dir='ltr' id='par_1_34' title="bbox 506 3353 3797 3441">
     <span class='ocr_line' id='line_1_34' title="bbox 506 3353 3797 3441; baseline -0.004 -23"><span class='ocrx_word' id='word_1_510' title='bbox 506 3363 706 3441; x_wconf 27' lang='lat' dir='ltr'><strong><em>(bellua,</em></strong></span> <span class='ocrx_word' id='word_1_511' title='bbox 737 3380 788 3418; x_wconf 61' lang='grc' dir='ltr'><strong><em>ιδ</em></strong></span> <span class='ocrx_word' id='word_1_512' title='bbox 820 3378 988 3419; x_wconf 63' lang='lat' dir='ltr'><strong><em>ssc“</em></strong></span> <span class='ocrx_word' id='word_1_513' title='bbox 1025 3378 1162 3419; x_wconf 66' lang='lat' dir='ltr'><strong><em>suam</em></strong></span> <span class='ocrx_word' id='word_1_514' title='bbox 1190 3378 1384 3418; x_wconf 69' lang='lat' dir='ltr'><strong><em>napum</em></strong></span> <span class='ocrx_word' id='word_1_515' title='bbox 1411 3373 1460 3416; x_wconf 92' lang='lat' dir='ltr'><strong><em>et</em></strong></span> <span class='ocrx_word' id='word_1_516' title='bbox 1492 3364 1722 3434; x_wconf 67' lang='lat' dir='ltr'><strong><em>praedam</em></strong></span> <span class='ocrx_word' id='word_1_517' title='bbox 1757 3380 1901 3419; x_wconf 89' lang='lat' dir='ltr'><strong><em>suam</em></strong></span> <span class='ocrx_word' id='word_1_518' title='bbox 1931 3365 2132 3436; x_wconf 87' lang='lat' dir='ltr'><strong><em>captiva</em></strong></span> <span class='ocrx_word' id='word_1_519' title='bbox 2160 3364 2484 3420; x_wconf 89' lang='lat' dir='ltr'><strong><em>contremuit.</em></strong></span> <span class='ocrx_word' id='word_1_520' title='bbox 2525 3360 2860 3420; x_wconf 77' lang='lat' dir='ltr'><strong><em>Contremutt.</em></strong></span> <span class='ocrx_word' id='word_1_521' title='bbox 2900 3361 3149 3431; x_wconf 85' lang='lat' dir='ltr'><strong><em>inquam:</em></strong></span> <span class='ocrx_word' id='word_1_522' title='bbox 3180 3373 3303 3411; x_wconf 88' lang='lat' dir='ltr'><strong><em>nam</em></strong></span> <span class='ocrx_word' id='word_1_523' title='bbox 3330 3357 3375 3410; x_wconf 91' lang='lat' dir='ltr'><strong><em>si</em></strong></span> <span class='ocrx_word' id='word_1_524' title='bbox 3395 3363 3605 3411; x_wconf 86' lang='lat' dir='ltr'><strong><em>noverat</em></strong></span> <span class='ocrx_word' id='word_1_525' title='bbox 3631 3353 3797 3407; x_wconf 88' lang='lat' dir='ltr'><strong><em>cruci-</em></strong></span> 
     </span>
    </p>
   </div>
   <div class='ocr_carea' id='block_1_35' title="bbox 515 3450 3792 3526">
    <p class='ocr_par' dir='ltr' id='par_1_35' title="bbox 515 3450 3792 3526">
     <span class='ocr_line' id='line_1_35' title="bbox 515 3450 3792 3526; baseline -0.005 -16"><span class='ocrx_word' id='word_1_526' title='bbox 515 3457 699 3526; x_wconf 67' lang='lat' dir='ltr'><strong><em>ﬁwm,</em></strong></span> <span class='ocrx_word' id='word_1_527' title='bbox 718 3463 889 3508; x_wconf 90' lang='lat' dir='ltr'><strong><em>tamen</em></strong></span> <span class='ocrx_word' id='word_1_528' title='bbox 913 3470 1063 3525; x_wconf 89' lang='lat' dir='ltr'><strong><em>quem</em></strong></span> <span class='ocrx_word' id='word_1_529' title='bbox 1090 3470 1195 3508; x_wconf 87' lang='lat' dir='ltr'><strong><em>non</em></strong></span> <span class='ocrx_word' id='word_1_530' title='bbox 1216 3454 1519 3507; x_wconf 86' lang='lat' dir='ltr'><strong><em>meminerat</em></strong></span> <span class='ocrx_word' id='word_1_531' title='bbox 1546 3469 1687 3507; x_wconf 90' lang='lat' dir='ltr'><strong><em>reum</em></strong></span> <span class='ocrx_word' id='word_1_532' title='bbox 1709 3492 1725 3520; x_wconf 93' lang='lat'><strong><em>,</em></strong></span> <span class='ocrx_word' id='word_1_533' title='bbox 1765 3470 1868 3509; x_wconf 89' lang='lat' dir='ltr'><strong><em>non</em></strong></span> <span class='ocrx_word' id='word_1_534' title='bbox 1902 3465 2103 3525; x_wconf 76' lang='lat' dir='ltr'><strong><em>poterat</em></strong></span> <span class='ocrx_word' id='word_1_535' title='bbox 2129 3465 2301 3510; x_wconf 89' lang='lat' dir='ltr'><strong><em>tenere</em></strong></span> <span class='ocrx_word' id='word_1_536' title='bbox 2329 3453 2632 3508; x_wconf 86' lang='lat' dir='ltr'><strong><em>damnatum</em></strong></span> <span class='ocrx_word' id='word_1_537' title='bbox 2650 3492 2663 3506; x_wconf 93' lang='lat'><strong><em>.</em></strong></span> <span class='ocrx_word' id='word_1_538' title='bbox 2681 3492 2696 3507; x_wconf 92' lang='lat'><strong><em>.</em></strong></span> <span class='ocrx_word' id='word_1_539' title='bbox 2716 3492 2729 3506; x_wconf 96' lang='lat'><strong><em>.</em></strong></span> <span class='ocrx_word' id='word_1_540' title='bbox 2754 3492 2768 3506; x_wconf 94' lang='lat'><strong><em>.</em></strong></span> <span class='ocrx_word' id='word_1_541' title='bbox 2801 3452 2930 3506; x_wconf 85' lang='lat' dir='ltr'><strong><em>Ideo</em></strong></span> <span class='ocrx_word' id='word_1_542' title='bbox 2959 3450 3160 3506; x_wconf 86' lang='lat' dir='ltr'><strong><em>divinus</em></strong></span> <span class='ocrx_word' id='word_1_543' title='bbox 3188 3464 3357 3505; x_wconf 86' lang='lat' dir='ltr'><strong><em>sermo</em></strong></span> <span class='ocrx_word' id='word_1_544' title='bbox 3394 3453 3792 3501; x_wconf 87' lang='lat' dir='ltr'><strong><em>commemorat:</em></strong></span> 
     </span>
    </p>
   </div>
   <div class='ocr_carea' id='block_1_36' title="bbox 508 3544 3796 3627">
    <p class='ocr_par' dir='ltr' id='par_1_36' title="bbox 508 3544 3796 3627">
     <span class='ocr_line' id='line_1_36' title="bbox 508 3544 3796 3627; baseline -0.002 -28"><span class='ocrx_word' id='word_1_545' title='bbox 508 3546 587 3627; x_wconf 23' lang='lat' dir='ltr'><strong><em>“Et</em></strong></span> <span class='ocrx_word' id='word_1_546' title='bbox 612 3547 856 3617; x_wconf 80' lang='lat' dir='ltr'><strong><em>prwcepit</em></strong></span> <span class='ocrx_word' id='word_1_547' title='bbox 896 3544 1157 3600; x_wconf 88' lang='lat' dir='ltr'><strong><em>Dominus</em></strong></span> <span class='ocrx_word' id='word_1_548' title='bbox 1197 3545 1369 3618; x_wconf 72' lang='lat' dir='ltr'><strong><em>pisci,</em></strong></span> <span class='ocrx_word' id='word_1_549' title='bbox 1390 3553 1441 3600; x_wconf 91' lang='lat' dir='ltr'><strong><em>et</em></strong></span> <span class='ocrx_word' id='word_1_550' title='bbox 1476 3547 1695 3600; x_wconf 88' lang='lat' dir='ltr'><strong><em>evomuit</em></strong></span> <span class='ocrx_word' id='word_1_551' title='bbox 1731 3545 1923 3601; x_wconf 85' lang='lat' dir='ltr'><strong><em>Jonam</em></strong></span> <span class='ocrx_word' id='word_1_552' title='bbox 1967 3548 2021 3601; x_wconf 91' lang='lat' dir='ltr'><strong><em>in</em></strong></span> <span class='ocrx_word' id='word_1_553' title='bbox 2065 3548 2290 3603; x_wconf 89' lang='lat' dir='ltr'><strong><em>aridam.</em></strong></span> <span class='ocrx_word' id='word_1_554' title='bbox 2332 3546 2589 3618; x_wconf 70' lang='lat' dir='ltr'><strong><em>Praecepit</em></strong></span> <span class='ocrx_word' id='word_1_555' title='bbox 2611 3562 2732 3617; x_wconf 89' lang='lat' dir='ltr'><strong><em>ergo</em></strong></span> <span class='ocrx_word' id='word_1_556' title='bbox 2774 3544 2970 3611; x_wconf 72' lang='lat' dir='ltr'><strong><em>bestiae,</em></strong></span> <span class='ocrx_word' id='word_1_557' title='bbox 2996 3544 3242 3615; x_wconf 67' lang='lat' dir='ltr'><strong><em>prcecepit</em></strong></span> <span class='ocrx_word' id='word_1_558' title='bbox 3265 3552 3430 3597; x_wconf 72' lang='lat' dir='ltr'><strong><em>non-rt</em></strong></span> <span class='ocrx_word' id='word_1_559' title='bbox 3458 3555 3657 3611; x_wconf 88' lang='lat' dir='ltr'><strong><em>semper</em></strong></span> <span class='ocrx_word' id='word_1_560' title='bbox 3682 3553 3796 3594; x_wconf 80' lang='lat' dir='ltr'><strong><em>esu-</em></strong></span> 
     </span>
    </p>
   </div>
   <div class='ocr_carea' id='block_1_37' title="bbox 513 3630 3795 3707">
    <p class='ocr_par' dir='ltr' id='par_1_37' title="bbox 513 3630 3795 3707">
     <span class='ocr_line' id='line_1_37' title="bbox 513 3630 3795 3707; baseline -0.002 -19"><span class='ocrx_word' id='word_1_561' title='bbox 513 3636 686 3701; x_wconf 89' lang='lat' dir='ltr'><strong><em>rienti,</em></strong></span> <span class='ocrx_word' id='word_1_562' title='bbox 709 3635 954 3707; x_wconf 74' lang='lat' dir='ltr'><strong><em>prwcepit</em></strong></span> <span class='ocrx_word' id='word_1_563' title='bbox 981 3632 1183 3705; x_wconf 82' lang='lat' dir='ltr'><strong><em>abyssis</em></strong></span> <span class='ocrx_word' id='word_1_564' title='bbox 1210 3642 1260 3687; x_wconf 92' lang='lat' dir='ltr'><strong><em>et</em></strong></span> <span class='ocrx_word' id='word_1_565' title='bbox 1286 3634 1492 3704; x_wconf 76' lang='lat' dir='ltr'><strong><em>inferno</em></strong></span> <span class='ocrx_word' id='word_1_566' title='bbox 1510 3674 1525 3701; x_wconf 94' lang='lat'><strong><em>,</em></strong></span> <span class='ocrx_word' id='word_1_567' title='bbox 1564 3644 1622 3689; x_wconf 91' lang='lat' dir='ltr'><strong><em>ut</em></strong></span> <span class='ocrx_word' id='word_1_568' title='bbox 1649 3634 1840 3691; x_wconf 88' lang='lat' dir='ltr'><strong><em>mundo</em></strong></span> <span class='ocrx_word' id='word_1_569' title='bbox 1881 3638 2160 3693; x_wconf 88' lang='lat' dir='ltr'><strong><em>restituant</em></strong></span> <span class='ocrx_word' id='word_1_570' title='bbox 2208 3636 2554 3693; x_wconf 85' lang='lat' dir='ltr'><strong><em>Salvatorem.</em></strong></span> <span class='ocrx_word' id='word_1_571' title='bbox 2595 3634 2840 3691; x_wconf 74' lang='grc' dir='ltr'><strong><em>Ενοιιωτ</em></strong></span> <span class='ocrx_word' id='word_1_572' title='bbox 2867 3642 3039 3688; x_wconf 87' lang='lat' dir='ltr'><strong><em>autem</em></strong></span> <span class='ocrx_word' id='word_1_573' title='bbox 3062 3633 3157 3689; x_wconf 87' lang='lat' dir='ltr'><strong><em>hoc</em></strong></span> <span class='ocrx_word' id='word_1_574' title='bbox 3185 3634 3258 3688; x_wconf 89' lang='lat' dir='ltr'><strong><em>sic</em></strong></span> <span class='ocrx_word' id='word_1_575' title='bbox 3279 3632 3518 3697; x_wconf 80' lang='lat' dir='ltr'><strong><em>debemus</em></strong></span> <span class='ocrx_word' id='word_1_576' title='bbox 3546 3630 3795 3700; x_wconf 79' lang='lat' dir='ltr'><strong><em>accipere,</em></strong></span> 
     </span>
    </p>
   </div>
   <div class='ocr_carea' id='block_1_38' title="bbox 513 3720 3800 3805">
    <p class='ocr_par' dir='ltr' id='par_1_38' title="bbox 513 3720 3800 3805">
     <span class='ocr_line' id='line_1_38' title="bbox 513 3720 3800 3805; baseline 0 -23"><span class='ocrx_word' id='word_1_577' title='bbox 513 3727 648 3799; x_wconf 87' lang='lat' dir='ltr'><strong><em>quod</em></strong></span> <span class='ocrx_word' id='word_1_578' title='bbox 677 3744 742 3782; x_wconf 75' lang='lat' dir='ltr'><strong><em>ea:</em></strong></span> <span class='ocrx_word' id='word_1_579' title='bbox 767 3743 874 3783; x_wconf 79' lang='lat' dir='ltr'><strong><em>nus</em></strong></span> <span class='ocrx_word' id='word_1_580' title='bbox 902 3743 1204 3794; x_wconf 77' lang='lat' dir='ltr'><strong><em>VISCERlBUS</em></strong></span> <span class='ocrx_word' id='word_1_581' title='bbox 1232 3743 1427 3784; x_wconf 74' lang='lat' dir='ltr'><strong><em>nouns</em></strong></span> <span class='ocrx_word' id='word_1_582' title='bbox 1454 3746 1671 3785; x_wconf 78' lang='lat' dir='ltr'><strong><em>vtc&#39;rntx</em></strong></span> <span class='ocrx_word' id='word_1_583' title='bbox 1713 3748 1836 3787; x_wconf 71' lang='lat' dir='ltr'><strong><em>vrrs</em></strong></span> <span class='ocrx_word' id='word_1_584' title='bbox 1887 3720 2159 3790; x_wconf 58' lang='lat' dir='ltr'><strong><em>nituntur</em></strong></span> <span class='ocrx_word' id='word_1_585' title='bbox 2178 3775 2194 3800; x_wconf 96' lang='lat'><strong><em>,</em></strong></span> <span class='ocrx_word' id='word_1_586' title='bbox 2226 3744 2378 3805; x_wconf 88' lang='lat' dir='ltr'><strong><em>atque</em></strong></span> <span class='ocrx_word' id='word_1_587' title='bbox 2404 3750 2519 3787; x_wconf 90' lang='lat' dir='ltr'><strong><em>eam</em></strong></span> <span class='ocrx_word' id='word_1_588' title='bbox 2545 3750 2611 3787; x_wconf 81' lang='lat' dir='ltr'><strong><em>ea:</em></strong></span> <span class='ocrx_word' id='word_1_589' title='bbox 2636 3734 2757 3787; x_wconf 87' lang='lat' dir='ltr'><strong><em>imis</em></strong></span> <span class='ocrx_word' id='word_1_590' title='bbox 2793 3735 3100 3803; x_wconf 66' lang='lat' dir='ltr'><strong><em>praecordiis</em></strong></span> <span class='ocrx_word' id='word_1_591' title='bbox 3126 3732 3320 3802; x_wconf 79' lang='lat' dir='ltr'><strong><em>inferni</em></strong></span> <span class='ocrx_word' id='word_1_592' title='bbox 3347 3731 3566 3801; x_wconf 88' lang='lat' dir='ltr'><strong><em>perditio</em></strong></span> <span class='ocrx_word' id='word_1_593' title='bbox 3595 3730 3800 3784; x_wconf 70' lang='lat' dir='ltr'><strong><em>exulce-</em></strong></span> 
     </span>
    </p>
   </div>
   <div class='ocr_carea' id='block_1_39' title="bbox 515 3817 3799 3895">
    <p class='ocr_par' dir='ltr' id='par_1_39' title="bbox 515 3817 3799 3895">
     <span class='ocr_line' id='line_1_39' title="bbox 515 3817 3799 3895; baseline 0.001 -24"><span class='ocrx_word' id='word_1_594' title='bbox 515 3828 631 3873; x_wconf 80' lang='lat' dir='ltr'><strong><em>rata</em></strong></span> <span class='ocrx_word' id='word_1_595' title='bbox 671 3817 970 3873; x_wconf 86' lang='lat' dir='ltr'><strong><em>reddiderit.</em></strong></span> <span class='ocrx_word' id='word_1_596' title='bbox 1019 3818 1262 3873; x_wconf 85' lang='lat' dir='ltr'><strong><em>Videmus</em></strong></span> <span class='ocrx_word' id='word_1_597' title='bbox 1299 3822 1356 3875; x_wconf 89' lang='lat' dir='ltr'><strong><em>in</em></strong></span> <span class='ocrx_word' id='word_1_598' title='bbox 1398 3821 1662 3892; x_wconf 71' lang='lat' dir='ltr'><strong><em>propheta:</em></strong></span> <span class='ocrx_word' id='word_1_599' title='bbox 1707 3820 1898 3895; x_wconf 74' lang='lat' dir='ltr'><strong><em>(Jontc)</em></strong></span> <span class='ocrx_word' id='word_1_600' title='bbox 1939 3823 2299 3894; x_wconf 75' lang='lat' dir='ltr'><strong><em>aﬂlictionibus</em></strong></span> <span class='ocrx_word' id='word_1_601' title='bbox 2340 3824 2658 3895; x_wconf 81' lang='lat' dir='ltr'><strong><em>apertissime</em></strong></span> <span class='ocrx_word' id='word_1_602' title='bbox 2697 3823 3107 3893; x_wconf 74' lang='lat' dir='ltr'><strong><em>prwﬁguratam,</em></strong></span> <span class='ocrx_word' id='word_1_603' title='bbox 3140 3831 3189 3876; x_wconf 91' lang='lat' dir='ltr'><strong><em>et</em></strong></span> <span class='ocrx_word' id='word_1_604' title='bbox 3236 3837 3455 3877; x_wconf 72' lang='lat' dir='ltr'><strong><em>non&#39;rnu</em></strong></span> <span class='ocrx_word' id='word_1_605' title='bbox 3492 3821 3707 3891; x_wconf 88' lang='lat' dir='ltr'><strong><em>pariter,</em></strong></span> <span class='ocrx_word' id='word_1_606' title='bbox 3749 3827 3799 3874; x_wconf 90' lang='lat' dir='ltr'><strong><em>et</em></strong></span> 
     </span>
    </p>
   </div>
   <div class='ocr_carea' id='block_1_40' title="bbox 515 3907 3437 3986">
    <p class='ocr_par' dir='ltr' id='par_1_40' title="bbox 515 3907 3437 3986">
     <span class='ocr_line' id='line_1_40' title="bbox 515 3907 3437 3986; baseline 0.001 -23"><span class='ocrx_word' id='word_1_607' title='bbox 515 3908 935 3964; x_wconf 82' lang='lat' dir='ltr'><strong><em>resurrectionem</em></strong></span> <span class='ocrx_word' id='word_1_608' title='bbox 967 3907 1228 3981; x_wconf 82' lang='lat' dir='ltr'><strong><em>(Christi).</em></strong></span> <span class='ocrx_word' id='word_1_609' title='bbox 1261 3907 1587 3983; x_wconf 84' lang='lat' dir='ltr'><strong><em>Quapropter</em></strong></span> <span class='ocrx_word' id='word_1_610' title='bbox 1605 3912 1741 3984; x_wconf 87' lang='lat' dir='ltr'><strong><em>quod</em></strong></span> <span class='ocrx_word' id='word_1_611' title='bbox 1758 3913 2021 3986; x_wconf 90' lang='lat' dir='ltr'><strong><em>impletum</em></strong></span> <span class='ocrx_word' id='word_1_612' title='bbox 2045 3916 2213 3970; x_wconf 89' lang='lat' dir='ltr'><strong><em>cernis</em></strong></span> <span class='ocrx_word' id='word_1_613' title='bbox 2239 3916 2295 3968; x_wconf 92' lang='lat' dir='ltr'><strong><em>in</em></strong></span> <span class='ocrx_word' id='word_1_614' title='bbox 2323 3929 2486 3979; x_wconf 87' lang='lat' dir='ltr'><strong><em>servo,</em></strong></span> <span class='ocrx_word' id='word_1_615' title='bbox 2517 3911 2724 3967; x_wconf 90' lang='lat' dir='ltr'><strong><em>credere</em></strong></span> <span class='ocrx_word' id='word_1_616' title='bbox 2748 3928 2813 3966; x_wconf 88' lang='lat' dir='ltr'><strong><em>ne</em></strong></span> <span class='ocrx_word' id='word_1_617' title='bbox 2840 3913 3090 3967; x_wconf 88' lang='lat' dir='ltr'><strong><em>cuncteris</em></strong></span> <span class='ocrx_word' id='word_1_618' title='bbox 3112 3913 3169 3967; x_wconf 93' lang='lat' dir='ltr'><strong><em>in</em></strong></span> <span class='ocrx_word' id='word_1_619' title='bbox 3197 3909 3437 3976; x_wconf 72' lang='lat' dir='ltr'><strong><em>Domino.</em></strong></span> 
     </span>
    </p>
   </div>
   <div class='ocr_carea' id='block_1_41' title="bbox 590 4000 3843 4086">
    <p class='ocr_par' dir='ltr' id='par_1_41' title="bbox 590 4000 3843 4086">
     <span class='ocr_line' id='line_1_41' title="bbox 590 4000 3843 4086; baseline 0 -30"><span class='ocrx_word' id='word_1_620' title='bbox 590 4000 695 4057; x_wconf 90' lang='lat' dir='ltr'><strong><em>Sed</em></strong></span> <span class='ocrx_word' id='word_1_621' title='bbox 723 4002 977 4070; x_wconf 90' lang='lat' dir='ltr'><strong><em>quoniam</em></strong></span> <span class='ocrx_word' id='word_1_622' title='bbox 1004 4002 1072 4059; x_wconf 90' lang='lat' dir='ltr'><strong><em>de</em></strong></span> <span class='ocrx_word' id='word_1_623' title='bbox 1111 4011 1300 4061; x_wconf 88' lang='lat' dir='ltr'><strong><em>sancto</em></strong></span> <span class='ocrx_word' id='word_1_624' title='bbox 1346 4005 1557 4062; x_wconf 87' lang='lat' dir='ltr'><strong><em>latrone</em></strong></span> <span class='ocrx_word' id='word_1_625' title='bbox 1600 4006 1785 4062; x_wconf 90' lang='lat' dir='ltr'><strong><em>incidit</em></strong></span> <span class='ocrx_word' id='word_1_626' title='bbox 1829 4008 2033 4064; x_wconf 89' lang='lat' dir='ltr'><strong><em>mentio</em></strong></span> <span class='ocrx_word' id='word_1_627' title='bbox 2057 4049 2073 4076; x_wconf 92' lang='lat'><strong><em>,</em></strong></span> <span class='ocrx_word' id='word_1_628' title='bbox 2123 4017 2214 4086; x_wconf 86' lang='lat' dir='ltr'><strong><em>est</em></strong></span> <span class='ocrx_word' id='word_1_629' title='bbox 2251 4006 2491 4079; x_wconf 83' lang='lat' dir='ltr'><strong><em>profecto</em></strong></span> <span class='ocrx_word' id='word_1_630' title='bbox 2519 4019 2614 4061; x_wconf 86' lang='lat' dir='ltr'><strong><em>cur</em></strong></span> <span class='ocrx_word' id='word_1_631' title='bbox 2641 4006 2690 4062; x_wconf 89' lang='lat' dir='ltr'><strong><em>ei</em></strong></span> <span class='ocrx_word' id='word_1_632' title='bbox 2720 4005 2885 4061; x_wconf 89' lang='lat' dir='ltr'><strong><em>etiam</em></strong></span> <span class='ocrx_word' id='word_1_633' title='bbox 2913 4004 3166 4075; x_wconf 89' lang='lat' dir='ltr'><strong><em>scriptori</em></strong></span> <span class='ocrx_word' id='word_1_634' title='bbox 3191 4001 3494 4059; x_wconf 82' lang='lat' dir='ltr'><strong><em>faciendum</em></strong></span> <span class='ocrx_word' id='word_1_635' title='bbox 3520 4015 3641 4057; x_wconf 87' lang='lat' dir='ltr'><strong><em>esse</em></strong></span> <span class='ocrx_word' id='word_1_636' title='bbox 3666 4001 3800 4057; x_wconf 88' lang='lat' dir='ltr'><strong><em>satis</em></strong></span> <span class='ocrx_word' id='word_1_637' title='bbox 3840 4006 3843 4007; x_wconf 66' lang='grc'><strong><em>⁷</em></strong></span> 
     </span>
    </p>
   </div>
   <div class='ocr_carea' id='block_1_42' title="bbox 521 4093 3799 4170">
    <p class='ocr_par' dir='ltr' id='par_1_42' title="bbox 521 4093 3799 4170">
     <span class='ocr_line' id='line_1_42' title="bbox 521 4093 3799 4170; baseline 0.001 -21"><span class='ocrx_word' id='word_1_638' title='bbox 521 4094 783 4159; x_wconf 71' lang='lat' dir='ltr'><strong><em>videatur,</em></strong></span> <span class='ocrx_word' id='word_1_639' title='bbox 814 4095 904 4163; x_wconf 92' lang='lat' dir='ltr'><strong><em>qui</em></strong></span> <span class='ocrx_word' id='word_1_640' title='bbox 934 4103 1060 4151; x_wconf 87' lang='lat' dir='ltr'><strong><em>ante</em></strong></span> <span class='ocrx_word' id='word_1_641' title='bbox 1088 4110 1258 4152; x_wconf 88' lang='lat' dir='ltr'><strong><em>annos</em></strong></span> <span class='ocrx_word' id='word_1_642' title='bbox 1298 4112 1500 4167; x_wconf 87' lang='lat' dir='ltr'><strong><em>paucos</em></strong></span> <span class='ocrx_word' id='word_1_643' title='bbox 1544 4098 1600 4153; x_wconf 90' lang='lat' dir='ltr'><strong><em>in</em></strong></span> <span class='ocrx_word' id='word_1_644' title='bbox 1647 4098 1902 4155; x_wconf 90' lang='lat' dir='ltr'><strong><em>invidiam</em></strong></span> <span class='ocrx_word' id='word_1_645' title='bbox 1939 4099 2230 4156; x_wconf 88' lang='lat' dir='ltr'><strong><em>Maximum</em></strong></span> <span class='ocrx_word' id='word_1_646' title='bbox 2257 4100 2500 4165; x_wconf 83' lang='lat' dir='ltr'><strong><em>vocavit,</em></strong></span> <span class='ocrx_word' id='word_1_647' title='bbox 2531 4099 2687 4170; x_wconf 87' lang='lat' dir='ltr'><strong><em>quasi</em></strong></span> <span class='ocrx_word' id='word_1_648' title='bbox 2713 4100 2759 4155; x_wconf 88' lang='lat' dir='ltr'><strong><em>is</em></strong></span> <span class='ocrx_word' id='word_1_649' title='bbox 2786 4099 3053 4155; x_wconf 88' lang='lat' dir='ltr'><strong><em>latronem</em></strong></span> <span class='ocrx_word' id='word_1_650' title='bbox 3095 4099 3270 4169; x_wconf 87' lang='lat' dir='ltr'><strong><em>ipsum</em></strong></span> <span class='ocrx_word' id='word_1_651' title='bbox 3297 4097 3414 4153; x_wconf 88' lang='lat' dir='ltr'><strong><em>sola</em></strong></span> <span class='ocrx_word' id='word_1_652' title='bbox 3440 4093 3545 4150; x_wconf 78' lang='lat' dir='ltr'><strong><em>(ide</em></strong></span> <span class='ocrx_word' id='word_1_653' title='bbox 3568 4095 3799 4152; x_wconf 85' lang='lat' dir='ltr'><strong><em>salutem</em></strong></span> 
     </span>
    </p>
   </div>
   <div class='ocr_carea' id='block_1_43' title="bbox 520 4182 3800 4260">
    <p class='ocr_par' dir='ltr' id='par_1_43' title="bbox 520 4182 3800 4260">
     <span class='ocr_line' id='line_1_43' title="bbox 520 4182 3800 4260; baseline 0.002 -24"><span class='ocrx_word' id='word_1_654' title='bbox 520 4182 681 4238; x_wconf 79' lang='lat' dir='ltr'><strong><em>fuisse</em></strong></span> <span class='ocrx_word' id='word_1_655' title='bbox 709 4191 1055 4238; x_wconf 89' lang='lat' dir='ltr'><strong><em>consecutum</em></strong></span> <span class='ocrx_word' id='word_1_656' title='bbox 1084 4185 1426 4243; x_wconf 84' lang='lat' dir='ltr'><strong><em>existimarit.</em></strong></span> <span class='ocrx_word' id='word_1_657' title='bbox 1486 4186 1624 4254; x_wconf 86' lang='lat' dir='ltr'><strong><em>Quid</em></strong></span> <span class='ocrx_word' id='word_1_658' title='bbox 1670 4197 1851 4244; x_wconf 89' lang='lat' dir='ltr'><strong><em>autem</em></strong></span> <span class='ocrx_word' id='word_1_659' title='bbox 1896 4191 2142 4260; x_wconf 87' lang='lat' dir='ltr'><strong><em>scriptori</em></strong></span> <span class='ocrx_word' id='word_1_660' title='bbox 2193 4190 2270 4245; x_wconf 93' lang='lat' dir='ltr'><strong><em>illi</em></strong></span> <span class='ocrx_word' id='word_1_661' title='bbox 2316 4190 2600 4247; x_wconf 76' lang='lat' dir='ltr'><strong><em>oﬁ‘ensioni</em></strong></span> <span class='ocrx_word' id='word_1_662' title='bbox 2626 4189 2806 4256; x_wconf 78' lang='lat' dir='ltr'><strong><em>fuerit,</em></strong></span> <span class='ocrx_word' id='word_1_663' title='bbox 2847 4189 3129 4260; x_wconf 81' lang='lat' dir='ltr'><strong><em>explicabo</em></strong></span> <span class='ocrx_word' id='word_1_664' title='bbox 3159 4188 3329 4244; x_wconf 87' lang='lat' dir='ltr'><strong><em>brevi.</em></strong></span> <span class='ocrx_word' id='word_1_665' title='bbox 3369 4185 3599 4256; x_wconf 80' lang='lat' dir='ltr'><strong><em>Legerat</em></strong></span> <span class='ocrx_word' id='word_1_666' title='bbox 3626 4187 3717 4243; x_wconf 86' lang='lat' dir='ltr'><strong><em>ille</em></strong></span> <span class='ocrx_word' id='word_1_667' title='bbox 3745 4188 3800 4243; x_wconf 85' lang='lat' dir='ltr'><strong><em>in</em></strong></span> 
     </span>
    </p>
   </div>
   <div class='ocr_carea' id='block_1_44' title="bbox 522 4272 3801 4352">
    <p class='ocr_par' dir='ltr' id='par_1_44' title="bbox 522 4272 3801 4352">
     <span class='ocr_line' id='line_1_44' title="bbox 522 4272 3801 4352; baseline 0.002 -22"><span class='ocrx_word' id='word_1_668' title='bbox 522 4273 742 4330; x_wconf 89' lang='lat' dir='ltr'><strong><em>bomilia</em></strong></span> <span class='ocrx_word' id='word_1_669' title='bbox 769 4272 829 4326; x_wconf 81' lang='lat'><strong><em>51</em></strong></span> <span class='ocrx_word' id='word_1_670' title='bbox 860 4272 1101 4330; x_wconf 81' lang='lat' dir='ltr'><strong><em>Maximi.</em></strong></span> <span class='ocrx_word' id='word_1_671' title='bbox 1141 4275 1307 4333; x_wconf 90' lang='lat' dir='ltr'><strong><em>Latro</em></strong></span> <span class='ocrx_word' id='word_1_672' title='bbox 1361 4297 1380 4330; x_wconf 76' lang='grc' dir='ltr'>σ</span> <span class='ocrx_word' id='word_1_673' title='bbox 1417 4280 1470 4334; x_wconf 92' lang='lat' dir='ltr'><strong><em>in</em></strong></span> <span class='ocrx_word' id='word_1_674' title='bbox 1514 4294 1674 4336; x_wconf 88' lang='lat' dir='ltr'><strong><em>cruce</em></strong></span> <span class='ocrx_word' id='word_1_675' title='bbox 1718 4283 1926 4352; x_wconf 90' lang='lat' dir='ltr'><strong><em>positus</em></strong></span> <span class='ocrx_word' id='word_1_676' title='bbox 1966 4281 2237 4339; x_wconf 87' lang='lat' dir='ltr'><strong><em>Christum</em></strong></span> <span class='ocrx_word' id='word_1_677' title='bbox 2268 4284 2496 4339; x_wconf 88' lang='lat' dir='ltr'><strong><em>credidit</em></strong></span> <span class='ocrx_word' id='word_1_678' title='bbox 2522 4282 2855 4349; x_wconf 85' lang='lat' dir='ltr'><strong><em>cruciﬁxum,</em></strong></span> <span class='ocrx_word' id='word_1_679' title='bbox 2881 4290 2938 4337; x_wconf 91' lang='lat' dir='ltr'><strong><em>et</em></strong></span> <span class='ocrx_word' id='word_1_680' title='bbox 2964 4282 3088 4338; x_wconf 91' lang='lat' dir='ltr'><strong><em>ideo</em></strong></span> <span class='ocrx_word' id='word_1_681' title='bbox 3114 4281 3207 4350; x_wconf 88' lang='lat' dir='ltr'><strong><em>qui</em></strong></span> <span class='ocrx_word' id='word_1_682' title='bbox 3234 4282 3510 4337; x_wconf 87' lang='lat' dir='ltr'><strong><em>consortio</em></strong></span> <span class='ocrx_word' id='word_1_683' title='bbox 3538 4280 3801 4350; x_wconf 86' lang='lat' dir='ltr'><strong><em>passionis</em></strong></span> 
     </span>
    </p>
   </div>
   <div class='ocr_carea' id='block_1_45' title="bbox 520 4365 3800 4440">
    <p class='ocr_par' dir='ltr' id='par_1_45' title="bbox 520 4365 3800 4440">
     <span class='ocr_line' id='line_1_45' title="bbox 520 4365 3800 4440; baseline 0.003 -21"><span class='ocrx_word' id='word_1_684' title='bbox 520 4365 704 4429; x_wconf 87' lang='lat' dir='ltr'><strong><em>utitur,</em></strong></span> <span class='ocrx_word' id='word_1_685' title='bbox 735 4368 1010 4421; x_wconf 89' lang='lat' dir='ltr'><strong><em>consortio</em></strong></span> <span class='ocrx_word' id='word_1_686' title='bbox 1037 4367 1272 4437; x_wconf 86' lang='lat' dir='ltr'><strong><em>paradisi</em></strong></span> <span class='ocrx_word' id='word_1_687' title='bbox 1300 4372 1652 4426; x_wconf 87' lang='lat' dir='ltr'><strong><em>condonatur.</em></strong></span> <span class='ocrx_word' id='word_1_688' title='bbox 1676 4391 1695 4425; x_wconf 73' lang='grc' dir='ltr'><strong><em>ι</em></strong></span> <span class='ocrx_word' id='word_1_689' title='bbox 1727 4377 1793 4428; x_wconf 82' lang='grc' dir='ltr'><strong><em>Τὸ</em></strong></span> <span class='ocrx_word' id='word_1_690' title='bbox 1818 4374 2034 4429; x_wconf 87' lang='lat' dir='ltr'><strong><em>credidit</em></strong></span> <span class='ocrx_word' id='word_1_691' title='bbox 2062 4382 2241 4430; x_wconf 88' lang='lat' dir='ltr'><strong><em>autem</em></strong></span> <span class='ocrx_word' id='word_1_692' title='bbox 2278 4375 2353 4429; x_wconf 92' lang='lat' dir='ltr'><strong><em>ita</em></strong></span> <span class='ocrx_word' id='word_1_693' title='bbox 2380 4374 2653 4431; x_wconf 88' lang='lat' dir='ltr'><strong><em>hominem</em></strong></span> <span class='ocrx_word' id='word_1_694' title='bbox 2679 4375 2976 4430; x_wconf 87' lang='lat' dir='ltr'><strong><em>commovit</em></strong></span> <span class='ocrx_word' id='word_1_695' title='bbox 2995 4414 3011 4440; x_wconf 90' lang='lat'><strong><em>,</em></strong></span> <span class='ocrx_word' id='word_1_696' title='bbox 3043 4381 3105 4429; x_wconf 89' lang='lat' dir='ltr'><strong><em>ut</em></strong></span> <span class='ocrx_word' id='word_1_697' title='bbox 3131 4374 3264 4429; x_wconf 90' lang='lat' dir='ltr'><strong><em>nihil</em></strong></span> <span class='ocrx_word' id='word_1_698' title='bbox 3300 4374 3355 4429; x_wconf 92' lang='lat' dir='ltr'><strong><em>in</em></strong></span> <span class='ocrx_word' id='word_1_699' title='bbox 3385 4374 3596 4428; x_wconf 84' lang='lat' dir='ltr'><strong><em>latrone</em></strong></span> <span class='ocrx_word' id='word_1_700' title='bbox 3621 4374 3800 4429; x_wconf 86' lang='lat' dir='ltr'><strong><em>meriti</em></strong></span> 
     </span>
    </p>
   </div>
   <div class='ocr_carea' id='block_1_46' title="bbox 523 4455 3802 4536">
    <p class='ocr_par' dir='ltr' id='par_1_46' title="bbox 523 4455 3802 4536">
     <span class='ocr_line' id='line_1_46' title="bbox 523 4455 3802 4536; baseline 0.003 -27"><span class='ocrx_word' id='word_1_701' title='bbox 523 4471 586 4510; x_wconf 87' lang='lat' dir='ltr'><strong><em>ac</em></strong></span> <span class='ocrx_word' id='word_1_702' title='bbox 614 4455 847 4521; x_wconf 87' lang='lat' dir='ltr'><strong><em>virtutis,</em></strong></span> <span class='ocrx_word' id='word_1_703' title='bbox 879 4463 1073 4525; x_wconf 70' lang='lat' dir='ltr'><strong><em>praeter</em></strong></span> <span class='ocrx_word' id='word_1_704' title='bbox 1101 4456 1279 4526; x_wconf 84' lang='lat' dir='ltr'><strong><em>tidem,</em></strong></span> <span class='ocrx_word' id='word_1_705' title='bbox 1311 4460 1552 4528; x_wconf 79' lang='lat' dir='ltr'><strong><em>agnitum</em></strong></span> <span class='ocrx_word' id='word_1_706' title='bbox 1579 4477 2003 4536; x_wconf 89' lang='lat' dir='ltr'><strong><em>concessumque</em></strong></span> <span class='ocrx_word' id='word_1_707' title='bbox 2042 4482 2075 4522; x_wconf 90' lang='lat' dir='ltr'><strong><em>a</em></strong></span> <span class='ocrx_word' id='word_1_708' title='bbox 2121 4467 2353 4523; x_wconf 86' lang='lat' dir='ltr'><strong><em>Maximo</em></strong></span> <span class='ocrx_word' id='word_1_709' title='bbox 2382 4466 2547 4522; x_wconf 81' lang='lat' dir='ltr'><strong><em>fuisse</em></strong></span> <span class='ocrx_word' id='word_1_710' title='bbox 2574 4467 2946 4522; x_wconf 84' lang='lat' dir='ltr'><strong><em>arbitraretur.</em></strong></span> <span class='ocrx_word' id='word_1_711' title='bbox 2988 4466 3059 4521; x_wconf 81' lang='lat' dir='ltr'><strong><em>At</em></strong></span> <span class='ocrx_word' id='word_1_712' title='bbox 3087 4468 3132 4522; x_wconf 88' lang='lat' dir='ltr'><strong><em>is</em></strong></span> <span class='ocrx_word' id='word_1_713' title='bbox 3158 4466 3393 4535; x_wconf 88' lang='lat' dir='ltr'><strong><em>scriptor</em></strong></span> <span class='ocrx_word' id='word_1_714' title='bbox 3420 4481 3530 4521; x_wconf 90' lang='lat' dir='ltr'><strong><em>non</em></strong></span> <span class='ocrx_word' id='word_1_715' title='bbox 3558 4465 3802 4520; x_wconf 87' lang='lat' dir='ltr'><strong><em>animad-</em></strong></span> 
     </span>
    </p>
   </div>
   <div class='ocr_carea' id='block_1_47' title="bbox 521 4545 3798 4627">
    <p class='ocr_par' dir='ltr' id='par_1_47' title="bbox 521 4545 3798 4627">
     <span class='ocr_line' id='line_1_47' title="bbox 521 4545 3798 4627; baseline 0.004 -30"><span class='ocrx_word' id='word_1_716' title='bbox 521 4546 683 4601; x_wconf 89' lang='lat' dir='ltr'><strong><em>vertit</em></strong></span> <span class='ocrx_word' id='word_1_717' title='bbox 723 4545 1004 4614; x_wconf 83' lang='lat' dir='ltr'><strong><em>agnovisse</em></strong></span> <span class='ocrx_word' id='word_1_718' title='bbox 1044 4546 1099 4600; x_wconf 93' lang='lat' dir='ltr'><strong>in</strong></span> <span class='ocrx_word' id='word_1_719' title='bbox 1140 4547 1349 4602; x_wconf 89' lang='lat' dir='ltr'><strong><em>latrone</em></strong></span> <span class='ocrx_word' id='word_1_720' title='bbox 1377 4550 1493 4618; x_wconf 89' lang='lat' dir='ltr'><strong><em>ipso</em></strong></span> <span class='ocrx_word' id='word_1_721' title='bbox 1538 4552 1820 4609; x_wconf 88' lang='lat' dir='ltr'><strong><em>criminum</em></strong></span> <span class='ocrx_word' id='word_1_722' title='bbox 1859 4557 2225 4626; x_wconf 71' lang='lat' dir='ltr'><strong><em>ptenitudinem</em></strong></span> <span class='ocrx_word' id='word_1_723' title='bbox 2269 4556 2592 4623; x_wconf 86' lang='lat' dir='ltr'><strong><em>Maximum;</em></strong></span> <span class='ocrx_word' id='word_1_724' title='bbox 2640 4556 2961 4627; x_wconf 84' lang='lat' dir='ltr'><strong><em>praedicasse</em></strong></span> <span class='ocrx_word' id='word_1_725' title='bbox 3005 4556 3228 4612; x_wconf 90' lang='lat' dir='ltr'><strong><em>latronis</em></strong></span> <span class='ocrx_word' id='word_1_726' title='bbox 3256 4556 3499 4627; x_wconf 84' lang='lat' dir='ltr'><strong><em>ejusdem</em></strong></span> <span class='ocrx_word' id='word_1_727' title='bbox 3526 4556 3798 4619; x_wconf 87' lang='lat' dir='ltr'><strong><em>meritum,</em></strong></span> 
     </span>
    </p>
   </div>
   <div class='ocr_carea' id='block_1_48' title="bbox 523 4638 3801 4723">
    <p class='ocr_par' dir='ltr' id='par_1_48' title="bbox 523 4638 3801 4723">
     <span class='ocr_line' id='line_1_48' title="bbox 523 4638 3801 4723; baseline 0.004 -31"><span class='ocrx_word' id='word_1_728' title='bbox 523 4640 684 4707; x_wconf 87' lang='lat' dir='ltr'><strong><em>inque</em></strong></span> <span class='ocrx_word' id='word_1_729' title='bbox 727 4638 970 4709; x_wconf 88' lang='lat' dir='ltr'><strong><em>supplicii</em></strong></span> <span class='ocrx_word' id='word_1_730' title='bbox 1013 4654 1170 4709; x_wconf 76' lang='lat' dir='ltr'><strong><em>pmna</em></strong></span> <span class='ocrx_word' id='word_1_731' title='bbox 1217 4655 1316 4710; x_wconf 91' lang='lat' dir='ltr'><strong><em>pro</em></strong></span> <span class='ocrx_word' id='word_1_732' title='bbox 1356 4641 1563 4700; x_wconf 87' lang='lat' dir='ltr'><strong><em>delictis</em></strong></span> <span class='ocrx_word' id='word_1_733' title='bbox 1608 4647 1718 4703; x_wconf 89' lang='lat' dir='ltr'><strong><em>suis</em></strong></span> <span class='ocrx_word' id='word_1_734' title='bbox 1762 4648 2078 4718; x_wconf 80' lang='lat' dir='ltr'><strong><em>perferenda</em></strong></span> <span class='ocrx_word' id='word_1_735' title='bbox 2132 4652 2488 4722; x_wconf 89' lang='lat' dir='ltr'><strong><em>patientiam;</em></strong></span> <span class='ocrx_word' id='word_1_736' title='bbox 2539 4665 2992 4708; x_wconf 88' lang='lat' dir='ltr'><strong><em>commemorasse</em></strong></span> <span class='ocrx_word' id='word_1_737' title='bbox 3040 4652 3321 4708; x_wconf 85' lang='lat' dir='ltr'><strong><em>ardentem</em></strong></span> <span class='ocrx_word' id='word_1_738' title='bbox 3368 4652 3486 4723; x_wconf 81' lang='lat' dir='ltr'><strong><em>ejus</em></strong></span> <span class='ocrx_word' id='word_1_739' title='bbox 3531 4653 3584 4706; x_wconf 90' lang='lat' dir='ltr'><strong><em>in</em></strong></span> <span class='ocrx_word' id='word_1_740' title='bbox 3633 4651 3801 4706; x_wconf 88' lang='lat' dir='ltr'><strong><em>Deum</em></strong></span> 
     </span>
    </p>
   </div>
   <div class='ocr_carea' id='block_1_49' title="bbox 521 4731 3802 4813">
    <p class='ocr_par' dir='ltr' id='par_1_49' title="bbox 521 4731 3802 4813">
     <span class='ocr_line' id='line_1_49' title="bbox 521 4731 3802 4813; baseline 0.005 -32"><span class='ocrx_word' id='word_1_741' title='bbox 521 4731 821 4787; x_wconf 87' lang='lat' dir='ltr'><strong><em>caritatem.</em></strong></span> <span class='ocrx_word' id='word_1_742' title='bbox 878 4732 1116 4787; x_wconf 88' lang='lat' dir='ltr'><strong><em>Caritate</em></strong></span> <span class='ocrx_word' id='word_1_743' title='bbox 1160 4740 1340 4787; x_wconf 87' lang='lat' dir='ltr'><strong><em>autem</em></strong></span> <span class='ocrx_word' id='word_1_744' title='bbox 1396 4736 1777 4795; x_wconf 86' lang='lat' dir='ltr'><strong><em>multitudinem</em></strong></span> <span class='ocrx_word' id='word_1_745' title='bbox 1822 4743 2012 4810; x_wconf 85' lang='lat' dir='ltr'><strong><em>aperiri</em></strong></span> <span class='ocrx_word' id='word_1_746' title='bbox 2067 4752 2392 4811; x_wconf 87' lang='lat' dir='ltr'><strong><em>peccatorum</em></strong></span> <span class='ocrx_word' id='word_1_747' title='bbox 2414 4783 2431 4810; x_wconf 88' lang='lat'><strong><em>,</em></strong></span> <span class='ocrx_word' id='word_1_748' title='bbox 2481 4744 2666 4813; x_wconf 88' lang='lat' dir='ltr'><strong><em>ecquis</em></strong></span> <span class='ocrx_word' id='word_1_749' title='bbox 2702 4744 3037 4800; x_wconf 84' lang='lat' dir='ltr'><strong><em>orthodoxus</em></strong></span> <span class='ocrx_word' id='word_1_750' title='bbox 3092 4745 3338 4813; x_wconf 82' lang='lat' dir='ltr'><strong><em>ignorat?</em></strong></span> <span class='ocrx_word' id='word_1_751' title='bbox 3389 4742 3544 4810; x_wconf 84' lang='lat' dir='ltr'><strong><em>Quod</em></strong></span> <span class='ocrx_word' id='word_1_752' title='bbox 3600 4742 3646 4797; x_wconf 91' lang='lat' dir='ltr'><strong><em>si</em></strong></span> <span class='ocrx_word' id='word_1_753' title='bbox 3698 4742 3802 4811; x_wconf 79' lang='lat' dir='ltr'><strong><em>ﬁde</em></strong></span> 
     </span>
    </p>
   </div>
   <div class='ocr_carea' id='block_1_50' title="bbox 520 4822 3802 4923">
    <p class='ocr_par' dir='ltr' id='par_1_50' title="bbox 520 4822 3802 4923">
     <span class='ocr_line' id='line_1_50' title="bbox 520 4822 3802 4923; baseline 0.004 -50"><span class='ocrx_word' id='word_1_754' title='bbox 520 4822 1147 4923; x_wconf 36' lang='lat' dir='ltr'><strong><em>adﬂgloriaiupertigisse</em></strong></span> <span class='ocrx_word' id='word_1_755' title='bbox 1186 4824 1447 4880; x_wconf 86' lang='lat' dir='ltr'><strong><em>latronem</em></strong></span> <span class='ocrx_word' id='word_1_756' title='bbox 1495 4826 1758 4884; x_wconf 79' lang='lat' dir='ltr'><strong><em>Maximus</em></strong></span> <span class='ocrx_word' id='word_1_757' title='bbox 1805 4832 1972 4897; x_wconf 78' lang='lat' dir='ltr'><strong><em>dixit,</em></strong></span> <span class='ocrx_word' id='word_1_758' title='bbox 2021 4834 2127 4904; x_wconf 89' lang='lat' dir='ltr'><strong><em>ﬁde</em></strong></span> <span class='ocrx_word' id='word_1_759' title='bbox 2153 4846 2300 4890; x_wconf 89' lang='lat' dir='ltr'><strong><em>certe</em></strong></span> <span class='ocrx_word' id='word_1_760' title='bbox 2342 4838 2610 4908; x_wconf 74' lang='lat' dir='ltr'><strong><em>perfecta,</em></strong></span> <span class='ocrx_word' id='word_1_761' title='bbox 2660 4836 2765 4892; x_wconf 88' lang='lat' dir='ltr'><strong><em>hoc</em></strong></span> <span class='ocrx_word' id='word_1_762' title='bbox 2808 4844 2893 4891; x_wconf 89' lang='lat' dir='ltr'><strong><em>est</em></strong></span> <span class='ocrx_word' id='word_1_763' title='bbox 2939 4851 3035 4906; x_wconf 89' lang='lat' dir='ltr'><strong><em>per</em></strong></span> <span class='ocrx_word' id='word_1_764' title='bbox 3061 4837 3327 4890; x_wconf 88' lang='lat' dir='ltr'><strong><em>caritatem</em></strong></span> <span class='ocrx_word' id='word_1_765' title='bbox 3367 4844 3645 4907; x_wconf 89' lang='lat' dir='ltr'><strong><em>operante,</em></strong></span> <span class='ocrx_word' id='word_1_766' title='bbox 3693 4848 3802 4888; x_wconf 89' lang='lat' dir='ltr'><strong><em>non</em></strong></span> 
     </span>
    </p>
   </div>
   <div class='ocr_carea' id='block_1_51' title="bbox 523 4912 3802 4998">
    <p class='ocr_par' dir='ltr' id='par_1_51' title="bbox 523 4912 3802 4998">
     <span class='ocr_line' id='line_1_51' title="bbox 523 4912 3802 4998; baseline 0.004 -33"><span class='ocrx_word' id='word_1_767' title='bbox 523 4912 757 4976; x_wconf 83' lang='lat' dir='ltr'><strong><em>informi,</em></strong></span> <span class='ocrx_word' id='word_1_768' title='bbox 801 4915 966 4983; x_wconf 81' lang='lat' dir='ltr'><strong><em>dixit;</em></strong></span> <span class='ocrx_word' id='word_1_769' title='bbox 1008 4916 1151 4972; x_wconf 87' lang='lat' dir='ltr'><strong><em>haud</em></strong></span> <span class='ocrx_word' id='word_1_770' title='bbox 1177 4932 1331 4974; x_wconf 87' lang='lat' dir='ltr'><strong><em>secus</em></strong></span> <span class='ocrx_word' id='word_1_771' title='bbox 1365 4926 1529 4989; x_wconf 89' lang='lat' dir='ltr'><strong><em>atque</em></strong></span> <span class='ocrx_word' id='word_1_772' title='bbox 1554 4919 1751 4976; x_wconf 80' lang='lat' dir='ltr'><strong><em>dixerit</em></strong></span> <span class='ocrx_word' id='word_1_773' title='bbox 1788 4923 2077 4992; x_wconf 81' lang='lat' dir='ltr'><strong><em>Apostolus</em></strong></span> <span class='ocrx_word' id='word_1_774' title='bbox 2108 4926 2162 4980; x_wconf 94' lang='lat' dir='ltr'><strong><em>in</em></strong></span> <span class='ocrx_word' id='word_1_775' title='bbox 2190 4924 2432 4997; x_wconf 89' lang='lat' dir='ltr'><strong><em>Epistola</em></strong></span> <span class='ocrx_word' id='word_1_776' title='bbox 2455 4927 2523 4983; x_wconf 89' lang='lat' dir='ltr'><strong><em>ad</em></strong></span> <span class='ocrx_word' id='word_1_777' title='bbox 2544 4925 2819 4993; x_wconf 73' lang='lat' dir='ltr'><strong><em>Hebrtnos,</em></strong></span> <span class='ocrx_word' id='word_1_778' title='bbox 2849 4935 3057 4982; x_wconf 88' lang='lat' dir='ltr'><strong><em>sanctos</em></strong></span> <span class='ocrx_word' id='word_1_779' title='bbox 3085 4944 3176 4998; x_wconf 90' lang='lat' dir='ltr'><strong><em>per</em></strong></span> <span class='ocrx_word' id='word_1_780' title='bbox 3202 4926 3359 4996; x_wconf 88' lang='lat' dir='ltr'><strong><em>ﬁdem</em></strong></span> <span class='ocrx_word' id='word_1_781' title='bbox 3398 4927 3578 4980; x_wconf 81' lang='lat' dir='ltr'><strong><em>vicisse</em></strong></span> <span class='ocrx_word' id='word_1_782' title='bbox 3619 4939 3802 4995; x_wconf 83' lang='lat' dir='ltr'><strong><em>regna,</em></strong></span> 
     </span>
    </p>
   </div>
   <div class='ocr_carea' id='block_1_52' title="bbox 521 5002 3803 5085">
    <p class='ocr_par' dir='ltr' id='par_1_52' title="bbox 521 5002 3803 5085">
     <span class='ocr_line' id='line_1_52' title="bbox 521 5002 3803 5085; baseline 0.003 -30"><span class='ocrx_word' id='word_1_783' title='bbox 521 5002 828 5073; x_wconf 79' lang='lat' dir='ltr'><strong><em>udeptosque</em></strong></span> <span class='ocrx_word' id='word_1_784' title='bbox 874 5006 1032 5065; x_wconf 78' lang='lat' dir='ltr'><strong><em>tuisse</em></strong></span> <span class='ocrx_word' id='word_1_785' title='bbox 1076 5008 1515 5079; x_wconf 86' lang='lat' dir='ltr'><strong><em>repromissiones.</em></strong></span> <span class='ocrx_word' id='word_1_786' title='bbox 1573 5007 1711 5065; x_wconf 90' lang='lat' dir='ltr'><strong><em>Sunt</em></strong></span> <span class='ocrx_word' id='word_1_787' title='bbox 1751 5017 1930 5066; x_wconf 89' lang='lat' dir='ltr'><strong><em>autem</em></strong></span> <span class='ocrx_word' id='word_1_788' title='bbox 1978 5013 2143 5068; x_wconf 86' lang='lat' dir='ltr'><strong><em>verba</em></strong></span> <span class='ocrx_word' id='word_1_789' title='bbox 2184 5013 2403 5070; x_wconf 82' lang='lat' dir='ltr'><strong><em>Maximi</em></strong></span> <span class='ocrx_word' id='word_1_790' title='bbox 2439 5016 2625 5072; x_wconf 91' lang='lat' dir='ltr'><strong><em>homil.</em></strong></span> <span class='ocrx_word' id='word_1_791' title='bbox 2661 5015 2751 5082; x_wconf 78' lang='lat' dir='ltr'><strong><em>5i,</em></strong></span> <span class='ocrx_word' id='word_1_792' title='bbox 2783 5029 2905 5085; x_wconf 89' lang='lat' dir='ltr'><strong><em>pag.</em></strong></span> <span class='ocrx_word' id='word_1_793' title='bbox 2978 5014 3082 5069; x_wconf 79' lang='grc'><strong><em>156</em></strong></span> <span class='ocrx_word' id='word_1_794' title='bbox 3109 5029 3224 5084; x_wconf 89' lang='lat' dir='ltr'><strong><em>seq.</em></strong></span> <span class='ocrx_word' id='word_1_795' title='bbox 3250 5052 3266 5080; x_wconf 89' lang='lat'><strong><em>,</em></strong></span> <span class='ocrx_word' id='word_1_796' title='bbox 3298 5013 3645 5083; x_wconf 74' lang='lat' dir='ltr'><strong><em>huiusmodi:</em></strong></span> <span class='ocrx_word' id='word_1_797' title='bbox 3676 5012 3803 5067; x_wconf 71' lang='lat' dir='ltr'><strong><em>Fuit</em></strong></span> 
     </span>
    </p>
   </div>
   <div class='ocr_carea' id='block_1_53' title="bbox 523 5094 3803 5187">
    <p class='ocr_par' dir='ltr' id='par_1_53' title="bbox 523 5094 3803 5187">
     <span class='ocr_line' id='line_1_53' title="bbox 523 5094 3803 5187; baseline 0.002 -37"><span class='ocrx_word' id='word_1_798' title='bbox 523 5094 886 5187; x_wconf 23' lang='lat' dir='ltr'><strong><em>latroniﬁcnux</em></strong></span> <span class='ocrx_word' id='word_1_799' title='bbox 913 5112 1055 5159; x_wconf 73' lang='grc' dir='ltr'><strong><em>οωυι</em></strong></span> <span class='ocrx_word' id='word_1_800' title='bbox 1082 5114 1367 5167; x_wconf 75' lang='lat' dir='ltr'><strong><em>venruu&#39;r,</em></strong></span> <span class='ocrx_word' id='word_1_801' title='bbox 1397 5117 1504 5155; x_wconf 87' lang='lat' dir='ltr'><strong><em>non</em></strong></span> <span class='ocrx_word' id='word_1_802' title='bbox 1525 5109 1629 5154; x_wconf 87' lang='lat' dir='ltr'><strong><em>tam</em></strong></span> <span class='ocrx_word' id='word_1_803' title='bbox 1657 5102 1895 5172; x_wconf 87' lang='lat' dir='ltr'><strong><em>supplicii</em></strong></span> <span class='ocrx_word' id='word_1_804' title='bbox 1924 5104 2210 5172; x_wconf 87' lang='lat' dir='ltr'><strong><em>damnatio,</em></strong></span> <span class='ocrx_word' id='word_1_805' title='bbox 2240 5124 2394 5179; x_wconf 86' lang='lat' dir='ltr'><strong><em>quam</em></strong></span> <span class='ocrx_word' id='word_1_806' title='bbox 2423 5123 2641 5164; x_wconf 76' lang='lat' dir='ltr'><strong><em>SALUTIB</em></strong></span> <span class='ocrx_word' id='word_1_807' title='bbox 2668 5123 2903 5164; x_wconf 64' lang='lat' dir='ltr'><strong><em>occssm.</em></strong></span> <span class='ocrx_word' id='word_1_808' title='bbox 2923 5146 2937 5161; x_wconf 94' lang='lat'><strong><em>.</em></strong></span> <span class='ocrx_word' id='word_1_809' title='bbox 2958 5146 2972 5160; x_wconf 96' lang='lat'><strong><em>.</em></strong></span> <span class='ocrx_word' id='word_1_810' title='bbox 2994 5147 3009 5160; x_wconf 92' lang='lat'><strong><em>.</em></strong></span> <span class='ocrx_word' id='word_1_811' title='bbox 3027 5145 3041 5161; x_wconf 96' lang='lat'><strong><em>.</em></strong></span> <span class='ocrx_word' id='word_1_812' title='bbox 3073 5105 3521 5171; x_wconf 68' lang='lat' dir='ltr'><strong><em>dum-survuumt</em></strong></span> <span class='ocrx_word' id='word_1_813' title='bbox 3550 5119 3803 5170; x_wconf 70' lang='lat' dir='ltr'><strong><em>PATITUR,</em></strong></span> 
     </span>
    </p>
   </div>
   <div class='ocr_carea' id='block_1_54' title="bbox 524 5179 3804 5263">
    <p class='ocr_par' dir='ltr' id='par_1_54' title="bbox 524 5179 3804 5263">
     <span class='ocr_line' id='line_1_54' title="bbox 524 5179 3804 5263; baseline 0.003 -25"><span class='ocrx_word' id='word_1_814' title='bbox 524 5182 747 5259; x_wconf 70' lang='lat' dir='ltr'><strong><em>[LXXVII]</em></strong></span> <span class='ocrx_word' id='word_1_815' title='bbox 779 5200 987 5241; x_wconf 75' lang='lat' dir='ltr'><strong><em>nncauu</em></strong></span> <span class='ocrx_word' id='word_1_816' title='bbox 1036 5204 1294 5247; x_wconf 75' lang='lat' dir='ltr'><strong><em>C(ELESTE</em></strong></span> <span class='ocrx_word' id='word_1_817' title='bbox 1340 5207 1841 5256; x_wconf 59' lang='lat' dir='ltr'><strong><em>communem...</em></strong></span> <span class='ocrx_word' id='word_1_818' title='bbox 1916 5193 2274 5263; x_wconf 81' lang='lat' dir='ltr'><strong><em>Remittiscens</em></strong></span> <span class='ocrx_word' id='word_1_819' title='bbox 2319 5198 2568 5252; x_wconf 89' lang='lat' dir='ltr'><strong><em>scelerum</em></strong></span> <span class='ocrx_word' id='word_1_820' title='bbox 2604 5179 2852 5263; x_wconf 83' lang='lat' dir='ltr'><strong><em>suorum,</em></strong></span> <span class='ocrx_word' id='word_1_821' title='bbox 2897 5206 2948 5251; x_wconf 91' lang='lat' dir='ltr'><strong><em>et</em></strong></span> <span class='ocrx_word' id='word_1_822' title='bbox 2993 5210 3375 5253; x_wconf 71' lang='lat' dir='ltr'><strong><em>PCBNITUDINEI</em></strong></span> <span class='ocrx_word' id='word_1_823' title='bbox 3421 5208 3660 5261; x_wconf 70' lang='lat' dir='ltr'><strong><em>census,</em></strong></span> <span class='ocrx_word' id='word_1_824' title='bbox 3689 5193 3804 5263; x_wconf 78' lang='lat' dir='ltr'><strong><em>plus</em></strong></span> 
     </span>
    </p>
   </div>
   <div class='ocr_carea' id='block_1_55' title="bbox 521 5279 3803 5361">
    <p class='ocr_par' dir='ltr' id='par_1_55' title="bbox 521 5279 3803 5361">
     <span class='ocr_line' id='line_1_55' title="bbox 521 5279 3803 5361; baseline 0.002 -30"><span class='ocrx_word' id='word_1_825' title='bbox 521 5279 703 5349; x_wconf 84' lang='lat' dir='ltr'><strong><em>incipit</em></strong></span> <span class='ocrx_word' id='word_1_826' title='bbox 744 5294 919 5334; x_wconf 63' lang='lat' dir='ltr'><strong><em>avsus</em></strong></span> <span class='ocrx_word' id='word_1_827' title='bbox 966 5294 1103 5342; x_wconf 70' lang='lat' dir='ltr'><strong><em>quon</em></strong></span> <span class='ocrx_word' id='word_1_828' title='bbox 1143 5296 1362 5351; x_wconf 70' lang='lat' dir='ltr'><strong><em>svnnsr,</em></strong></span> <span class='ocrx_word' id='word_1_829' title='bbox 1388 5280 1563 5356; x_wconf 81' lang='lat' dir='ltr'><strong><em>quam</em></strong></span> <span class='ocrx_word' id='word_1_830' title='bbox 1590 5285 1780 5340; x_wconf 87' lang='lat' dir='ltr'><strong><em>sentire</em></strong></span> <span class='ocrx_word' id='word_1_831' title='bbox 1817 5285 1954 5354; x_wconf 90' lang='lat' dir='ltr'><strong><em>quod</em></strong></span> <span class='ocrx_word' id='word_1_832' title='bbox 1979 5289 2205 5357; x_wconf 88' lang='lat' dir='ltr'><strong><em>patitur.</em></strong></span> <span class='ocrx_word' id='word_1_833' title='bbox 2227 5328 2240 5341; x_wconf 94' lang='lat'><strong><em>.</em></strong></span> <span class='ocrx_word' id='word_1_834' title='bbox 2260 5328 2273 5341; x_wconf 92' lang='lat'><strong><em>.</em></strong></span> <span class='ocrx_word' id='word_1_835' title='bbox 2294 5328 2307 5341; x_wconf 94' lang='lat'><strong><em>.</em></strong></span> <span class='ocrx_word' id='word_1_836' title='bbox 2342 5288 2628 5354; x_wconf 74' lang='lat' dir='ltr'><strong><em>Intellexit,</em></strong></span> <span class='ocrx_word' id='word_1_837' title='bbox 2659 5297 2796 5361; x_wconf 82' lang='lat' dir='ltr'><strong><em>quod</em></strong></span> <span class='ocrx_word' id='word_1_838' title='bbox 2820 5308 2913 5359; x_wconf 79' lang='lat' dir='ltr'><strong><em>pro</em></strong></span> <span class='ocrx_word' id='word_1_839' title='bbox 2936 5287 3119 5343; x_wconf 73' lang='lat' dir='ltr'><strong><em>alienis</em></strong></span> <span class='ocrx_word' id='word_1_840' title='bbox 3141 5286 3365 5358; x_wconf 87' lang='lat' dir='ltr'><strong><em>peccatis</em></strong></span> <span class='ocrx_word' id='word_1_841' title='bbox 3391 5283 3679 5355; x_wconf 71' lang='lat' dir='ltr'><strong><em>(Christus)</em></strong></span> <span class='ocrx_word' id='word_1_842' title='bbox 3707 5282 3803 5338; x_wconf 81' lang='lat' dir='ltr'><strong><em>has</em></strong></span> 
     </span>
    </p>
   </div>
   <div class='ocr_carea' id='block_1_56' title="bbox 522 5369 3801 5448">
    <p class='ocr_par' dir='ltr' id='par_1_56' title="bbox 522 5369 3801 5448">
     <span class='ocr_line' id='line_1_56' title="bbox 522 5369 3801 5448; baseline 0.001 -24"><span class='ocrx_word' id='word_1_843' title='bbox 522 5370 704 5440; x_wconf 85' lang='lat' dir='ltr'><strong><em>plagas</em></strong></span> <span class='ocrx_word' id='word_1_844' title='bbox 723 5369 1029 5438; x_wconf 83' lang='lat' dir='ltr'><strong><em>susciperet.</em></strong></span> <span class='ocrx_word' id='word_1_845' title='bbox 1054 5409 1067 5423; x_wconf 93' lang='lat'><strong><em>.</em></strong></span> <span class='ocrx_word' id='word_1_846' title='bbox 1088 5409 1101 5422; x_wconf 94' lang='lat'><strong><em>.</em></strong></span> <span class='ocrx_word' id='word_1_847' title='bbox 1124 5408 1140 5435; x_wconf 94' lang='lat'><strong><em>,</em></strong></span> <span class='ocrx_word' id='word_1_848' title='bbox 1170 5380 1217 5424; x_wconf 90' lang='lat' dir='ltr'><strong><em>et</em></strong></span> <span class='ocrx_word' id='word_1_849' title='bbox 1242 5374 1420 5439; x_wconf 81' lang='lat' dir='ltr'><strong><em>scivit,</em></strong></span> <span class='ocrx_word' id='word_1_850' title='bbox 1470 5377 1592 5448; x_wconf 87' lang='lat' dir='ltr'><strong><em>quia</em></strong></span> <span class='ocrx_word' id='word_1_851' title='bbox 1620 5376 1674 5430; x_wconf 89' lang='lat' dir='ltr'><strong><em>in</em></strong></span> <span class='ocrx_word' id='word_1_852' title='bbox 1695 5391 1911 5446; x_wconf 87' lang='lat' dir='ltr'><strong><em>corpore</em></strong></span> <span class='ocrx_word' id='word_1_853' title='bbox 1930 5373 2124 5431; x_wconf 91' lang='lat' dir='ltr'><strong><em>Christi</em></strong></span> <span class='ocrx_word' id='word_1_854' title='bbox 2149 5380 2361 5432; x_wconf 89' lang='lat' dir='ltr'><strong><em>vulnera</em></strong></span> <span class='ocrx_word' id='word_1_855' title='bbox 2385 5416 2400 5441; x_wconf 94' lang='lat'><strong><em>,</em></strong></span> <span class='ocrx_word' id='word_1_856' title='bbox 2432 5395 2534 5432; x_wconf 91' lang='lat' dir='ltr'><strong><em>non</em></strong></span> <span class='ocrx_word' id='word_1_857' title='bbox 2573 5387 2743 5431; x_wconf 88' lang='lat' dir='ltr'><strong><em>essent</em></strong></span> <span class='ocrx_word' id='word_1_858' title='bbox 2764 5377 2957 5432; x_wconf 71' lang='lat' dir='ltr'><strong><em>Christi</em></strong></span> <span class='ocrx_word' id='word_1_859' title='bbox 2986 5378 3198 5433; x_wconf 85' lang='lat' dir='ltr'><strong><em>vulnera</em></strong></span> <span class='ocrx_word' id='word_1_860' title='bbox 3220 5420 3235 5444; x_wconf 94' lang='lat'><strong><em>,</em></strong></span> <span class='ocrx_word' id='word_1_861' title='bbox 3263 5376 3355 5431; x_wconf 92' lang='lat' dir='ltr'><strong><em>sed</em></strong></span> <span class='ocrx_word' id='word_1_862' title='bbox 3383 5376 3622 5439; x_wconf 89' lang='lat' dir='ltr'><strong><em>latronis,</em></strong></span> <span class='ocrx_word' id='word_1_863' title='bbox 3652 5381 3801 5445; x_wconf 72' lang='lat' dir='ltr'><strong><em>atque</em></strong></span> 
     </span>
    </p>
   </div>
   <div class='ocr_carea' id='block_1_57' title="bbox 522 5456 3801 5538">
    <p class='ocr_par' dir='ltr' id='par_1_57' title="bbox 522 5456 3801 5538">
     <span class='ocr_line' id='line_1_57' title="bbox 522 5456 3801 5538; baseline 0.004 -31"><span class='ocrx_word' id='word_1_864' title='bbox 522 5456 650 5511; x_wconf 76' lang='lat' dir='ltr'><strong><em>adeo</em></strong></span> <span class='ocrx_word' id='word_1_865' title='bbox 681 5473 810 5513; x_wconf 71' lang='lat' dir='ltr'><strong><em>pws</em></strong></span> <span class='ocrx_word' id='word_1_866' title='bbox 836 5474 1013 5513; x_wconf 65' lang='lat' dir='ltr'><strong><em>manu</em></strong></span> <span class='ocrx_word' id='word_1_867' title='bbox 1056 5474 1233 5514; x_wconf 75' lang='lat' dir='ltr'><strong><em>cutrrr</em></strong></span> <span class='ocrx_word' id='word_1_868' title='bbox 1258 5473 1573 5534; x_wconf 48' lang='lat' dir='ltr'><strong><em>,-.,postquam</em></strong></span> <span class='ocrx_word' id='word_1_869' title='bbox 1614 5466 1668 5520; x_wconf 90' lang='lat' dir='ltr'><strong><em>in</em></strong></span> <span class='ocrx_word' id='word_1_870' title='bbox 1698 5482 1912 5537; x_wconf 85' lang='lat' dir='ltr'><strong><em>corpore</em></strong></span> <span class='ocrx_word' id='word_1_871' title='bbox 1938 5467 2051 5538; x_wconf 87' lang='lat' dir='ltr'><strong><em>ejus</em></strong></span> <span class='ocrx_word' id='word_1_872' title='bbox 2085 5483 2181 5521; x_wconf 89' lang='lat' dir='ltr'><strong><em>sua</em></strong></span> <span class='ocrx_word' id='word_1_873' title='bbox 2206 5468 2416 5521; x_wconf 86' lang='lat' dir='ltr'><strong><em>vulnera</em></strong></span> <span class='ocrx_word' id='word_1_874' title='bbox 2456 5468 2766 5536; x_wconf 79' lang='lat' dir='ltr'><strong><em>recognovit.</em></strong></span> <span class='ocrx_word' id='word_1_875' title='bbox 2808 5465 2877 5521; x_wconf 87' lang='lat' dir='ltr'><strong><em>Et</em></strong></span> <span class='ocrx_word' id='word_1_876' title='bbox 2916 5468 3137 5522; x_wconf 85' lang='lat' dir='ltr'><strong><em>bomilia</em></strong></span> <span class='ocrx_word' id='word_1_877' title='bbox 3162 5466 3255 5529; x_wconf 73' lang='lat'><strong><em>59.,</em></strong></span> <span class='ocrx_word' id='word_1_878' title='bbox 3288 5481 3410 5538; x_wconf 85' lang='lat' dir='ltr'><strong><em>pag.</em></strong></span> <span class='ocrx_word' id='word_1_879' title='bbox 3444 5465 3586 5520; x_wconf 71' lang='lat'><strong><em>162:</em></strong></span> <span class='ocrx_word' id='word_1_880' title='bbox 3618 5465 3801 5527; x_wconf 59' lang='lat' dir='ltr'><strong><em>Manna</em></strong></span> 
     </span>
    </p>
   </div>
   <div class='ocr_carea' id='block_1_58' title="bbox 524 5550 3805 5629">
    <p class='ocr_par' dir='ltr' id='par_1_58' title="bbox 524 5550 3805 5629">
     <span class='ocr_line' id='line_1_58' title="bbox 524 5550 3805 5629; baseline 0.002 -28"><span class='ocrx_word' id='word_1_881' title='bbox 524 5550 680 5620; x_wconf 84' lang='lat' dir='ltr'><strong><em>igitur</em></strong></span> <span class='ocrx_word' id='word_1_882' title='bbox 717 5566 785 5605; x_wconf 76' lang='grc' dir='ltr'><strong><em>ετ</em></strong></span> <span class='ocrx_word' id='word_1_883' title='bbox 834 5552 1108 5605; x_wconf 64' lang='grc' dir='ltr'><strong><em>ρειῐεπευτλ</em></strong></span> <span class='ocrx_word' id='word_1_884' title='bbox 1156 5567 1307 5608; x_wconf 60' lang='grc' dir='ltr'><strong><em>ηυδε</em></strong></span> <span class='ocrx_word' id='word_1_885' title='bbox 1337 5554 1392 5606; x_wconf 90' lang='lat' dir='ltr'><strong><em>in</em></strong></span> <span class='ocrx_word' id='word_1_886' title='bbox 1431 5555 1521 5609; x_wconf 87' lang='lat' dir='ltr'><strong><em>illo</em></strong></span> <span class='ocrx_word' id='word_1_887' title='bbox 1562 5557 1766 5612; x_wconf 88' lang='lat' dir='ltr'><strong><em>latrone</em></strong></span> <span class='ocrx_word' id='word_1_888' title='bbox 1810 5560 1929 5629; x_wconf 78' lang='lat' dir='ltr'><strong><em>fuit.</em></strong></span> <span class='ocrx_word' id='word_1_889' title='bbox 1970 5556 2167 5629; x_wconf 76' lang='lat' dir='ltr'><strong><em>Magna</em></strong></span> <span class='ocrx_word' id='word_1_890' title='bbox 2195 5568 2244 5613; x_wconf 90' lang='lat' dir='ltr'><strong><em>et</em></strong></span> <span class='ocrx_word' id='word_1_891' title='bbox 2271 5556 2596 5612; x_wconf 79' lang='lat' dir='ltr'><strong><em>admirabilis</em></strong></span> <span class='ocrx_word' id='word_1_892' title='bbox 2623 5557 2788 5627; x_wconf 84' lang='lat' dir='ltr'><strong><em>ﬁdes,</em></strong></span> <span class='ocrx_word' id='word_1_893' title='bbox 2818 5574 2931 5627; x_wconf 70' lang='lat' dir='ltr'><strong><em>qua:</em></strong></span> <span class='ocrx_word' id='word_1_894' title='bbox 2963 5556 3225 5614; x_wconf 69' lang='lat' dir='ltr'><strong><em>Ciuistum</em></strong></span> <span class='ocrx_word' id='word_1_895' title='bbox 3241 5560 3548 5629; x_wconf 68' lang='lat' dir='ltr'><strong><em>cruciﬁxum</em></strong></span> <span class='ocrx_word' id='word_1_896' title='bbox 3588 5556 3805 5628; x_wconf 84' lang='lat' dir='ltr'><strong><em>gloriari</em></strong></span> 
     </span>
    </p>
   </div>
   <div class='ocr_carea' id='block_1_59' title="bbox 524 5640 3804 5723">
    <p class='ocr_par' dir='ltr' id='par_1_59' title="bbox 524 5640 3804 5723">
     <span class='ocr_line' id='line_1_59' title="bbox 524 5640 3804 5723; baseline 0.004 -29"><span class='ocrx_word' id='word_1_897' title='bbox 524 5640 687 5710; x_wconf 73' lang='lat' dir='ltr'><strong><em>magis</em></strong></span> <span class='ocrx_word' id='word_1_898' title='bbox 707 5640 942 5704; x_wconf 86' lang='lat' dir='ltr'><strong><em>credidit,</em></strong></span> <span class='ocrx_word' id='word_1_899' title='bbox 967 5659 1120 5714; x_wconf 87' lang='lat' dir='ltr'><strong><em>quam</em></strong></span> <span class='ocrx_word' id='word_1_900' title='bbox 1139 5643 1337 5707; x_wconf 82' lang='lat' dir='ltr'><strong><em>puniri.</em></strong></span> <span class='ocrx_word' id='word_1_901' title='bbox 1363 5683 1375 5697; x_wconf 95' lang='lat'><strong><em>.</em></strong></span> <span class='ocrx_word' id='word_1_902' title='bbox 1396 5683 1409 5696; x_wconf 95' lang='lat'><strong><em>.</em></strong></span> <span class='ocrx_word' id='word_1_903' title='bbox 1427 5684 1439 5696; x_wconf 93' lang='lat'><strong><em>.</em></strong></span> <span class='ocrx_word' id='word_1_904' title='bbox 1477 5644 1726 5703; x_wconf 83' lang='lat' dir='ltr'><strong><em>Dominus</em></strong></span> <span class='ocrx_word' id='word_1_905' title='bbox 1749 5661 1919 5703; x_wconf 89' lang='lat' dir='ltr'><strong><em>autem</em></strong></span> <span class='ocrx_word' id='word_1_906' title='bbox 1947 5650 2225 5703; x_wconf 84' lang='lat' dir='ltr'><strong><em>secundant</em></strong></span> <span class='ocrx_word' id='word_1_907' title='bbox 2249 5650 2407 5720; x_wconf 89' lang='lat' dir='ltr'><strong><em>ﬁdem</em></strong></span> <span class='ocrx_word' id='word_1_908' title='bbox 2426 5660 2475 5703; x_wconf 86' lang='lat' dir='ltr'><strong><em>et</em></strong></span> <span class='ocrx_word' id='word_1_909' title='bbox 2496 5651 2735 5721; x_wconf 82' lang='lat' dir='ltr'><strong><em>meritum</em></strong></span> <span class='ocrx_word' id='word_1_910' title='bbox 2759 5649 2935 5705; x_wconf 87' lang='lat' dir='ltr'><strong><em>tribuit</em></strong></span> <span class='ocrx_word' id='word_1_911' title='bbox 2958 5662 3008 5704; x_wconf 88' lang='lat' dir='ltr'><strong><em>et</em></strong></span> <span class='ocrx_word' id='word_1_912' title='bbox 3036 5651 3468 5713; x_wconf 79' lang='lat' dir='ltr'><strong><em>remunerationis</em></strong></span> <span class='ocrx_word' id='word_1_913' title='bbox 3484 5649 3804 5723; x_wconf 76' lang='lat' dir='ltr'><strong><em>obsequium.</em></strong></span> 
     </span>
    </p>
   </div>
   <div class='ocr_carea' id='block_1_60' title="bbox 523 5732 3392 5810">
    <p class='ocr_par' dir='ltr' id='par_1_60' title="bbox 523 5732 3392 5810">
     <span class='ocr_line' id='line_1_60' title="bbox 523 5732 3392 5810; baseline 0.001 -20"><span class='ocrx_word' id='word_1_914' title='bbox 523 5735 649 5795; x_wconf 68' lang='lat' dir='ltr'><strong><em>Non</em></strong></span> <span class='ocrx_word' id='word_1_915' title='bbox 670 5745 798 5805; x_wconf 82' lang='lat' dir='ltr'><strong><em>ergo</em></strong></span> <span class='ocrx_word' id='word_1_916' title='bbox 828 5748 891 5791; x_wconf 87' lang='lat' dir='ltr'><strong><em>ea</em></strong></span> <span class='ocrx_word' id='word_1_917' title='bbox 912 5732 1009 5793; x_wconf 84' lang='lat' dir='ltr'><strong><em>fuit</em></strong></span> <span class='ocrx_word' id='word_1_918' title='bbox 1037 5732 1102 5791; x_wconf 87' lang='lat' dir='ltr'><strong><em>dc</em></strong></span> <span class='ocrx_word' id='word_1_919' title='bbox 1126 5742 1313 5792; x_wconf 88' lang='lat' dir='ltr'><strong><em>sancto</em></strong></span> <span class='ocrx_word' id='word_1_920' title='bbox 1344 5733 1552 5790; x_wconf 82' lang='lat' dir='ltr'><strong><em>latrone</em></strong></span> <span class='ocrx_word' id='word_1_921' title='bbox 1577 5735 1793 5794; x_wconf 78' lang='lat' dir='ltr'><strong><em>Maximi</em></strong></span> <span class='ocrx_word' id='word_1_922' title='bbox 1824 5739 1991 5796; x_wconf 88' lang='lat' dir='ltr'><strong><em>nostri</em></strong></span> <span class='ocrx_word' id='word_1_923' title='bbox 2021 5734 2223 5810; x_wconf 81' lang='lat' dir='ltr'><strong><em>opinio,</em></strong></span> <span class='ocrx_word' id='word_1_924' title='bbox 2254 5756 2414 5803; x_wconf 74' lang='lat' dir='ltr'><strong><em>quam</em></strong></span> <span class='ocrx_word' id='word_1_925' title='bbox 2445 5741 2497 5798; x_wconf 86' lang='lat' dir='ltr'><strong><em>ei</em></strong></span> <span class='ocrx_word' id='word_1_926' title='bbox 2524 5739 2761 5809; x_wconf 88' lang='lat' dir='ltr'><strong><em>scriptor</em></strong></span> <span class='ocrx_word' id='word_1_927' title='bbox 2789 5738 2878 5795; x_wconf 91' lang='lat' dir='ltr'><strong><em>ille</em></strong></span> <span class='ocrx_word' id='word_1_928' title='bbox 2909 5736 3351 5795; x_wconf 52' lang='lat' dir='ltr'><strong><em>recens&#39;all‘tnsit.</em></strong></span> <span class='ocrx_word' id='word_1_929' title='bbox 3385 5739 3392 5746; x_wconf 87' lang='grc'><strong><em>“</em></strong></span> 
     </span>
    </p>
   </div>
   <div class='ocr_carea' id='block_1_61' title="bbox 3822 5839 3843 5867">
    <p class='ocr_par' dir='ltr' id='par_1_61' title="bbox 3822 5839 3843 5867">
     <span class='ocr_line' id='line_1_61' title="bbox 3822 5839 3843 5867; baseline 0 0"><span class='ocrx_word' id='word_1_930' title='bbox 3822 5839 3843 5867; x_wconf 71' lang='grc' dir='ltr'><em>Ι</em></span> 
     </span>
    </p>
   </div>
  </div>
