  <div class='ocr_page' id='page_1' title='image "/cluster/home/n/w/nwhite01/storage/ocr_20150623/57/hvd.32044054758669/054.png"; bbox 0 0 4138 6186; ppageno 0'>
   <div class='ocr_carea' id='block_1_1' title="bbox 290 260 3583 332">
    <p class='ocr_par' dir='ltr' id='par_1_1' title="bbox 290 260 3583 332">
     <span class='ocr_line' id='line_1_1' title="bbox 290 260 3583 332; baseline -0.002 -14"><span class='ocrx_word' id='word_1_1' title='bbox 290 275 365 332; x_wconf 69' lang='lat'><strong>77</strong></span> <span class='ocrx_word' id='word_1_2' title='bbox 1723 260 2104 318; x_wconf 62' lang='lat' dir='ltr'><strong>PREFATIO.</strong></span> <span class='ocrx_word' id='word_1_3' title='bbox 2155 289 2158 292; x_wconf 94' lang='lat'>-</span> <span class='ocrx_word' id='word_1_4' title='bbox 3506 265 3583 328; x_wconf 68' lang='grc' dir='ltr'><strong>τε</strong></span> 
     </span>
    </p>
   </div>
   <div class='ocr_carea' id='block_1_2' title="bbox 370 369 3584 454">
    <p class='ocr_par' dir='ltr' id='par_1_2' title="bbox 370 369 3584 454">
     <span class='ocr_line' id='line_1_2' title="bbox 370 369 3584 454; baseline -0.002 -14"><span class='ocrx_word' id='word_1_5' title='bbox 370 387 555 454; x_wconf 79' lang='lat' dir='ltr'><strong>Neque</strong></span> <span class='ocrx_word' id='word_1_6' title='bbox 584 395 715 436; x_wconf 86' lang='lat' dir='ltr'><strong>vero</strong></span> <span class='ocrx_word' id='word_1_7' title='bbox 761 380 864 434; x_wconf 87' lang='lat' dir='ltr'><strong>hoc</strong></span> <span class='ocrx_word' id='word_1_8' title='bbox 910 379 1026 448; x_wconf 91' lang='lat' dir='ltr'><strong>ipso</strong></span> <span class='ocrx_word' id='word_1_9' title='bbox 1054 376 1316 446; x_wconf 71' lang='lat' dir='ltr'><strong>scriptore</strong></span> <span class='ocrx_word' id='word_1_10' title='bbox 1359 390 1501 430; x_wconf 86' lang='lat' dir='ltr'><strong>novo</strong></span> <span class='ocrx_word' id='word_1_11' title='bbox 1528 389 1704 429; x_wconf 78' lang='lat' dir='ltr'><strong>minus</strong></span> <span class='ocrx_word' id='word_1_12' title='bbox 1733 374 1942 444; x_wconf 81' lang='lat' dir='ltr'><strong>injuriae</strong></span> <span class='ocrx_word' id='word_1_13' title='bbox 1972 373 2204 427; x_wconf 83' lang='lat' dir='ltr'><strong>Maximo</strong></span> <span class='ocrx_word' id='word_1_14' title='bbox 2232 371 2466 426; x_wconf 89' lang='lat' dir='ltr'><strong>conllant</strong></span> <span class='ocrx_word' id='word_1_15' title='bbox 2496 371 2563 436; x_wconf 92' lang='lat' dir='ltr'><strong>ii,</strong></span> <span class='ocrx_word' id='word_1_16' title='bbox 2596 371 2685 440; x_wconf 85' lang='lat' dir='ltr'><strong>qui</strong></span> <span class='ocrx_word' id='word_1_17' title='bbox 2717 385 2782 427; x_wconf 88' lang='lat' dir='ltr'><strong>eo</strong></span> <span class='ocrx_word' id='word_1_18' title='bbox 2821 369 3108 425; x_wconf 84' lang='lat' dir='ltr'><strong>deductum</strong></span> <span class='ocrx_word' id='word_1_19' title='bbox 3147 371 3309 427; x_wconf 79' lang='lat' dir='ltr'><strong>fuisse</strong></span> <span class='ocrx_word' id='word_1_20' title='bbox 3337 383 3584 432; x_wconf 87' lang='lat' dir='ltr'><strong>sanctqu</strong></span> 
     </span>
    </p>
   </div>
   <div class='ocr_carea' id='block_1_3' title="bbox 292 462 3588 549">
    <p class='ocr_par' dir='ltr' id='par_1_3' title="bbox 292 462 3588 549">
     <span class='ocr_line' id='line_1_3' title="bbox 292 462 3588 549; baseline -0.002 -21"><span class='ocrx_word' id='word_1_21' title='bbox 292 478 614 549; x_wconf 68' lang='lat' dir='ltr'><strong>episcopum</strong></span> <span class='ocrx_word' id='word_1_22' title='bbox 644 473 1004 541; x_wconf 87' lang='lat' dir='ltr'><strong>suspicantur,</strong></span> <span class='ocrx_word' id='word_1_23' title='bbox 1052 475 1109 522; x_wconf 92' lang='lat' dir='ltr'><strong>ut</strong></span> <span class='ocrx_word' id='word_1_24' title='bbox 1155 483 1184 520; x_wconf 92' lang='lat' dir='ltr'><strong>a</strong></span> <span class='ocrx_word' id='word_1_25' title='bbox 1217 465 1416 522; x_wconf 80' lang='lat' dir='ltr'><strong>Christi</strong></span> <span class='ocrx_word' id='word_1_26' title='bbox 1445 480 1672 534; x_wconf 88' lang='lat' dir='ltr'><strong>corpore</strong></span> <span class='ocrx_word' id='word_1_27' title='bbox 1703 465 1879 520; x_wconf 90' lang='lat' dir='ltr'><strong>triduo</strong></span> <span class='ocrx_word' id='word_1_28' title='bbox 1919 466 2110 520; x_wconf 87' lang='lat' dir='ltr'><strong>mortis</strong></span> <span class='ocrx_word' id='word_1_29' title='bbox 2139 463 2301 519; x_wconf 77' lang='lat' dir='ltr'><strong>fuisse</strong></span> <span class='ocrx_word' id='word_1_30' title='bbox 2327 478 2613 534; x_wconf 83' lang='lat' dir='ltr'><strong>personam</strong></span> <span class='ocrx_word' id='word_1_31' title='bbox 2643 463 2802 518; x_wconf 86' lang='lat' dir='ltr'><strong>Verbi</strong></span> <span class='ocrx_word' id='word_1_32' title='bbox 2827 462 3125 532; x_wconf 90' lang='lat' dir='ltr'><strong>sejunctam</strong></span> <span class='ocrx_word' id='word_1_33' title='bbox 3153 464 3409 533; x_wconf 88' lang='lat' dir='ltr'><strong>putarint.</strong></span> <span class='ocrx_word' id='word_1_34' title='bbox 3452 466 3588 520; x_wconf 85' lang='lat' dir='ltr'><strong>Nam</strong></span> 
     </span>
    </p>
   </div>
   <div class='ocr_carea' id='block_1_4' title="bbox 293 554 3587 636">
    <p class='ocr_par' dir='ltr' id='par_1_4' title="bbox 293 554 3587 636">
     <span class='ocr_line' id='line_1_4' title="bbox 293 554 3587 636; baseline -0.003 -16"><span class='ocrx_word' id='word_1_35' title='bbox 293 566 522 636; x_wconf 85' lang='lat' dir='ltr'><strong>hujusce</strong></span> <span class='ocrx_word' id='word_1_36' title='bbox 570 563 851 618; x_wconf 70' lang='lat' dir='ltr'><strong>sententiae</strong></span> <span class='ocrx_word' id='word_1_37' title='bbox 895 561 945 613; x_wconf 91' lang='lat' dir='ltr'><strong>in</strong></span> <span class='ocrx_word' id='word_1_38' title='bbox 1000 558 1272 629; x_wconf 84' lang='lat' dir='ltr'><strong>opusculis</strong></span> <span class='ocrx_word' id='word_1_39' title='bbox 1317 556 1530 611; x_wconf 78' lang='lat' dir='ltr'><strong>Maximi</strong></span> <span class='ocrx_word' id='word_1_40' title='bbox 1577 572 1648 611; x_wconf 89' lang='lat' dir='ltr'><strong>ne</strong></span> <span class='ocrx_word' id='word_1_41' title='bbox 1682 555 1966 625; x_wconf 81' lang='lat' dir='ltr'><strong>vestigium</strong></span> <span class='ocrx_word' id='word_1_42' title='bbox 1996 555 2212 624; x_wconf 88' lang='lat' dir='ltr'><strong>quidem</strong></span> <span class='ocrx_word' id='word_1_43' title='bbox 2239 556 2497 610; x_wconf 88' lang='lat' dir='ltr'><strong>cernitur.</strong></span> <span class='ocrx_word' id='word_1_44' title='bbox 2540 554 2693 621; x_wconf 87' lang='lat' dir='ltr'><strong>Quod</strong></span> <span class='ocrx_word' id='word_1_45' title='bbox 2724 563 2903 609; x_wconf 87' lang='lat' dir='ltr'><strong>autem</strong></span> <span class='ocrx_word' id='word_1_46' title='bbox 2933 555 3016 609; x_wconf 89' lang='lat' dir='ltr'><strong>vir</strong></span> <span class='ocrx_word' id='word_1_47' title='bbox 3037 563 3254 610; x_wconf 88' lang='lat' dir='ltr'><strong>sanctus</strong></span> <span class='ocrx_word' id='word_1_48' title='bbox 3282 556 3464 611; x_wconf 89' lang='lat' dir='ltr'><strong>homil.</strong></span> <span class='ocrx_word' id='word_1_49' title='bbox 3496 558 3587 625; x_wconf 73' lang='grc'><strong>45,</strong></span> 
     </span>
    </p>
   </div>
   <div class='ocr_carea' id='block_1_5' title="bbox 295 647 3588 733">
    <p class='ocr_par' dir='ltr' id='par_1_5' title="bbox 295 647 3588 733">
     <span class='ocr_line' id='line_1_5' title="bbox 295 647 3588 733; baseline -0.003 -18"><span class='ocrx_word' id='word_1_50' title='bbox 295 677 421 733; x_wconf 87' lang='lat' dir='ltr'><strong>pag.</strong></span> <span class='ocrx_word' id='word_1_51' title='bbox 459 659 581 723; x_wconf 73' lang='grc'><strong>158,</strong></span> <span class='ocrx_word' id='word_1_52' title='bbox 634 657 820 712; x_wconf 89' lang='lat' dir='ltr'><strong>scribit</strong></span> <span class='ocrx_word' id='word_1_53' title='bbox 845 696 859 720; x_wconf 96' lang='lat'><strong>,</strong></span> <span class='ocrx_word' id='word_1_54' title='bbox 909 655 1172 708; x_wconf 80' lang='lat' dir='ltr'><strong>clamasse</strong></span> <span class='ocrx_word' id='word_1_55' title='bbox 1219 653 1492 707; x_wconf 84' lang='lat' dir='ltr'><strong>Christum</strong></span> <span class='ocrx_word' id='word_1_56' title='bbox 1544 651 1598 704; x_wconf 92' lang='lat' dir='ltr'><strong>in</strong></span> <span class='ocrx_word' id='word_1_57' title='bbox 1628 664 1788 705; x_wconf 91' lang='lat' dir='ltr'><strong>cruce</strong></span> <span class='ocrx_word' id='word_1_58' title='bbox 1815 667 1827 702; x_wconf 89' lang='lat'>:</span> <span class='ocrx_word' id='word_1_59' title='bbox 1861 649 1999 704; x_wconf 90' lang='lat' dir='ltr'><strong>Deus</strong></span> <span class='ocrx_word' id='word_1_60' title='bbox 2030 665 2192 714; x_wconf 87' lang='lat' dir='ltr'><strong>meus,</strong></span> <span class='ocrx_word' id='word_1_61' title='bbox 2226 665 2318 701; x_wconf 90' lang='lat' dir='ltr'><strong>cur</strong></span> <span class='ocrx_word' id='word_1_62' title='bbox 2346 665 2426 702; x_wconf 90' lang='lat' dir='ltr'><strong>me</strong></span> <span class='ocrx_word' id='word_1_63' title='bbox 2446 648 2778 720; x_wconf 86' lang='lat' dir='ltr'><strong>dereliquisti,</strong></span> <span class='ocrx_word' id='word_1_64' title='bbox 2808 647 2859 702; x_wconf 95' lang='lat' dir='ltr'><strong>id</strong></span> <span class='ocrx_word' id='word_1_65' title='bbox 2887 647 3130 717; x_wconf 80' lang='lat' dir='ltr'><strong>profecto</strong></span> <span class='ocrx_word' id='word_1_66' title='bbox 3159 664 3264 702; x_wconf 92' lang='lat' dir='ltr'><strong>non</strong></span> <span class='ocrx_word' id='word_1_67' title='bbox 3294 647 3476 712; x_wconf 84' lang='lat' dir='ltr'><strong>elﬁcit,</strong></span> <span class='ocrx_word' id='word_1_68' title='bbox 3506 661 3588 718; x_wconf 89' lang='lat' dir='ltr'><strong>ut,</strong></span> 
     </span>
    </p>
   </div>
   <div class='ocr_carea' id='block_1_6' title="bbox 295 736 3590 820">
    <p class='ocr_par' dir='ltr' id='par_1_6' title="bbox 295 736 3590 820">
     <span class='ocr_line' id='line_1_6' title="bbox 295 736 3590 820; baseline -0.004 -13"><span class='ocrx_word' id='word_1_69' title='bbox 295 751 418 820; x_wconf 83' lang='lat' dir='ltr'><strong>ejus</strong></span> <span class='ocrx_word' id='word_1_70' title='bbox 445 749 724 820; x_wconf 88' lang='lat' dir='ltr'><strong>opinione,</strong></span> <span class='ocrx_word' id='word_1_71' title='bbox 755 744 1054 798; x_wconf 85' lang='lat' dir='ltr'><strong>derelictum</strong></span> <span class='ocrx_word' id='word_1_72' title='bbox 1080 757 1108 795; x_wconf 89' lang='lat' dir='ltr'><strong>a</strong></span> <span class='ocrx_word' id='word_1_73' title='bbox 1142 740 1318 795; x_wconf 88' lang='lat' dir='ltr'><strong>Verbo</strong></span> <span class='ocrx_word' id='word_1_74' title='bbox 1350 736 1513 792; x_wconf 78' lang='lat' dir='ltr'><strong>fuisse</strong></span> <span class='ocrx_word' id='word_1_75' title='bbox 1541 753 1738 808; x_wconf 90' lang='lat' dir='ltr'><strong>corpus</strong></span> <span class='ocrx_word' id='word_1_76' title='bbox 1777 738 2130 808; x_wconf 87' lang='lat' dir='ltr'><strong>suspicemur.</strong></span> <span class='ocrx_word' id='word_1_77' title='bbox 2195 737 2320 791; x_wconf 73' lang='lat' dir='ltr'><strong>Hzec</strong></span> <span class='ocrx_word' id='word_1_78' title='bbox 2346 737 2489 791; x_wconf 89' lang='lat' dir='ltr'><strong>enim</strong></span> <span class='ocrx_word' id='word_1_79' title='bbox 2518 743 2643 807; x_wconf 89' lang='lat' dir='ltr'><strong>apte</strong></span> <span class='ocrx_word' id='word_1_80' title='bbox 2671 737 2735 791; x_wconf 89' lang='lat' dir='ltr'><strong>ad</strong></span> <span class='ocrx_word' id='word_1_81' title='bbox 2765 737 3112 805; x_wconf 75' lang='lat' dir='ltr'><strong>Evangelium</strong></span> <span class='ocrx_word' id='word_1_82' title='bbox 3137 736 3426 792; x_wconf 85' lang='lat' dir='ltr'><strong>Maximum</strong></span> <span class='ocrx_word' id='word_1_83' title='bbox 3455 742 3590 794; x_wconf 84' lang='lat' dir='ltr'><strong>scri-</strong></span> 
     </span>
    </p>
   </div>
   <div class='ocr_carea' id='block_1_7' title="bbox 296 828 3598 912">
    <p class='ocr_par' dir='ltr' id='par_1_7' title="bbox 296 828 3598 912">
     <span class='ocr_line' id='line_1_7' title="bbox 296 828 3598 912; baseline -0.003 -16"><span class='ocrx_word' id='word_1_84' title='bbox 296 841 494 912; x_wconf 87' lang='lat' dir='ltr'><strong>psisse,</strong></span> <span class='ocrx_word' id='word_1_85' title='bbox 523 838 646 906; x_wconf 88' lang='lat' dir='ltr'><strong>quis</strong></span> <span class='ocrx_word' id='word_1_86' title='bbox 694 835 888 904; x_wconf 86' lang='lat' dir='ltr'><strong>neget?</strong></span> <span class='ocrx_word' id='word_1_87' title='bbox 933 831 1104 899; x_wconf 87' lang='lat' dir='ltr'><strong>Quid?</strong></span> <span class='ocrx_word' id='word_1_88' title='bbox 1150 829 1498 897; x_wconf 83' lang='lat' dir='ltr'><strong>Evangeliine</strong></span> <span class='ocrx_word' id='word_1_89' title='bbox 1527 829 1847 884; x_wconf 84' lang='lat' dir='ltr'><strong>auctoritate</strong></span> <span class='ocrx_word' id='word_1_90' title='bbox 1878 829 2088 884; x_wconf 88' lang='lat' dir='ltr'><strong>ostendi</strong></span> <span class='ocrx_word' id='word_1_91' title='bbox 2119 844 2149 882; x_wconf 90' lang='lat' dir='ltr'><strong>a</strong></span> <span class='ocrx_word' id='word_1_92' title='bbox 2179 844 2236 883; x_wconf 91' lang='lat' dir='ltr'><strong>se</strong></span> <span class='ocrx_word' id='word_1_93' title='bbox 2264 829 2544 898; x_wconf 82' lang='lat' dir='ltr'><strong>quisquam</strong></span> <span class='ocrx_word' id='word_1_94' title='bbox 2575 828 2864 883; x_wconf 84' lang='lat' dir='ltr'><strong>arbitratur</strong></span> <span class='ocrx_word' id='word_1_95' title='bbox 2887 844 3065 899; x_wconf 91' lang='lat' dir='ltr'><strong>posse,</strong></span> <span class='ocrx_word' id='word_1_96' title='bbox 3095 828 3257 884; x_wconf 80' lang='lat' dir='ltr'><strong>Verbi</strong></span> <span class='ocrx_word' id='word_1_97' title='bbox 3287 828 3449 885; x_wconf 87' lang='lat' dir='ltr'><strong>divini</strong></span> <span class='ocrx_word' id='word_1_98' title='bbox 3479 847 3598 902; x_wconf 88' lang='lat' dir='ltr'><strong>per-</strong></span> 
     </span>
    </p>
   </div>
   <div class='ocr_carea' id='block_1_8' title="bbox 298 919 3592 993">
    <p class='ocr_par' dir='ltr' id='par_1_8' title="bbox 298 919 3592 993">
     <span class='ocr_line' id='line_1_8' title="bbox 298 919 3592 993; baseline -0.004 -6"><span class='ocrx_word' id='word_1_99' title='bbox 298 946 491 988; x_wconf 90' lang='lat' dir='ltr'><strong>sonam</strong></span> <span class='ocrx_word' id='word_1_100' title='bbox 537 926 805 982; x_wconf 88' lang='lat' dir='ltr'><strong>dimisisse</strong></span> <span class='ocrx_word' id='word_1_101' title='bbox 833 938 1028 993; x_wconf 89' lang='lat' dir='ltr'><strong>corpus</strong></span> <span class='ocrx_word' id='word_1_102' title='bbox 1047 963 1061 988; x_wconf 92' lang='lat'><strong>,</strong></span> <span class='ocrx_word' id='word_1_103' title='bbox 1111 921 1257 991; x_wconf 85' lang='lat' dir='ltr'><strong>quod</strong></span> <span class='ocrx_word' id='word_1_104' title='bbox 1304 929 1668 990; x_wconf 86' lang='lat' dir='ltr'><strong>assumpserat</strong></span> <span class='ocrx_word' id='word_1_105' title='bbox 1704 920 1892 974; x_wconf 88' lang='lat' dir='ltr'><strong>salutis</strong></span> <span class='ocrx_word' id='word_1_106' title='bbox 1927 920 2176 974; x_wconf 76' lang='lat' dir='ltr'><strong>humana:</strong></span> <span class='ocrx_word' id='word_1_107' title='bbox 2204 921 2404 975; x_wconf 87' lang='lat' dir='ltr'><strong>causa?</strong></span> <span class='ocrx_word' id='word_1_108' title='bbox 2429 919 2569 973; x_wconf 84' lang='lat' dir='ltr'><strong>Nihil</strong></span> <span class='ocrx_word' id='word_1_109' title='bbox 2598 920 2792 973; x_wconf 90' lang='lat' dir='ltr'><strong>minus.</strong></span> <span class='ocrx_word' id='word_1_110' title='bbox 2845 919 2915 973; x_wconf 85' lang='lat' dir='ltr'><strong>At</strong></span> <span class='ocrx_word' id='word_1_111' title='bbox 2942 921 3083 975; x_wconf 91' lang='lat' dir='ltr'><strong>enim</strong></span> <span class='ocrx_word' id='word_1_112' title='bbox 3113 921 3261 976; x_wconf 87' lang='lat' dir='ltr'><strong>addit</strong></span> <span class='ocrx_word' id='word_1_113' title='bbox 3288 922 3592 978; x_wconf 74' lang='lat' dir='ltr'><strong>Maximus:</strong></span> 
     </span>
    </p>
   </div>
   <div class='ocr_carea' id='block_1_9' title="bbox 303 1008 3599 1086">
    <p class='ocr_par' dir='ltr' id='par_1_9' title="bbox 303 1008 3599 1086">
     <span class='ocr_line' id='line_1_9' title="bbox 303 1008 3599 1086; baseline -0.006 -8"><span class='ocrx_word' id='word_1_114' title='bbox 303 1023 437 1078; x_wconf 71' lang='lat' dir='ltr'><strong>Rrec</strong></span> <span class='ocrx_word' id='word_1_115' title='bbox 465 1021 617 1083; x_wconf 72' lang='lat' dir='ltr'><strong>dixit,</strong></span> <span class='ocrx_word' id='word_1_116' title='bbox 653 1015 942 1086; x_wconf 87' lang='lat' dir='ltr'><strong>(Christus)</strong></span> <span class='ocrx_word' id='word_1_117' title='bbox 972 1023 1028 1067; x_wconf 89' lang='lat' dir='ltr'><strong>ut</strong></span> <span class='ocrx_word' id='word_1_118' title='bbox 1056 1013 1431 1084; x_wconf 89' lang='lat' dir='ltr'><strong>manifestaret,</strong></span> <span class='ocrx_word' id='word_1_119' title='bbox 1463 1019 1670 1081; x_wconf 80' lang='lat' dir='ltr'><strong>propter</strong></span> <span class='ocrx_word' id='word_1_120' title='bbox 1693 1027 1787 1064; x_wconf 89' lang='lat' dir='ltr'><strong>nos</strong></span> <span class='ocrx_word' id='word_1_121' title='bbox 1811 1027 1868 1066; x_wconf 84' lang='lat' dir='ltr'><strong>se</strong></span> <span class='ocrx_word' id='word_1_122' title='bbox 1887 1026 2000 1065; x_wconf 90' lang='lat' dir='ltr'><strong>esse</strong></span> <span class='ocrx_word' id='word_1_123' title='bbox 2029 1009 2326 1064; x_wconf 88' lang='lat' dir='ltr'><strong>derelictum</strong></span> <span class='ocrx_word' id='word_1_124' title='bbox 2349 1049 2364 1075; x_wconf 95' lang='lat'><strong>,</strong></span> <span class='ocrx_word' id='word_1_125' title='bbox 2395 1008 2609 1081; x_wconf 85' lang='lat' dir='ltr'><strong>quorum</strong></span> <span class='ocrx_word' id='word_1_126' title='bbox 2633 1018 2843 1080; x_wconf 90' lang='lat' dir='ltr'><strong>peccata</strong></span> <span class='ocrx_word' id='word_1_127' title='bbox 2869 1010 3126 1080; x_wconf 90' lang='lat' dir='ltr'><strong>portabat.</strong></span> <span class='ocrx_word' id='word_1_128' title='bbox 3168 1009 3283 1080; x_wconf 86' lang='lat' dir='ltr'><strong>Ego</strong></span> <span class='ocrx_word' id='word_1_129' title='bbox 3313 1027 3442 1067; x_wconf 79' lang='lat' dir='ltr'><strong>vero</strong></span> <span class='ocrx_word' id='word_1_130' title='bbox 3469 1011 3599 1066; x_wconf 79' lang='lat' dir='ltr'><strong>illud</strong></span> 
     </span>
    </p>
   </div>
   <div class='ocr_carea' id='block_1_10' title="bbox 302 1098 3594 1183">
    <p class='ocr_par' dir='ltr' id='par_1_10' title="bbox 302 1098 3594 1183">
     <span class='ocr_line' id='line_1_10' title="bbox 302 1098 3594 1183; baseline -0.003 -15"><span class='ocrx_word' id='word_1_131' title='bbox 302 1128 440 1182; x_wconf 77' lang='lat' dir='ltr'><strong>rogo</strong></span> <span class='ocrx_word' id='word_1_132' title='bbox 458 1128 558 1183; x_wconf 81' lang='lat' dir='ltr'><strong>quo</strong></span> <span class='ocrx_word' id='word_1_133' title='bbox 583 1109 797 1164; x_wconf 91' lang='lat' dir='ltr'><strong>tandem</strong></span> <span class='ocrx_word' id='word_1_134' title='bbox 827 1105 987 1162; x_wconf 93' lang='lat' dir='ltr'><strong>modo</strong></span> <span class='ocrx_word' id='word_1_135' title='bbox 1008 1105 1303 1159; x_wconf 84' lang='lat' dir='ltr'><strong>derelictum</strong></span> <span class='ocrx_word' id='word_1_136' title='bbox 1330 1111 1549 1174; x_wconf 90' lang='lat' dir='ltr'><strong>propter</strong></span> <span class='ocrx_word' id='word_1_137' title='bbox 1573 1118 1673 1157; x_wconf 89' lang='lat' dir='ltr'><strong>nos</strong></span> <span class='ocrx_word' id='word_1_138' title='bbox 1698 1115 1758 1156; x_wconf 90' lang='lat' dir='ltr'><strong>se</strong></span> <span class='ocrx_word' id='word_1_139' title='bbox 1778 1100 2022 1156; x_wconf 88' lang='lat' dir='ltr'><strong>Christus</strong></span> <span class='ocrx_word' id='word_1_140' title='bbox 2043 1100 2255 1165; x_wconf 74' lang='lat' dir='ltr'><strong>dixerit,</strong></span> <span class='ocrx_word' id='word_1_141' title='bbox 2283 1106 2418 1155; x_wconf 85' lang='lat' dir='ltr'><strong>teste</strong></span> <span class='ocrx_word' id='word_1_142' title='bbox 2437 1100 2702 1154; x_wconf 83' lang='lat' dir='ltr'><strong>Maximo?</strong></span> <span class='ocrx_word' id='word_1_143' title='bbox 2733 1098 2994 1170; x_wconf 82' lang='lat' dir='ltr'><strong>Equidem</strong></span> <span class='ocrx_word' id='word_1_144' title='bbox 3021 1102 3075 1156; x_wconf 91' lang='lat' dir='ltr'><strong>in</strong></span> <span class='ocrx_word' id='word_1_145' title='bbox 3099 1102 3329 1158; x_wconf 86' lang='lat' dir='ltr'><strong>homiliis</strong></span> <span class='ocrx_word' id='word_1_146' title='bbox 3356 1102 3594 1166; x_wconf 86' lang='lat' dir='ltr'><strong>Maximi,</strong></span> 
     </span>
    </p>
   </div>
   <div class='ocr_carea' id='block_1_11' title="bbox 304 1191 3671 1276">
    <p class='ocr_par' dir='ltr' id='par_1_11' title="bbox 304 1191 3671 1276">
     <span class='ocr_line' id='line_1_11' title="bbox 304 1191 3671 1276; baseline -0.003 -17"><span class='ocrx_word' id='word_1_147' title='bbox 304 1212 534 1276; x_wconf 83' lang='lat' dir='ltr'><strong>propter</strong></span> <span class='ocrx_word' id='word_1_148' title='bbox 579 1215 678 1258; x_wconf 81' lang='lat' dir='ltr'><strong>nos</strong></span> <span class='ocrx_word' id='word_1_149' title='bbox 721 1197 994 1253; x_wconf 89' lang='lat' dir='ltr'><strong>Christum</strong></span> <span class='ocrx_word' id='word_1_150' title='bbox 1041 1195 1312 1266; x_wconf 89' lang='lat' dir='ltr'><strong>objectum</strong></span> <span class='ocrx_word' id='word_1_151' title='bbox 1357 1195 1567 1266; x_wconf 88' lang='lat' dir='ltr'><strong>injuriis</strong></span> <span class='ocrx_word' id='word_1_152' title='bbox 1610 1193 1946 1260; x_wconf 73' lang='lat' dir='ltr'><strong>Judzeorum,</strong></span> <span class='ocrx_word' id='word_1_153' title='bbox 1998 1194 2206 1264; x_wconf 83' lang='lat' dir='ltr'><strong>plagis,</strong></span> <span class='ocrx_word' id='word_1_154' title='bbox 2237 1193 2420 1259; x_wconf 88' lang='lat' dir='ltr'><strong>malis,</strong></span> <span class='ocrx_word' id='word_1_155' title='bbox 2467 1193 2629 1248; x_wconf 85' lang='lat' dir='ltr'><strong>morti</strong></span> <span class='ocrx_word' id='word_1_156' title='bbox 2660 1191 2822 1248; x_wconf 85' lang='lat' dir='ltr'><strong>luisse</strong></span> <span class='ocrx_word' id='word_1_157' title='bbox 2850 1193 2998 1262; x_wconf 82' lang='lat' dir='ltr'><strong>lego;</strong></span> <span class='ocrx_word' id='word_1_158' title='bbox 3030 1195 3325 1250; x_wconf 84' lang='lat' dir='ltr'><strong>derelictum</strong></span> <span class='ocrx_word' id='word_1_159' title='bbox 3354 1204 3534 1252; x_wconf 88' lang='lat' dir='ltr'><strong>autem</strong></span> <span class='ocrx_word' id='word_1_160' title='bbox 3564 1213 3597 1251; x_wconf 88' lang='lat' dir='ltr'><strong>a</strong></span> <span class='ocrx_word' id='word_1_161' title='bbox 3664 1263 3671 1268; x_wconf 30' lang='lat'>.</span> 
     </span>
    </p>
   </div>
   <div class='ocr_carea' id='block_1_12' title="bbox 303 1283 3599 1365">
    <p class='ocr_par' dir='ltr' id='par_1_12' title="bbox 303 1283 3599 1365">
     <span class='ocr_line' id='line_1_12' title="bbox 303 1283 3599 1365; baseline -0.003 -16"><span class='ocrx_word' id='word_1_162' title='bbox 303 1308 542 1365; x_wconf 87' lang='lat' dir='ltr'><strong>persona</strong></span> <span class='ocrx_word' id='word_1_163' title='bbox 575 1290 738 1346; x_wconf 83' lang='lat' dir='ltr'><strong>Verbi</strong></span> <span class='ocrx_word' id='word_1_164' title='bbox 765 1303 990 1358; x_wconf 89' lang='lat' dir='ltr'><strong>corpus,</strong></span> <span class='ocrx_word' id='word_1_165' title='bbox 1023 1287 1170 1356; x_wconf 89' lang='lat' dir='ltr'><strong>quod</strong></span> <span class='ocrx_word' id='word_1_166' title='bbox 1198 1292 1579 1356; x_wconf 86' lang='lat' dir='ltr'><strong>assumpserat,</strong></span> <span class='ocrx_word' id='word_1_167' title='bbox 1610 1299 1873 1354; x_wconf 89' lang='lat' dir='ltr'><strong>nusquam</strong></span> <span class='ocrx_word' id='word_1_168' title='bbox 1903 1284 2043 1352; x_wconf 83' lang='lat' dir='ltr'><strong>lego.</strong></span> <span class='ocrx_word' id='word_1_169' title='bbox 2103 1283 2240 1349; x_wconf 89' lang='lat' dir='ltr'><strong>Quid</strong></span> <span class='ocrx_word' id='word_1_170' title='bbox 2267 1296 2395 1352; x_wconf 87' lang='lat' dir='ltr'><strong>ergo</strong></span> <span class='ocrx_word' id='word_1_171' title='bbox 2423 1289 2526 1348; x_wconf 90' lang='lat' dir='ltr'><strong>est,</strong></span> <span class='ocrx_word' id='word_1_172' title='bbox 2558 1297 2657 1337; x_wconf 89' lang='lat' dir='ltr'><strong>cur</strong></span> <span class='ocrx_word' id='word_1_173' title='bbox 2687 1298 2793 1337; x_wconf 91' lang='lat' dir='ltr'><strong>non</strong></span> <span class='ocrx_word' id='word_1_174' title='bbox 2821 1283 3010 1338; x_wconf 89' lang='lat' dir='ltr'><strong>eadem</strong></span> <span class='ocrx_word' id='word_1_175' title='bbox 3040 1285 3251 1340; x_wconf 86' lang='lat' dir='ltr'><strong>ratione</strong></span> <span class='ocrx_word' id='word_1_176' title='bbox 3278 1285 3599 1340; x_wconf 89' lang='lat' dir='ltr'><strong>derelictum</strong></span> 
     </span>
    </p>
   </div>
   <div class='ocr_carea' id='block_1_13' title="bbox 303 1371 3598 1447">
    <p class='ocr_par' dir='ltr' id='par_1_13' title="bbox 303 1371 3598 1447">
     <span class='ocr_line' id='line_1_13' title="bbox 303 1371 3598 1447; baseline -0.004 -7"><span class='ocrx_word' id='word_1_177' title='bbox 303 1385 598 1446; x_wconf 88' lang='lat' dir='ltr'><strong>Christum,</strong></span> <span class='ocrx_word' id='word_1_178' title='bbox 632 1390 772 1436; x_wconf 87' lang='lat' dir='ltr'><strong>teste</strong></span> <span class='ocrx_word' id='word_1_179' title='bbox 799 1379 1031 1436; x_wconf 73' lang='lat' dir='ltr'><strong>Maximo</strong></span> <span class='ocrx_word' id='word_1_180' title='bbox 1055 1377 1311 1447; x_wconf 85' lang='lat' dir='ltr'><strong>judieem,</strong></span> <span class='ocrx_word' id='word_1_181' title='bbox 1345 1391 1451 1447; x_wconf 88' lang='lat' dir='ltr'><strong>qua</strong></span> <span class='ocrx_word' id='word_1_182' title='bbox 1478 1376 1796 1431; x_wconf 87' lang='lat' dir='ltr'><strong>derelictum</strong></span> <span class='ocrx_word' id='word_1_183' title='bbox 1817 1374 1998 1430; x_wconf 85' lang='lat' dir='ltr'><strong>docuit</strong></span> <span class='ocrx_word' id='word_1_184' title='bbox 2022 1381 2238 1429; x_wconf 91' lang='lat' dir='ltr'><strong>sanctus</strong></span> <span class='ocrx_word' id='word_1_185' title='bbox 2259 1371 2403 1428; x_wconf 87' lang='lat' dir='ltr'><strong>Leo?</strong></span> <span class='ocrx_word' id='word_1_186' title='bbox 2433 1371 2606 1427; x_wconf 88' lang='lat' dir='ltr'><strong>Serm.</strong></span> <span class='ocrx_word' id='word_1_187' title='bbox 2641 1372 2728 1437; x_wconf 82' lang='grc'><strong>66,</strong></span> <span class='ocrx_word' id='word_1_188' title='bbox 2761 1387 2879 1442; x_wconf 85' lang='lat' dir='ltr'><strong>cap.</strong></span> <span class='ocrx_word' id='word_1_189' title='bbox 2909 1372 2964 1437; x_wconf 75' lang='lat'><strong>2,</strong></span> <span class='ocrx_word' id='word_1_190' title='bbox 2995 1388 3116 1444; x_wconf 86' lang='lat' dir='ltr'><strong>pag.</strong></span> <span class='ocrx_word' id='word_1_191' title='bbox 3147 1373 3248 1428; x_wconf 78' lang='grc'>187</span> <span class='ocrx_word' id='word_1_192' title='bbox 3277 1374 3404 1429; x_wconf 89' lang='lat' dir='ltr'><strong>edit.</strong></span> <span class='ocrx_word' id='word_1_193' title='bbox 3439 1373 3598 1430; x_wconf 83' lang='lat' dir='ltr'><strong>Rom.</strong></span> 
     </span>
    </p>
   </div>
   <div class='ocr_carea' id='block_1_14' title="bbox 307 1461 3604 1539">
    <p class='ocr_par' dir='ltr' id='par_1_14' title="bbox 307 1461 3604 1539">
     <span class='ocr_line' id='line_1_14' title="bbox 307 1461 3604 1539; baseline -0.002 -12"><span class='ocrx_word' id='word_1_194' title='bbox 307 1490 400 1529; x_wconf 88' lang='lat' dir='ltr'><strong>an.</strong></span> <span class='ocrx_word' id='word_1_195' title='bbox 435 1473 613 1528; x_wconf 74' lang='lat'><strong>1755:</strong></span> <span class='ocrx_word' id='word_1_196' title='bbox 648 1470 777 1525; x_wconf 85' lang='lat' dir='ltr'><strong>Ideo</strong></span> <span class='ocrx_word' id='word_1_197' title='bbox 801 1469 954 1526; x_wconf 82' lang='lat' dir='ltr'><strong>Jesus</strong></span> <span class='ocrx_word' id='word_1_198' title='bbox 976 1484 1093 1523; x_wconf 85' lang='lat' dir='ltr'><strong>voce</strong></span> <span class='ocrx_word' id='word_1_199' title='bbox 1129 1484 1323 1539; x_wconf 88' lang='lat' dir='ltr'><strong>magna</strong></span> <span class='ocrx_word' id='word_1_200' title='bbox 1368 1465 1646 1533; x_wconf 89' lang='lat' dir='ltr'><strong>clamabat,</strong></span> <span class='ocrx_word' id='word_1_201' title='bbox 1679 1466 1854 1520; x_wconf 86' lang='lat' dir='ltr'><strong>dicens</strong></span> <span class='ocrx_word' id='word_1_202' title='bbox 1877 1481 1895 1518; x_wconf 93' lang='lat'><strong><em>:</em></strong></span> <span class='ocrx_word' id='word_1_203' title='bbox 1938 1461 2110 1528; x_wconf 85' lang='lat' dir='ltr'><strong>Quare</strong></span> <span class='ocrx_word' id='word_1_204' title='bbox 2141 1480 2221 1517; x_wconf 87' lang='lat' dir='ltr'><strong>me</strong></span> <span class='ocrx_word' id='word_1_205' title='bbox 2261 1463 2626 1534; x_wconf 83' lang='lat' dir='ltr'><strong>dereliquisti?</strong></span> <span class='ocrx_word' id='word_1_206' title='bbox 2655 1462 2723 1516; x_wconf 89' lang='lat' dir='ltr'><strong>Ut</strong></span> <span class='ocrx_word' id='word_1_207' title='bbox 2761 1471 2938 1516; x_wconf 91' lang='lat' dir='ltr'><strong>notum</strong></span> <span class='ocrx_word' id='word_1_208' title='bbox 2967 1463 3201 1518; x_wconf 88' lang='lat' dir='ltr'><strong>omnibus</strong></span> <span class='ocrx_word' id='word_1_209' title='bbox 3232 1467 3424 1536; x_wconf 87' lang='lat' dir='ltr'><strong>faceret</strong></span> <span class='ocrx_word' id='word_1_210' title='bbox 3443 1481 3604 1537; x_wconf 78' lang='lat' dir='ltr'><strong>quare</strong></span> 
     </span>
    </p>
   </div>
   <div class='ocr_carea' id='block_1_15' title="bbox 309 1554 3605 1638">
    <p class='ocr_par' dir='ltr' id='par_1_15' title="bbox 309 1554 3605 1638">
     <span class='ocr_line' id='line_1_15' title="bbox 309 1554 3605 1638; baseline -0.003 -19"><span class='ocrx_word' id='word_1_211' title='bbox 309 1565 595 1638; x_wconf 71' lang='lat' dir='ltr'><strong>oportuerit</strong></span> <span class='ocrx_word' id='word_1_212' title='bbox 637 1579 754 1616; x_wconf 87' lang='lat' dir='ltr'><strong>eum</strong></span> <span class='ocrx_word' id='word_1_213' title='bbox 799 1577 902 1615; x_wconf 87' lang='lat' dir='ltr'><strong>non</strong></span> <span class='ocrx_word' id='word_1_214' title='bbox 933 1561 1084 1627; x_wconf 83' lang='lat' dir='ltr'><strong>erui,</strong></span> <span class='ocrx_word' id='word_1_215' title='bbox 1131 1576 1234 1615; x_wconf 88' lang='lat' dir='ltr'><strong>non</strong></span> <span class='ocrx_word' id='word_1_216' title='bbox 1260 1558 1472 1631; x_wconf 75' lang='lat' dir='ltr'><strong>defendi</strong></span> <span class='ocrx_word' id='word_1_217' title='bbox 1493 1598 1508 1625; x_wconf 96' lang='lat'><strong>,</strong></span> <span class='ocrx_word' id='word_1_218' title='bbox 1557 1557 1650 1612; x_wconf 90' lang='lat' dir='ltr'><strong>sed</strong></span> <span class='ocrx_word' id='word_1_219' title='bbox 1676 1559 1996 1614; x_wconf 67' lang='lat' dir='ltr'><strong>saevientium</strong></span> <span class='ocrx_word' id='word_1_220' title='bbox 2023 1555 2262 1611; x_wconf 86' lang='lat' dir='ltr'><strong>manibus</strong></span> <span class='ocrx_word' id='word_1_221' title='bbox 2291 1554 2606 1626; x_wconf 88' lang='lat' dir='ltr'><strong>derelinqui,</strong></span> <span class='ocrx_word' id='word_1_222' title='bbox 2638 1554 2732 1609; x_wconf 89' lang='lat' dir='ltr'><strong>hoc</strong></span> <span class='ocrx_word' id='word_1_223' title='bbox 2759 1563 2837 1608; x_wconf 89' lang='lat' dir='ltr'><strong>est</strong></span> <span class='ocrx_word' id='word_1_224' title='bbox 2855 1555 3163 1610; x_wconf 76' lang='lat' dir='ltr'><strong>salvatorem</strong></span> <span class='ocrx_word' id='word_1_225' title='bbox 3192 1558 3370 1610; x_wconf 89' lang='lat' dir='ltr'><strong>mundi</strong></span> <span class='ocrx_word' id='word_1_226' title='bbox 3387 1559 3525 1628; x_wconf 77' lang='lat' dir='ltr'><strong>fieri,</strong></span> <span class='ocrx_word' id='word_1_227' title='bbox 3554 1566 3605 1612; x_wconf 87' lang='lat' dir='ltr'><strong>et</strong></span> 
     </span>
    </p>
   </div>
   <div class='ocr_carea' id='block_1_16' title="bbox 310 1632 3605 1724">
    <p class='ocr_par' dir='ltr' id='par_1_16' title="bbox 310 1632 3605 1724">
     <span class='ocr_line' id='line_1_16' title="bbox 310 1632 3605 1724; baseline -0.003 -12"><span class='ocrx_word' id='word_1_228' title='bbox 310 1632 547 1712; x_wconf 69' lang='lat' dir='ltr'><strong>omnium</strong></span> <span class='ocrx_word' id='word_1_229' title='bbox 571 1655 834 1710; x_wconf 82' lang='lat' dir='ltr'><strong>hominum</strong></span> <span class='ocrx_word' id='word_1_230' title='bbox 862 1653 1237 1724; x_wconf 79' lang='lat' dir='ltr'><strong>redemptorem</strong></span> <span class='ocrx_word' id='word_1_231' title='bbox 1259 1692 1275 1719; x_wconf 94' lang='lat'><strong>,</strong></span> <span class='ocrx_word' id='word_1_232' title='bbox 1320 1667 1427 1706; x_wconf 89' lang='lat' dir='ltr'><strong>non</strong></span> <span class='ocrx_word' id='word_1_233' title='bbox 1471 1669 1563 1723; x_wconf 87' lang='lat' dir='ltr'><strong>per</strong></span> <span class='ocrx_word' id='word_1_234' title='bbox 1584 1652 1848 1706; x_wconf 86' lang='lat' dir='ltr'><strong>miseriam</strong></span> <span class='ocrx_word' id='word_1_235' title='bbox 1870 1691 1885 1718; x_wconf 94' lang='lat'><strong>,</strong></span> <span class='ocrx_word' id='word_1_236' title='bbox 1937 1649 2028 1704; x_wconf 88' lang='lat' dir='ltr'><strong>sed</strong></span> <span class='ocrx_word' id='word_1_237' title='bbox 2055 1667 2146 1719; x_wconf 87' lang='lat' dir='ltr'><strong>per</strong></span> <span class='ocrx_word' id='word_1_238' title='bbox 2173 1647 2619 1712; x_wconf 87' lang='lat' dir='ltr'><strong>misericordiam;</strong></span> <span class='ocrx_word' id='word_1_239' title='bbox 2653 1663 2745 1700; x_wconf 88' lang='lat' dir='ltr'><strong>nec</strong></span> <span class='ocrx_word' id='word_1_240' title='bbox 2766 1648 3043 1704; x_wconf 73' lang='lat' dir='ltr'><strong>amissione</strong></span> <span class='ocrx_word' id='word_1_241' title='bbox 3061 1651 3266 1715; x_wconf 69' lang='lat' dir='ltr'><strong>auxilii,</strong></span> <span class='ocrx_word' id='word_1_242' title='bbox 3295 1651 3385 1704; x_wconf 87' lang='lat' dir='ltr'><strong>sed</strong></span> <span class='ocrx_word' id='word_1_243' title='bbox 3415 1651 3605 1721; x_wconf 71' lang='lat' dir='ltr'><strong>deﬂui.—</strong></span> 
     </span>
    </p>
   </div>
   <div class='ocr_carea' id='block_1_17' title="bbox 320 1728 3606 1812">
    <p class='ocr_par' dir='ltr' id='par_1_17' title="bbox 320 1728 3606 1812">
     <span class='ocr_line' id='line_1_17' title="bbox 320 1728 3606 1812; baseline -0.002 -9"><span class='ocrx_word' id='word_1_244' title='bbox 320 1751 464 1804; x_wconf 84' lang='lat' dir='ltr'><strong>tio-ne</strong></span> <span class='ocrx_word' id='word_1_245' title='bbox 488 1728 739 1803; x_wconf 72' lang='lat' dir='ltr'><strong>moriatdi</strong></span> <span class='ocrx_word' id='word_1_246' title='bbox 758 1788 771 1812; x_wconf 95' lang='lat'><strong>,</strong></span> <span class='ocrx_word' id='word_1_247' title='bbox 801 1754 907 1801; x_wconf 88' lang='lat' dir='ltr'><strong>etc.</strong></span> <span class='ocrx_word' id='word_1_248' title='bbox 961 1744 1098 1812; x_wconf 92' lang='lat' dir='ltr'><strong>Quid</strong></span> <span class='ocrx_word' id='word_1_249' title='bbox 1126 1755 1310 1802; x_wconf 87' lang='lat' dir='ltr'><strong>autem</strong></span> <span class='ocrx_word' id='word_1_250' title='bbox 1337 1752 1422 1801; x_wconf 83' lang='lat' dir='ltr'><strong>est</strong></span> <span class='ocrx_word' id='word_1_251' title='bbox 1449 1744 1642 1800; x_wconf 89' lang='lat' dir='ltr'><strong>horum</strong></span> <span class='ocrx_word' id='word_1_252' title='bbox 1695 1743 1923 1797; x_wconf 89' lang='lat' dir='ltr'><strong>similius</strong></span> <span class='ocrx_word' id='word_1_253' title='bbox 1950 1741 2197 1797; x_wconf 88' lang='lat' dir='ltr'><strong>doctrina</strong></span> <span class='ocrx_word' id='word_1_254' title='bbox 2224 1738 2478 1794; x_wconf 81' lang='lat' dir='ltr'><strong>Maximi?</strong></span> <span class='ocrx_word' id='word_1_255' title='bbox 2505 1736 2738 1793; x_wconf 84' lang='lat' dir='ltr'><strong>Homilia</strong></span> <span class='ocrx_word' id='word_1_256' title='bbox 2767 1737 2854 1806; x_wconf 73' lang='grc'><strong>46,</strong></span> <span class='ocrx_word' id='word_1_257' title='bbox 2891 1755 3010 1810; x_wconf 90' lang='lat' dir='ltr'><strong>pag.</strong></span> <span class='ocrx_word' id='word_1_258' title='bbox 3045 1740 3183 1794; x_wconf 71' lang='lat' dir='ltr'><strong>M‘Z:</strong></span> <span class='ocrx_word' id='word_1_259' title='bbox 3221 1739 3360 1796; x_wconf 88' lang='lat' dir='ltr'><strong>Nolo</strong></span> <span class='ocrx_word' id='word_1_260' title='bbox 3398 1743 3476 1796; x_wconf 91' lang='lat' dir='ltr'><strong>sic</strong></span> <span class='ocrx_word' id='word_1_261' title='bbox 3515 1743 3606 1796; x_wconf 86' lang='lat' dir='ltr'><strong>de-</strong></span> 
     </span>
    </p>
   </div>
   <div class='ocr_carea' id='block_1_18' title="bbox 317 1819 3603 1911">
    <p class='ocr_par' dir='ltr' id='par_1_18' title="bbox 317 1819 3603 1911">
     <span class='ocr_line' id='line_1_18' title="bbox 317 1819 3603 1911; baseline -0.003 -18"><span class='ocrx_word' id='word_1_262' title='bbox 317 1840 765 1911; x_wconf 84' lang='lat' dir='ltr'><strong>fendi-justitiam,</strong></span> <span class='ocrx_word' id='word_1_263' title='bbox 788 1838 919 1892; x_wconf 91' lang='lat' dir='ltr'><strong>sicut</strong></span> <span class='ocrx_word' id='word_1_264' title='bbox 946 1836 1076 1892; x_wconf 85' lang='lat' dir='ltr'><strong>solet</strong></span> <span class='ocrx_word' id='word_1_265' title='bbox 1094 1837 1342 1908; x_wconf 83' lang='lat' dir='ltr'><strong>iniquitas</strong></span> <span class='ocrx_word' id='word_1_266' title='bbox 1361 1834 1629 1891; x_wconf 67' lang='lat' dir='ltr'><strong>excusari.</strong></span> <span class='ocrx_word' id='word_1_267' title='bbox 1725 1873 1738 1886; x_wconf 93' lang='lat'><strong>.</strong></span> <span class='ocrx_word' id='word_1_268' title='bbox 1770 1831 1996 1886; x_wconf 88' lang='lat' dir='ltr'><strong>Causam</strong></span> <span class='ocrx_word' id='word_1_269' title='bbox 2014 1845 2164 1885; x_wconf 90' lang='lat' dir='ltr'><strong>suam</strong></span> <span class='ocrx_word' id='word_1_270' title='bbox 2185 1829 2379 1884; x_wconf 86' lang='lat' dir='ltr'><strong>mavult</strong></span> <span class='ocrx_word' id='word_1_271' title='bbox 2406 1828 2763 1897; x_wconf 87' lang='lat' dir='ltr'><strong>comprobare,</strong></span> <span class='ocrx_word' id='word_1_272' title='bbox 2784 1846 2940 1900; x_wconf 88' lang='lat' dir='ltr'><strong>quam</strong></span> <span class='ocrx_word' id='word_1_273' title='bbox 2968 1830 3157 1884; x_wconf 85' lang='lat' dir='ltr'><strong>dicere.</strong></span> <span class='ocrx_word' id='word_1_274' title='bbox 3192 1830 3356 1886; x_wconf 89' lang='lat' dir='ltr'><strong>Suam</strong></span> <span class='ocrx_word' id='word_1_275' title='bbox 3383 1832 3603 1886; x_wconf 87' lang='lat' dir='ltr'><strong>salutem</strong></span> 
     </span>
    </p>
   </div>
   <div class='ocr_carea' id='block_1_19' title="bbox 314 1921 3608 2003">
    <p class='ocr_par' dir='ltr' id='par_1_19' title="bbox 314 1921 3608 2003">
     <span class='ocr_line' id='line_1_19' title="bbox 314 1921 3608 2003; baseline -0.002 -17"><span class='ocrx_word' id='word_1_276' title='bbox 314 1934 563 2003; x_wconf 79' lang='lat' dir='ltr'><strong>perdidit,</strong></span> <span class='ocrx_word' id='word_1_277' title='bbox 587 1942 642 1985; x_wconf 86' lang='lat' dir='ltr'><strong>ut</strong></span> <span class='ocrx_word' id='word_1_278' title='bbox 670 1932 891 1985; x_wconf 86' lang='lat' dir='ltr'><strong>salutem</strong></span> <span class='ocrx_word' id='word_1_279' title='bbox 922 1931 1152 1984; x_wconf 89' lang='lat' dir='ltr'><strong>omnium</strong></span> <span class='ocrx_word' id='word_1_280' title='bbox 1171 1931 1494 1994; x_wconf 87' lang='lat' dir='ltr'><strong>lucraretur;</strong></span> <span class='ocrx_word' id='word_1_281' title='bbox 1518 1929 1573 1983; x_wconf 88' lang='lat' dir='ltr'><strong>in</strong></span> <span class='ocrx_word' id='word_1_282' title='bbox 1599 1943 1654 1982; x_wconf 89' lang='lat' dir='ltr'><strong>se</strong></span> <span class='ocrx_word' id='word_1_283' title='bbox 1678 1927 1812 1980; x_wconf 84' lang='lat' dir='ltr'><strong>vinci</strong></span> <span class='ocrx_word' id='word_1_284' title='bbox 1834 1925 2034 1991; x_wconf 87' lang='lat' dir='ltr'><strong>maluit,</strong></span> <span class='ocrx_word' id='word_1_285' title='bbox 2058 1934 2116 1978; x_wconf 89' lang='lat' dir='ltr'><strong>ut</strong></span> <span class='ocrx_word' id='word_1_286' title='bbox 2136 1926 2296 1980; x_wconf 87' lang='lat' dir='ltr'><strong>victor</strong></span> <span class='ocrx_word' id='word_1_287' title='bbox 2321 1932 2454 1978; x_wconf 87' lang='lat' dir='ltr'><strong>esset</strong></span> <span class='ocrx_word' id='word_1_288' title='bbox 2473 1923 2526 1976; x_wconf 88' lang='lat' dir='ltr'><strong>in</strong></span> <span class='ocrx_word' id='word_1_289' title='bbox 2550 1924 2766 1977; x_wconf 86' lang='lat' dir='ltr'><strong>cunctis.</strong></span> <span class='ocrx_word' id='word_1_290' title='bbox 2810 1921 2990 1992; x_wconf 83' lang='lat' dir='ltr'><strong>Pergit</strong></span> <span class='ocrx_word' id='word_1_291' title='bbox 3017 1933 3198 1980; x_wconf 89' lang='lat' dir='ltr'><strong>autem</strong></span> <span class='ocrx_word' id='word_1_292' title='bbox 3225 1925 3508 1988; x_wconf 88' lang='lat' dir='ltr'><strong>Maximus,</strong></span> <span class='ocrx_word' id='word_1_293' title='bbox 3541 1940 3608 1980; x_wconf 79' lang='lat' dir='ltr'><strong>ac</strong></span> 
     </span>
    </p>
   </div>
   <div class='ocr_carea' id='block_1_20' title="bbox 314 2013 3606 2092">
    <p class='ocr_par' dir='ltr' id='par_1_20' title="bbox 314 2013 3606 2092">
     <span class='ocr_line' id='line_1_20' title="bbox 314 2013 3606 2092; baseline -0.002 -17"><span class='ocrx_word' id='word_1_294' title='bbox 314 2035 439 2092; x_wconf 88' lang='lat' dir='ltr'><strong>pag.</strong></span> <span class='ocrx_word' id='word_1_295' title='bbox 474 2021 578 2074; x_wconf 72' lang='lat' dir='ltr'><strong>1-H</strong></span> <span class='ocrx_word' id='word_1_296' title='bbox 604 2020 924 2091; x_wconf 89' lang='lat' dir='ltr'><strong>permissum</strong></span> <span class='ocrx_word' id='word_1_297' title='bbox 952 2017 1126 2074; x_wconf 90' lang='lat' dir='ltr'><strong>Pilato</strong></span> <span class='ocrx_word' id='word_1_298' title='bbox 1151 2018 1407 2084; x_wconf 86' lang='lat' dir='ltr'><strong>ostendit,</strong></span> <span class='ocrx_word' id='word_1_299' title='bbox 1435 2025 1495 2071; x_wconf 89' lang='lat' dir='ltr'><strong>ut</strong></span> <span class='ocrx_word' id='word_1_300' title='bbox 1521 2014 1806 2071; x_wconf 87' lang='lat' dir='ltr'><strong>adversum</strong></span> <span class='ocrx_word' id='word_1_301' title='bbox 1833 2013 2181 2070; x_wconf 84' lang='lat' dir='ltr'><strong>Servatorem</strong></span> <span class='ocrx_word' id='word_1_302' title='bbox 2222 2013 2494 2070; x_wconf 86' lang='lat' dir='ltr'><strong>Christum</strong></span> <span class='ocrx_word' id='word_1_303' title='bbox 2529 2016 2750 2086; x_wconf 84' lang='lat' dir='ltr'><strong>furentis</strong></span> <span class='ocrx_word' id='word_1_304' title='bbox 2789 2014 3085 2085; x_wconf 71' lang='lat' dir='ltr'><strong>Sguagogat</strong></span> <span class='ocrx_word' id='word_1_305' title='bbox 3129 2016 3461 2085; x_wconf 84' lang='lat' dir='ltr'><strong>sacrilegium</strong></span> <span class='ocrx_word' id='word_1_306' title='bbox 3479 2034 3606 2072; x_wconf 88' lang='lat' dir='ltr'><strong>con-</strong></span> 
     </span>
    </p>
   </div>
   <div class='ocr_carea' id='block_1_21' title="bbox 315 2108 3605 2192">
    <p class='ocr_par' dir='ltr' id='par_1_21' title="bbox 315 2108 3605 2192">
     <span class='ocr_line' id='line_1_21' title="bbox 315 2108 3605 2192; baseline -0.003 -17"><span class='ocrx_word' id='word_1_307' title='bbox 315 2123 572 2192; x_wconf 78' lang='lat' dir='ltr'><strong>firmaret.</strong></span> <span class='ocrx_word' id='word_1_308' title='bbox 613 2117 681 2171; x_wconf 88' lang='lat' dir='ltr'><strong>Et</strong></span> <span class='ocrx_word' id='word_1_309' title='bbox 706 2115 894 2172; x_wconf 87' lang='lat' dir='ltr'><strong>homil.</strong></span> <span class='ocrx_word' id='word_1_310' title='bbox 928 2114 1018 2181; x_wconf 85' lang='lat'><strong>50,</strong></span> <span class='ocrx_word' id='word_1_311' title='bbox 1049 2127 1172 2184; x_wconf 83' lang='lat' dir='ltr'><strong>pag.</strong></span> <span class='ocrx_word' id='word_1_312' title='bbox 1212 2112 1346 2168; x_wconf 64' lang='lat'><strong>154:</strong></span> <span class='ocrx_word' id='word_1_313' title='bbox 1379 2111 1568 2166; x_wconf 83' lang='lat' dir='ltr'><strong>Passio</strong></span> <span class='ocrx_word' id='word_1_314' title='bbox 1590 2111 1752 2178; x_wconf 81' lang='lat' dir='ltr'><strong>illius,</strong></span> <span class='ocrx_word' id='word_1_315' title='bbox 1781 2109 1973 2178; x_wconf 87' lang='lat' dir='ltr'><strong>inquit,</strong></span> <span class='ocrx_word' id='word_1_316' title='bbox 2005 2118 2184 2164; x_wconf 86' lang='lat' dir='ltr'><strong>nostra</strong></span> <span class='ocrx_word' id='word_1_317' title='bbox 2222 2109 2506 2180; x_wconf 86' lang='lat' dir='ltr'><strong>redemptio</strong></span> <span class='ocrx_word' id='word_1_318' title='bbox 2543 2120 2638 2176; x_wconf 89' lang='lat' dir='ltr'><strong>est,</strong></span> <span class='ocrx_word' id='word_1_319' title='bbox 2685 2125 2823 2162; x_wconf 91' lang='lat' dir='ltr'><strong>mors</strong></span> <span class='ocrx_word' id='word_1_320' title='bbox 2863 2109 2976 2178; x_wconf 85' lang='lat' dir='ltr'><strong>ejus</strong></span> <span class='ocrx_word' id='word_1_321' title='bbox 3005 2109 3106 2161; x_wconf 87' lang='lat' dir='ltr'><strong>vita</strong></span> <span class='ocrx_word' id='word_1_322' title='bbox 3127 2118 3307 2161; x_wconf 88' lang='lat' dir='ltr'><strong>nostra</strong></span> <span class='ocrx_word' id='word_1_323' title='bbox 3334 2118 3432 2162; x_wconf 92' lang='lat' dir='ltr'><strong>est.</strong></span> <span class='ocrx_word' id='word_1_324' title='bbox 3475 2108 3605 2165; x_wconf 86' lang='lat' dir='ltr'><strong>Ideo</strong></span> 
     </span>
    </p>
   </div>
   <div class='ocr_carea' id='block_1_22' title="bbox 314 2197 3607 2281">
    <p class='ocr_par' dir='ltr' id='par_1_22' title="bbox 314 2197 3607 2281">
     <span class='ocr_line' id='line_1_22' title="bbox 314 2197 3607 2281; baseline -0.003 -16"><span class='ocrx_word' id='word_1_325' title='bbox 314 2221 488 2264; x_wconf 83' lang='lat' dir='ltr'><strong>autem</strong></span> <span class='ocrx_word' id='word_1_326' title='bbox 517 2203 765 2281; x_wconf 79' lang='lat' dir='ltr'><strong>[Lxxvm]</strong></span> <span class='ocrx_word' id='word_1_327' title='bbox 813 2204 955 2259; x_wconf 90' lang='lat' dir='ltr'><strong>mala</strong></span> <span class='ocrx_word' id='word_1_328' title='bbox 985 2203 1094 2257; x_wconf 63' lang='lat' dir='ltr'><strong>haec</strong></span> <span class='ocrx_word' id='word_1_329' title='bbox 1120 2210 1302 2255; x_wconf 87' lang='lat' dir='ltr'><strong>cuncta</strong></span> <span class='ocrx_word' id='word_1_330' title='bbox 1341 2201 1606 2266; x_wconf 83' lang='lat' dir='ltr'><strong>sustinuit,</strong></span> <span class='ocrx_word' id='word_1_331' title='bbox 1635 2209 1690 2254; x_wconf 88' lang='lat' dir='ltr'><strong>ut</strong></span> <span class='ocrx_word' id='word_1_332' title='bbox 1736 2216 1830 2256; x_wconf 86' lang='lat' dir='ltr'><strong>nos</strong></span> <span class='ocrx_word' id='word_1_333' title='bbox 1878 2198 2011 2254; x_wconf 89' lang='lat' dir='ltr'><strong>bona</strong></span> <span class='ocrx_word' id='word_1_334' title='bbox 2050 2199 2228 2254; x_wconf 87' lang='lat' dir='ltr'><strong>omnia</strong></span> <span class='ocrx_word' id='word_1_335' title='bbox 2272 2200 2623 2254; x_wconf 87' lang='lat' dir='ltr'><strong>sentiremus:</strong></span> <span class='ocrx_word' id='word_1_336' title='bbox 2665 2199 2780 2253; x_wconf 87' lang='lat' dir='ltr'><strong>ideo</strong></span> <span class='ocrx_word' id='word_1_337' title='bbox 2827 2197 3182 2252; x_wconf 86' lang='lat' dir='ltr'><strong>crudelitatem</strong></span> <span class='ocrx_word' id='word_1_338' title='bbox 3209 2200 3265 2252; x_wconf 90' lang='lat' dir='ltr'><strong>in</strong></span> <span class='ocrx_word' id='word_1_339' title='bbox 3300 2216 3356 2252; x_wconf 90' lang='lat' dir='ltr'><strong>se</strong></span> <span class='ocrx_word' id='word_1_340' title='bbox 3373 2202 3607 2255; x_wconf 78' lang='lat' dir='ltr'><strong>exerceri</strong></span> 
     </span>
    </p>
   </div>
   <div class='ocr_carea' id='block_1_23' title="bbox 317 2289 3608 2364">
    <p class='ocr_par' dir='ltr' id='par_1_23' title="bbox 317 2289 3608 2364">
     <span class='ocr_line' id='line_1_23' title="bbox 317 2289 3608 2364; baseline -0.002 -10"><span class='ocrx_word' id='word_1_341' title='bbox 317 2301 524 2364; x_wconf 84' lang='lat' dir='ltr'><strong>maluit,</strong></span> <span class='ocrx_word' id='word_1_342' title='bbox 551 2307 606 2350; x_wconf 90' lang='lat' dir='ltr'><strong>ut</strong></span> <span class='ocrx_word' id='word_1_343' title='bbox 636 2297 784 2351; x_wconf 86' lang='lat' dir='ltr'><strong>nobis</strong></span> <span class='ocrx_word' id='word_1_344' title='bbox 806 2292 1213 2349; x_wconf 84' lang='lat' dir='ltr'><strong>misericordiam</strong></span> <span class='ocrx_word' id='word_1_345' title='bbox 1241 2292 1536 2363; x_wconf 87' lang='lat' dir='ltr'><strong>largiretur.</strong></span> <span class='ocrx_word' id='word_1_346' title='bbox 1601 2291 1714 2358; x_wconf 86' lang='lat' dir='ltr'><strong>Age</strong></span> <span class='ocrx_word' id='word_1_347' title='bbox 1755 2306 1887 2345; x_wconf 88' lang='lat' dir='ltr'><strong>vero</strong></span> <span class='ocrx_word' id='word_1_348' title='bbox 1933 2290 1977 2346; x_wconf 91' lang='lat' dir='ltr'><strong>si</strong></span> <span class='ocrx_word' id='word_1_349' title='bbox 2025 2289 2188 2345; x_wconf 87' lang='lat' dir='ltr'><strong>divini</strong></span> <span class='ocrx_word' id='word_1_350' title='bbox 2235 2289 2397 2346; x_wconf 83' lang='lat' dir='ltr'><strong>Verbi</strong></span> <span class='ocrx_word' id='word_1_351' title='bbox 2423 2305 2654 2360; x_wconf 89' lang='lat' dir='ltr'><strong>persona</strong></span> <span class='ocrx_word' id='word_1_352' title='bbox 2683 2289 3062 2359; x_wconf 88' lang='lat' dir='ltr'><strong>dereliquisset</strong></span> <span class='ocrx_word' id='word_1_353' title='bbox 3087 2303 3304 2361; x_wconf 90' lang='lat' dir='ltr'><strong>corpus,</strong></span> <span class='ocrx_word' id='word_1_354' title='bbox 3336 2293 3404 2348; x_wconf 85' lang='lat' dir='ltr'><strong>ab</strong></span> <span class='ocrx_word' id='word_1_355' title='bbox 3433 2306 3608 2362; x_wconf 89' lang='lat' dir='ltr'><strong>eoque</strong></span> 
     </span>
    </p>
   </div>
   <div class='ocr_carea' id='block_1_24' title="bbox 317 2379 3615 2457">
    <p class='ocr_par' dir='ltr' id='par_1_24' title="bbox 317 2379 3615 2457">
     <span class='ocr_line' id='line_1_24' title="bbox 317 2379 3615 2457; baseline -0.002 -13"><span class='ocrx_word' id='word_1_356' title='bbox 317 2388 794 2457; x_wconf 82' lang='lat' dir='ltr'><strong>sedisjunxisset,</strong></span> <span class='ocrx_word' id='word_1_357' title='bbox 847 2392 1066 2439; x_wconf 90' lang='lat' dir='ltr'><strong>auctore</strong></span> <span class='ocrx_word' id='word_1_358' title='bbox 1110 2381 1372 2447; x_wconf 86' lang='lat' dir='ltr'><strong>Maximo;</strong></span> <span class='ocrx_word' id='word_1_359' title='bbox 1417 2381 1510 2449; x_wconf 88' lang='lat' dir='ltr'><strong>qui</strong></span> <span class='ocrx_word' id='word_1_360' title='bbox 1557 2381 1774 2435; x_wconf 91' lang='lat' dir='ltr'><strong>tandem</strong></span> <span class='ocrx_word' id='word_1_361' title='bbox 1824 2380 1906 2435; x_wconf 88' lang='lat' dir='ltr'><strong>sic</strong></span> <span class='ocrx_word' id='word_1_362' title='bbox 1952 2379 2251 2435; x_wconf 82' lang='lat' dir='ltr'><strong>induxisset</strong></span> <span class='ocrx_word' id='word_1_363' title='bbox 2292 2380 2434 2435; x_wconf 89' lang='lat' dir='ltr'><strong>idem</strong></span> <span class='ocrx_word' id='word_1_364' title='bbox 2460 2379 2724 2436; x_wconf 79' lang='lat' dir='ltr'><strong>Maximus</strong></span> <span class='ocrx_word' id='word_1_365' title='bbox 2747 2381 3022 2436; x_wconf 87' lang='lat' dir='ltr'><strong>Christum</strong></span> <span class='ocrx_word' id='word_1_366' title='bbox 3049 2380 3356 2436; x_wconf 89' lang='lat' dir='ltr'><strong>dicentem:</strong></span> <span class='ocrx_word' id='word_1_367' title='bbox 3393 2382 3615 2452; x_wconf 78' lang='lat' dir='ltr'><strong>Palpate</strong></span> 
     </span>
    </p>
   </div>
   <div class='ocr_carea' id='block_1_25' title="bbox 320 2473 3614 2552">
    <p class='ocr_par' dir='ltr' id='par_1_25' title="bbox 320 2473 3614 2552">
     <span class='ocr_line' id='line_1_25' title="bbox 320 2473 3614 2552; baseline -0.003 -15"><span class='ocrx_word' id='word_1_368' title='bbox 320 2499 496 2545; x_wconf 87' lang='lat' dir='ltr'><strong>manu,</strong></span> <span class='ocrx_word' id='word_1_369' title='bbox 520 2493 674 2552; x_wconf 90' lang='lat' dir='ltr'><strong>atque</strong></span> <span class='ocrx_word' id='word_1_370' title='bbox 701 2477 865 2532; x_wconf 81' lang='lat' dir='ltr'><strong>ridete</strong></span> <span class='ocrx_word' id='word_1_371' title='bbox 885 2476 1007 2546; x_wconf 79' lang='lat' dir='ltr'><strong>fide,</strong></span> <span class='ocrx_word' id='word_1_372' title='bbox 1037 2477 1159 2546; x_wconf 84' lang='lat' dir='ltr'><strong>quia</strong></span> <span class='ocrx_word' id='word_1_373' title='bbox 1184 2475 1318 2528; x_wconf 89' lang='lat' dir='ltr'><strong>inest</strong></span> <span class='ocrx_word' id='word_1_374' title='bbox 1362 2473 1490 2528; x_wconf 89' lang='lat' dir='ltr'><strong>mihi</strong></span> <span class='ocrx_word' id='word_1_375' title='bbox 1536 2473 1680 2527; x_wconf 85' lang='lat' dir='ltr'><strong>illius</strong></span> <span class='ocrx_word' id='word_1_376' title='bbox 1721 2474 1954 2544; x_wconf 89' lang='lat' dir='ltr'><strong>corporis</strong></span> <span class='ocrx_word' id='word_1_377' title='bbox 2002 2475 2189 2527; x_wconf 87' lang='lat' dir='ltr'><strong>veritas</strong></span> <span class='ocrx_word' id='word_1_378' title='bbox 2213 2513 2228 2538; x_wconf 95' lang='lat'><strong>,</strong></span> <span class='ocrx_word' id='word_1_379' title='bbox 2267 2473 2405 2544; x_wconf 88' lang='lat' dir='ltr'><strong>quod</strong></span> <span class='ocrx_word' id='word_1_380' title='bbox 2425 2473 2668 2545; x_wconf 87' lang='lat' dir='ltr'><strong>pependit</strong></span> <span class='ocrx_word' id='word_1_381' title='bbox 2687 2476 2745 2528; x_wconf 88' lang='lat' dir='ltr'><strong>in</strong></span> <span class='ocrx_word' id='word_1_382' title='bbox 2780 2491 2952 2542; x_wconf 87' lang='lat' dir='ltr'><strong>cruce,</strong></span> <span class='ocrx_word' id='word_1_383' title='bbox 2985 2483 3139 2545; x_wconf 82' lang='lat' dir='ltr'><strong>atque</strong></span> <span class='ocrx_word' id='word_1_384' title='bbox 3162 2482 3422 2528; x_wconf 88' lang='lat' dir='ltr'><strong>mortuum</strong></span> <span class='ocrx_word' id='word_1_385' title='bbox 3451 2474 3614 2544; x_wconf 85' lang='lat' dir='ltr'><strong>depo-</strong></span> 
     </span>
    </p>
   </div>
   <div class='ocr_carea' id='block_1_26' title="bbox 319 2563 3611 2645">
    <p class='ocr_par' dir='ltr' id='par_1_26' title="bbox 319 2563 3611 2645">
     <span class='ocr_line' id='line_1_26' title="bbox 319 2563 3611 2645; baseline -0.003 -16"><span class='ocrx_word' id='word_1_386' title='bbox 319 2578 474 2630; x_wconf 82' lang='lat' dir='ltr'><strong>situm</strong></span> <span class='ocrx_word' id='word_1_387' title='bbox 504 2575 603 2645; x_wconf 85' lang='lat' dir='ltr'><strong>fuit</strong></span> <span class='ocrx_word' id='word_1_388' title='bbox 631 2574 684 2627; x_wconf 86' lang='lat' dir='ltr'><strong>in</strong></span> <span class='ocrx_word' id='word_1_389' title='bbox 715 2572 987 2642; x_wconf 86' lang='lat' dir='ltr'><strong>sepulcro;</strong></span> <span class='ocrx_word' id='word_1_390' title='bbox 1017 2577 1067 2622; x_wconf 89' lang='lat' dir='ltr'><strong>et</strong></span> <span class='ocrx_word' id='word_1_391' title='bbox 1095 2568 1386 2637; x_wconf 77' lang='lat' dir='ltr'><strong>proprietas</strong></span> <span class='ocrx_word' id='word_1_392' title='bbox 1413 2565 1653 2631; x_wconf 86' lang='lat' dir='ltr'><strong>Deitatis,</strong></span> <span class='ocrx_word' id='word_1_393' title='bbox 1686 2581 1786 2637; x_wconf 90' lang='lat' dir='ltr'><strong>qua</strong></span> <span class='ocrx_word' id='word_1_394' title='bbox 1815 2581 1889 2620; x_wconf 75' lang='lat' dir='ltr'><strong>us</strong></span> <span class='ocrx_word' id='word_1_395' title='bbox 1920 2580 2174 2621; x_wconf 74' lang='grc' dir='ltr'><strong>ιιοιιτυυιι</strong></span> <span class='ocrx_word' id='word_1_396' title='bbox 2204 2580 2380 2629; x_wconf 75' lang='lat' dir='ltr'><strong>noue</strong></span> <span class='ocrx_word' id='word_1_397' title='bbox 2427 2581 2478 2619; x_wconf 80' lang='lat' dir='ltr'><strong>IN</strong></span> <span class='ocrx_word' id='word_1_398' title='bbox 2507 2581 2778 2621; x_wconf 73' lang='lat' dir='ltr'><strong>seruecno</strong></span> <span class='ocrx_word' id='word_1_399' title='bbox 2808 2581 3104 2620; x_wconf 67' lang='lat' dir='ltr'><strong>perosum:</strong></span> <span class='ocrx_word' id='word_1_400' title='bbox 3135 2578 3427 2620; x_wconf 66' lang='lat' dir='ltr'><strong>suscrravr.</strong></span> <span class='ocrx_word' id='word_1_401' title='bbox 3477 2563 3611 2620; x_wconf 88' lang='lat' dir='ltr'><strong>Cum</strong></span> 
     </span>
    </p>
   </div>
   <div class='ocr_carea' id='block_1_27' title="bbox 321 2657 3614 2734">
    <p class='ocr_par' dir='ltr' id='par_1_27' title="bbox 321 2657 3614 2734">
     <span class='ocr_line' id='line_1_27' title="bbox 321 2657 3614 2734; baseline -0.002 -13"><span class='ocrx_word' id='word_1_402' title='bbox 321 2682 497 2721; x_wconf 78' lang='lat' dir='ltr'><strong>anima</strong></span> <span class='ocrx_word' id='word_1_403' title='bbox 515 2665 628 2734; x_wconf 88' lang='lat' dir='ltr'><strong>jam</strong></span> <span class='ocrx_word' id='word_1_404' title='bbox 656 2665 901 2734; x_wconf 87' lang='lat' dir='ltr'><strong>sejuncta</strong></span> <span class='ocrx_word' id='word_1_405' title='bbox 924 2672 1068 2719; x_wconf 88' lang='lat' dir='ltr'><strong>esset</strong></span> <span class='ocrx_word' id='word_1_406' title='bbox 1092 2678 1122 2717; x_wconf 91' lang='lat' dir='ltr'><strong>a</strong></span> <span class='ocrx_word' id='word_1_407' title='bbox 1146 2676 1375 2732; x_wconf 91' lang='lat' dir='ltr'><strong>corpore</strong></span> <span class='ocrx_word' id='word_1_408' title='bbox 1401 2700 1416 2725; x_wconf 93' lang='lat'><strong>,</strong></span> <span class='ocrx_word' id='word_1_409' title='bbox 1467 2660 1512 2715; x_wconf 88' lang='lat' dir='ltr'><strong>si</strong></span> <span class='ocrx_word' id='word_1_410' title='bbox 1559 2660 1737 2715; x_wconf 81' lang='lat' dir='ltr'><strong>divina</strong></span> <span class='ocrx_word' id='word_1_411' title='bbox 1765 2659 1989 2730; x_wconf 88' lang='lat' dir='ltr'><strong>perinde</strong></span> <span class='ocrx_word' id='word_1_412' title='bbox 2017 2659 2215 2714; x_wconf 90' lang='lat' dir='ltr'><strong>Christi</strong></span> <span class='ocrx_word' id='word_1_413' title='bbox 2247 2674 2477 2729; x_wconf 89' lang='lat' dir='ltr'><strong>persona</strong></span> <span class='ocrx_word' id='word_1_414' title='bbox 2498 2674 2694 2730; x_wconf 89' lang='lat' dir='ltr'><strong>corpus</strong></span> <span class='ocrx_word' id='word_1_415' title='bbox 2715 2659 2858 2714; x_wconf 89' lang='lat' dir='ltr'><strong>idem</strong></span> <span class='ocrx_word' id='word_1_416' title='bbox 2886 2658 3229 2722; x_wconf 80' lang='lat' dir='ltr'><strong>deseruisset,</strong></span> <span class='ocrx_word' id='word_1_417' title='bbox 3259 2671 3368 2726; x_wconf 91' lang='lat' dir='ltr'><strong>quo</strong></span> <span class='ocrx_word' id='word_1_418' title='bbox 3396 2657 3614 2714; x_wconf 73' lang='lat' dir='ltr'><strong>demunt</strong></span> 
     </span>
    </p>
   </div>
   <div class='ocr_carea' id='block_1_28' title="bbox 320 2753 3618 2827">
    <p class='ocr_par' dir='ltr' id='par_1_28' title="bbox 320 2753 3618 2827">
     <span class='ocr_line' id='line_1_28' title="bbox 320 2753 3618 2827; baseline -0.001 -13"><span class='ocrx_word' id='word_1_419' title='bbox 320 2760 484 2814; x_wconf 88' lang='lat' dir='ltr'><strong>modo</strong></span> <span class='ocrx_word' id='word_1_420' title='bbox 513 2759 621 2813; x_wconf 88' lang='lat' dir='ltr'><strong>dici</strong></span> <span class='ocrx_word' id='word_1_421' title='bbox 649 2775 680 2812; x_wconf 90' lang='lat' dir='ltr'><strong>a</strong></span> <span class='ocrx_word' id='word_1_422' title='bbox 709 2757 946 2813; x_wconf 85' lang='lat' dir='ltr'><strong>Maximo</strong></span> <span class='ocrx_word' id='word_1_423' title='bbox 974 2757 1256 2827; x_wconf 89' lang='lat' dir='ltr'><strong>potuisset,</strong></span> <span class='ocrx_word' id='word_1_424' title='bbox 1283 2753 1554 2810; x_wconf 87' lang='lat' dir='ltr'><strong>Christum</strong></span> <span class='ocrx_word' id='word_1_425' title='bbox 1585 2753 1759 2824; x_wconf 90' lang='lat' dir='ltr'><strong>ipsum</strong></span> <span class='ocrx_word' id='word_1_426' title='bbox 1788 2754 2058 2824; x_wconf 89' lang='lat' dir='ltr'><strong>sepultum</strong></span> <span class='ocrx_word' id='word_1_427' title='bbox 2088 2754 2280 2819; x_wconf 82' lang='lat' dir='ltr'><strong>fuisse,</strong></span> <span class='ocrx_word' id='word_1_428' title='bbox 2327 2769 2495 2818; x_wconf 71' lang='lat' dir='ltr'><strong>suone</strong></span> <span class='ocrx_word' id='word_1_429' title='bbox 2525 2754 2720 2809; x_wconf 90' lang='lat' dir='ltr'><strong>deinde</strong></span> <span class='ocrx_word' id='word_1_430' title='bbox 2744 2755 2795 2808; x_wconf 86' lang='lat' dir='ltr'><strong>in</strong></span> <span class='ocrx_word' id='word_1_431' title='bbox 2827 2770 3097 2810; x_wconf 79' lang='lat' dir='ltr'><strong>SEPULCRO</strong></span> <span class='ocrx_word' id='word_1_432' title='bbox 3124 2770 3419 2811; x_wconf 72' lang='lat' dir='ltr'><strong>perustum</strong></span> <span class='ocrx_word' id='word_1_433' title='bbox 3448 2757 3618 2810; x_wconf 82' lang='lat' dir='ltr'><strong>susci-</strong></span> 
     </span>
    </p>
   </div>
   <div class='ocr_carea' id='block_1_29' title="bbox 323 2844 3198 2920">
    <p class='ocr_par' dir='ltr' id='par_1_29' title="bbox 323 2844 3198 2920">
     <span class='ocr_line' id='line_1_29' title="bbox 323 2844 3198 2920; baseline -0 -16"><span class='ocrx_word' id='word_1_434' title='bbox 323 2851 504 2920; x_wconf 86' lang='lat' dir='ltr'><strong>tasse?</strong></span> <span class='ocrx_word' id='word_1_435' title='bbox 533 2848 650 2902; x_wconf 82' lang='lat' dir='ltr'><strong>Non</strong></span> <span class='ocrx_word' id='word_1_436' title='bbox 681 2845 810 2918; x_wconf 80' lang='lat' dir='ltr'><strong>ergo</strong></span> <span class='ocrx_word' id='word_1_437' title='bbox 843 2847 1058 2902; x_wconf 87' lang='lat' dir='ltr'><strong>Maximi</strong></span> <span class='ocrx_word' id='word_1_438' title='bbox 1087 2847 1361 2917; x_wconf 89' lang='lat' dir='ltr'><strong>opinione,</strong></span> <span class='ocrx_word' id='word_1_439' title='bbox 1393 2845 1636 2914; x_wconf 83' lang='lat' dir='ltr'><strong>sejuncta</strong></span> <span class='ocrx_word' id='word_1_440' title='bbox 1661 2861 1693 2900; x_wconf 89' lang='lat' dir='ltr'><strong>a</strong></span> <span class='ocrx_word' id='word_1_441' title='bbox 1717 2844 1918 2900; x_wconf 89' lang='lat' dir='ltr'><strong>Christi</strong></span> <span class='ocrx_word' id='word_1_442' title='bbox 1944 2862 2174 2916; x_wconf 91' lang='lat' dir='ltr'><strong>corpore</strong></span> <span class='ocrx_word' id='word_1_443' title='bbox 2202 2846 2379 2902; x_wconf 92' lang='lat' dir='ltr'><strong>triduo</strong></span> <span class='ocrx_word' id='word_1_444' title='bbox 2408 2847 2601 2902; x_wconf 88' lang='lat' dir='ltr'><strong>mortis</strong></span> <span class='ocrx_word' id='word_1_445' title='bbox 2630 2847 2731 2902; x_wconf 87' lang='lat' dir='ltr'><strong>luit</strong></span> <span class='ocrx_word' id='word_1_446' title='bbox 2757 2863 2987 2917; x_wconf 88' lang='lat' dir='ltr'><strong>persona</strong></span> <span class='ocrx_word' id='word_1_447' title='bbox 3016 2849 3198 2904; x_wconf 87' lang='lat' dir='ltr'><strong>Verbi.</strong></span> 
     </span>
    </p>
   </div>
   <div class='ocr_carea' id='block_1_30' title="bbox 395 2936 3620 3013">
    <p class='ocr_par' dir='ltr' id='par_1_30' title="bbox 395 2936 3620 3013">
     <span class='ocr_line' id='line_1_30' title="bbox 395 2936 3620 3013; baseline 0.002 -21"><span class='ocrx_word' id='word_1_448' title='bbox 395 2939 529 2993; x_wconf 76' lang='lat' dir='ltr'><strong>XVI.</strong></span> <span class='ocrx_word' id='word_1_449' title='bbox 574 2939 818 2994; x_wconf 81' lang='lat' dir='ltr'><strong>Vidimus</strong></span> <span class='ocrx_word' id='word_1_450' title='bbox 847 2938 1092 3008; x_wconf 81' lang='lat' dir='ltr'><strong>proxime</strong></span> <span class='ocrx_word' id='word_1_451' title='bbox 1119 2938 1185 2992; x_wconf 87' lang='lat' dir='ltr'><strong>de</strong></span> <span class='ocrx_word' id='word_1_452' title='bbox 1213 2937 1487 3007; x_wconf 89' lang='lat' dir='ltr'><strong>sepultura</strong></span> <span class='ocrx_word' id='word_1_453' title='bbox 1517 2936 1736 3000; x_wconf 88' lang='lat' dir='ltr'><strong>Christi,</strong></span> <span class='ocrx_word' id='word_1_454' title='bbox 1782 2937 1910 3006; x_wconf 90' lang='lat' dir='ltr'><strong>quid</strong></span> <span class='ocrx_word' id='word_1_455' title='bbox 1939 2937 2203 2994; x_wconf 76' lang='lat' dir='ltr'><strong>Maximus</strong></span> <span class='ocrx_word' id='word_1_456' title='bbox 2232 2947 2417 2995; x_wconf 89' lang='lat' dir='ltr'><strong>noster</strong></span> <span class='ocrx_word' id='word_1_457' title='bbox 2443 2941 2691 2996; x_wconf 88' lang='lat' dir='ltr'><strong>senserit.</strong></span> <span class='ocrx_word' id='word_1_458' title='bbox 2733 2939 2902 2995; x_wconf 89' lang='lat' dir='ltr'><strong>Multo</strong></span> <span class='ocrx_word' id='word_1_459' title='bbox 2929 2942 3020 2996; x_wconf 90' lang='lat' dir='ltr'><strong>ille</strong></span> <span class='ocrx_word' id='word_1_460' title='bbox 3048 2941 3201 3013; x_wconf 92' lang='lat' dir='ltr'><strong>plura</strong></span> <span class='ocrx_word' id='word_1_461' title='bbox 3231 2957 3293 2997; x_wconf 84' lang='lat' dir='ltr'><strong>ea</strong></span> <span class='ocrx_word' id='word_1_462' title='bbox 3325 2942 3394 2998; x_wconf 89' lang='lat' dir='ltr'><strong>de</strong></span> <span class='ocrx_word' id='word_1_463' title='bbox 3421 2957 3481 2997; x_wconf 90' lang='lat' dir='ltr'><strong>re</strong></span> <span class='ocrx_word' id='word_1_464' title='bbox 3509 2944 3620 2999; x_wconf 91' lang='lat' dir='ltr'><strong>suis</strong></span> 
     </span>
    </p>
   </div>
   <div class='ocr_carea' id='block_1_31' title="bbox 325 3030 3621 3104">
    <p class='ocr_par' dir='ltr' id='par_1_31' title="bbox 325 3030 3621 3104">
     <span class='ocr_line' id='line_1_31' title="bbox 325 3030 3621 3104; baseline 0.001 -17"><span class='ocrx_word' id='word_1_465' title='bbox 325 3034 379 3087; x_wconf 92' lang='lat' dir='ltr'><strong>in</strong></span> <span class='ocrx_word' id='word_1_466' title='bbox 407 3033 644 3088; x_wconf 89' lang='lat' dir='ltr'><strong>homiliis</strong></span> <span class='ocrx_word' id='word_1_467' title='bbox 672 3048 736 3088; x_wconf 90' lang='lat' dir='ltr'><strong>ac</strong></span> <span class='ocrx_word' id='word_1_468' title='bbox 763 3032 1102 3087; x_wconf 89' lang='lat' dir='ltr'><strong>sermonibus</strong></span> <span class='ocrx_word' id='word_1_469' title='bbox 1129 3031 1394 3101; x_wconf 87' lang='lat' dir='ltr'><strong>disputat,</strong></span> <span class='ocrx_word' id='word_1_470' title='bbox 1442 3046 1562 3100; x_wconf 74' lang='lat' dir='ltr'><strong>qua:</strong></span> <span class='ocrx_word' id='word_1_471' title='bbox 1585 3038 1761 3085; x_wconf 90' lang='lat' dir='ltr'><strong>tamen</strong></span> <span class='ocrx_word' id='word_1_472' title='bbox 1790 3030 2098 3087; x_wconf 89' lang='lat' dir='ltr'><strong>describere</strong></span> <span class='ocrx_word' id='word_1_473' title='bbox 2126 3047 2234 3087; x_wconf 90' lang='lat' dir='ltr'><strong>non</strong></span> <span class='ocrx_word' id='word_1_474' title='bbox 2263 3041 2344 3088; x_wconf 91' lang='lat' dir='ltr'><strong>est</strong></span> <span class='ocrx_word' id='word_1_475' title='bbox 2366 3048 2523 3104; x_wconf 90' lang='lat' dir='ltr'><strong>opus,</strong></span> <span class='ocrx_word' id='word_1_476' title='bbox 2553 3048 2672 3088; x_wconf 94' lang='lat' dir='ltr'><strong>cum</strong></span> <span class='ocrx_word' id='word_1_477' title='bbox 2703 3033 2894 3088; x_wconf 88' lang='lat' dir='ltr'><strong>eodem</strong></span> <span class='ocrx_word' id='word_1_478' title='bbox 2923 3041 3088 3104; x_wconf 90' lang='lat' dir='ltr'><strong>atque</strong></span> <span class='ocrx_word' id='word_1_479' title='bbox 3123 3033 3288 3089; x_wconf 89' lang='lat' dir='ltr'><strong>modo</strong></span> <span class='ocrx_word' id='word_1_480' title='bbox 3317 3033 3621 3104; x_wconf 85' lang='lat' dir='ltr'><strong>descriptus</strong></span> 
     </span>
    </p>
   </div>
   <div class='ocr_carea' id='block_1_32' title="bbox 326 3123 3619 3198">
    <p class='ocr_par' dir='ltr' id='par_1_32' title="bbox 326 3123 3619 3198">
     <span class='ocr_line' id='line_1_32' title="bbox 326 3123 3619 3198; baseline -0.001 -16"><span class='ocrx_word' id='word_1_481' title='bbox 326 3127 543 3182; x_wconf 77' lang='lat' dir='ltr'><strong>Maximi</strong></span> <span class='ocrx_word' id='word_1_482' title='bbox 575 3127 742 3198; x_wconf 89' lang='lat' dir='ltr'><strong>ipsius</strong></span> <span class='ocrx_word' id='word_1_483' title='bbox 766 3127 917 3183; x_wconf 93' lang='lat' dir='ltr'><strong>locus</strong></span> <span class='ocrx_word' id='word_1_484' title='bbox 944 3123 1205 3190; x_wconf 88' lang='lat' dir='ltr'><strong>recidant,</strong></span> <span class='ocrx_word' id='word_1_485' title='bbox 1238 3138 1414 3192; x_wconf 91' lang='lat' dir='ltr'><strong>neque</strong></span> <span class='ocrx_word' id='word_1_486' title='bbox 1439 3123 1730 3193; x_wconf 88' lang='lat' dir='ltr'><strong>quidquam</strong></span> <span class='ocrx_word' id='word_1_487' title='bbox 1762 3123 1936 3179; x_wconf 80' lang='lat' dir='ltr'><strong>ferant</strong></span> <span class='ocrx_word' id='word_1_488' title='bbox 1958 3165 1973 3188; x_wconf 90' lang='lat'><strong>,</strong></span> <span class='ocrx_word' id='word_1_489' title='bbox 2016 3125 2160 3193; x_wconf 93' lang='lat' dir='ltr'><strong>quod</strong></span> <span class='ocrx_word' id='word_1_490' title='bbox 2189 3125 2448 3195; x_wconf 89' lang='lat' dir='ltr'><strong>majorem</strong></span> <span class='ocrx_word' id='word_1_491' title='bbox 2478 3126 2530 3180; x_wconf 92' lang='lat' dir='ltr'><strong>in</strong></span> <span class='ocrx_word' id='word_1_492' title='bbox 2560 3125 2778 3181; x_wconf 89' lang='lat' dir='ltr'><strong>modum</strong></span> <span class='ocrx_word' id='word_1_493' title='bbox 2808 3125 3181 3182; x_wconf 89' lang='lat' dir='ltr'><strong>illustrandum</strong></span> <span class='ocrx_word' id='word_1_494' title='bbox 3206 3141 3327 3181; x_wconf 85' lang='lat' dir='ltr'><strong>esse</strong></span> <span class='ocrx_word' id='word_1_495' title='bbox 3355 3126 3619 3182; x_wconf 84' lang='lat' dir='ltr'><strong>videatur.</strong></span> 
     </span>
    </p>
   </div>
   <div class='ocr_carea' id='block_1_33' title="bbox 325 3210 3621 3285">
    <p class='ocr_par' dir='ltr' id='par_1_33' title="bbox 325 3210 3621 3285">
     <span class='ocr_line' id='line_1_33' title="bbox 325 3210 3621 3285; baseline 0 -16"><span class='ocrx_word' id='word_1_496' title='bbox 325 3217 500 3272; x_wconf 88' lang='lat' dir='ltr'><strong>Venio</strong></span> <span class='ocrx_word' id='word_1_497' title='bbox 529 3217 692 3285; x_wconf 85' lang='lat' dir='ltr'><strong>igitur</strong></span> <span class='ocrx_word' id='word_1_498' title='bbox 714 3215 780 3269; x_wconf 88' lang='lat' dir='ltr'><strong>ad</strong></span> <span class='ocrx_word' id='word_1_499' title='bbox 810 3213 1093 3269; x_wconf 89' lang='lat' dir='ltr'><strong>articulum</strong></span> <span class='ocrx_word' id='word_1_500' title='bbox 1121 3212 1214 3281; x_wconf 92' lang='lat' dir='ltr'><strong>qui</strong></span> <span class='ocrx_word' id='word_1_501' title='bbox 1243 3219 1327 3267; x_wconf 92' lang='lat' dir='ltr'><strong>est</strong></span> <span class='ocrx_word' id='word_1_502' title='bbox 1369 3210 1438 3266; x_wconf 90' lang='lat' dir='ltr'><strong>de</strong></span> <span class='ocrx_word' id='word_1_503' title='bbox 1477 3210 1677 3267; x_wconf 89' lang='lat' dir='ltr'><strong>Christi</strong></span> <span class='ocrx_word' id='word_1_504' title='bbox 1705 3211 1972 3266; x_wconf 89' lang='lat' dir='ltr'><strong>descensu</strong></span> <span class='ocrx_word' id='word_1_505' title='bbox 2001 3213 2070 3267; x_wconf 89' lang='lat' dir='ltr'><strong>ad</strong></span> <span class='ocrx_word' id='word_1_506' title='bbox 2099 3212 2317 3270; x_wconf 80' lang='lat' dir='ltr'><strong>inferos.</strong></span> <span class='ocrx_word' id='word_1_507' title='bbox 2379 3215 2456 3268; x_wconf 88' lang='lat' dir='ltr'><strong>De</strong></span> <span class='ocrx_word' id='word_1_508' title='bbox 2501 3215 2607 3270; x_wconf 89' lang='lat' dir='ltr'><strong>hoc</strong></span> <span class='ocrx_word' id='word_1_509' title='bbox 2632 3215 2711 3269; x_wconf 89' lang='lat' dir='ltr'><strong>sic</strong></span> <span class='ocrx_word' id='word_1_510' title='bbox 2748 3215 3011 3271; x_wconf 81' lang='lat' dir='ltr'><strong>Maximus</strong></span> <span class='ocrx_word' id='word_1_511' title='bbox 3037 3216 3253 3271; x_wconf 90' lang='lat' dir='ltr'><strong>disserit</strong></span> <span class='ocrx_word' id='word_1_512' title='bbox 3278 3216 3500 3270; x_wconf 82' lang='lat' dir='ltr'><strong>humilia</strong></span> <span class='ocrx_word' id='word_1_513' title='bbox 3529 3215 3621 3279; x_wconf 82' lang='lat'><strong>57,</strong></span> 
     </span>
    </p>
   </div>
   <div class='ocr_carea' id='block_1_34' title="bbox 328 3301 3621 3378">
    <p class='ocr_par' dir='ltr' id='par_1_34' title="bbox 328 3301 3621 3378">
     <span class='ocr_line' id='line_1_34' title="bbox 328 3301 3621 3378; baseline -0 -18"><span class='ocrx_word' id='word_1_514' title='bbox 328 3321 452 3376; x_wconf 88' lang='lat' dir='ltr'><strong>pag.</strong></span> <span class='ocrx_word' id='word_1_515' title='bbox 487 3305 626 3359; x_wconf 75' lang='lat'><strong>182:</strong></span> <span class='ocrx_word' id='word_1_516' title='bbox 663 3304 801 3369; x_wconf 82' lang='lat' dir='ltr'><strong>Quid</strong></span> <span class='ocrx_word' id='word_1_517' title='bbox 831 3306 1016 3358; x_wconf 87' lang='lat' dir='ltr'><strong>miram</strong></span> <span class='ocrx_word' id='word_1_518' title='bbox 1038 3304 1086 3357; x_wconf 90' lang='lat' dir='ltr'><strong>si</strong></span> <span class='ocrx_word' id='word_1_519' title='bbox 1114 3302 1254 3373; x_wconf 89' lang='lat' dir='ltr'><strong>apud</strong></span> <span class='ocrx_word' id='word_1_520' title='bbox 1273 3318 1482 3373; x_wconf 88' lang='lat' dir='ltr'><strong>superos</strong></span> <span class='ocrx_word' id='word_1_521' title='bbox 1515 3301 1752 3372; x_wconf 90' lang='lat' dir='ltr'><strong>(mortuo</strong></span> <span class='ocrx_word' id='word_1_522' title='bbox 1780 3301 1994 3358; x_wconf 88' lang='lat' dir='ltr'><strong>Christo</strong></span> <span class='ocrx_word' id='word_1_523' title='bbox 2021 3311 2142 3356; x_wconf 89' lang='lat' dir='ltr'><strong>sunt</strong></span> <span class='ocrx_word' id='word_1_524' title='bbox 2171 3303 2410 3366; x_wconf 84' lang='lat' dir='ltr'><strong>tenebrte,</strong></span> <span class='ocrx_word' id='word_1_525' title='bbox 2443 3320 2556 3358; x_wconf 87' lang='lat' dir='ltr'><strong>cum</strong></span> <span class='ocrx_word' id='word_1_526' title='bbox 2587 3306 2677 3359; x_wconf 80' lang='lat' dir='ltr'><strong>tua:</strong></span> <span class='ocrx_word' id='word_1_527' title='bbox 2698 3306 2962 3360; x_wconf 80' lang='lat' dir='ltr'><strong>descendit</strong></span> <span class='ocrx_word' id='word_1_528' title='bbox 2987 3307 3059 3360; x_wconf 90' lang='lat' dir='ltr'><strong>ad</strong></span> <span class='ocrx_word' id='word_1_529' title='bbox 3082 3308 3297 3378; x_wconf 87' lang='lat' dir='ltr'><strong>inferos.</strong></span> <span class='ocrx_word' id='word_1_530' title='bbox 3325 3307 3498 3361; x_wconf 89' lang='lat' dir='ltr'><strong>Serm.</strong></span> <span class='ocrx_word' id='word_1_531' title='bbox 3531 3307 3621 3370; x_wconf 75' lang='lat' dir='ltr'><strong>5i,</strong></span> 
     </span>
    </p>
   </div>
   <div class='ocr_carea' id='block_1_35' title="bbox 328 3391 3623 3468">
    <p class='ocr_par' dir='ltr' id='par_1_35' title="bbox 328 3391 3623 3468">
     <span class='ocr_line' id='line_1_35' title="bbox 328 3391 3623 3468; baseline 0 -17"><span class='ocrx_word' id='word_1_532' title='bbox 328 3413 451 3468; x_wconf 84' lang='lat' dir='ltr'><strong>pag.</strong></span> <span class='ocrx_word' id='word_1_533' title='bbox 509 3396 650 3450; x_wconf 68' lang='lat'><strong>479:</strong></span> <span class='ocrx_word' id='word_1_534' title='bbox 685 3397 821 3450; x_wconf 90' lang='lat' dir='ltr'><strong>Dum</strong></span> <span class='ocrx_word' id='word_1_535' title='bbox 865 3405 1099 3459; x_wconf 89' lang='lat' dir='ltr'><strong>mortem,</strong></span> <span class='ocrx_word' id='word_1_536' title='bbox 1133 3393 1337 3462; x_wconf 88' lang='lat' dir='ltr'><strong>inquit,</strong></span> <span class='ocrx_word' id='word_1_537' title='bbox 1389 3391 1459 3445; x_wconf 89' lang='lat' dir='ltr'><strong>ad</strong></span> <span class='ocrx_word' id='word_1_538' title='bbox 1486 3393 1696 3463; x_wconf 88' lang='lat' dir='ltr'><strong>inferna</strong></span> <span class='ocrx_word' id='word_1_539' title='bbox 1740 3408 1898 3462; x_wconf 86' lang='lat' dir='ltr'><strong>usque</strong></span> <span class='ocrx_word' id='word_1_540' title='bbox 1945 3394 2284 3464; x_wconf 87' lang='lat' dir='ltr'><strong>persequitur,</strong></span> <span class='ocrx_word' id='word_1_541' title='bbox 2316 3393 2386 3446; x_wconf 87' lang='lat' dir='ltr'><strong>ad</strong></span> <span class='ocrx_word' id='word_1_542' title='bbox 2423 3395 2656 3463; x_wconf 86' lang='lat' dir='ltr'><strong>paradisi</strong></span> <span class='ocrx_word' id='word_1_543' title='bbox 2683 3397 2994 3466; x_wconf 87' lang='lat' dir='ltr'><strong>sempiterna</strong></span> <span class='ocrx_word' id='word_1_544' title='bbox 3023 3397 3236 3468; x_wconf 79' lang='lat' dir='ltr'><strong>gaudia,</strong></span> <span class='ocrx_word' id='word_1_545' title='bbox 3260 3413 3408 3465; x_wconf 68' lang='lat' dir='ltr'><strong>«mem</strong></span> <span class='ocrx_word' id='word_1_546' title='bbox 3433 3397 3623 3452; x_wconf 80' lang='lat' dir='ltr'><strong>creavit</strong></span> 
     </span>
    </p>
   </div>
   <div class='ocr_carea' id='block_1_36' title="bbox 329 3484 3622 3560">
    <p class='ocr_par' dir='ltr' id='par_1_36' title="bbox 329 3484 3622 3560">
     <span class='ocr_line' id='line_1_36' title="bbox 329 3484 3622 3560; baseline 0 -18"><span class='ocrx_word' id='word_1_547' title='bbox 329 3501 484 3558; x_wconf 87' lang='lat' dir='ltr'><strong>atque</strong></span> <span class='ocrx_word' id='word_1_548' title='bbox 503 3490 716 3544; x_wconf 80' lang='lat' dir='ltr'><strong>redemit</strong></span> <span class='ocrx_word' id='word_1_549' title='bbox 745 3489 1022 3552; x_wconf 86' lang='lat' dir='ltr'><strong>hominem,</strong></span> <span class='ocrx_word' id='word_1_550' title='bbox 1058 3500 1298 3540; x_wconf 88' lang='lat' dir='ltr'><strong>revocare</strong></span> <span class='ocrx_word' id='word_1_551' title='bbox 1317 3485 1561 3555; x_wconf 86' lang='lat' dir='ltr'><strong>dignatus</strong></span> <span class='ocrx_word' id='word_1_552' title='bbox 1591 3494 1685 3537; x_wconf 88' lang='lat' dir='ltr'><strong>est.</strong></span> <span class='ocrx_word' id='word_1_553' title='bbox 1727 3484 1808 3536; x_wconf 83' lang='lat' dir='ltr'><strong>Ad</strong></span> <span class='ocrx_word' id='word_1_554' title='bbox 1829 3485 2037 3555; x_wconf 89' lang='lat' dir='ltr'><strong>inferna</strong></span> <span class='ocrx_word' id='word_1_555' title='bbox 2059 3502 2215 3557; x_wconf 87' lang='lat' dir='ltr'><strong>usque</strong></span> <span class='ocrx_word' id='word_1_556' title='bbox 2241 3495 2536 3558; x_wconf 87' lang='lat' dir='ltr'><strong>persecutus</strong></span> <span class='ocrx_word' id='word_1_557' title='bbox 2556 3497 2631 3542; x_wconf 87' lang='lat' dir='ltr'><strong>est</strong></span> <span class='ocrx_word' id='word_1_558' title='bbox 2661 3498 2875 3541; x_wconf 90' lang='lat' dir='ltr'><strong>mortem</strong></span> <span class='ocrx_word' id='word_1_559' title='bbox 2894 3531 2908 3553; x_wconf 93' lang='lat'><strong>,</strong></span> <span class='ocrx_word' id='word_1_560' title='bbox 2942 3499 3094 3559; x_wconf 90' lang='lat' dir='ltr'><strong>atque</strong></span> <span class='ocrx_word' id='word_1_561' title='bbox 3121 3489 3353 3544; x_wconf 86' lang='lat' dir='ltr'><strong>eamdem</strong></span> <span class='ocrx_word' id='word_1_562' title='bbox 3380 3491 3433 3543; x_wconf 87' lang='lat' dir='ltr'><strong>in</strong></span> <span class='ocrx_word' id='word_1_563' title='bbox 3465 3506 3622 3560; x_wconf 88' lang='lat' dir='ltr'><strong>regno</strong></span> 
     </span>
    </p>
   </div>
   <div class='ocr_carea' id='block_1_37' title="bbox 330 3573 3620 3650">
    <p class='ocr_par' dir='ltr' id='par_1_37' title="bbox 330 3573 3620 3650">
     <span class='ocr_line' id='line_1_37' title="bbox 330 3573 3620 3650; baseline 0.001 -17"><span class='ocrx_word' id='word_1_564' title='bbox 330 3593 427 3633; x_wconf 85' lang='lat' dir='ltr'><strong>suo</strong></span> <span class='ocrx_word' id='word_1_565' title='bbox 457 3579 728 3650; x_wconf 85' lang='lat' dir='ltr'><strong>gloriosius</strong></span> <span class='ocrx_word' id='word_1_566' title='bbox 756 3578 1016 3648; x_wconf 87' lang='lat' dir='ltr'><strong>captivam</strong></span> <span class='ocrx_word' id='word_1_567' title='bbox 1046 3577 1167 3648; x_wconf 88' lang='lat' dir='ltr'><strong>fecit</strong></span> <span class='ocrx_word' id='word_1_568' title='bbox 1200 3574 1436 3646; x_wconf 86' lang='lat' dir='ltr'><strong>atque-de</strong></span> <span class='ocrx_word' id='word_1_569' title='bbox 1466 3573 1646 3628; x_wconf 85' lang='lat' dir='ltr'><strong>eadem</strong></span> <span class='ocrx_word' id='word_1_570' title='bbox 1671 3574 2017 3645; x_wconf 84' lang='lat' dir='ltr'><strong>triumphavit.</strong></span> <span class='ocrx_word' id='word_1_571' title='bbox 2060 3579 2253 3648; x_wconf 79' lang='lat' dir='ltr'><strong>Aperta</strong></span> <span class='ocrx_word' id='word_1_572' title='bbox 2277 3587 2398 3631; x_wconf 89' lang='lat' dir='ltr'><strong>tunc</strong></span> <span class='ocrx_word' id='word_1_573' title='bbox 2420 3587 2537 3632; x_wconf 86' lang='lat' dir='ltr'><strong>sunt</strong></span> <span class='ocrx_word' id='word_1_574' title='bbox 2561 3579 2826 3632; x_wconf 86' lang='lat' dir='ltr'><strong>tenebrosa</strong></span> <span class='ocrx_word' id='word_1_575' title='bbox 2847 3579 2939 3632; x_wconf 89' lang='lat' dir='ltr'><strong>illa</strong></span> <span class='ocrx_word' id='word_1_576' title='bbox 2962 3581 3284 3650; x_wconf 88' lang='lat' dir='ltr'><strong>infernarum</strong></span> <span class='ocrx_word' id='word_1_577' title='bbox 3311 3581 3620 3649; x_wconf 85' lang='lat' dir='ltr'><strong>penetralia.</strong></span> 
     </span>
    </p>
   </div>
   <div class='ocr_carea' id='block_1_38' title="bbox 336 3665 3619 3741">
    <p class='ocr_par' dir='ltr' id='par_1_38' title="bbox 336 3665 3619 3741">
     <span class='ocr_line' id='line_1_38' title="bbox 336 3665 3619 3741; baseline 0.002 -20"><span class='ocrx_word' id='word_1_578' title='bbox 336 3668 488 3732; x_wconf 83' lang='lat' dir='ltr'><strong>Quod</strong></span> <span class='ocrx_word' id='word_1_579' title='bbox 506 3685 767 3740; x_wconf 78' lang='lat' dir='ltr'><strong>nunquam</strong></span> <span class='ocrx_word' id='word_1_580' title='bbox 797 3667 994 3722; x_wconf 83' lang='lat' dir='ltr'><strong>viderat</strong></span> <span class='ocrx_word' id='word_1_581' title='bbox 1019 3667 1220 3721; x_wconf 79' lang='lat' dir='ltr'><strong>cceleste</strong></span> <span class='ocrx_word' id='word_1_582' title='bbox 1248 3667 1440 3730; x_wconf 88' lang='lat' dir='ltr'><strong>lumen,</strong></span> <span class='ocrx_word' id='word_1_583' title='bbox 1468 3673 1661 3719; x_wconf 78' lang='lat' dir='ltr'><strong>wterna</strong></span> <span class='ocrx_word' id='word_1_584' title='bbox 1692 3680 1797 3718; x_wconf 72' lang='lat' dir='ltr'><strong>nox</strong></span> <span class='ocrx_word' id='word_1_585' title='bbox 1823 3665 2016 3720; x_wconf 89' lang='lat' dir='ltr'><strong>mirata</strong></span> <span class='ocrx_word' id='word_1_586' title='bbox 2044 3677 2138 3722; x_wconf 89' lang='lat' dir='ltr'><strong>est.</strong></span> <span class='ocrx_word' id='word_1_587' title='bbox 2187 3667 2338 3721; x_wconf 82' lang='lat' dir='ltr'><strong>Unde</strong></span> <span class='ocrx_word' id='word_1_588' title='bbox 2366 3683 2481 3722; x_wconf 88' lang='lat' dir='ltr'><strong>cum</strong></span> <span class='ocrx_word' id='word_1_589' title='bbox 2507 3669 2758 3739; x_wconf 81' lang='lat' dir='ltr'><strong>propheta</strong></span> <span class='ocrx_word' id='word_1_590' title='bbox 2787 3671 2899 3736; x_wconf 87' lang='lat' dir='ltr'><strong>ipse</strong></span> <span class='ocrx_word' id='word_1_591' title='bbox 2923 3670 3091 3724; x_wconf 88' lang='lat' dir='ltr'><strong>dicere</strong></span> <span class='ocrx_word' id='word_1_592' title='bbox 3121 3681 3324 3741; x_wconf 88' lang='lat' dir='ltr'><strong>poterat</strong></span> <span class='ocrx_word' id='word_1_593' title='bbox 3348 3688 3364 3725; x_wconf 93' lang='lat'><strong><em>:</em></strong></span> <span class='ocrx_word' id='word_1_594' title='bbox 3394 3672 3438 3725; x_wconf 86' lang='lat'><em>0</em></span> <span class='ocrx_word' id='word_1_595' title='bbox 3460 3689 3619 3737; x_wconf 87' lang='lat' dir='ltr'><strong>mors,</strong></span> 
     </span>
    </p>
   </div>
   <div class='ocr_carea' id='block_1_39' title="bbox 331 3755 3622 3834">
    <p class='ocr_par' dir='ltr' id='par_1_39' title="bbox 331 3755 3622 3834">
     <span class='ocr_line' id='line_1_39' title="bbox 331 3755 3622 3834; baseline 0 -19"><span class='ocrx_word' id='word_1_596' title='bbox 331 3779 418 3815; x_wconf 87' lang='lat' dir='ltr'><strong>ero</strong></span> <span class='ocrx_word' id='word_1_597' title='bbox 443 3777 582 3815; x_wconf 88' lang='lat' dir='ltr'><strong>mors</strong></span> <span class='ocrx_word' id='word_1_598' title='bbox 604 3770 715 3825; x_wconf 66' lang='lat' dir='ltr'><strong>tua,</strong></span> <span class='ocrx_word' id='word_1_599' title='bbox 752 3777 837 3814; x_wconf 87' lang='lat' dir='ltr'><strong>ero</strong></span> <span class='ocrx_word' id='word_1_600' title='bbox 867 3776 1066 3814; x_wconf 86' lang='lat' dir='ltr'><strong>morsus</strong></span> <span class='ocrx_word' id='word_1_601' title='bbox 1089 3768 1226 3823; x_wconf 86' lang='lat' dir='ltr'><strong>tuus,</strong></span> <span class='ocrx_word' id='word_1_602' title='bbox 1252 3759 1472 3830; x_wconf 79' lang='lat' dir='ltr'><strong>inferne.</strong></span> <span class='ocrx_word' id='word_1_603' title='bbox 1505 3755 1648 3810; x_wconf 86' lang='lat' dir='ltr'><strong>Nam</strong></span> <span class='ocrx_word' id='word_1_604' title='bbox 1665 3774 1809 3829; x_wconf 83' lang='lat' dir='ltr'><strong>quem</strong></span> <span class='ocrx_word' id='word_1_605' title='bbox 1840 3768 1895 3811; x_wconf 90' lang='lat' dir='ltr'><strong>ut</strong></span> <span class='ocrx_word' id='word_1_606' title='bbox 1920 3769 2175 3813; x_wconf 81' lang='lat' dir='ltr'><strong>mortuum</strong></span> <span class='ocrx_word' id='word_1_607' title='bbox 2198 3760 2432 3830; x_wconf 87' lang='lat' dir='ltr'><strong>putabat,</strong></span> <span class='ocrx_word' id='word_1_608' title='bbox 2451 3771 2632 3815; x_wconf 87' lang='lat' dir='ltr'><strong>coacta</strong></span> <span class='ocrx_word' id='word_1_609' title='bbox 2651 3771 2724 3815; x_wconf 86' lang='lat' dir='ltr'><strong>est</strong></span> <span class='ocrx_word' id='word_1_610' title='bbox 2754 3762 3028 3827; x_wconf 88' lang='lat' dir='ltr'><strong>dimittere,</strong></span> <span class='ocrx_word' id='word_1_611' title='bbox 3059 3773 3107 3815; x_wconf 88' lang='lat' dir='ltr'><strong>et</strong></span> <span class='ocrx_word' id='word_1_612' title='bbox 3135 3762 3340 3816; x_wconf 85' lang='lat' dir='ltr'><strong>illorum</strong></span> <span class='ocrx_word' id='word_1_613' title='bbox 3367 3779 3492 3834; x_wconf 90' lang='lat' dir='ltr'><strong>quos</strong></span> <span class='ocrx_word' id='word_1_614' title='bbox 3507 3764 3622 3834; x_wconf 88' lang='lat' dir='ltr'><strong>jam</strong></span> 
     </span>
    </p>
   </div>
   <div class='ocr_carea' id='block_1_40' title="bbox 331 3847 3623 3924">
    <p class='ocr_par' dir='ltr' id='par_1_40' title="bbox 331 3847 3623 3924">
     <span class='ocr_line' id='line_1_40' title="bbox 331 3847 3623 3924; baseline 0 -18"><span class='ocrx_word' id='word_1_615' title='bbox 331 3852 602 3917; x_wconf 85' lang='lat' dir='ltr'><strong>retinebat,</strong></span> <span class='ocrx_word' id='word_1_616' title='bbox 647 3858 859 3921; x_wconf 75' lang='lat' dir='ltr'><strong>experta</strong></span> <span class='ocrx_word' id='word_1_617' title='bbox 905 3859 983 3904; x_wconf 88' lang='lat' dir='ltr'><strong>est</strong></span> <span class='ocrx_word' id='word_1_618' title='bbox 1031 3848 1406 3904; x_wconf 85' lang='lat' dir='ltr'><strong>liberationem.</strong></span> <span class='ocrx_word' id='word_1_619' title='bbox 1474 3847 1737 3905; x_wconf 89' lang='lat' dir='ltr'><strong>Sermone</strong></span> <span class='ocrx_word' id='word_1_620' title='bbox 1781 3848 1871 3914; x_wconf 75' lang='grc'><strong>45,</strong></span> <span class='ocrx_word' id='word_1_621' title='bbox 1921 3864 2044 3919; x_wconf 85' lang='lat' dir='ltr'><strong>pag.</strong></span> <span class='ocrx_word' id='word_1_622' title='bbox 2095 3850 2200 3904; x_wconf 78' lang='lat' dir='ltr'><strong>5M</strong></span> <span class='ocrx_word' id='word_1_623' title='bbox 2244 3869 2255 3904; x_wconf 88' lang='lat'>:</span> <span class='ocrx_word' id='word_1_624' title='bbox 2311 3849 2440 3916; x_wconf 71' lang='lat' dir='ltr'><strong>Qua:</strong></span> <span class='ocrx_word' id='word_1_625' title='bbox 2479 3854 2692 3908; x_wconf 88' lang='lat' dir='ltr'><strong>omnino</strong></span> <span class='ocrx_word' id='word_1_626' title='bbox 2735 3855 2876 3924; x_wconf 89' lang='lat' dir='ltr'><strong>facta</strong></span> <span class='ocrx_word' id='word_1_627' title='bbox 2918 3864 3035 3909; x_wconf 89' lang='lat' dir='ltr'><strong>sunt</strong></span> <span class='ocrx_word' id='word_1_628' title='bbox 3081 3854 3275 3910; x_wconf 85' lang='lat' dir='ltr'><strong>idcirco</strong></span> <span class='ocrx_word' id='word_1_629' title='bbox 3302 3895 3316 3919; x_wconf 94' lang='lat'><strong>,</strong></span> <span class='ocrx_word' id='word_1_630' title='bbox 3365 3854 3623 3908; x_wconf 87' lang='lat' dir='ltr'><strong>carissimi</strong></span> 
     </span>
    </p>
   </div>
   <div class='ocr_carea' id='block_1_41' title="bbox 332 3937 3619 4017">
    <p class='ocr_par' dir='ltr' id='par_1_41' title="bbox 332 3937 3619 4017">
     <span class='ocr_line' id='line_1_41' title="bbox 332 3937 3619 4017; baseline 0.002 -25"><span class='ocrx_word' id='word_1_631' title='bbox 332 3950 388 3993; x_wconf 86' lang='lat' dir='ltr'><strong>ut</strong></span> <span class='ocrx_word' id='word_1_632' title='bbox 428 3957 578 3994; x_wconf 85' lang='lat' dir='ltr'><strong>nemo</strong></span> <span class='ocrx_word' id='word_1_633' title='bbox 619 3941 824 4010; x_wconf 88' lang='lat' dir='ltr'><strong>penitus</strong></span> <span class='ocrx_word' id='word_1_634' title='bbox 853 3939 914 3993; x_wconf 87' lang='lat' dir='ltr'><strong>de</strong></span> <span class='ocrx_word' id='word_1_635' title='bbox 937 3939 1050 4010; x_wconf 86' lang='lat' dir='ltr'><strong>ejus</strong></span> <span class='ocrx_word' id='word_1_636' title='bbox 1079 3937 1249 3993; x_wconf 89' lang='lat' dir='ltr'><strong>reditu</strong></span> <span class='ocrx_word' id='word_1_637' title='bbox 1282 3937 1346 3990; x_wconf 90' lang='lat' dir='ltr'><strong>ab</strong></span> <span class='ocrx_word' id='word_1_638' title='bbox 1378 3938 1559 4008; x_wconf 88' lang='lat' dir='ltr'><strong>inferis</strong></span> <span class='ocrx_word' id='word_1_639' title='bbox 1603 3938 1906 4010; x_wconf 89' lang='lat' dir='ltr'><strong>disputaret,</strong></span> <span class='ocrx_word' id='word_1_640' title='bbox 1940 3940 2026 4010; x_wconf 87' lang='lat' dir='ltr'><strong>qui</strong></span> <span class='ocrx_word' id='word_1_641' title='bbox 2069 3938 2387 4009; x_wconf 86' lang='lat' dir='ltr'><strong>probabatur</strong></span> <span class='ocrx_word' id='word_1_642' title='bbox 2432 3950 2578 3995; x_wconf 89' lang='lat' dir='ltr'><strong>tanta</strong></span> <span class='ocrx_word' id='word_1_643' title='bbox 2626 3943 2793 4014; x_wconf 86' lang='lat' dir='ltr'><strong>gloria</strong></span> <span class='ocrx_word' id='word_1_644' title='bbox 2821 3946 3096 3999; x_wconf 88' lang='lat' dir='ltr'><strong>suscitasse</strong></span> <span class='ocrx_word' id='word_1_645' title='bbox 3137 3945 3405 4017; x_wconf 82' lang='lat' dir='ltr'><strong>defunctos</strong></span> <span class='ocrx_word' id='word_1_646' title='bbox 3425 3985 3438 3999; x_wconf 93' lang='lat'><strong>.</strong></span> <span class='ocrx_word' id='word_1_647' title='bbox 3459 3985 3473 3999; x_wconf 93' lang='lat'><strong>.</strong></span> <span class='ocrx_word' id='word_1_648' title='bbox 3497 3984 3539 3998; x_wconf 92' lang='lat'><strong>..</strong></span> <span class='ocrx_word' id='word_1_649' title='bbox 3567 3985 3581 3998; x_wconf 94' lang='lat'><strong>.</strong></span> <span class='ocrx_word' id='word_1_650' title='bbox 3604 3984 3619 3997; x_wconf 94' lang='lat'><strong>.</strong></span> 
     </span>
    </p>
   </div>
   <div class='ocr_carea' id='block_1_42' title="bbox 334 4028 3625 4107">
    <p class='ocr_par' dir='ltr' id='par_1_42' title="bbox 334 4028 3625 4107">
     <span class='ocr_line' id='line_1_42' title="bbox 334 4028 3625 4107; baseline 0.002 -23"><span class='ocrx_word' id='word_1_651' title='bbox 334 4032 576 4085; x_wconf 80' lang='lat' dir='ltr'><strong>Amemus</strong></span> <span class='ocrx_word' id='word_1_652' title='bbox 615 4048 730 4084; x_wconf 87' lang='lat' dir='ltr'><strong>eum</strong></span> <span class='ocrx_word' id='word_1_653' title='bbox 799 4041 904 4085; x_wconf 91' lang='lat' dir='ltr'><strong>tam</strong></span> <span class='ocrx_word' id='word_1_654' title='bbox 946 4048 1136 4102; x_wconf 90' lang='lat' dir='ltr'><strong>magna</strong></span> <span class='ocrx_word' id='word_1_655' title='bbox 1185 4028 1333 4083; x_wconf 87' lang='lat' dir='ltr'><strong>nobis</strong></span> <span class='ocrx_word' id='word_1_656' title='bbox 1376 4028 1624 4098; x_wconf 80' lang='lat' dir='ltr'><strong>beneficia</strong></span> <span class='ocrx_word' id='word_1_657' title='bbox 1673 4032 2039 4101; x_wconf 87' lang='lat' dir='ltr'><strong>conferentem,</strong></span> <span class='ocrx_word' id='word_1_658' title='bbox 2090 4033 2425 4086; x_wconf 87' lang='lat' dir='ltr'><strong>suscitantem</strong></span> <span class='ocrx_word' id='word_1_659' title='bbox 2465 4043 2728 4100; x_wconf 87' lang='lat' dir='ltr'><strong>mortuos;</strong></span> <span class='ocrx_word' id='word_1_660' title='bbox 2777 4052 3073 4090; x_wconf 82' lang='lat' dir='ltr'><strong>veneremur</strong></span> <span class='ocrx_word' id='word_1_661' title='bbox 3111 4035 3176 4090; x_wconf 91' lang='lat' dir='ltr'><strong>ab</strong></span> <span class='ocrx_word' id='word_1_662' title='bbox 3217 4039 3402 4107; x_wconf 83' lang='lat' dir='ltr'><strong>inferis</strong></span> <span class='ocrx_word' id='word_1_663' title='bbox 3449 4053 3625 4091; x_wconf 85' lang='lat' dir='ltr'><strong>resur-</strong></span> 
     </span>
    </p>
   </div>
   <div class='ocr_carea' id='block_1_43' title="bbox 334 4119 3624 4195">
    <p class='ocr_par' dir='ltr' id='par_1_43' title="bbox 334 4119 3624 4195">
     <span class='ocr_line' id='line_1_43' title="bbox 334 4119 3624 4195; baseline 0.002 -19"><span class='ocrx_word' id='word_1_664' title='bbox 334 4135 567 4195; x_wconf 86' lang='lat' dir='ltr'><strong>gentem;</strong></span> <span class='ocrx_word' id='word_1_665' title='bbox 614 4125 844 4178; x_wconf 86' lang='lat' dir='ltr'><strong>columus</strong></span> <span class='ocrx_word' id='word_1_666' title='bbox 869 4164 884 4190; x_wconf 93' lang='lat'><strong>,</strong></span> <span class='ocrx_word' id='word_1_667' title='bbox 929 4123 1202 4178; x_wconf 88' lang='lat' dir='ltr'><strong>adoremus</strong></span> <span class='ocrx_word' id='word_1_668' title='bbox 1251 4123 1409 4176; x_wconf 89' lang='lat' dir='ltr'><strong>etiam</strong></span> <span class='ocrx_word' id='word_1_669' title='bbox 1455 4122 1526 4174; x_wconf 91' lang='lat' dir='ltr'><strong>ad</strong></span> <span class='ocrx_word' id='word_1_670' title='bbox 1570 4119 1752 4175; x_wconf 83' lang='lat' dir='ltr'><strong>Patris</strong></span> <span class='ocrx_word' id='word_1_671' title='bbox 1789 4121 2058 4175; x_wconf 72' lang='lat' dir='ltr'><strong>dexteram</strong></span> <span class='ocrx_word' id='word_1_672' title='bbox 2107 4122 2478 4177; x_wconf 78' lang='lat' dir='ltr'><strong>considentem.</strong></span> <span class='ocrx_word' id='word_1_673' title='bbox 2541 4123 2901 4190; x_wconf 89' lang='lat' dir='ltr'><strong>Quamobrem</strong></span> <span class='ocrx_word' id='word_1_674' title='bbox 2951 4141 3081 4183; x_wconf 86' lang='lat' dir='ltr'><strong>vero</strong></span> <span class='ocrx_word' id='word_1_675' title='bbox 3129 4127 3196 4181; x_wconf 87' lang='lat' dir='ltr'><strong>ad</strong></span> <span class='ocrx_word' id='word_1_676' title='bbox 3226 4127 3428 4183; x_wconf 81' lang='lat' dir='ltr'><strong>inferos</strong></span> <span class='ocrx_word' id='word_1_677' title='bbox 3467 4127 3624 4181; x_wconf 88' lang='lat' dir='ltr'><strong>Chri-</strong></span> 
     </span>
    </p>
   </div>
   <div class='ocr_carea' id='block_1_44' title="bbox 333 4210 3621 4285">
    <p class='ocr_par' dir='ltr' id='par_1_44' title="bbox 333 4210 3621 4285">
     <span class='ocr_line' id='line_1_44' title="bbox 333 4210 3621 4285; baseline 0.002 -16"><span class='ocrx_word' id='word_1_678' title='bbox 333 4225 448 4270; x_wconf 88' lang='lat' dir='ltr'><strong>stus</strong></span> <span class='ocrx_word' id='word_1_679' title='bbox 495 4213 870 4280; x_wconf 86' lang='lat' dir='ltr'><strong>descenderit,</strong></span> <span class='ocrx_word' id='word_1_680' title='bbox 945 4214 1084 4268; x_wconf 88' lang='lat' dir='ltr'><strong>idem</strong></span> <span class='ocrx_word' id='word_1_681' title='bbox 1151 4213 1374 4282; x_wconf 89' lang='lat' dir='ltr'><strong>exponit</strong></span> <span class='ocrx_word' id='word_1_682' title='bbox 1419 4210 1684 4267; x_wconf 87' lang='lat' dir='ltr'><strong>Maximus</strong></span> <span class='ocrx_word' id='word_1_683' title='bbox 1733 4213 1952 4267; x_wconf 88' lang='lat' dir='ltr'><strong>homilia</strong></span> <span class='ocrx_word' id='word_1_684' title='bbox 2003 4212 2094 4276; x_wconf 82' lang='grc'><strong>57,</strong></span> <span class='ocrx_word' id='word_1_685' title='bbox 2145 4228 2267 4285; x_wconf 86' lang='lat' dir='ltr'><strong>pag.</strong></span> <span class='ocrx_word' id='word_1_686' title='bbox 2324 4214 2446 4269; x_wconf 85' lang='grc'><strong>180.</strong></span> <span class='ocrx_word' id='word_1_687' title='bbox 2517 4214 2713 4272; x_wconf 90' lang='lat' dir='ltr'><strong>Scribit</strong></span> <span class='ocrx_word' id='word_1_688' title='bbox 2761 4218 2904 4272; x_wconf 90' lang='lat' dir='ltr'><strong>enim</strong></span> <span class='ocrx_word' id='word_1_689' title='bbox 2947 4219 3052 4274; x_wconf 92' lang='lat' dir='ltr'><strong>hoc</strong></span> <span class='ocrx_word' id='word_1_690' title='bbox 3099 4219 3300 4275; x_wconf 89' lang='lat' dir='ltr'><strong>modo:</strong></span> <span class='ocrx_word' id='word_1_691' title='bbox 3357 4220 3508 4284; x_wconf 84' lang='lat' dir='ltr'><strong>Quod</strong></span> <span class='ocrx_word' id='word_1_692' title='bbox 3564 4223 3621 4275; x_wconf 90' lang='lat' dir='ltr'><strong>in</strong></span> 
     </span>
    </p>
   </div>
   <div class='ocr_carea' id='block_1_45' title="bbox 336 4300 3619 4382">
    <p class='ocr_par' dir='ltr' id='par_1_45' title="bbox 336 4300 3619 4382">
     <span class='ocr_line' id='line_1_45' title="bbox 336 4300 3619 4382; baseline 0.002 -23"><span class='ocrx_word' id='word_1_693' title='bbox 336 4308 538 4377; x_wconf 87' lang='lat' dir='ltr'><strong>inferno</strong></span> <span class='ocrx_word' id='word_1_694' title='bbox 590 4305 794 4372; x_wconf 89' lang='lat' dir='ltr'><strong>luceat,</strong></span> <span class='ocrx_word' id='word_1_695' title='bbox 843 4307 918 4359; x_wconf 90' lang='lat' dir='ltr'><strong>ait</strong></span> <span class='ocrx_word' id='word_1_696' title='bbox 961 4304 1254 4374; x_wconf 82' lang='lat' dir='ltr'><strong>propheta:</strong></span> <span class='ocrx_word' id='word_1_697' title='bbox 1299 4300 1398 4366; x_wconf 87' lang='lat' dir='ltr'><strong>Qui</strong></span> <span class='ocrx_word' id='word_1_698' title='bbox 1423 4301 1674 4357; x_wconf 87' lang='lat' dir='ltr'><strong>sedebant</strong></span> <span class='ocrx_word' id='word_1_699' title='bbox 1711 4304 1767 4357; x_wconf 88' lang='lat' dir='ltr'><strong>in</strong></span> <span class='ocrx_word' id='word_1_700' title='bbox 1813 4306 2020 4375; x_wconf 89' lang='lat' dir='ltr'><strong>regione</strong></span> <span class='ocrx_word' id='word_1_701' title='bbox 2047 4305 2242 4362; x_wconf 73' lang='lat' dir='ltr'><strong>umbra:</strong></span> <span class='ocrx_word' id='word_1_702' title='bbox 2284 4308 2463 4362; x_wconf 89' lang='lat' dir='ltr'><strong>mortis</strong></span> <span class='ocrx_word' id='word_1_703' title='bbox 2507 4309 2598 4362; x_wconf 75' lang='lat' dir='ltr'><strong>luas</strong></span> <span class='ocrx_word' id='word_1_704' title='bbox 2626 4317 2740 4362; x_wconf 91' lang='lat' dir='ltr'><strong>orta</strong></span> <span class='ocrx_word' id='word_1_705' title='bbox 2769 4320 2844 4363; x_wconf 89' lang='lat' dir='ltr'><strong>est</strong></span> <span class='ocrx_word' id='word_1_706' title='bbox 2869 4309 2993 4364; x_wconf 87' lang='lat' dir='ltr'><strong>illis.</strong></span> <span class='ocrx_word' id='word_1_707' title='bbox 3036 4311 3102 4365; x_wconf 85' lang='lat' dir='ltr'><strong>Et</strong></span> <span class='ocrx_word' id='word_1_708' title='bbox 3121 4311 3340 4365; x_wconf 84' lang='lat' dir='ltr'><strong>humilia</strong></span> <span class='ocrx_word' id='word_1_709' title='bbox 3379 4312 3464 4377; x_wconf 82' lang='lat'><strong>60,</strong></span> <span class='ocrx_word' id='word_1_710' title='bbox 3496 4326 3619 4382; x_wconf 79' lang='lat' dir='ltr'><strong>pag.</strong></span> 
     </span>
    </p>
   </div>
   <div class='ocr_carea' id='block_1_46' title="bbox 337 4393 3624 4466">
    <p class='ocr_par' dir='ltr' id='par_1_46' title="bbox 337 4393 3624 4466">
     <span class='ocr_line' id='line_1_46' title="bbox 337 4393 3624 4466; baseline 0.003 -17"><span class='ocrx_word' id='word_1_711' title='bbox 337 4397 440 4450; x_wconf 75' lang='grc'><strong>189</strong></span> <span class='ocrx_word' id='word_1_712' title='bbox 467 4414 624 4466; x_wconf 83' lang='lat' dir='ltr'><strong>scq.:</strong></span> <span class='ocrx_word' id='word_1_713' title='bbox 679 4396 848 4462; x_wconf 84' lang='lat' dir='ltr'><strong>Quam</strong></span> <span class='ocrx_word' id='word_1_714' title='bbox 886 4396 1011 4450; x_wconf 87' lang='lat' dir='ltr'><strong>bene</strong></span> <span class='ocrx_word' id='word_1_715' title='bbox 1059 4394 1371 4462; x_wconf 83' lang='lat' dir='ltr'><strong>triumphum</strong></span> <span class='ocrx_word' id='word_1_716' title='bbox 1415 4393 1632 4448; x_wconf 88' lang='lat' dir='ltr'><strong>Domini</strong></span> <span class='ocrx_word' id='word_1_717' title='bbox 1673 4395 1922 4465; x_wconf 87' lang='lat' dir='ltr'><strong>propheta</strong></span> <span class='ocrx_word' id='word_1_718' title='bbox 1971 4397 2238 4452; x_wconf 86' lang='lat' dir='ltr'><strong>describit.</strong></span> <span class='ocrx_word' id='word_1_719' title='bbox 2449 4398 2584 4454; x_wconf 81' lang='lat' dir='ltr'><strong>Ecce</strong></span> <span class='ocrx_word' id='word_1_720' title='bbox 2622 4399 2904 4457; x_wconf 87' lang='lat' dir='ltr'><strong>Dominum</strong></span> <span class='ocrx_word' id='word_1_721' title='bbox 2948 4413 3152 4459; x_wconf 87' lang='lat' dir='ltr'><strong>euntem</strong></span> <span class='ocrx_word' id='word_1_722' title='bbox 3190 4404 3258 4457; x_wconf 89' lang='lat' dir='ltr'><strong>ad</strong></span> <span class='ocrx_word' id='word_1_723' title='bbox 3317 4403 3468 4458; x_wconf 64' lang='lat' dir='ltr'><strong>caelos</strong></span> <span class='ocrx_word' id='word_1_724' title='bbox 3517 4420 3624 4458; x_wconf 86' lang='lat' dir='ltr'><strong>non</strong></span> 
     </span>
    </p>
   </div>
   <div class='ocr_carea' id='block_1_47' title="bbox 338 4485 3626 4566">
    <p class='ocr_par' dir='ltr' id='par_1_47' title="bbox 338 4485 3626 4566">
     <span class='ocr_line' id='line_1_47' title="bbox 338 4485 3626 4566; baseline 0.002 -25"><span class='ocrx_word' id='word_1_725' title='bbox 338 4490 603 4558; x_wconf 79' lang='lat' dir='ltr'><strong>pneced‘t,</strong></span> <span class='ocrx_word' id='word_1_726' title='bbox 655 4489 746 4543; x_wconf 88' lang='lat' dir='ltr'><strong>sed</strong></span> <span class='ocrx_word' id='word_1_727' title='bbox 791 4490 1066 4543; x_wconf 83' lang='lat' dir='ltr'><strong>comitatur</strong></span> <span class='ocrx_word' id='word_1_728' title='bbox 1113 4485 1340 4558; x_wconf 88' lang='lat' dir='ltr'><strong>gloriosa</strong></span> <span class='ocrx_word' id='word_1_729' title='bbox 1365 4486 1655 4557; x_wconf 83' lang='lat' dir='ltr'><strong>captivitas.</strong></span> <span class='ocrx_word' id='word_1_730' title='bbox 1695 4485 1813 4552; x_wconf 93' lang='lat' dir='ltr'><strong>Quo</strong></span> <span class='ocrx_word' id='word_1_731' title='bbox 1865 4487 2030 4543; x_wconf 90' lang='lat' dir='ltr'><strong>etiam</strong></span> <span class='ocrx_word' id='word_1_732' title='bbox 2067 4491 2435 4558; x_wconf 79' lang='lat' dir='ltr'><strong>revolvuntur,</strong></span> <span class='ocrx_word' id='word_1_733' title='bbox 2478 4508 2598 4563; x_wconf 77' lang='lat' dir='ltr'><strong>quae</strong></span> <span class='ocrx_word' id='word_1_734' title='bbox 2636 4494 2817 4565; x_wconf 92' lang='lat' dir='ltr'><strong>prodit</strong></span> <span class='ocrx_word' id='word_1_735' title='bbox 2852 4510 3100 4552; x_wconf 86' lang='lat' dir='ltr'><strong>sermone</strong></span> <span class='ocrx_word' id='word_1_736' title='bbox 3140 4493 3229 4562; x_wconf 80' lang='lat'><strong>‘29,</strong></span> <span class='ocrx_word' id='word_1_737' title='bbox 3259 4508 3380 4566; x_wconf 89' lang='lat' dir='ltr'><strong>pag.</strong></span> <span class='ocrx_word' id='word_1_738' title='bbox 3411 4495 3536 4562; x_wconf 73' lang='grc'>476,</span> <span class='ocrx_word' id='word_1_739' title='bbox 3569 4504 3626 4550; x_wconf 88' lang='lat' dir='ltr'><strong>et</strong></span> 
     </span>
    </p>
   </div>
   <div class='ocr_carea' id='block_1_48' title="bbox 346 4574 3625 4659">
    <p class='ocr_par' dir='ltr' id='par_1_48' title="bbox 346 4574 3625 4659">
     <span class='ocr_line' id='line_1_48' title="bbox 346 4574 3625 4659; baseline 0.002 -26"><span class='ocrx_word' id='word_1_740' title='bbox 346 4595 596 4634; x_wconf 86' lang='lat' dir='ltr'><strong>sermone</strong></span> <span class='ocrx_word' id='word_1_741' title='bbox 626 4579 711 4646; x_wconf 78' lang='lat' dir='ltr'><strong>3i,</strong></span> <span class='ocrx_word' id='word_1_742' title='bbox 745 4593 847 4651; x_wconf 85' lang='lat' dir='ltr'><strong>pag</strong></span> <span class='ocrx_word' id='word_1_743' title='bbox 899 4577 1019 4643; x_wconf 70' lang='lat'><strong>479,</strong></span> <span class='ocrx_word' id='word_1_744' title='bbox 1043 4577 1175 4633; x_wconf 91' lang='lat' dir='ltr'><strong>ubi:</strong></span> <span class='ocrx_word' id='word_1_745' title='bbox 1208 4576 1348 4630; x_wconf 87' lang='lat' dir='ltr'><strong>Dum</strong></span> <span class='ocrx_word' id='word_1_746' title='bbox 1375 4585 1592 4630; x_wconf 89' lang='lat' dir='ltr'><strong>mortem</strong></span> <span class='ocrx_word' id='word_1_747' title='bbox 1623 4574 1898 4647; x_wconf 88' lang='lat' dir='ltr'><strong>(Christus)</strong></span> <span class='ocrx_word' id='word_1_748' title='bbox 1943 4579 2013 4632; x_wconf 89' lang='lat' dir='ltr'><strong>ad</strong></span> <span class='ocrx_word' id='word_1_749' title='bbox 2039 4581 2246 4652; x_wconf 87' lang='lat' dir='ltr'><strong>inferna</strong></span> <span class='ocrx_word' id='word_1_750' title='bbox 2267 4599 2423 4654; x_wconf 88' lang='lat' dir='ltr'><strong>usque</strong></span> <span class='ocrx_word' id='word_1_751' title='bbox 2444 4588 2781 4658; x_wconf 86' lang='lat' dir='ltr'><strong>persequitur,</strong></span> <span class='ocrx_word' id='word_1_752' title='bbox 2807 4587 2876 4641; x_wconf 86' lang='lat' dir='ltr'><strong>ad</strong></span> <span class='ocrx_word' id='word_1_753' title='bbox 2895 4588 3127 4657; x_wconf 86' lang='lat' dir='ltr'><strong>paradisi</strong></span> <span class='ocrx_word' id='word_1_754' title='bbox 3157 4589 3467 4656; x_wconf 86' lang='lat' dir='ltr'><strong>sempiterna</strong></span> <span class='ocrx_word' id='word_1_755' title='bbox 3495 4603 3625 4659; x_wconf 88' lang='lat' dir='ltr'><strong>gau-</strong></span> 
     </span>
    </p>
   </div>
   <div class='ocr_carea' id='block_1_49' title="bbox 342 4667 3616 4751">
    <p class='ocr_par' dir='ltr' id='par_1_49' title="bbox 342 4667 3616 4751">
     <span class='ocr_line' id='line_1_49' title="bbox 342 4667 3616 4751; baseline 0.003 -28"><span class='ocrx_word' id='word_1_756' title='bbox 342 4673 449 4734; x_wconf 83' lang='lat' dir='ltr'><strong>dia,</strong></span> <span class='ocrx_word' id='word_1_757' title='bbox 483 4669 688 4741; x_wconf 78' lang='lat' dir='ltr'><strong>[Lxxtxj</strong></span> <span class='ocrx_word' id='word_1_758' title='bbox 718 4687 863 4743; x_wconf 89' lang='lat' dir='ltr'><strong>quem</strong></span> <span class='ocrx_word' id='word_1_759' title='bbox 893 4669 1079 4723; x_wconf 87' lang='lat' dir='ltr'><strong>creavit</strong></span> <span class='ocrx_word' id='word_1_760' title='bbox 1107 4685 1168 4723; x_wconf 89' lang='lat' dir='ltr'><strong>ac</strong></span> <span class='ocrx_word' id='word_1_761' title='bbox 1193 4668 1407 4722; x_wconf 90' lang='lat' dir='ltr'><strong>redemit</strong></span> <span class='ocrx_word' id='word_1_762' title='bbox 1434 4667 1710 4738; x_wconf 84' lang='lat' dir='ltr'><strong>hominem,</strong></span> <span class='ocrx_word' id='word_1_763' title='bbox 1745 4685 1982 4723; x_wconf 88' lang='lat' dir='ltr'><strong>revocare</strong></span> <span class='ocrx_word' id='word_1_764' title='bbox 2010 4670 2256 4742; x_wconf 89' lang='lat' dir='ltr'><strong>dignatus</strong></span> <span class='ocrx_word' id='word_1_765' title='bbox 2281 4683 2423 4727; x_wconf 90' lang='lat' dir='ltr'><strong>est...</strong></span> <span class='ocrx_word' id='word_1_766' title='bbox 2461 4674 2528 4730; x_wconf 87' lang='lat' dir='ltr'><strong>In</strong></span> <span class='ocrx_word' id='word_1_767' title='bbox 2559 4677 2655 4731; x_wconf 89' lang='lat' dir='ltr'><strong>hac</strong></span> <span class='ocrx_word' id='word_1_768' title='bbox 2683 4682 3051 4733; x_wconf 78' lang='lat' dir='ltr'><strong>sacratissima:</strong></span> <span class='ocrx_word' id='word_1_769' title='bbox 3071 4680 3458 4734; x_wconf 86' lang='lat' dir='ltr'><strong>resurrectionis</strong></span> <span class='ocrx_word' id='word_1_770' title='bbox 3482 4681 3616 4751; x_wconf 87' lang='lat' dir='ltr'><strong>festi-</strong></span> 
     </span>
    </p>
   </div>
   <div class='ocr_carea' id='block_1_50' title="bbox 340 4758 3628 4842">
    <p class='ocr_par' dir='ltr' id='par_1_50' title="bbox 340 4758 3628 4842">
     <span class='ocr_line' id='line_1_50' title="bbox 340 4758 3628 4842; baseline 0.005 -29"><span class='ocrx_word' id='word_1_771' title='bbox 340 4763 516 4825; x_wconf 79' lang='lat' dir='ltr'><strong>vitate,</strong></span> <span class='ocrx_word' id='word_1_772' title='bbox 546 4762 827 4814; x_wconf 84' lang='lat' dir='ltr'><strong>suscitante</strong></span> <span class='ocrx_word' id='word_1_773' title='bbox 852 4777 905 4813; x_wconf 90' lang='lat' dir='ltr'><strong>sc</strong></span> <span class='ocrx_word' id='word_1_774' title='bbox 934 4758 1182 4827; x_wconf 85' lang='lat' dir='ltr'><strong>Domino,</strong></span> <span class='ocrx_word' id='word_1_775' title='bbox 1213 4759 1377 4813; x_wconf 90' lang='lat' dir='ltr'><strong>multa</strong></span> <span class='ocrx_word' id='word_1_776' title='bbox 1403 4766 1698 4814; x_wconf 86' lang='lat' dir='ltr'><strong>sanctorum</strong></span> <span class='ocrx_word' id='word_1_777' title='bbox 1738 4777 1956 4831; x_wconf 88' lang='lat' dir='ltr'><strong>corpora</strong></span> <span class='ocrx_word' id='word_1_778' title='bbox 1995 4766 2300 4818; x_wconf 88' lang='lat' dir='ltr'><strong>resuscitata</strong></span> <span class='ocrx_word' id='word_1_779' title='bbox 2328 4768 2622 4823; x_wconf 74' lang='lat' dir='ltr'><strong>revixerunt</strong></span> <span class='ocrx_word' id='word_1_780' title='bbox 2649 4779 2801 4842; x_wconf 87' lang='lat' dir='ltr'><strong>atque</strong></span> <span class='ocrx_word' id='word_1_781' title='bbox 2826 4783 3058 4826; x_wconf 88' lang='lat' dir='ltr'><strong>sanctam</strong></span> <span class='ocrx_word' id='word_1_782' title='bbox 3099 4773 3407 4826; x_wconf 88' lang='lat' dir='ltr'><strong>introierunt</strong></span> <span class='ocrx_word' id='word_1_783' title='bbox 3447 4775 3628 4829; x_wconf 85' lang='lat' dir='ltr'><strong>civita-</strong></span> 
     </span>
    </p>
   </div>
   <div class='ocr_carea' id='block_1_51' title="bbox 345 4847 3628 4932">
    <p class='ocr_par' dir='ltr' id='par_1_51' title="bbox 345 4847 3628 4932">
     <span class='ocr_line' id='line_1_51' title="bbox 345 4847 3628 4932; baseline 0.006 -31"><span class='ocrx_word' id='word_1_784' title='bbox 345 4859 463 4903; x_wconf 87' lang='lat' dir='ltr'><strong>tem.</strong></span> <span class='ocrx_word' id='word_1_785' title='bbox 497 4847 713 4904; x_wconf 81' lang='lat' dir='ltr'><strong>Hostias</strong></span> <span class='ocrx_word' id='word_1_786' title='bbox 743 4865 960 4920; x_wconf 85' lang='lat' dir='ltr'><strong>namque</strong></span> <span class='ocrx_word' id='word_1_787' title='bbox 987 4864 1107 4901; x_wconf 87' lang='lat' dir='ltr'><strong>suas</strong></span> <span class='ocrx_word' id='word_1_788' title='bbox 1132 4847 1378 4902; x_wconf 90' lang='lat' dir='ltr'><strong>Salvator</strong></span> <span class='ocrx_word' id='word_1_789' title='bbox 1403 4848 1653 4902; x_wconf 89' lang='lat' dir='ltr'><strong>hodierna</strong></span> <span class='ocrx_word' id='word_1_790' title='bbox 1679 4849 1780 4912; x_wconf 88' lang='lat' dir='ltr'><strong>die,</strong></span> <span class='ocrx_word' id='word_1_791' title='bbox 1811 4865 1926 4904; x_wconf 89' lang='lat' dir='ltr'><strong>cum</strong></span> <span class='ocrx_word' id='word_1_792' title='bbox 1960 4856 2256 4918; x_wconf 73' lang='lat' dir='ltr'><strong>resurrexit,</strong></span> <span class='ocrx_word' id='word_1_793' title='bbox 2286 4859 2568 4914; x_wconf 88' lang='lat' dir='ltr'><strong>suscitavit.</strong></span> <span class='ocrx_word' id='word_1_794' title='bbox 2600 4858 2668 4914; x_wconf 89' lang='lat' dir='ltr'><strong>Et</strong></span> <span class='ocrx_word' id='word_1_795' title='bbox 2695 4876 2944 4916; x_wconf 90' lang='lat' dir='ltr'><strong>sermone</strong></span> <span class='ocrx_word' id='word_1_796' title='bbox 2964 4861 3051 4926; x_wconf 77' lang='lat' dir='ltr'><strong>M,</strong></span> <span class='ocrx_word' id='word_1_797' title='bbox 3077 4875 3196 4932; x_wconf 88' lang='lat' dir='ltr'><strong>pag.</strong></span> <span class='ocrx_word' id='word_1_798' title='bbox 3219 4860 3322 4916; x_wconf 86' lang='lat'><strong>507</strong></span> <span class='ocrx_word' id='word_1_799' title='bbox 3349 4882 3360 4916; x_wconf 93' lang='lat'><strong>:</strong></span> <span class='ocrx_word' id='word_1_800' title='bbox 3384 4863 3628 4922; x_wconf 75' lang='lat' dir='ltr'><strong>Exsultet</strong></span> 
     </span>
    </p>
   </div>
   <div class='ocr_carea' id='block_1_52' title="bbox 343 4938 3615 5027">
    <p class='ocr_par' dir='ltr' id='par_1_52' title="bbox 343 4938 3615 5027">
     <span class='ocr_line' id='line_1_52' title="bbox 343 4938 3615 5027; baseline 0.007 -36"><span class='ocrx_word' id='word_1_801' title='bbox 343 4955 465 4992; x_wconf 88' lang='lat' dir='ltr'><strong>caro</strong></span> <span class='ocrx_word' id='word_1_802' title='bbox 494 4946 695 5002; x_wconf 88' lang='lat' dir='ltr'><strong>nostra,</strong></span> <span class='ocrx_word' id='word_1_803' title='bbox 723 4953 836 5008; x_wconf 76' lang='lat' dir='ltr'><strong>qua:</strong></span> <span class='ocrx_word' id='word_1_804' title='bbox 864 4949 974 4990; x_wconf 80' lang='lat' dir='ltr'><strong>vere</strong></span> <span class='ocrx_word' id='word_1_805' title='bbox 1002 4947 1079 4990; x_wconf 86' lang='lat' dir='ltr'><strong>cst</strong></span> <span class='ocrx_word' id='word_1_806' title='bbox 1109 4946 1266 5003; x_wconf 89' lang='lat' dir='ltr'><strong>terra,</strong></span> <span class='ocrx_word' id='word_1_807' title='bbox 1293 4938 1537 5009; x_wconf 86' lang='lat' dir='ltr'><strong>quoniam</strong></span> <span class='ocrx_word' id='word_1_808' title='bbox 1564 4938 1858 5009; x_wconf 84' lang='lat' dir='ltr'><strong>glori/icata</strong></span> <span class='ocrx_word' id='word_1_809' title='bbox 1882 4957 1973 5010; x_wconf 91' lang='lat' dir='ltr'><strong>per</strong></span> <span class='ocrx_word' id='word_1_810' title='bbox 1995 4941 2254 4997; x_wconf 86' lang='lat' dir='ltr'><strong>Christum</strong></span> <span class='ocrx_word' id='word_1_811' title='bbox 2275 4948 2570 5002; x_wconf 87' lang='lat' dir='ltr'><strong>societatem</strong></span> <span class='ocrx_word' id='word_1_812' title='bbox 2599 4947 2898 5004; x_wconf 82' lang='lat' dir='ltr'><strong>Divinitatis</strong></span> <span class='ocrx_word' id='word_1_813' title='bbox 2923 4953 3157 5007; x_wconf 87' lang='lat' dir='ltr'><strong>emeruit.</strong></span> <span class='ocrx_word' id='word_1_814' title='bbox 3184 4952 3497 5027; x_wconf 81' lang='lat' dir='ltr'><strong>Erumpunt,</strong></span> <span class='ocrx_word' id='word_1_815' title='bbox 3531 4960 3615 5016; x_wconf 89' lang='lat' dir='ltr'><strong>ait.</strong></span> 
     </span>
    </p>
   </div>
   <div class='ocr_carea' id='block_1_53' title="bbox 344 5027 3627 5119">
    <p class='ocr_par' dir='ltr' id='par_1_53' title="bbox 344 5027 3627 5119">
     <span class='ocr_line' id='line_1_53' title="bbox 344 5027 3627 5119; baseline 0.006 -39"><span class='ocrx_word' id='word_1_816' title='bbox 344 5040 538 5082; x_wconf 86' lang='lat' dir='ltr'><strong>montes</strong></span> <span class='ocrx_word' id='word_1_817' title='bbox 560 5028 959 5100; x_wconf 87' lang='lat' dir='ltr'><strong>jucunditatem,</strong></span> <span class='ocrx_word' id='word_1_818' title='bbox 991 5035 1040 5080; x_wconf 89' lang='lat' dir='ltr'><strong>et</strong></span> <span class='ocrx_word' id='word_1_819' title='bbox 1065 5027 1220 5083; x_wconf 88' lang='lat' dir='ltr'><strong>colles</strong></span> <span class='ocrx_word' id='word_1_820' title='bbox 1243 5029 1521 5100; x_wconf 87' lang='lat' dir='ltr'><strong>justitiam.</strong></span> <span class='ocrx_word' id='word_1_821' title='bbox 1559 5027 1674 5083; x_wconf 83' lang='lat' dir='ltr'><strong>Hos</strong></span> <span class='ocrx_word' id='word_1_822' title='bbox 1698 5039 1897 5084; x_wconf 88' lang='lat' dir='ltr'><strong>montes</strong></span> <span class='ocrx_word' id='word_1_823' title='bbox 1921 5031 2176 5104; x_wconf 86' lang='lat' dir='ltr'><strong>collesque</strong></span> <span class='ocrx_word' id='word_1_824' title='bbox 2203 5039 2287 5105; x_wconf 89' lang='lat' dir='ltr'><strong>qui</strong></span> <span class='ocrx_word' id='word_1_825' title='bbox 2315 5041 2607 5093; x_wconf 68' lang='lat' dir='ltr'><strong>excitantur</strong></span> <span class='ocrx_word' id='word_1_826' title='bbox 2647 5041 2718 5094; x_wconf 92' lang='lat' dir='ltr'><strong>ad</strong></span> <span class='ocrx_word' id='word_1_827' title='bbox 2756 5041 2966 5111; x_wconf 89' lang='lat' dir='ltr'><strong>gaudia,</strong></span> <span class='ocrx_word' id='word_1_828' title='bbox 3011 5046 3340 5114; x_wconf 88' lang='lat' dir='ltr'><strong>patriarchas</strong></span> <span class='ocrx_word' id='word_1_829' title='bbox 3370 5051 3491 5119; x_wconf 90' lang='lat' dir='ltr'><strong>dici,</strong></span> <span class='ocrx_word' id='word_1_830' title='bbox 3523 5069 3627 5106; x_wconf 85' lang='lat' dir='ltr'><strong>non</strong></span> 
     </span>
    </p>
   </div>
   <div class='ocr_carea' id='block_1_54' title="bbox 341 5121 3627 5200">
    <p class='ocr_par' dir='ltr' id='par_1_54' title="bbox 341 5121 3627 5200">
     <span class='ocr_line' id='line_1_54' title="bbox 341 5121 3627 5200; baseline 0.008 -26"><span class='ocrx_word' id='word_1_831' title='bbox 341 5124 757 5176; x_wconf 80' lang='lat' dir='ltr'><strong>inconvenienter</strong></span> <span class='ocrx_word' id='word_1_832' title='bbox 785 5122 1082 5190; x_wconf 87' lang='lat' dir='ltr'><strong>accipimus,</strong></span> <span class='ocrx_word' id='word_1_833' title='bbox 1116 5123 1245 5176; x_wconf 86' lang='lat' dir='ltr'><strong>sicut</strong></span> <span class='ocrx_word' id='word_1_834' title='bbox 1266 5132 1315 5176; x_wconf 89' lang='lat' dir='ltr'><strong>et</strong></span> <span class='ocrx_word' id='word_1_835' title='bbox 1341 5124 1392 5176; x_wconf 90' lang='lat' dir='ltr'><strong>in</strong></span> <span class='ocrx_word' id='word_1_836' title='bbox 1418 5121 1590 5177; x_wconf 86' lang='lat' dir='ltr'><strong>David</strong></span> <span class='ocrx_word' id='word_1_837' title='bbox 1610 5134 1790 5178; x_wconf 89' lang='lat' dir='ltr'><strong>sancto</strong></span> <span class='ocrx_word' id='word_1_838' title='bbox 1819 5123 2035 5195; x_wconf 79' lang='lat' dir='ltr'><strong>legimus</strong></span> <span class='ocrx_word' id='word_1_839' title='bbox 2066 5144 2082 5178; x_wconf 92' lang='lat'><strong><em>:</em></strong></span> <span class='ocrx_word' id='word_1_840' title='bbox 2117 5125 2431 5184; x_wconf 85' lang='lat' dir='ltr'><strong>llluminans</strong></span> <span class='ocrx_word' id='word_1_841' title='bbox 2461 5142 2511 5184; x_wconf 87' lang='lat' dir='ltr'><strong>tu</strong></span> <span class='ocrx_word' id='word_1_842' title='bbox 2541 5132 2844 5186; x_wconf 88' lang='lat' dir='ltr'><strong>mirabiliter</strong></span> <span class='ocrx_word' id='word_1_843' title='bbox 2872 5153 2904 5189; x_wconf 91' lang='lat' dir='ltr'><strong>a</strong></span> <span class='ocrx_word' id='word_1_844' title='bbox 2925 5139 3184 5196; x_wconf 87' lang='lat' dir='ltr'><strong>montibus</strong></span> <span class='ocrx_word' id='word_1_845' title='bbox 3213 5144 3486 5198; x_wconf 67' lang='lat' dir='ltr'><strong>(uternis...</strong></span> <span class='ocrx_word' id='word_1_846' title='bbox 3515 5143 3627 5200; x_wconf 72' lang='lat' dir='ltr'><strong>Nec</strong></span> 
     </span>
    </p>
   </div>
   <div class='ocr_carea' id='block_1_55' title="bbox 342 5212 3628 5304">
    <p class='ocr_par' dir='ltr' id='par_1_55' title="bbox 342 5212 3628 5304">
     <span class='ocr_line' id='line_1_55' title="bbox 342 5212 3628 5304; baseline 0.008 -39"><span class='ocrx_word' id='word_1_847' title='bbox 342 5213 597 5267; x_wconf 85' lang='lat' dir='ltr'><strong>immerito</strong></span> <span class='ocrx_word' id='word_1_848' title='bbox 616 5212 748 5282; x_wconf 84' lang='lat' dir='ltr'><strong>justi</strong></span> <span class='ocrx_word' id='word_1_849' title='bbox 776 5213 960 5282; x_wconf 87' lang='lat' dir='ltr'><strong>quique</strong></span> <span class='ocrx_word' id='word_1_850' title='bbox 989 5221 1185 5265; x_wconf 89' lang='lat' dir='ltr'><strong>montes</strong></span> <span class='ocrx_word' id='word_1_851' title='bbox 1215 5221 1576 5282; x_wconf 85' lang='lat' dir='ltr'><strong>nuncupantur</strong></span> <span class='ocrx_word' id='word_1_852' title='bbox 1596 5220 1643 5264; x_wconf 89' lang='lat' dir='ltr'><strong>et</strong></span> <span class='ocrx_word' id='word_1_853' title='bbox 1669 5213 1842 5278; x_wconf 87' lang='lat' dir='ltr'><strong>colles,</strong></span> <span class='ocrx_word' id='word_1_854' title='bbox 1869 5215 1954 5283; x_wconf 86' lang='lat' dir='ltr'><strong>qui</strong></span> <span class='ocrx_word' id='word_1_855' title='bbox 1977 5223 2194 5270; x_wconf 71' lang='lat' dir='ltr'><strong>terrena:</strong></span> <span class='ocrx_word' id='word_1_856' title='bbox 2226 5220 2625 5273; x_wconf 85' lang='lat' dir='ltr'><strong>conversationis</strong></span> <span class='ocrx_word' id='word_1_857' title='bbox 2655 5219 2871 5277; x_wconf 89' lang='lat' dir='ltr'><strong>humilia</strong></span> <span class='ocrx_word' id='word_1_858' title='bbox 2892 5226 3233 5298; x_wconf 86' lang='lat' dir='ltr'><strong>relinquentes</strong></span> <span class='ocrx_word' id='word_1_859' title='bbox 3265 5231 3336 5283; x_wconf 90' lang='lat' dir='ltr'><strong>ad</strong></span> <span class='ocrx_word' id='word_1_860' title='bbox 3360 5235 3628 5304; x_wconf 90' lang='lat' dir='ltr'><strong>superiora</strong></span> 
     </span>
    </p>
   </div>
   <div class='ocr_carea' id='block_1_56' title="bbox 342 5303 3630 5390">
    <p class='ocr_par' dir='ltr' id='par_1_56' title="bbox 342 5303 3630 5390">
     <span class='ocr_line' id='line_1_56' title="bbox 342 5303 3630 5390; baseline 0.007 -34"><span class='ocrx_word' id='word_1_861' title='bbox 342 5306 558 5359; x_wconf 79' lang='lat' dir='ltr'><strong>ctelestis</strong></span> <span class='ocrx_word' id='word_1_862' title='bbox 581 5306 695 5358; x_wconf 81' lang='lat' dir='ltr'><strong>vittv</strong></span> <span class='ocrx_word' id='word_1_863' title='bbox 716 5305 839 5368; x_wconf 84' lang='lat' dir='ltr'><strong>ﬁdei</strong></span> <span class='ocrx_word' id='word_1_864' title='bbox 867 5321 976 5358; x_wconf 81' lang='lat' dir='ltr'><strong>sua:</strong></span> <span class='ocrx_word' id='word_1_865' title='bbox 1004 5305 1235 5358; x_wconf 86' lang='lat' dir='ltr'><strong>verticem</strong></span> <span class='ocrx_word' id='word_1_866' title='bbox 1264 5304 1594 5358; x_wconf 81' lang='lat' dir='ltr'><strong>sustulerunt.</strong></span> <span class='ocrx_word' id='word_1_867' title='bbox 1625 5303 1919 5359; x_wconf 88' lang='lat' dir='ltr'><strong>Justissime</strong></span> <span class='ocrx_word' id='word_1_868' title='bbox 1957 5307 2127 5376; x_wconf 89' lang='lat' dir='ltr'><strong>itaque</strong></span> <span class='ocrx_word' id='word_1_869' title='bbox 2156 5309 2465 5362; x_wconf 85' lang='lat' dir='ltr'><strong>venerabiles</strong></span> <span class='ocrx_word' id='word_1_870' title='bbox 2487 5312 2801 5379; x_wconf 78' lang='lat' dir='ltr'><strong>patriarcha:</strong></span> <span class='ocrx_word' id='word_1_871' title='bbox 2829 5332 3092 5373; x_wconf 89' lang='lat' dir='ltr'><strong>assumere</strong></span> <span class='ocrx_word' id='word_1_872' title='bbox 3111 5303 3491 5390; x_wconf 87' lang='lat' dir='ltr'><strong>jucunditatem</strong></span> <span class='ocrx_word' id='word_1_873' title='bbox 3517 5343 3630 5382; x_wconf 84' lang='lat' dir='ltr'><strong>ser-</strong></span> 
     </span>
    </p>
   </div>
   <div class='ocr_carea' id='block_1_57' title="bbox 341 5393 3627 5486">
    <p class='ocr_par' dir='ltr' id='par_1_57' title="bbox 341 5393 3627 5486">
     <span class='ocr_line' id='line_1_57' title="bbox 341 5393 3627 5486; baseline 0.008 -37"><span class='ocrx_word' id='word_1_874' title='bbox 341 5410 496 5449; x_wconf 85' lang='lat' dir='ltr'><strong>mone</strong></span> <span class='ocrx_word' id='word_1_875' title='bbox 513 5395 811 5465; x_wconf 79' lang='lat' dir='ltr'><strong>prophetico</strong></span> <span class='ocrx_word' id='word_1_876' title='bbox 840 5405 1256 5460; x_wconf 87' lang='lat' dir='ltr'><strong>commonentur;</strong></span> <span class='ocrx_word' id='word_1_877' title='bbox 1287 5410 1499 5466; x_wconf 88' lang='lat' dir='ltr'><strong>quorum</strong></span> <span class='ocrx_word' id='word_1_878' title='bbox 1526 5395 1715 5465; x_wconf 87' lang='lat' dir='ltr'><strong>proles,</strong></span> <span class='ocrx_word' id='word_1_879' title='bbox 1748 5395 1803 5448; x_wconf 88' lang='lat' dir='ltr'><strong>id</strong></span> <span class='ocrx_word' id='word_1_880' title='bbox 1828 5403 1904 5450; x_wconf 87' lang='lat' dir='ltr'><strong>est</strong></span> <span class='ocrx_word' id='word_1_881' title='bbox 1934 5393 2168 5450; x_wconf 88' lang='lat' dir='ltr'><strong>Christus</strong></span> <span class='ocrx_word' id='word_1_882' title='bbox 2197 5397 2470 5463; x_wconf 83' lang='lat' dir='ltr'><strong>Dominus,</strong></span> <span class='ocrx_word' id='word_1_883' title='bbox 2504 5403 2683 5458; x_wconf 90' lang='lat' dir='ltr'><strong>mortis</strong></span> <span class='ocrx_word' id='word_1_884' title='bbox 2712 5421 2819 5460; x_wconf 78' lang='lat' dir='ltr'><strong>suat</strong></span> <span class='ocrx_word' id='word_1_885' title='bbox 2851 5411 3336 5484; x_wconf 86' lang='lat' dir='ltr'><strong>resurrectionisque</strong></span> <span class='ocrx_word' id='word_1_886' title='bbox 3363 5420 3627 5486; x_wconf 82' lang='lat' dir='ltr'><strong>mysterio,</strong></span> 
     </span>
    </p>
   </div>
   <div class='ocr_carea' id='block_1_58' title="bbox 340 5485 3630 5578">
    <p class='ocr_par' dir='ltr' id='par_1_58' title="bbox 340 5485 3630 5578">
     <span class='ocr_line' id='line_1_58' title="bbox 340 5485 3630 5578; baseline 0.006 -38"><span class='ocrx_word' id='word_1_887' title='bbox 340 5490 497 5541; x_wconf 83' lang='lat' dir='ltr'><strong>etiam</strong></span> <span class='ocrx_word' id='word_1_888' title='bbox 526 5487 774 5557; x_wconf 76' lang='lat' dir='ltr'><strong>prteteriti</strong></span> <span class='ocrx_word' id='word_1_889' title='bbox 797 5488 973 5542; x_wconf 68' lang='lat' dir='ltr'><strong>seaculi</strong></span> <span class='ocrx_word' id='word_1_890' title='bbox 999 5485 1239 5539; x_wconf 86' lang='lat' dir='ltr'><strong>Patribus</strong></span> <span class='ocrx_word' id='word_1_891' title='bbox 1270 5487 1424 5540; x_wconf 87' lang='lat' dir='ltr'><strong>vitam</strong></span> <span class='ocrx_word' id='word_1_892' title='bbox 1459 5487 1652 5557; x_wconf 88' lang='lat' dir='ltr'><strong>refudit</strong></span> <span class='ocrx_word' id='word_1_893' title='bbox 1691 5489 1954 5542; x_wconf 88' lang='lat' dir='ltr'><strong>amissam.</strong></span> <span class='ocrx_word' id='word_1_894' title='bbox 1987 5488 2349 5547; x_wconf 80' lang='lat' dir='ltr'><strong>Jucundantnr</strong></span> <span class='ocrx_word' id='word_1_895' title='bbox 2385 5493 2695 5550; x_wconf 83' lang='lat' dir='ltr'><strong>omnimodis</strong></span> <span class='ocrx_word' id='word_1_896' title='bbox 2723 5501 3053 5568; x_wconf 65' lang='lat' dir='ltr'><strong>patriarcha,</strong></span> <span class='ocrx_word' id='word_1_897' title='bbox 3079 5519 3293 5572; x_wconf 87' lang='lat' dir='ltr'><strong>quorum</strong></span> <span class='ocrx_word' id='word_1_898' title='bbox 3316 5505 3379 5560; x_wconf 89' lang='lat' dir='ltr'><strong>de</strong></span> <span class='ocrx_word' id='word_1_899' title='bbox 3399 5485 3630 5578; x_wconf 78' lang='lat' dir='ltr'><strong>germine</strong></span> 
     </span>
    </p>
   </div>
   <div class='ocr_carea' id='block_1_59' title="bbox 340 5574 3630 5668">
    <p class='ocr_par' dir='ltr' id='par_1_59' title="bbox 340 5574 3630 5668">
     <span class='ocr_line' id='line_1_59' title="bbox 340 5574 3630 5668; baseline 0.007 -41"><span class='ocrx_word' id='word_1_900' title='bbox 340 5586 492 5629; x_wconf 66' lang='grc' dir='ltr'><strong>τιστιιιε</strong></span> <span class='ocrx_word' id='word_1_901' title='bbox 524 5575 621 5628; x_wconf 86' lang='lat' dir='ltr'><strong>Dei</strong></span> <span class='ocrx_word' id='word_1_902' title='bbox 659 5574 850 5642; x_wconf 78' lang='lat' dir='ltr'><strong>Filius,</strong></span> <span class='ocrx_word' id='word_1_903' title='bbox 897 5578 1186 5630; x_wconf 87' lang='lat' dir='ltr'><strong>universam</strong></span> <span class='ocrx_word' id='word_1_904' title='bbox 1217 5577 1394 5632; x_wconf 88' lang='lat' dir='ltr'><strong>mundi</strong></span> <span class='ocrx_word' id='word_1_905' title='bbox 1424 5579 1606 5638; x_wconf 78' lang='lat' dir='ltr'><strong>faciem</strong></span> <span class='ocrx_word' id='word_1_906' title='bbox 1641 5576 1910 5634; x_wconf 88' lang='lat' dir='ltr'><strong>diabolicis</strong></span> <span class='ocrx_word' id='word_1_907' title='bbox 1949 5579 2140 5635; x_wconf 88' lang='lat' dir='ltr'><strong>dudum</strong></span> <span class='ocrx_word' id='word_1_908' title='bbox 2177 5583 2527 5652; x_wconf 87' lang='lat' dir='ltr'><strong>impietatibus</strong></span> <span class='ocrx_word' id='word_1_909' title='bbox 2558 5589 2899 5656; x_wconf 86' lang='lat' dir='ltr'><strong>sordidatam,</strong></span> <span class='ocrx_word' id='word_1_910' title='bbox 2933 5594 3264 5652; x_wconf 87' lang='lat' dir='ltr'><strong>immaculato</strong></span> <span class='ocrx_word' id='word_1_911' title='bbox 3293 5574 3521 5668; x_wconf 83' lang='lat' dir='ltr'><strong>corporis</strong></span> <span class='ocrx_word' id='word_1_912' title='bbox 3550 5601 3630 5653; x_wconf 88' lang='lat' dir='ltr'><strong>sui</strong></span> 
     </span>
    </p>
   </div>
   <div class='ocr_carea' id='block_1_60' title="bbox 335 5663 3630 5758">
    <p class='ocr_par' dir='ltr' id='par_1_60' title="bbox 335 5663 3630 5758">
     <span class='ocr_line' id='line_1_60' title="bbox 335 5663 3630 5758; baseline 0.006 -40"><span class='ocrx_word' id='word_1_913' title='bbox 335 5679 470 5719; x_wconf 75' lang='lat' dir='ltr'><strong>noro</strong></span> <span class='ocrx_word' id='word_1_914' title='bbox 499 5679 682 5720; x_wconf 84' lang='lat' dir='ltr'><strong>cruore</strong></span> <span class='ocrx_word' id='word_1_915' title='bbox 711 5665 942 5730; x_wconf 77' lang='lat' dir='ltr'><strong>detersit,</strong></span> <span class='ocrx_word' id='word_1_916' title='bbox 972 5671 1075 5720; x_wconf 84' lang='lat' dir='ltr'><strong>etc.</strong></span> <span class='ocrx_word' id='word_1_917' title='bbox 1101 5665 1164 5719; x_wconf 89' lang='lat' dir='ltr'><strong>Et</strong></span> <span class='ocrx_word' id='word_1_918' title='bbox 1193 5680 1441 5720; x_wconf 85' lang='lat' dir='ltr'><strong>sermone</strong></span> <span class='ocrx_word' id='word_1_919' title='bbox 1471 5667 1554 5732; x_wconf 70' lang='grc'><strong>42,</strong></span> <span class='ocrx_word' id='word_1_920' title='bbox 1592 5677 1714 5732; x_wconf 78' lang='lat' dir='ltr'><strong>pag.</strong></span> <span class='ocrx_word' id='word_1_921' title='bbox 1757 5663 1892 5723; x_wconf 82' lang='lat' dir='ltr'><strong>H0:</strong></span> <span class='ocrx_word' id='word_1_922' title='bbox 1926 5668 2098 5742; x_wconf 84' lang='lat' dir='ltr'><strong>Elegit</strong></span> <span class='ocrx_word' id='word_1_923' title='bbox 2135 5673 2285 5741; x_wconf 88' lang='lat' dir='ltr'><strong>mori,</strong></span> <span class='ocrx_word' id='word_1_924' title='bbox 2318 5690 2421 5730; x_wconf 88' lang='lat' dir='ltr'><strong>non</strong></span> <span class='ocrx_word' id='word_1_925' title='bbox 2461 5686 2516 5730; x_wconf 87' lang='lat' dir='ltr'><strong>ut</strong></span> <span class='ocrx_word' id='word_1_926' title='bbox 2543 5678 2688 5735; x_wconf 88' lang='lat' dir='ltr'><strong>illum</strong></span> <span class='ocrx_word' id='word_1_927' title='bbox 2725 5678 2819 5734; x_wconf 84' lang='lat' dir='ltr'><strong>sibi</strong></span> <span class='ocrx_word' id='word_1_928' title='bbox 2845 5683 3125 5738; x_wconf 83' lang='lat' dir='ltr'><strong>vindicaret</strong></span> <span class='ocrx_word' id='word_1_929' title='bbox 3159 5663 3416 5758; x_wconf 75' lang='lat' dir='ltr'><strong>infernus,</strong></span> <span class='ocrx_word' id='word_1_930' title='bbox 3456 5689 3546 5742; x_wconf 81' lang='lat' dir='ltr'><strong>sed</strong></span> <span class='ocrx_word' id='word_1_931' title='bbox 3565 5699 3630 5746; x_wconf 71' lang='lat' dir='ltr'><strong>us</strong></span> 
     </span>
    </p>
   </div>
  </div>
