4138 6186
460 321 535 379 79'
1108 320 1127 325 ⁷
1883 321 2267 383 ΡΒᾸΞΕΑΤΙΟ.
3675 324 3750 383 80

460 444 688 492 mortuos
716 451 748 490 a
776 435 1023 492 mortibus
1051 435 1309 493 liberaret.
1344 436 1410 493 Et
1437 452 1686 493 sermone
1716 437 1803 503 44,
1832 451 1953 507 pag.
1981 434 2083 489 515
2109 453 2122 489 :
2153 434 2373 507 Inferna
2416 449 2518 488 non
2562 433 2779 500 horruit,
2813 434 3157 506 damnatoque
3179 432 3290 502 ipso
3320 438 3528 486 auctore
3552 431 3745 497 delicti,

459 538 746 597 susceptum
765 527 1022 582 hominem
1050 529 1273 599 portavit
1299 529 1354 583 in
1383 527 1629 583 caelum...
1663 526 1819 583 Hosto
1853 529 1943 599 qui
1973 524 2419 598 pramaricationis
2463 524 2760 579 humiliatus
2785 524 2896 595 lege
2922 525 3123 596 captiva
3160 519 3417 578 diabolica
3447 536 3577 595 jugo
3613 520 3750 577 colla

458 617 763 690 subjecerat,
793 620 969 674 omnia
996 620 1280 691 tgrannicce
1300 620 1615 690 captivitatis
1642 620 1851 675 vincula
1872 638 1906 674 a
1926 619 2028 674 Dei
2048 617 2190 674 Filio
2218 627 2401 688 captus
2419 620 2602 672 evasit.
2674 604 2678 610 “

530 710 690 766 XVII.
715 711 791 767 De
819 712 1216 768 resurrectione
1243 728 1407 784 porro
1434 710 1740 768 Servatoris
1767 709 1967 767 Christi
2007 710 2266 780 praeclare
2291 708 2554 763 Maximus
2575 708 2686 775 agit
2712 707 2932 764 liomilia
2963 708 3053 775 57,
3081 722 3205 778 pag.
3238 705 3343 760 179
3369 722 3544 778 seqq.;
3568 707 3746 763 homi-

460 803 530 858 lia
559 800 646 867 58,
676 816 800 873 pag.
831 800 965 868 £72;
995 809 1050 857 et
1077 801 1265 858 homil.
1316 800 1404 867 88,
1455 814 1577 873 pag.
1603 799 1736 866 271,
1768 815 1875 871 quo
1905 800 2028 855 loco
2061 818 2075 853 :
2110 798 2307 863 Tertia,
2335 796 2527 866 inquit,
2557 796 2642 850 die
2665 798 2949 851 resurrexit
2973 814 3007 850 a
3033 796 3270 852 mortuis.
3302 794 3365 850 Si
3392 795 3656 851 credidisti
3682 797 3748 850 de

458 891 664 947 Christo
682 888 819 964 quod
844 888 1109 945 dedecoris
1133 897 1228 959 est,
1260 889 1412 945 crede
1438 889 1575 963 quod
1601 889 1784 961 gloria:
1808 898 1906 943 est.
1937 889 1999 944 Si
2026 886 2292 944 credidisti
2327 885 2464 959 quod
2498 887 2681 941 mortis
2706 894 2800 951 est,
2832 886 2983 941 crede
3008 886 3145 958 quod
3170 887 3289 941 vitae
3314 893 3410 940 est.
3440 884 3592 941 Sicut
3610 889 3747 941 enim

456 982 510 1037 in
538 983 780 1054 passione
805 983 1102 1053 mysterium
1121 983 1328 1053 pietatis
1354 992 1452 1047 est,
1478 983 1554 1036 ita
1582 982 1636 1036 in
1666 982 2039 1036 resurrectione
2065 980 2300 1052 operatio
2323 978 2609 1049 potestatis,
2632 987 2689 1032 ut
2711 979 2786 1032 ait
2813 978 2923 1047 ipse
2950 994 2968 1032 :
2991 976 3307 1032 Potestatem
3327 975 3492 1032 habeo
3517 978 3749 1048 ponendi

457 1076 686 1131 animam
714 1091 903 1141 meam,
930 1083 981 1129 et
1007 1083 1311 1147 potestatem
1338 1074 1500 1130 habeo
1532 1075 1718 1129 iterum
1747 1073 1981 1129 sumendi
2009 1090 2144 1128 eam.
2180 1070 2446 1137 Quomodo
2478 1088 2602 1143 ergo
2640 1088 2746 1127 non
2787 1072 2867 1126 illi
2903 1069 3202 1143 suppetebat
3237 1072 3340 1125 vita
3368 1067 3483 1142 post
3507 1080 3747 1137 mortem,

457 1172 539 1225 cui
567 1170 699 1225 mori
728 1186 832 1224 non
858 1171 959 1242 fuit
988 1170 1232 1237 conditio,
1253 1169 1346 1225 sed
1370 1177 1598 1242 potestas
1609 1169 1699 1223 ?...
1726 1166 1994 1233 Quomodo
2015 1175 2218 1239 poterat
2243 1167 2438 1239 inferni
2470 1165 2669 1238 legibus
2699 1164 2939 1229 detineri,
2966 1163 3056 1234 qui
3088 1162 3281 1217 idcirco
3307 1171 3383 1216 est
3409 1171 3664 1229 mortuus,
3690 1176 3746 1217 ul.-

459 1279 602 1318 mors
638 1263 896 1317 amitteret
933 1263 1280 1334 potestatem?
1306 1272 1411 1319 etc.
1442 1261 1567 1328 Sed,
1601 1277 1669 1318 ne
1701 1262 1941 1333 pluribus
1968 1262 2201 1317 lectores
2229 1260 2521 1325 detineam,
2553 1275 2661 1315 uno
2689 1259 2784 1314 illo
2822 1267 2945 1314 utar
2971 1259 3094 1314 loco
3124 1273 3191 1314 ex
3218 1272 3470 1314 sermone
3499 1258 3587 1324 29,
3618 1270 3744 1327 pag.

456 1352 582 1419 472,
612 1354 705 1423 qui
730 1352 890 1424 plane
914 1352 1249 1410 demonstrat
1274 1354 1556 1409 veritatem
1582 1352 1755 1424 plenze
1780 1352 2161 1407 miraculorum
2189 1351 2601 1407 resurrectionis
2626 1349 2847 1405 Christi.
2879 1348 2976 1405 Est
3004 1349 3049 1404 is
3075 1364 3206 1405 vero
3234 1350 3540 1420 huiusmodi
3566 1367 3580 1401 :
3613 1346 3744 1403 0m-

456 1441 600 1495 nium
629 1442 814 1495 revixit
835 1441 1013 1507 saluti,
1045 1442 1132 1513 qui
1161 1456 1261 1497 uno
1287 1456 1488 1497 oumuu
1520 1455 1772 1496 PECCA‘I‘IS
1795 1440 2035 1495 addictus
2072 1449 2149 1496 est
2186 1442 2436 1512 passioni.
2473 1439 2777 1495 Resurrexit
2811 1441 2972 1512 igitur
3000 1439 3244 1496 Salvator
3271 1458 3303 1495 a
3329 1441 3566 1495 mortuis.
3591 1437 3747 1495 Nova

454 1550 539 1588 res
565 1542 617 1588 et
640 1535 809 1599 mira;
830 1533 923 1587 sed
941 1532 1092 1588 habet
1113 1534 1223 1588 hate
1247 1535 1776 1593 assertioveritatem.
1799 1530 1943 1588 Nam
1964 1541 2019 1586 ut
2045 1543 2241 1588 taceam
2260 1533 2626 1605 prophetarum
2654 1533 2884 1598 oracula,
2908 1532 3211 1604 angelorum
3230 1533 3542 1596 ministeria,
3564 1541 3747 1603 aperta

453 1625 679 1696 sepulcri
706 1624 1019 1696 penetralia,
1046 1625 1215 1696 ipsum
1248 1622 1528 1679 Dominum
1561 1634 1678 1696 post
1706 1624 2132 1679 resurrectionem
2161 1639 2278 1677 cum
2305 1622 2571 1694 discipulis
2599 1622 2906 1695 loquentem,
2938 1632 3322 1677 conversantem
3348 1620 3556 1695 [uxx],
3586 1623 3746 1677 eden-

454 1724 574 1780 tem,
608 1713 857 1770 Thomam
885 1731 1085 1787 quoque
1107 1714 1369 1770 clavorum
1396 1715 1609 1770 vulnera
1634 1715 1791 1769 etiam
1822 1713 1982 1786 digito
2010 1721 2446 1777 contrectantem;
2485 1720 2543 1766 ut
2575 1712 2687 1766 haec
2723 1712 2898 1766 omnia
2930 1712 3340 1783 prattermittam,
3382 1719 3552 1765 tamen
3587 1710 3744 1781 ﬁdem

451 1816 684 1862 nostram
712 1807 987 1878 conﬁrmat
1014 1806 1253 1878 impietas
1280 1805 1603 1862 Iudaeorum.
1635 1803 1777 1860 Nam
1815 1806 2000 1877 sufficit
2023 1805 2094 1859 ad
2119 1804 2474 1859 credulitatem
2499 1805 2649 1860 nobis
2667 1820 2843 1860 eorum
2870 1805 3113 1859 nimirum
3132 1810 3285 1857 cauta
3310 1802 3605 1856 credulitas.
3632 1797 3747 1864 Quo

449 1899 588 1952 enim
624 1897 905 1953 studiosius
935 1897 1288 1952 custodierunt
1328 1898 1597 1964 tumulum,
1625 1914 1685 1953 eo
1712 1906 1915 1952 constat
1952 1896 2099 1952 illum
2133 1898 2459 1969 manifestius
2487 1897 2790 1951 surrexisse.
2824 1894 2939 1960 Quo
2965 1895 3137 1968 plures
3162 1910 3452 1966 apposuere
3478 1892 3741 1955 custodes.

449 2003 511 2041 eo
540 1988 714 2059 plures
743 1995 897 2043 testes
936 1988 1205 2059 reliquere.
1251 1985 1394 2042 Nam
1422 1988 1520 2043 hoc
1547 1989 1843 2060 procuravit
1866 1987 2041 2043 divina
2059 1988 2399 2060 providentia,
2429 1998 2486 2041 ut
2506 1988 2871 2043 resurrectioni
2899 2004 3003 2042 non
3031 1987 3197 2042 solum
3221 1987 3414 2059 angeli,
3444 2002 3549 2041 non
3576 1986 3743 2041 solum

364 2108 377 2115 ~
449 2077 715 2148 discipuli,
741 2077 833 2132 sed
857 2089 907 2132 et
929 2079 1277 2133 testimonium
1297 2077 1639 2150 perhiberent,
1662 2077 1800 2150 quod
1826 2086 1902 2132 est
1930 2078 2172 2150 amplius,
2204 2077 2420 2132 inimici.
2450 2075 2715 2132 Libentius
2741 2093 2865 2149 ergo
2892 2077 3192 2147 accipimus,
3222 2075 3359 2147 quod
3378 2092 3495 2130 eum
3523 2075 3744 2147 diligens

450 2172 549 2223 tius
571 2169 928 2238 observarunt.
958 2165 1229 2224 Credimus
1249 2169 1387 2223 enim
1406 2167 1501 2223 sub
1520 2168 1813 2223 custodibus
1844 2169 2072 2239 potuisse
2097 2168 2245 2223 illum
2280 2167 2490 2240 prodire
2516 2167 2669 2221 citius
2697 2182 2851 2238 quam
2877 2167 3063 2236 perire,
3087 2175 3138 2220 et
3175 2165 3241 2219 de
3268 2164 3467 2219 tumulo
3486 2164 3607 2235 jure
3630 2162 3743 2218 Do-

448 2262 575 2315 mini
601 2260 843 2333 progredi
871 2277 1024 2333 quam
1054 2261 1423 2332 discipulorum
1454 2262 1639 2333 fraude
1672 2261 1909 2316 subduci.
1936 2258 2107 2315 Tanta
2144 2260 2282 2315 enim
2320 2258 2670 2314 sollicitudine
2708 2257 2996 2330 sepulcrum
3025 2255 3281 2312 obstruxit
3317 2258 3580 2328 impietas,
3604 2264 3664 2308 ut
3689 2255 3745 2309 id

449 2368 556 2408 non
584 2352 885 2424 praevaleret
907 2368 1090 2406 manus
1120 2352 1348 2406 humana
1376 2351 1658 2417 destruere,
1684 2353 1788 2406 nisi
1815 2352 1929 2406 sola
1955 2353 2116 2406 virtus
2143 2350 2537 2404 resurrectionis
2570 2349 2813 2417 aperiret.
2857 2346 3086 2418 Denique
3123 2347 3247 2401 dicit
3285 2354 3496 2402 sanctus
3527 2362 3745 2417 evange-

447 2444 592 2507 lista,
623 2439 962 2495 descendente
985 2439 1193 2511 angelo,
1218 2455 1413 2510 magno
1434 2449 1626 2493 terram
1655 2449 1878 2494 tremore
1896 2441 2057 2511 fuisse
2077 2447 2405 2502 commotam,
2439 2445 2496 2492 ut
2526 2436 2865 2510 fundamenta
2894 2437 3074 2491 tumuli
3097 2445 3436 2503 moverentur,
3459 2444 3509 2490 et
3536 2452 3746 2507 percus-

446 2550 533 2591 sos
560 2549 749 2605 pavore
774 2530 1031 2598 custodes,
1061 2532 1149 2603 qui
1167 2539 1413 2585 venerant
1431 2530 1690 2586 custodire
1714 2540 1994 2596 mortuam,
2019 2547 2131 2585 esse
2151 2532 2318 2602 factos
2356 2539 2413 2584 ut
2441 2540 2690 2585 mortuos.
2725 2528 2793 2585 Ut
2820 2539 3070 2597 mortuos,
3092 2531 3327 2601 inquam,
3348 2530 3562 2602 dignum
3587 2531 3745 2602 plane

447 2623 719 2687 iudicium,
747 2621 795 2675 si
821 2635 937 2675 cum
957 2620 1132 2692 justus
1155 2619 1403 2690 resurgit,
1428 2627 1668 2691 peccator
1695 2620 1944 2684 moritur;
1971 2634 2087 2673 cum
2114 2619 2369 2673 reviviscit
2412 2620 2680 2682 innocens,
2711 2619 2825 2690 ejus
2848 2620 3161 2690 interﬁcitur
3185 2621 3423 2675 inimicus
3443 2638 3461 2675 :
3483 2636 3604 2675 nam
3626 2621 3745 2677 ideo

447 2730 544 2769 nec
573 2711 985 2786 progredientem
1007 2709 1290 2765 Dominum
1316 2725 1524 2765 censere
1550 2717 1848 2782 potuerant,
1881 2708 2003 2782 quia
2031 2708 2339 2762 criminosas
2364 2716 2559 2762 mentes
2587 2716 2750 2762 terror
2777 2717 3124 2780 oppresserat,
3148 2708 3270 2763 dum
3299 2709 3551 2764 sustinere
3571 2711 3743 2782 fulge—

446 2823 557 2862 rem
576 2804 970 2861 resurrectionis
989 2802 1161 2858 rutilc
1184 2818 1291 2856 non
1318 2799 1572 2856 solebant.
1596 2799 1804 2872 Majore
1829 2816 1952 2871 ergo
1971 2797 2320 2853 sollicitudine
2341 2796 2601 2853 Phariscei
2627 2797 2902 2852 Dominum
2923 2798 3273 2853 custodierunt
3289 2808 3564 2866 mortuum,
3586 2815 3743 2871 quam

447 2898 614 2952 vivum
640 2903 761 2951 sunt
777 2894 1102 2965 persecuti...
1128 2890 1497 2948 Custodiebant
1522 2909 1645 2964 ergo
1662 2908 1780 2946 eum
1806 2890 2025 2947 sollicite
2044 2891 2100 2944 in
2126 2890 2384 2959 sepulcro,
2408 2891 2696 2961 praesertim
2724 2889 2845 2961 quia
2868 2905 2925 2944 se
2952 2889 3036 2945 die
3070 2891 3221 2945 tertia
3246 2890 3455 2945 dixerat
3477 2899 3743 2953 surrectu‘

447 3002 583 3043 runt.
614 2979 984 3045 Custodiebant
1014 2990 1187 3037 autem
1214 2980 1434 3037 sollicite
1459 2981 1517 3035 in
1543 2981 1799 3053 sepulcro,
1823 2982 1947 3054 quia
1973 2995 2180 3034 necesse
2203 2979 2309 3036 illis
2339 2990 2452 3035 erat
2476 2996 2593 3035 eum
2623 2981 2739 3053 jam
2778 2996 2883 3036 non
2927 2980 3190 3037 doctorem
3237 2984 3434 3048 timere,
3474 2982 3568 3038 sed
3592 2982 3743 3055 judi-

448 3095 580 3145 sein,
607 3085 717 3133 etc.
749 3074 951 3133 Confer
971 3083 1234 3148 praeterea
1260 3090 1425 3132 serm.
1459 3073 1551 3144 55,
1578 3089 1703 3146 pag.
1728 3074 1828 3129 491
1861 3090 2039 3145 seqq.,
2071 3082 2127 3130 et
2151 3093 2316 3134 serm.
2347 3077 2434 3143 57,
2467 3089 2589 3147 pag.
2620 3075 2725 3131 498
2749 3091 2864 3148 seq.

456 3223 463 3231 ,
526 3170 601 3225 De
628 3168 1031 3225 resurrectione
1055 3168 1230 3237 deque
1256 3167 1574 3223 ascensione
1602 3165 1803 3223 Christi
1831 3167 1886 3222 in
1911 3169 2108 3224 calum
2137 3170 2217 3225 sic
2259 3167 2401 3223 idem
2429 3166 2695 3223 Maximus
2721 3166 2970 3225 edisserit
3006 3180 3258 3224 sermone
3284 3168 3371 3236 37,
3402 3169 3598 3239 pagina
3626 3171 3743 3239 ipsa

452 3260 558 3321 498
585 3274 699 3329 seq.
739 3276 753 3313 :
783 3256 968 3331 Neque
994 3258 1270 3329 superﬂuat
1294 3258 1576 3312 voluntatis
1603 3268 1715 3313 erat
1739 3269 1829 3312 aut
1848 3274 2040 3325 vacuis,
2070 3267 2127 3313 ut
2157 3257 2258 3327 Dei
2293 3257 2465 3314 Filius
2485 3275 2578 3328 per
2606 3267 2869 3313 tantarum
2901 3257 3155 3314 dedecora
3193 3261 3497 3332 passionum
3523 3263 3744 3315 materia

453 3350 788 3408 humanitatis
813 3359 1098 3405 moreretur
1124 3349 1179 3404 in
1205 3350 1376 3415 terris,
1407 3351 1491 3422 qui
1514 3349 1705 3405 caelesti
1725 3349 1780 3404 in
1808 3367 1968 3423 regno
1996 3359 2215 3422 paterna
2236 3352 2428 3406 deitate
2446 3350 2662 3418 vivebat,
2687 3352 2789 3405 nisi
2808 3353 2953 3406 nasci
2981 3351 3126 3406 illum
3152 3354 3364 3408 remedii
3385 3356 3550 3409 nostri
3568 3371 3744 3410 neces.

451 3445 581 3499 sitos
596 3442 909 3514 ﬂagitasset.
935 3438 1074 3505 Quid
1100 3440 1241 3495 Deus
1261 3440 1331 3494 ad
1351 3442 1594 3496 carnem?
1615 3441 1740 3514 quid
1757 3442 2118 3497 immaculatus
2138 3443 2208 3497 ad
2227 3444 2463 3498 crucem?
2480 3442 2603 3515 quid
2622 3452 2841 3498 tetemus
2862 3443 2931 3497 ad
2950 3453 3165 3499 mortem
3180 3447 3206 3500 ?
3220 3444 3409 3500 Essent
3423 3447 3624 3519 quidem
3642 3445 3743 3501 Dei

453 3534 595 3591 Filio
616 3533 766 3590 verba
787 3550 850 3589 ac
874 3532 1109 3597 vulnera,
1133 3531 1411 3605 omniaque
1437 3534 1590 3588 illata
1620 3533 1881 3605 passionis
1913 3535 2190 3606 opprobria
2229 3535 2534 3606 reputando,
2559 3536 2662 3589 nisi
2697 3536 2937 3591 universa
2966 3554 3082 3609 quae
3105 3555 3290 3608 passus
3315 3548 3411 3602 est,
3437 3540 3743 3595 resurrectio

453 3640 574 3680 mox
601 3634 841 3679 secutura
868 3630 1121 3678 curasset.
1147 3619 1274 3685 Quis
1294 3639 1418 3694 ergo
1444 3624 1518 3677 ita
1540 3623 1799 3694 desipiens
1822 3623 2150 3678 retractando
2174 3623 2474 3679 decolorare
2498 3634 2797 3696 praesumat,
2821 3627 2958 3698 quod
2981 3628 3259 3697 cruciﬁxus
3278 3638 3354 3682 est
3382 3628 3634 3694 Christus,
3657 3646 3743 3701 qui

458 3734 565 3775 'ror
588 3732 904 3773 th'ru'neus
928 3732 1224 3779 TANTISQUE
1246 3732 1526 3771 unuscuus
1542 3732 1841 3773 annsmuon
1868 3732 2072 3772 merus
2092 3732 2192 3772 as'r
2213 3732 2310 3771 sua
2342 3719 2623 3773 psssmxe?
2645 3716 2773 3782 Quis
2793 3718 2871 3772 illi
2893 3719 3188 3772 triduanum
3213 3718 3527 3789 exprobrare
3552 3720 3742 3773 audeat

454 3811 795 3882 sepulturam,
841 3807 988 3878 cujus
1023 3823 1137 3860 cum
1164 3808 1474 3878 sempiterno
1500 3808 1664 3861 Patre
1690 3825 1999 3878 permanens
2041 3808 2305 3863 aeternitas
2350 3809 2698 3877 praedicatur?
2728 3807 2842 3861 lmo
2887 3809 3000 3879 quis
3046 3823 3151 3861 non
3195 3818 3297 3862 toto
3336 3817 3546 3879 stupore
3581 3810 3740 3863 mire-

457 3913 558 3965 tur,
586 3916 810 3954 INFERNA
842 3913 1002 3953 ιιιωι
1025 3897 1186 3970 fuisse
1211 3896 1499 3967 dignatum,
1527 3898 1616 3969 qui
1643 3913 1875 3953 vmrun:
1900 3903 2122 3955 rnornu
2144 3917 2213 3954 nr
2235 3915 2304 3954 an
2324 3915 2487 3955 vnn
2510 3914 2700 3954 roum
2732 3914 2924 3953 nemus
2952 3909 3068 3971 post
3094 3909 3331 3967 mortem,
3353 3911 3400 3955 et
3421 3916 3619 3956 emtum
3639 3917 3743 3957 non

456 3989 665 4065 [LXXXI]
692 4005 976 4045 DURITAVIT
1003 4004 1313 4044 ASCENDERE
1343 4003 1473 4043 posr
1503 4003 1744 4044 INFBROS.
1779 3987 2010 4047 Rursum
2046 3989 2233 4044 homil.
2258 3988 2345 4056 60,
2376 4001 2501 4059 pag.
2534 3986 2641 4042 188
2663 3986 2936 4042 :.Granum
2964 3997 3041 4043 est
3070 3987 3362 4060 (Christus)
3393 3990 3595 4059 inquit,
3626 4007 3740 4045 cum

453 4084 595 4139 solus
620 4098 827 4136 crucem
852 4082 1080 4152 patitur;
1110 4082 1309 4152 fructus
1337 4089 1434 4146 est,
1462 4097 1580 4135 cum
1600 4082 1826 4152 plurima
1853 4084 2206 4152 apostolorum
2230 4083 2538 4139 credulitate
2564 4083 2932 4138 circumdatur.
2958 4083 3011 4136 Il
3016 4088 3061 4138 is
3091 4085 3228 4137 enim
3265 4094 3382 4153 post
3405 4084 3740 4138 resurrectio-

454 4188 570 4228 nem
597 4170 947 4243 quadraginta
973 4169 1150 4225 diebus
1176 4186 1290 4224 cum
1311 4170 1576 4241 discipulis
1599 4181 1956 4239 conversatus,
1978 4182 2086 4228 tota
2112 4173 2234 4227 illos
2261 4174 2532 4245 sapientiae
2558 4175 2858 4228 maturitate
2883 4173 3118 4238 edocuit,
3146 4183 3195 4227 et
3234 4174 3303 4227 ad
3331 4173 3516 4228 bonam
3543 4174 3741 4246 frugem

455 4280 542 4320 eos
585 4264 728 4319 omni
767 4262 1162 4333 disciplinarum
1189 4263 1504 4336 fecunditate
1529 4267 1796 4321 convertit.
1842 4264 2045 4321 Deinde
2073 4266 2305 4320 ascendit
2350 4266 2423 4319 ad
2467 4267 2677 4331 cretum,
2720 4266 2791 4319 ad
2828 4264 3041 4319 Patrem
3069 4266 3281 4333 scilicet,
3314 4268 3538 4337 fructum
3565 4267 3741 4331 carnis

454 4356 739 4428 praeferens
800 4355 857 4408 in
886 4354 1157 4427 discipulis
1192 4357 1417 4427 justitite
1442 4359 1644 4413 semina
1668 4357 2049 4430 derelinquens.
2120 4358 2365 4414 Ascendit
2401 4375 2523 4431 ergo
2562 4358 2634 4413 ad
2680 4356 2893 4412 Patrem
2932 4357 3206 4413 Dominus.
3255 4357 3325 4413 Et
3369 4375 3620 4416 sermone
3647 4366 3739 4427 ut,

451 4459 572 4517 pag.
606 4444 712 4503 5M
738 4463 751 4499 :
780 4443 906 4499 Cwli
936 4445 1047 4500 alta
1075 4446 1446 4501 transcendens
1472 4446 1543 4501 ad
1568 4459 1801 4517 paterna:
1840 4448 1977 4503 sedis
2015 4447 2399 4521 incogitabilem
2442 4449 2765 4521 majestatem
2794 4446 3028 4503 Christus
3068 4446 3328 4517 ascendit,
3368 4460 3419 4505 et
3459 4452 3737 4513 hominem,

453 4555 601 4612 quem
642 4536 838 4593 invidia
875 4537 1211 4609 malignantis
1234 4538 1430 4594 inimici
1468 4539 1640 4611 prima
1666 4539 1760 4594 illa
1787 4540 2024 4610 paradisi
2053 4539 2371 4594 habitatione
2412 4539 2679 4610 depulsum
2706 4540 3087 4612 projectumque
3110 4542 3167 4595 in
3204 4540 3338 4595 hanc
3364 4543 3544 4596 mundi
3572 4541 3738 4596 labem

457 4634 649 4701 fecerat
673 4645 787 4684 esse
811 4628 1171 4699 peregrinum,
1204 4629 1440 4701 angelica
1466 4630 1522 4685 in
1551 4631 1725 4702 patria
1750 4629 2050 4696 collocavit,
2077 4639 2127 4683 et
2151 4629 2392 4700 paradisi
2419 4630 2651 4686 exsulem
2679 4631 2837 4685 civem
2865 4629 3144 4685 cmlestium
3176 4633 3317 4703 fecit.
3366 4631 3524 4687 Paria
3551 4633 3737 4689 scribit

458 4735 711 4776 sermone
735 4718 827 4785 Μ,
855 4731 978 4790 pag.
1011 4716 1118 4772 514
1142 4732 1317 4789 seqq.;
1348 4717 1439 4785 45,
1470 4733 1592 4791 pag.
1624 4717 1759 4788 516;
1788 4728 1844 4775 et
1870 4734 2120 4775 sermone
2148 4716 2238 4785 47,
2269 4731 2391 4790 pag.
2423 4718 2564 4774 5i9:
2595 4717 2675 4773 De
2697 4718 3007 4791 spoliatione
3043 4734 3139 4772 sua
3178 4720 3314 4776 dolet
3334 4736 3449 4776 cum
3477 4738 3569 4777 suo
3590 4724 3737 4795 prin-

453 4811 568 4881 cipe
596 4818 859 4878 tartarus;
907 4808 972 4865 de
1007 4810 1089 4864 sui
1134 4817 1306 4864 autem
1351 4808 1530 4864 damni
1575 4811 1956 4867 restauratione
2001 4811 2208 4866 ltetatur
2251 4811 2517 4865 universus
2562 4810 2782 4865 celestis
2820 4810 3093 4865 exercitus.
3127 4810 3301 4868 Hodie
3326 4831 3468 4880 caro,
3499 4831 3651 4888 quam
3679 4819 3734 4871 in

457 4900 607 4955 terris
633 4898 863 4969 Spiritus
891 4901 1057 4955 sancti
1084 4909 1331 4973 operante
1360 4900 1546 4956 virtute
1572 4918 1605 4956 a
1632 4901 1828 4973 virgine
1853 4910 2019 4956 matre
2045 4907 2425 4989 assumpserat,
2450 4899 2522 4953 ad
2549 4898 2724 4954 Patris
2750 4899 3018 4955 dexteram
3047 4910 3124 4956 est
3162 4903 3443 4971 collocata,
3474 4905 3741 4979 eidemque

457 4992 686 5046 omnium
713 4991 991 5046 antestium
1029 4993 1301 5062 spirituum
1339 5000 1460 5048 sunt
1503 5000 1727 5048 curvatis
1766 5000 1986 5047 natura.
2018 4990 2189 5046 Ilodie
2224 5007 2357 5046 nova
2381 4990 2475 5045 illa
2512 4991 2615 5056 via,
2656 4992 2720 5044 de
2744 5006 2844 5063 qua
2873 4991 2996 5046 olim
3034 4991 3234 5047 dicebat
3260 4994 3554 5063 Apostolus,
3586 4997 3736 5051 nobis

456 5095 532 5141 est
560 5084 805 5150 initiata,
833 5086 952 5156 quia
979 5103 1072 5155 per
1099 5087 1445 5145 beatissimam
1472 5089 1617 5144 illam
1647 5087 1841 5144 Christi
1887 5103 2096 5143 carnem
2135 5095 2359 5142 teternus
2396 5085 2485 5141 ille
2521 5086 2633 5141 οωιὶ
2680 5086 2884 5155 aditus,
2924 5106 3018 5159 per
3062 5103 3208 5161 quem
3245 5086 3391 5141 nulla
3427 5088 3570 5157 prius
3609 5105 3737 5144 caro

458 5177 759 5242 transierat,
788 5173 935 5231 nobis
962 5186 1039 5230 est
1066 5178 1353 5237 deseratus.
1384 5180 1556 5237 Hodie
1581 5181 1672 5237 ille
1709 5179 1836 5238 liber
1856 5197 2004 5255 quem
2033 5197 2202 5245 nemo,
2243 5181 2346 5236 nisi
2371 5197 2553 5252 agnus,
2578 5182 2743 5251 potuit
2769 5183 2973 5253 aperire
2999 5192 3075 5236 est
3098 5190 3376 5248 reseratas,
3407 5181 3652 5253 quoniam
3677 5183 3735 5237 in

453 5271 594 5326 illius
622 5276 817 5336 morte,
847 5267 1078 5340 ejusdem
1103 5282 1224 5324 sunt
1249 5273 1367 5328 libri
1394 5273 1622 5329 revelata
1653 5281 2019 5340 sacramenta;
2061 5280 2111 5327 et
2156 5288 2217 5327 ea
2245 5288 2359 5344 qua:
2384 5273 2439 5326 in
2469 5273 2576 5341 lege
2601 5281 2651 5325 et
2689 5272 2952 5344 prophetis
2982 5273 3045 5326 de
3075 5289 3134 5327 eo
3160 5273 3356 5342 scripta
3372 5264 3732 5341 inveniuntur,

450 5374 807 5420 consummata
833 5366 1216 5438 dispensatione
1234 5369 1521 5440 majestatis
1548 5370 1681 5442 ejus,
1707 5368 1956 5425 hodierna
1987 5366 2068 5423 die
2087 5367 2340 5437 completa
2367 5375 2506 5420 sunt.
2534 5364 2812 5420 Descendit
2840 5367 3007 5435 primo
3027 5365 3279 5432 Christus,
3309 5376 3366 5421 ut
3385 5376 3579 5423 nostra:
3604 5382 3732 5422 con-

448 5469 560 5508 sors
579 5454 725 5523 ﬁeret
755 5465 988 5522 naturai;
1018 5455 1248 5510 ascendit
1273 5473 1437 5525 nunc,
1467 5469 1523 5513 ut
1549 5476 1658 5515 sua:
1685 5476 1778 5515 nos
1801 5459 2199 5531 comparticipes
2226 5456 2441 5529 efﬁceret
2480 5456 2682 5527 glorias.
2714 5454 3045 5512 Descendens
3070 5459 3296 5513 mirabili
3325 5460 3733 5526 conversatione,

449 5545 655 5602 visibilis
683 5547 944 5603 miraculis
974 5546 1239 5603 delectavit
1266 5550 1843 5623 infantes;'ascendens
1894 5549 2038 5607 dedit
2084 5548 2223 5605 dona
2264 5546 2588 5614 hominibus,
2639 5545 2820 5620 quibus
2846 5548 2902 5601 in
2942 5547 3049 5619 ﬁde
3092 5549 3280 5604 eruditi
3327 5550 3558 5620 atquein
3585 5548 3734 5605 tirils

447 5638 599 5693 robur
624 5638 848 5707 educati,
881 5641 1209 5710 temporalem
1227 5640 1390 5712 ipsius
1416 5641 1659 5697 visionem
1697 5658 1798 5698 non
1822 5642 1960 5697 ultra
2000 5645 2333 5712 appeterent,
2375 5636 2467 5691 sed
2493 5652 2592 5709 quo
2615 5652 2701 5690 eos
2728 5636 2839 5705 ipse
2864 5647 3221 5709 prtecesserat,
3267 5647 3372 5692 to:a
3412 5653 3526 5692 cum
3573 5637 3739 5692 unitati

446 5732 769 5789 contentione
792 5732 935 5787 illum
965 5733 1104 5788 δραιιὶ
1135 5732 1419 5787 studerent.
