  <div class='ocr_page' id='page_1' title='image "/cluster/home/n/w/nwhite01/storage/ocr_20150623/57/hvd.32044054758669/056.png"; bbox 0 0 4138 6186; ppageno 0'>
   <div class='ocr_carea' id='block_1_1' title="bbox 342 226 3589 299">
    <p class='ocr_par' dir='ltr' id='par_1_1' title="bbox 342 226 3589 299">
     <span class='ocr_line' id='line_1_1' title="bbox 342 226 3589 299; baseline 0.002 -21"><span class='ocrx_word' id='word_1_1' title='bbox 342 227 407 279; x_wconf 71' lang='lat' dir='ltr'><strong>si</strong></span> <span class='ocrx_word' id='word_1_2' title='bbox 1737 226 2122 282; x_wconf 70' lang='lat' dir='ltr'><strong>PRASFATIO.</strong></span> <span class='ocrx_word' id='word_1_3' title='bbox 3521 247 3589 299; x_wconf 47' lang='grc' dir='ltr'><strong>δέ</strong></span> 
     </span>
    </p>
   </div>
   <div class='ocr_carea' id='block_1_2' title="bbox 389 340 3601 414">
    <p class='ocr_par' dir='ltr' id='par_1_2' title="bbox 389 340 3601 414">
     <span class='ocr_line' id='line_1_2' title="bbox 389 340 3601 414; baseline -0.001 -15"><span class='ocrx_word' id='word_1_4' title='bbox 389 343 570 400; x_wconf 73' lang='lat' dir='ltr'><strong>XVIII.</strong></span> <span class='ocrx_word' id='word_1_5' title='bbox 612 344 1077 411; x_wconf 78' lang='lat' dir='ltr'><strong>Quemadmodum</strong></span> <span class='ocrx_word' id='word_1_6' title='bbox 1120 344 1230 414; x_wconf 81' lang='lat' dir='ltr'><strong>jam</strong></span> <span class='ocrx_word' id='word_1_7' title='bbox 1269 342 1517 400; x_wconf 86' lang='lat' dir='ltr'><strong>Christus</strong></span> <span class='ocrx_word' id='word_1_8' title='bbox 1546 341 1609 396; x_wconf 87' lang='lat' dir='ltr'><strong>ad</strong></span> <span class='ocrx_word' id='word_1_9' title='bbox 1641 340 1919 398; x_wconf 74' lang='lat' dir='ltr'><strong>dexteram</strong></span> <span class='ocrx_word' id='word_1_10' title='bbox 1950 340 2127 397; x_wconf 88' lang='lat' dir='ltr'><strong>Patris</strong></span> <span class='ocrx_word' id='word_1_11' title='bbox 2156 342 2373 409; x_wconf 87' lang='lat' dir='ltr'><strong>sedeat,</strong></span> <span class='ocrx_word' id='word_1_12' title='bbox 2400 357 2469 396; x_wconf 77' lang='lat' dir='ltr'><strong>ex</strong></span> <span class='ocrx_word' id='word_1_13' title='bbox 2500 341 2715 396; x_wconf 76' lang='lat' dir='ltr'><strong>Maximi</strong></span> <span class='ocrx_word' id='word_1_14' title='bbox 2746 340 3022 410; x_wconf 78' lang='lat' dir='ltr'><strong>doctrina,</strong></span> <span class='ocrx_word' id='word_1_15' title='bbox 3058 342 3292 397; x_wconf 80' lang='lat' dir='ltr'><strong>breviter</strong></span> <span class='ocrx_word' id='word_1_16' title='bbox 3318 358 3601 411; x_wconf 54' lang='lat' dir='ltr'><strong>eximium.</strong></span> 
     </span>
    </p>
   </div>
   <div class='ocr_carea' id='block_1_3' title="bbox 311 432 3606 507">
    <p class='ocr_par' dir='ltr' id='par_1_3' title="bbox 311 432 3606 507">
     <span class='ocr_line' id='line_1_3' title="bbox 311 432 3606 507; baseline 0 -18"><span class='ocrx_word' id='word_1_17' title='bbox 311 432 461 502; x_wconf 77' lang='lat' dir='ltr'><strong>Ergo</strong></span> <span class='ocrx_word' id='word_1_18' title='bbox 491 436 538 489; x_wconf 91' lang='lat' dir='ltr'><strong>is</strong></span> <span class='ocrx_word' id='word_1_19' title='bbox 564 436 787 491; x_wconf 88' lang='lat' dir='ltr'><strong>homilia</strong></span> <span class='ocrx_word' id='word_1_20' title='bbox 816 436 914 502; x_wconf 76' lang='lat'><strong>83,</strong></span> <span class='ocrx_word' id='word_1_21' title='bbox 945 452 1062 507; x_wconf 69' lang='lat' dir='ltr'><strong>quae</strong></span> <span class='ocrx_word' id='word_1_22' title='bbox 1091 436 1261 507; x_wconf 88' lang='lat' dir='ltr'><strong>prima</strong></span> <span class='ocrx_word' id='word_1_23' title='bbox 1291 443 1376 490; x_wconf 61' lang='lat' dir='ltr'><strong>est</strong></span> <span class='ocrx_word' id='word_1_24' title='bbox 1402 435 1468 489; x_wconf 89' lang='lat' dir='ltr'><strong>de</strong></span> <span class='ocrx_word' id='word_1_25' title='bbox 1494 433 1759 500; x_wconf 83' lang='lat' dir='ltr'><strong>Diversis,</strong></span> <span class='ocrx_word' id='word_1_26' title='bbox 1790 434 1870 489; x_wconf 92' lang='lat' dir='ltr'><strong>sic</strong></span> <span class='ocrx_word' id='word_1_27' title='bbox 1898 433 2063 488; x_wconf 86' lang='lat' dir='ltr'><strong>habet</strong></span> <span class='ocrx_word' id='word_1_28' title='bbox 2093 447 2214 505; x_wconf 79' lang='lat' dir='ltr'><strong>pag.</strong></span> <span class='ocrx_word' id='word_1_29' title='bbox 2244 432 2341 486; x_wconf 68' lang='lat'><strong>27!</strong></span> <span class='ocrx_word' id='word_1_30' title='bbox 2378 452 2391 487; x_wconf 85' lang='lat'><strong>:</strong></span> <span class='ocrx_word' id='word_1_31' title='bbox 2423 434 2579 489; x_wconf 87' lang='lat' dir='ltr'><strong>Sedet</strong></span> <span class='ocrx_word' id='word_1_32' title='bbox 2619 434 2689 486; x_wconf 86' lang='lat' dir='ltr'><strong>ad</strong></span> <span class='ocrx_word' id='word_1_33' title='bbox 2726 433 2993 488; x_wconf 74' lang='lat' dir='ltr'><strong>dexteram</strong></span> <span class='ocrx_word' id='word_1_34' title='bbox 3035 432 3231 489; x_wconf 85' lang='lat' dir='ltr'><strong>Patris.</strong></span> <span class='ocrx_word' id='word_1_35' title='bbox 3289 432 3439 498; x_wconf 83' lang='lat' dir='ltr'><strong>Quod</strong></span> <span class='ocrx_word' id='word_1_36' title='bbox 3464 436 3606 490; x_wconf 83' lang='lat' dir='ltr'><strong>sedet</strong></span> 
     </span>
    </p>
   </div>
   <div class='ocr_carea' id='block_1_4' title="bbox 313 523 3604 595">
    <p class='ocr_par' dir='ltr' id='par_1_4' title="bbox 313 523 3604 595">
     <span class='ocr_line' id='line_1_4' title="bbox 313 523 3604 595; baseline -0.001 -14"><span class='ocrx_word' id='word_1_37' title='bbox 313 527 572 591; x_wconf 81' lang='lat' dir='ltr'><strong>Christus,</strong></span> <span class='ocrx_word' id='word_1_38' title='bbox 597 528 805 581; x_wconf 81' lang='lat' dir='ltr'><strong>victoris</strong></span> <span class='ocrx_word' id='word_1_39' title='bbox 826 544 1010 581; x_wconf 84' lang='lat' dir='ltr'><strong>munus</strong></span> <span class='ocrx_word' id='word_1_40' title='bbox 1037 536 1147 592; x_wconf 86' lang='lat' dir='ltr'><strong>est;</strong></span> <span class='ocrx_word' id='word_1_41' title='bbox 1175 526 1313 590; x_wconf 83' lang='lat' dir='ltr'><strong>quod</strong></span> <span class='ocrx_word' id='word_1_42' title='bbox 1334 526 1404 580; x_wconf 90' lang='lat' dir='ltr'><strong>ad</strong></span> <span class='ocrx_word' id='word_1_43' title='bbox 1430 524 1701 579; x_wconf 80' lang='lat' dir='ltr'><strong>dexteram</strong></span> <span class='ocrx_word' id='word_1_44' title='bbox 1730 523 1910 578; x_wconf 89' lang='lat' dir='ltr'><strong>Putris</strong></span> <span class='ocrx_word' id='word_1_45' title='bbox 1934 524 2096 589; x_wconf 87' lang='lat' dir='ltr'><strong>sedet,</strong></span> <span class='ocrx_word' id='word_1_46' title='bbox 2126 524 2407 578; x_wconf 76' lang='lat' dir='ltr'><strong>divinitatis</strong></span> <span class='ocrx_word' id='word_1_47' title='bbox 2441 533 2517 577; x_wconf 87' lang='lat' dir='ltr'><strong>est</strong></span> <span class='ocrx_word' id='word_1_48' title='bbox 2543 524 2887 595; x_wconf 79' lang='lat' dir='ltr'><strong>privilegium,</strong></span> <span class='ocrx_word' id='word_1_49' title='bbox 2907 534 2955 577; x_wconf 91' lang='lat' dir='ltr'><strong>et</strong></span> <span class='ocrx_word' id='word_1_50' title='bbox 2980 523 3271 577; x_wconf 78' lang='lat' dir='ltr'><strong>indiscreta:</strong></span> <span class='ocrx_word' id='word_1_51' title='bbox 3292 526 3604 579; x_wconf 73' lang='lat' dir='ltr'><strong>consortium</strong></span> 
     </span>
    </p>
   </div>
   <div class='ocr_carea' id='block_1_5' title="bbox 311 612 3607 687">
    <p class='ocr_par' dir='ltr' id='par_1_5' title="bbox 311 612 3607 687">
     <span class='ocr_line' id='line_1_5' title="bbox 311 612 3607 687; baseline -0.001 -15"><span class='ocrx_word' id='word_1_52' title='bbox 311 618 572 672; x_wconf 88' lang='lat' dir='ltr'><strong>caritatis.</strong></span> <span class='ocrx_word' id='word_1_53' title='bbox 628 615 863 671; x_wconf 81' lang='lat' dir='ltr'><strong>lIomilia</strong></span> <span class='ocrx_word' id='word_1_54' title='bbox 892 632 1023 672; x_wconf 82' lang='lat' dir='ltr'><strong>vero</strong></span> <span class='ocrx_word' id='word_1_55' title='bbox 1066 616 1152 680; x_wconf 72' lang='lat'><strong>6’2,</strong></span> <span class='ocrx_word' id='word_1_56' title='bbox 1181 630 1303 687; x_wconf 79' lang='lat' dir='ltr'><strong>pag.</strong></span> <span class='ocrx_word' id='word_1_57' title='bbox 1338 614 1440 669; x_wconf 89' lang='grc'><strong>197</strong></span> <span class='ocrx_word' id='word_1_58' title='bbox 1468 628 1583 683; x_wconf 88' lang='lat' dir='ltr'><strong>seq.</strong></span> <span class='ocrx_word' id='word_1_59' title='bbox 1613 632 1627 666; x_wconf 91' lang='lat'><strong>:</strong></span> <span class='ocrx_word' id='word_1_60' title='bbox 1660 612 1983 668; x_wconf 88' lang='lat' dir='ltr'><strong>Credendum</strong></span> <span class='ocrx_word' id='word_1_61' title='bbox 2022 623 2116 677; x_wconf 90' lang='lat' dir='ltr'><strong>est,</strong></span> <span class='ocrx_word' id='word_1_62' title='bbox 2149 616 2281 667; x_wconf 84' lang='lat' dir='ltr'><strong>sicut</strong></span> <span class='ocrx_word' id='word_1_63' title='bbox 2310 616 2384 667; x_wconf 86' lang='lat' dir='ltr'><strong>ait</strong></span> <span class='ocrx_word' id='word_1_64' title='bbox 2427 614 2490 667; x_wconf 88' lang='lat' dir='ltr'><strong>de</strong></span> <span class='ocrx_word' id='word_1_65' title='bbox 2512 613 2785 669; x_wconf 72' lang='lat' dir='ltr'><strong>Saluatore</strong></span> <span class='ocrx_word' id='word_1_66' title='bbox 2813 613 3000 679; x_wconf 84' lang='lat' dir='ltr'><strong>Darid,</strong></span> <span class='ocrx_word' id='word_1_67' title='bbox 3032 616 3086 667; x_wconf 89' lang='lat' dir='ltr'><strong>in</strong></span> <span class='ocrx_word' id='word_1_68' title='bbox 3117 613 3213 668; x_wconf 85' lang='lat' dir='ltr'><strong>Dei</strong></span> <span class='ocrx_word' id='word_1_69' title='bbox 3241 614 3453 671; x_wconf 83' lang='lat' dir='ltr'><strong>dextera</strong></span> <span class='ocrx_word' id='word_1_70' title='bbox 3484 633 3607 670; x_wconf 76' lang='lat' dir='ltr'><strong>con-</strong></span> 
     </span>
    </p>
   </div>
   <div class='ocr_carea' id='block_1_6' title="bbox 312 705 3607 779">
    <p class='ocr_par' dir='ltr' id='par_1_6' title="bbox 312 705 3607 779">
     <span class='ocr_line' id='line_1_6' title="bbox 312 705 3607 779; baseline -0 -16"><span class='ocrx_word' id='word_1_71' title='bbox 312 707 506 770; x_wconf 77' lang='lat' dir='ltr'><strong>sidere,</strong></span> <span class='ocrx_word' id='word_1_72' title='bbox 535 708 658 778; x_wconf 87' lang='lat' dir='ltr'><strong>quia</strong></span> <span class='ocrx_word' id='word_1_73' title='bbox 700 709 959 762; x_wconf 85' lang='lat' dir='ltr'><strong>cernimus</strong></span> <span class='ocrx_word' id='word_1_74' title='bbox 990 707 1245 779; x_wconf 77' lang='lat' dir='ltr'><strong>Spiritum</strong></span> <span class='ocrx_word' id='word_1_75' title='bbox 1290 716 1543 770; x_wconf 87' lang='lat' dir='ltr'><strong>sanctum,</strong></span> <span class='ocrx_word' id='word_1_76' title='bbox 1596 707 1729 759; x_wconf 86' lang='lat' dir='ltr'><strong>sicut</strong></span> <span class='ocrx_word' id='word_1_77' title='bbox 1775 706 2012 772; x_wconf 77' lang='lat' dir='ltr'><strong>promisit</strong></span> <span class='ocrx_word' id='word_1_78' title='bbox 2053 705 2327 770; x_wconf 78' lang='lat' dir='ltr'><strong>Dominus,</strong></span> <span class='ocrx_word' id='word_1_79' title='bbox 2372 707 2427 759; x_wconf 89' lang='lat' dir='ltr'><strong>in</strong></span> <span class='ocrx_word' id='word_1_80' title='bbox 2456 706 2704 773; x_wconf 82' lang='lat' dir='ltr'><strong>apostolis</strong></span> <span class='ocrx_word' id='word_1_81' title='bbox 2734 708 3013 761; x_wconf 75' lang='lat' dir='ltr'><strong>exsultare.</strong></span> <span class='ocrx_word' id='word_1_82' title='bbox 3066 706 3150 760; x_wconf 81' lang='lat' dir='ltr'><strong>Ait</strong></span> <span class='ocrx_word' id='word_1_83' title='bbox 3194 723 3318 778; x_wconf 88' lang='lat' dir='ltr'><strong>ergo</strong></span> <span class='ocrx_word' id='word_1_84' title='bbox 3356 708 3607 777; x_wconf 80' lang='lat' dir='ltr'><strong>propheta</strong></span> 
     </span>
    </p>
   </div>
   <div class='ocr_carea' id='block_1_7' title="bbox 310 795 3604 869">
    <p class='ocr_par' dir='ltr' id='par_1_7' title="bbox 310 795 3604 869">
     <span class='ocr_line' id='line_1_7' title="bbox 310 795 3604 869; baseline 0.001 -18"><span class='ocrx_word' id='word_1_85' title='bbox 310 798 635 869; x_wconf 72' lang='lat' dir='ltr'><strong>psalmorum</strong></span> <span class='ocrx_word' id='word_1_86' title='bbox 658 813 676 850; x_wconf 93' lang='lat'><strong><em>:</em></strong></span> <span class='ocrx_word' id='word_1_87' title='bbox 710 816 729 849; x_wconf 88' lang='grc'><strong>‹</strong></span> <span class='ocrx_word' id='word_1_88' title='bbox 756 795 911 851; x_wconf 82' lang='lat' dir='ltr'><strong>Dixit</strong></span> <span class='ocrx_word' id='word_1_89' title='bbox 951 797 1205 852; x_wconf 79' lang='lat' dir='ltr'><strong>Dominus</strong></span> <span class='ocrx_word' id='word_1_90' title='bbox 1234 796 1459 851; x_wconf 89' lang='lat' dir='ltr'><strong>Domino</strong></span> <span class='ocrx_word' id='word_1_91' title='bbox 1505 813 1634 861; x_wconf 87' lang='lat' dir='ltr'><strong>meo,</strong></span> <span class='ocrx_word' id='word_1_92' title='bbox 1670 796 1805 851; x_wconf 90' lang='lat' dir='ltr'><strong>Sede</strong></span> <span class='ocrx_word' id='word_1_93' title='bbox 1846 815 1876 850; x_wconf 93' lang='lat' dir='ltr'><strong>a</strong></span> <span class='ocrx_word' id='word_1_94' title='bbox 1905 797 2102 851; x_wconf 75' lang='lat' dir='ltr'><strong>dextris</strong></span> <span class='ocrx_word' id='word_1_95' title='bbox 2132 799 2308 851; x_wconf 66' lang='lat' dir='ltr'><strong>meis.»</strong></span> <span class='ocrx_word' id='word_1_96' title='bbox 2339 799 2631 852; x_wconf 85' lang='lat' dir='ltr'><strong>Secundum</strong></span> <span class='ocrx_word' id='word_1_97' title='bbox 2670 801 3087 854; x_wconf 84' lang='lat' dir='ltr'><strong>consuetudinem</strong></span> <span class='ocrx_word' id='word_1_98' title='bbox 3118 810 3345 855; x_wconf 84' lang='lat' dir='ltr'><strong>nostram</strong></span> <span class='ocrx_word' id='word_1_99' title='bbox 3376 801 3455 855; x_wconf 88' lang='lat' dir='ltr'><strong>illi</strong></span> <span class='ocrx_word' id='word_1_100' title='bbox 3478 819 3604 856; x_wconf 72' lang='lat' dir='ltr'><strong>con-</strong></span> 
     </span>
    </p>
   </div>
   <div class='ocr_carea' id='block_1_8' title="bbox 312 889 3606 965">
    <p class='ocr_par' dir='ltr' id='par_1_8' title="bbox 312 889 3606 965">
     <span class='ocr_line' id='line_1_8' title="bbox 312 889 3606 965; baseline 0.001 -20"><span class='ocrx_word' id='word_1_101' title='bbox 312 907 490 945; x_wconf 79' lang='lat' dir='ltr'><strong>sessus</strong></span> <span class='ocrx_word' id='word_1_102' title='bbox 521 891 756 959; x_wconf 71' lang='lat' dir='ltr'><strong>offertur,</strong></span> <span class='ocrx_word' id='word_1_103' title='bbox 798 893 884 963; x_wconf 89' lang='lat' dir='ltr'><strong>qui</strong></span> <span class='ocrx_word' id='word_1_104' title='bbox 927 891 1100 964; x_wconf 88' lang='lat' dir='ltr'><strong>aliquo</strong></span> <span class='ocrx_word' id='word_1_105' title='bbox 1138 908 1292 962; x_wconf 86' lang='lat' dir='ltr'><strong>opere</strong></span> <span class='ocrx_word' id='word_1_106' title='bbox 1318 893 1547 963; x_wconf 86' lang='lat' dir='ltr'><strong>perfecta</strong></span> <span class='ocrx_word' id='word_1_107' title='bbox 1571 891 1866 955; x_wconf 80' lang='lat' dir='ltr'><strong>adveniens,</strong></span> <span class='ocrx_word' id='word_1_108' title='bbox 1912 889 2139 963; x_wconf 72' lang='lat' dir='ltr'><strong>[LXXXII]</strong></span> <span class='ocrx_word' id='word_1_109' title='bbox 2169 893 2379 946; x_wconf 77' lang='lat' dir='ltr'><strong>honoris</strong></span> <span class='ocrx_word' id='word_1_110' title='bbox 2408 895 2579 963; x_wconf 88' lang='lat' dir='ltr'><strong>gratia</strong></span> <span class='ocrx_word' id='word_1_111' title='bbox 2604 904 2939 964; x_wconf 80' lang='lat' dir='ltr'><strong>promeretur,</strong></span> <span class='ocrx_word' id='word_1_112' title='bbox 2972 903 3026 947; x_wconf 91' lang='lat' dir='ltr'><strong>ut</strong></span> <span class='ocrx_word' id='word_1_113' title='bbox 3054 894 3246 948; x_wconf 84' lang='lat' dir='ltr'><strong>sedeat.</strong></span> <span class='ocrx_word' id='word_1_114' title='bbox 3284 893 3371 948; x_wconf 88' lang='lat' dir='ltr'><strong>Ita</strong></span> <span class='ocrx_word' id='word_1_115' title='bbox 3395 911 3517 965; x_wconf 90' lang='lat' dir='ltr'><strong>ergo</strong></span> <span class='ocrx_word' id='word_1_116' title='bbox 3556 903 3606 947; x_wconf 84' lang='lat' dir='ltr'><strong>et</strong></span> 
     </span>
    </p>
   </div>
   <div class='ocr_carea' id='block_1_9' title="bbox 316 984 3605 1059">
    <p class='ocr_par' dir='ltr' id='par_1_9' title="bbox 316 984 3605 1059">
     <span class='ocr_line' id='line_1_9' title="bbox 316 984 3605 1059; baseline -0.001 -16"><span class='ocrx_word' id='word_1_117' title='bbox 316 988 470 1043; x_wconf 68' lang='lat' dir='ltr'><strong>homo</strong></span> <span class='ocrx_word' id='word_1_118' title='bbox 494 986 650 1040; x_wconf 81' lang='lat' dir='ltr'><strong>Jesus</strong></span> <span class='ocrx_word' id='word_1_119' title='bbox 679 984 933 1051; x_wconf 82' lang='lat' dir='ltr'><strong>Christus,</strong></span> <span class='ocrx_word' id='word_1_120' title='bbox 963 988 1204 1057; x_wconf 83' lang='lat' dir='ltr'><strong>passione</strong></span> <span class='ocrx_word' id='word_1_121' title='bbox 1246 1003 1343 1040; x_wconf 90' lang='lat' dir='ltr'><strong>sua</strong></span> <span class='ocrx_word' id='word_1_122' title='bbox 1371 985 1629 1040; x_wconf 87' lang='lat' dir='ltr'><strong>diabolum</strong></span> <span class='ocrx_word' id='word_1_123' title='bbox 1660 1001 1939 1050; x_wconf 86' lang='lat' dir='ltr'><strong>superans,</strong></span> <span class='ocrx_word' id='word_1_124' title='bbox 1970 987 2345 1039; x_wconf 80' lang='lat' dir='ltr'><strong>resurrectione</strong></span> <span class='ocrx_word' id='word_1_125' title='bbox 2366 1002 2479 1050; x_wconf 87' lang='lat' dir='ltr'><strong>sua,</strong></span> <span class='ocrx_word' id='word_1_126' title='bbox 2530 986 2737 1057; x_wconf 76' lang='lat' dir='ltr'><strong>inferna</strong></span> <span class='ocrx_word' id='word_1_127' title='bbox 2782 1003 3039 1050; x_wconf 81' lang='lat' dir='ltr'><strong>reserans,</strong></span> <span class='ocrx_word' id='word_1_128' title='bbox 3092 995 3330 1057; x_wconf 83' lang='lat' dir='ltr'><strong>tanquam</strong></span> <span class='ocrx_word' id='word_1_129' title='bbox 3378 988 3605 1059; x_wconf 87' lang='lat' dir='ltr'><strong>perfecto</strong></span> 
     </span>
    </p>
   </div>
   <div class='ocr_carea' id='block_1_10' title="bbox 314 1078 3604 1151">
    <p class='ocr_par' dir='ltr' id='par_1_10' title="bbox 314 1078 3604 1151">
     <span class='ocr_line' id='line_1_10' title="bbox 314 1078 3604 1151; baseline -0 -14"><span class='ocrx_word' id='word_1_130' title='bbox 314 1096 491 1151; x_wconf 76' lang='lat' dir='ltr'><strong>opere,</strong></span> <span class='ocrx_word' id='word_1_131' title='bbox 526 1080 598 1132; x_wconf 87' lang='lat' dir='ltr'><strong>ad</strong></span> <span class='ocrx_word' id='word_1_132' title='bbox 624 1080 780 1134; x_wconf 71' lang='lat' dir='ltr'><strong>cmlos</strong></span> <span class='ocrx_word' id='word_1_133' title='bbox 810 1080 972 1134; x_wconf 75' lang='lat' dir='ltr'><strong>vietor</strong></span> <span class='ocrx_word' id='word_1_134' title='bbox 1000 1081 1281 1134; x_wconf 78' lang='lat' dir='ltr'><strong>adveniens</strong></span> <span class='ocrx_word' id='word_1_135' title='bbox 1308 1079 1455 1134; x_wconf 87' lang='lat' dir='ltr'><strong>audit</strong></span> <span class='ocrx_word' id='word_1_136' title='bbox 1483 1097 1515 1133; x_wconf 91' lang='lat' dir='ltr'><strong>a</strong></span> <span class='ocrx_word' id='word_1_137' title='bbox 1544 1078 1655 1133; x_wconf 85' lang='lat' dir='ltr'><strong>Deo</strong></span> <span class='ocrx_word' id='word_1_138' title='bbox 1686 1078 1844 1133; x_wconf 89' lang='lat' dir='ltr'><strong>Patre</strong></span> <span class='ocrx_word' id='word_1_139' title='bbox 1872 1096 1890 1132; x_wconf 89' lang='lat'><strong><em>:</em></strong></span> <span class='ocrx_word' id='word_1_140' title='bbox 1922 1078 2059 1134; x_wconf 87' lang='lat' dir='ltr'><strong>Sede</strong></span> <span class='ocrx_word' id='word_1_141' title='bbox 2106 1080 2175 1133; x_wconf 88' lang='lat' dir='ltr'><strong>ad</strong></span> <span class='ocrx_word' id='word_1_142' title='bbox 2223 1079 2487 1134; x_wconf 75' lang='lat' dir='ltr'><strong>dexteram</strong></span> <span class='ocrx_word' id='word_1_143' title='bbox 2534 1098 2721 1135; x_wconf 88' lang='lat' dir='ltr'><strong>meam.</strong></span> <span class='ocrx_word' id='word_1_144' title='bbox 2778 1079 2889 1134; x_wconf 85' lang='lat' dir='ltr'><strong>Nec</strong></span> <span class='ocrx_word' id='word_1_145' title='bbox 2936 1082 3124 1135; x_wconf 87' lang='lat' dir='ltr'><strong>mirum</strong></span> <span class='ocrx_word' id='word_1_146' title='bbox 3174 1082 3219 1135; x_wconf 86' lang='lat' dir='ltr'><strong>si</strong></span> <span class='ocrx_word' id='word_1_147' title='bbox 3266 1082 3417 1135; x_wconf 84' lang='lat' dir='ltr'><strong>unius</strong></span> <span class='ocrx_word' id='word_1_148' title='bbox 3467 1081 3604 1136; x_wconf 89' lang='lat' dir='ltr'><strong>sedis</strong></span> 
     </span>
    </p>
   </div>
   <div class='ocr_carea' id='block_1_11' title="bbox 315 1170 3605 1245">
    <p class='ocr_par' dir='ltr' id='par_1_11' title="bbox 315 1170 3605 1245">
     <span class='ocr_line' id='line_1_11' title="bbox 315 1170 3605 1245; baseline 0 -17"><span class='ocrx_word' id='word_1_149' title='bbox 315 1174 537 1243; x_wconf 68' lang='lat' dir='ltr'><strong>oﬂ&#39;ertur</strong></span> <span class='ocrx_word' id='word_1_150' title='bbox 566 1172 709 1227; x_wconf 79' lang='lat' dir='ltr'><strong>Filio</strong></span> <span class='ocrx_word' id='word_1_151' title='bbox 734 1189 1003 1227; x_wconf 81' lang='lat' dir='ltr'><strong>consessus</strong></span> <span class='ocrx_word' id='word_1_152' title='bbox 1034 1191 1066 1226; x_wconf 92' lang='lat' dir='ltr'><strong>a</strong></span> <span class='ocrx_word' id='word_1_153' title='bbox 1092 1172 1284 1240; x_wconf 83' lang='lat' dir='ltr'><strong>Patre,</strong></span> <span class='ocrx_word' id='word_1_154' title='bbox 1316 1175 1401 1245; x_wconf 86' lang='lat' dir='ltr'><strong>qui</strong></span> <span class='ocrx_word' id='word_1_155' title='bbox 1430 1173 1581 1227; x_wconf 88' lang='lat' dir='ltr'><strong>unius</strong></span> <span class='ocrx_word' id='word_1_156' title='bbox 1610 1182 1685 1227; x_wconf 90' lang='lat' dir='ltr'><strong>est</strong></span> <span class='ocrx_word' id='word_1_157' title='bbox 1714 1173 2018 1226; x_wconf 79' lang='lat' dir='ltr'><strong>substantitc</strong></span> <span class='ocrx_word' id='word_1_158' title='bbox 2041 1181 2091 1226; x_wconf 90' lang='lat' dir='ltr'><strong>et</strong></span> <span class='ocrx_word' id='word_1_159' title='bbox 2118 1182 2319 1227; x_wconf 78' lang='lat' dir='ltr'><strong>natura:</strong></span> <span class='ocrx_word' id='word_1_160' title='bbox 2348 1190 2461 1226; x_wconf 90' lang='lat' dir='ltr'><strong>cum</strong></span> <span class='ocrx_word' id='word_1_161' title='bbox 2492 1172 2671 1227; x_wconf 89' lang='lat' dir='ltr'><strong>Patre.</strong></span> <span class='ocrx_word' id='word_1_162' title='bbox 2705 1173 2808 1228; x_wconf 84' lang='lat' dir='ltr'><strong>Cur</strong></span> <span class='ocrx_word' id='word_1_163' title='bbox 2838 1183 3007 1227; x_wconf 89' lang='lat' dir='ltr'><strong>autem</strong></span> <span class='ocrx_word' id='word_1_164' title='bbox 3037 1173 3106 1225; x_wconf 84' lang='lat' dir='ltr'><strong>ad</strong></span> <span class='ocrx_word' id='word_1_165' title='bbox 3144 1172 3408 1226; x_wconf 76' lang='lat' dir='ltr'><strong>dexteram</strong></span> <span class='ocrx_word' id='word_1_166' title='bbox 3436 1170 3605 1228; x_wconf 78' lang='lat' dir='ltr'><strong>Filius</strong></span> 
     </span>
    </p>
   </div>
   <div class='ocr_carea' id='block_1_12' title="bbox 310 1264 3605 1338">
    <p class='ocr_par' dir='ltr' id='par_1_12' title="bbox 310 1264 3605 1338">
     <span class='ocr_line' id='line_1_12' title="bbox 310 1264 3605 1338; baseline -0 -18"><span class='ocrx_word' id='word_1_167' title='bbox 310 1282 427 1320; x_wconf 81' lang='lat' dir='ltr'><strong>esse</strong></span> <span class='ocrx_word' id='word_1_168' title='bbox 454 1265 735 1318; x_wconf 74' lang='lat' dir='ltr'><strong>credantr?</strong></span> <span class='ocrx_word' id='word_1_169' title='bbox 763 1274 964 1320; x_wconf 81' lang='lat' dir='ltr'><strong>mereat</strong></span> <span class='ocrx_word' id='word_1_170' title='bbox 991 1266 1213 1335; x_wconf 86' lang='lat' dir='ltr'><strong>aliquem</strong></span> <span class='ocrx_word' id='word_1_171' title='bbox 1240 1268 1482 1338; x_wconf 80' lang='lat' dir='ltr'><strong>fortasse.</strong></span> <span class='ocrx_word' id='word_1_172' title='bbox 1514 1264 1657 1321; x_wconf 87' lang='lat' dir='ltr'><strong>Licet</strong></span> <span class='ocrx_word' id='word_1_173' title='bbox 1685 1267 1821 1319; x_wconf 87' lang='lat' dir='ltr'><strong>enim</strong></span> <span class='ocrx_word' id='word_1_174' title='bbox 1844 1265 2113 1336; x_wconf 86' lang='lat' dir='ltr'><strong>dignitatis</strong></span> <span class='ocrx_word' id='word_1_175' title='bbox 2140 1266 2334 1336; x_wconf 89' lang='lat' dir='ltr'><strong>gradus</strong></span> <span class='ocrx_word' id='word_1_176' title='bbox 2363 1283 2465 1319; x_wconf 90' lang='lat' dir='ltr'><strong>non</strong></span> <span class='ocrx_word' id='word_1_177' title='bbox 2497 1267 2564 1319; x_wconf 89' lang='lat' dir='ltr'><strong>sit</strong></span> <span class='ocrx_word' id='word_1_178' title='bbox 2592 1265 2675 1320; x_wconf 88' lang='lat' dir='ltr'><strong>ubi</strong></span> <span class='ocrx_word' id='word_1_179' title='bbox 2701 1267 2964 1335; x_wconf 83' lang='lat' dir='ltr'><strong>plenitudo</strong></span> <span class='ocrx_word' id='word_1_180' title='bbox 2993 1267 3276 1320; x_wconf 72' lang='lat' dir='ltr'><strong>divinitatis</strong></span> <span class='ocrx_word' id='word_1_181' title='bbox 3306 1276 3401 1330; x_wconf 90' lang='lat' dir='ltr'><strong>est,</strong></span> <span class='ocrx_word' id='word_1_182' title='bbox 3435 1275 3605 1321; x_wconf 84' lang='lat' dir='ltr'><strong>tamen</strong></span> 
     </span>
    </p>
   </div>
   <div class='ocr_carea' id='block_1_13' title="bbox 315 1355 3605 1429">
    <p class='ocr_par' dir='ltr' id='par_1_13' title="bbox 315 1355 3605 1429">
     <span class='ocr_line' id='line_1_13' title="bbox 315 1355 3605 1429; baseline 0.001 -19"><span class='ocrx_word' id='word_1_183' title='bbox 315 1355 435 1410; x_wconf 79' lang='lat' dir='ltr'><strong>ideo</strong></span> <span class='ocrx_word' id='word_1_184' title='bbox 461 1356 538 1409; x_wconf 90' lang='lat' dir='ltr'><strong>ad</strong></span> <span class='ocrx_word' id='word_1_185' title='bbox 567 1355 832 1409; x_wconf 73' lang='lat' dir='ltr'><strong>dexteram</strong></span> <span class='ocrx_word' id='word_1_186' title='bbox 863 1355 1003 1409; x_wconf 88' lang='lat' dir='ltr'><strong>sedet</strong></span> <span class='ocrx_word' id='word_1_187' title='bbox 1032 1355 1236 1423; x_wconf 87' lang='lat' dir='ltr'><strong>Filius,</strong></span> <span class='ocrx_word' id='word_1_188' title='bbox 1284 1374 1387 1412; x_wconf 86' lang='lat' dir='ltr'><strong>non</strong></span> <span class='ocrx_word' id='word_1_189' title='bbox 1417 1374 1516 1428; x_wconf 88' lang='lat' dir='ltr'><strong>quo</strong></span> <span class='ocrx_word' id='word_1_190' title='bbox 1543 1358 1854 1427; x_wconf 70' lang='lat' dir='ltr'><strong>pra&#39;feratur</strong></span> <span class='ocrx_word' id='word_1_191' title='bbox 1893 1355 2073 1421; x_wconf 86' lang='lat' dir='ltr'><strong>Patri,</strong></span> <span class='ocrx_word' id='word_1_192' title='bbox 2106 1358 2196 1410; x_wconf 91' lang='lat' dir='ltr'><strong>sed</strong></span> <span class='ocrx_word' id='word_1_193' title='bbox 2225 1374 2289 1410; x_wconf 89' lang='lat' dir='ltr'><strong>ne</strong></span> <span class='ocrx_word' id='word_1_194' title='bbox 2316 1358 2535 1428; x_wconf 89' lang='lat' dir='ltr'><strong>inferior</strong></span> <span class='ocrx_word' id='word_1_195' title='bbox 2563 1374 2674 1411; x_wconf 84' lang='lat' dir='ltr'><strong>esse</strong></span> <span class='ocrx_word' id='word_1_196' title='bbox 2702 1360 2942 1413; x_wconf 87' lang='lat' dir='ltr'><strong>credatur</strong></span> <span class='ocrx_word' id='word_1_197' title='bbox 2972 1358 3069 1429; x_wconf 79' lang='grc' dir='ltr'><strong>(α).</strong></span> <span class='ocrx_word' id='word_1_198' title='bbox 3106 1358 3285 1428; x_wconf 81' lang='lat' dir='ltr'><strong>Pergit</strong></span> <span class='ocrx_word' id='word_1_199' title='bbox 3326 1358 3605 1423; x_wconf 81' lang='lat' dir='ltr'><strong>Maximus,</strong></span> 
     </span>
    </p>
   </div>
   <div class='ocr_carea' id='block_1_14' title="bbox 316 1449 3606 1523">
    <p class='ocr_par' dir='ltr' id='par_1_14' title="bbox 316 1449 3606 1523">
     <span class='ocr_line' id='line_1_14' title="bbox 316 1449 3606 1523; baseline 0.001 -18"><span class='ocrx_word' id='word_1_200' title='bbox 316 1459 449 1520; x_wconf 78' lang='lat' dir='ltr'><strong>apte</strong></span> <span class='ocrx_word' id='word_1_201' title='bbox 475 1451 543 1503; x_wconf 86' lang='lat' dir='ltr'><strong>ad</strong></span> <span class='ocrx_word' id='word_1_202' title='bbox 571 1458 756 1505; x_wconf 86' lang='lat' dir='ltr'><strong>sancta</strong></span> <span class='ocrx_word' id='word_1_203' title='bbox 785 1450 954 1504; x_wconf 88' lang='lat' dir='ltr'><strong>Biblia</strong></span> <span class='ocrx_word' id='word_1_204' title='bbox 972 1489 986 1514; x_wconf 91' lang='lat'><strong>,</strong></span> <span class='ocrx_word' id='word_1_205' title='bbox 1016 1450 1251 1506; x_wconf 84' lang='lat' dir='ltr'><strong>scribere</strong></span> <span class='ocrx_word' id='word_1_206' title='bbox 1277 1468 1289 1503; x_wconf 89' lang='lat'><strong>:</strong></span> <span class='ocrx_word' id='word_1_207' title='bbox 1323 1450 1393 1505; x_wconf 89' lang='lat' dir='ltr'><strong>Et</strong></span> <span class='ocrx_word' id='word_1_208' title='bbox 1422 1452 1538 1505; x_wconf 92' lang='lat' dir='ltr'><strong>ideo</strong></span> <span class='ocrx_word' id='word_1_209' title='bbox 1570 1451 1639 1503; x_wconf 90' lang='lat' dir='ltr'><strong>ad</strong></span> <span class='ocrx_word' id='word_1_210' title='bbox 1665 1451 1931 1505; x_wconf 83' lang='lat' dir='ltr'><strong>dexteram</strong></span> <span class='ocrx_word' id='word_1_211' title='bbox 1959 1449 2006 1502; x_wconf 86' lang='lat' dir='ltr'><em>F</em></span> <span class='ocrx_word' id='word_1_212' title='bbox 2009 1452 2150 1517; x_wconf 89' lang='lat' dir='ltr'><strong>ilius,</strong></span> <span class='ocrx_word' id='word_1_213' title='bbox 2182 1452 2301 1522; x_wconf 82' lang='lat' dir='ltr'><strong>quia</strong></span> <span class='ocrx_word' id='word_1_214' title='bbox 2330 1450 2607 1504; x_wconf 89' lang='lat' dir='ltr'><strong>secundum</strong></span> <span class='ocrx_word' id='word_1_215' title='bbox 2638 1453 3003 1523; x_wconf 72' lang='lat' dir='ltr'><strong>evangelistam</strong></span> <span class='ocrx_word' id='word_1_216' title='bbox 3021 1493 3037 1516; x_wconf 92' lang='lat'><strong>,</strong></span> <span class='ocrx_word' id='word_1_217' title='bbox 3068 1452 3137 1506; x_wconf 88' lang='lat' dir='ltr'><strong>ad</strong></span> <span class='ocrx_word' id='word_1_218' title='bbox 3166 1452 3432 1507; x_wconf 67' lang='lat' dir='ltr'><strong>dexteram</strong></span> <span class='ocrx_word' id='word_1_219' title='bbox 3472 1470 3606 1516; x_wconf 78' lang='lat' dir='ltr'><strong>ores,</strong></span> 
     </span>
    </p>
   </div>
   <div class='ocr_carea' id='block_1_15' title="bbox 317 1542 3609 1615">
    <p class='ocr_par' dir='ltr' id='par_1_15' title="bbox 317 1542 3609 1615">
     <span class='ocr_line' id='line_1_15' title="bbox 317 1542 3609 1615; baseline 0 -18"><span class='ocrx_word' id='word_1_220' title='bbox 317 1544 394 1597; x_wconf 85' lang='lat' dir='ltr'><strong>ad</strong></span> <span class='ocrx_word' id='word_1_221' title='bbox 424 1546 692 1598; x_wconf 86' lang='lat' dir='ltr'><strong>sinistram</strong></span> <span class='ocrx_word' id='word_1_222' title='bbox 735 1560 853 1598; x_wconf 76' lang='lat' dir='ltr'><strong>re&#39;o</strong></span> <span class='ocrx_word' id='word_1_223' title='bbox 901 1544 1276 1598; x_wconf 83' lang='lat' dir='ltr'><strong>constituentur</strong></span> <span class='ocrx_word' id='word_1_224' title='bbox 1324 1543 1481 1598; x_wconf 79' lang='lat' dir='ltr'><strong>ltwdi.</strong></span> <span class='ocrx_word' id='word_1_225' title='bbox 1539 1542 1759 1597; x_wconf 86' lang='lat' dir='ltr'><strong>Necesse</strong></span> <span class='ocrx_word' id='word_1_226' title='bbox 1799 1553 1877 1596; x_wconf 89' lang='lat' dir='ltr'><strong>est</strong></span> <span class='ocrx_word' id='word_1_227' title='bbox 1920 1560 2074 1613; x_wconf 90' lang='lat' dir='ltr'><strong>ergo,</strong></span> <span class='ocrx_word' id='word_1_228' title='bbox 2118 1552 2317 1615; x_wconf 86' lang='lat' dir='ltr'><strong>partem</strong></span> <span class='ocrx_word' id='word_1_229' title='bbox 2366 1544 2533 1598; x_wconf 89' lang='lat' dir='ltr'><strong>ovium</strong></span> <span class='ocrx_word' id='word_1_230' title='bbox 2572 1545 2770 1612; x_wconf 86' lang='lat' dir='ltr'><strong>primus</strong></span> <span class='ocrx_word' id='word_1_231' title='bbox 2799 1561 2962 1615; x_wconf 88' lang='lat' dir='ltr'><strong>agnus</strong></span> <span class='ocrx_word' id='word_1_232' title='bbox 3006 1544 3265 1609; x_wconf 88' lang='lat' dir='ltr'><strong>obtineat,</strong></span> <span class='ocrx_word' id='word_1_233' title='bbox 3297 1556 3345 1599; x_wconf 90' lang='lat' dir='ltr'><strong>et</strong></span> <span class='ocrx_word' id='word_1_234' title='bbox 3373 1550 3609 1599; x_wconf 81' lang='lat' dir='ltr'><strong>secuturo</strong></span> 
     </span>
    </p>
   </div>
   <div class='ocr_carea' id='block_1_16' title="bbox 318 1631 3608 1705">
    <p class='ocr_par' dir='ltr' id='par_1_16' title="bbox 318 1631 3608 1705">
     <span class='ocr_line' id='line_1_16' title="bbox 318 1631 3608 1705; baseline 0 -17"><span class='ocrx_word' id='word_1_235' title='bbox 318 1635 658 1689; x_wconf 80' lang='lat' dir='ltr'><strong>immaculato</strong></span> <span class='ocrx_word' id='word_1_236' title='bbox 687 1636 831 1705; x_wconf 84' lang='lat' dir='ltr'><strong>gregi</strong></span> <span class='ocrx_word' id='word_1_237' title='bbox 860 1633 1027 1688; x_wconf 89' lang='lat' dir='ltr'><strong>locum</strong></span> <span class='ocrx_word' id='word_1_238' title='bbox 1055 1633 1162 1687; x_wconf 85' lang='lat' dir='ltr'><strong>dux</strong></span> <span class='ocrx_word' id='word_1_239' title='bbox 1190 1633 1553 1687; x_wconf 88' lang='lat' dir='ltr'><strong>immaculatus</strong></span> <span class='ocrx_word' id='word_1_240' title='bbox 1584 1634 1850 1701; x_wconf 88' lang='lat' dir='ltr'><strong>anticipet,</strong></span> <span class='ocrx_word' id='word_1_241' title='bbox 1879 1633 2010 1685; x_wconf 80' lang='lat' dir='ltr'><strong>sicut</strong></span> <span class='ocrx_word' id='word_1_242' title='bbox 2034 1634 2109 1685; x_wconf 90' lang='lat' dir='ltr'><strong>ait</strong></span> <span class='ocrx_word' id='word_1_243' title='bbox 2134 1631 2364 1686; x_wconf 85' lang='lat' dir='ltr'><strong>Joannes</strong></span> <span class='ocrx_word' id='word_1_244' title='bbox 2395 1634 2447 1685; x_wconf 90' lang='lat' dir='ltr'><strong>in</strong></span> <span class='ocrx_word' id='word_1_245' title='bbox 2478 1633 2787 1703; x_wconf 78' lang='lat' dir='ltr'><strong>Apocalypsi</strong></span> <span class='ocrx_word' id='word_1_246' title='bbox 2812 1650 2828 1686; x_wconf 91' lang='lat'><strong><em>:</em></strong></span> <span class='ocrx_word' id='word_1_247' title='bbox 2855 1632 2929 1687; x_wconf 83' lang='lat' dir='ltr'><strong>Hi</strong></span> <span class='ocrx_word' id='word_1_248' title='bbox 2949 1644 3228 1705; x_wconf 89' lang='lat' dir='ltr'><strong>sequuntur</strong></span> <span class='ocrx_word' id='word_1_249' title='bbox 3254 1635 3478 1705; x_wconf 88' lang='lat' dir='ltr'><strong>Agnum,</strong></span> <span class='ocrx_word' id='word_1_250' title='bbox 3510 1644 3608 1691; x_wconf 89' lang='lat' dir='ltr'><strong>etc.</strong></span> 
     </span>
    </p>
   </div>
   <div class='ocr_carea' id='block_1_17' title="bbox 324 1721 3612 1795">
    <p class='ocr_par' dir='ltr' id='par_1_17' title="bbox 324 1721 3612 1795">
     <span class='ocr_line' id='line_1_17' title="bbox 324 1721 3612 1795; baseline 0 -16"><span class='ocrx_word' id='word_1_251' title='bbox 324 1725 515 1795; x_wconf 80' lang='lat' dir='ltr'><strong>Refert</strong></span> <span class='ocrx_word' id='word_1_252' title='bbox 540 1741 660 1795; x_wconf 88' lang='lat' dir='ltr'><strong>ergo</strong></span> <span class='ocrx_word' id='word_1_253' title='bbox 690 1724 939 1794; x_wconf 89' lang='lat' dir='ltr'><strong>propheta</strong></span> <span class='ocrx_word' id='word_1_254' title='bbox 968 1722 1139 1778; x_wconf 80' lang='lat' dir='ltr'><strong>David</strong></span> <span class='ocrx_word' id='word_1_255' title='bbox 1174 1741 1191 1778; x_wconf 89' lang='lat'><strong><em>:</em></strong></span> <span class='ocrx_word' id='word_1_256' title='bbox 1229 1723 1378 1777; x_wconf 82' lang='lat' dir='ltr'><strong>Dixit</strong></span> <span class='ocrx_word' id='word_1_257' title='bbox 1408 1723 1662 1777; x_wconf 88' lang='lat' dir='ltr'><strong>Dominus</strong></span> <span class='ocrx_word' id='word_1_258' title='bbox 1693 1721 1915 1777; x_wconf 90' lang='lat' dir='ltr'><strong>Domino</strong></span> <span class='ocrx_word' id='word_1_259' title='bbox 1943 1740 2076 1789; x_wconf 90' lang='lat' dir='ltr'><strong>meo,</strong></span> <span class='ocrx_word' id='word_1_260' title='bbox 2110 1721 2246 1777; x_wconf 87' lang='lat' dir='ltr'><strong>Sede</strong></span> <span class='ocrx_word' id='word_1_261' title='bbox 2276 1724 2343 1776; x_wconf 90' lang='lat' dir='ltr'><strong>ad</strong></span> <span class='ocrx_word' id='word_1_262' title='bbox 2373 1722 2636 1777; x_wconf 77' lang='lat' dir='ltr'><strong>dexteram</strong></span> <span class='ocrx_word' id='word_1_263' title='bbox 2684 1740 2870 1791; x_wconf 87' lang='lat' dir='ltr'><strong>meam,</strong></span> <span class='ocrx_word' id='word_1_264' title='bbox 2902 1724 2997 1781; x_wconf 90' lang='lat' dir='ltr'><strong>hoc</strong></span> <span class='ocrx_word' id='word_1_265' title='bbox 3023 1735 3120 1791; x_wconf 90' lang='lat' dir='ltr'><strong>est,</strong></span> <span class='ocrx_word' id='word_1_266' title='bbox 3169 1724 3421 1781; x_wconf 88' lang='lat' dir='ltr'><strong>Dominus</strong></span> <span class='ocrx_word' id='word_1_267' title='bbox 3454 1725 3612 1779; x_wconf 83' lang='lat' dir='ltr'><strong>Pater</strong></span> 
     </span>
    </p>
   </div>
   <div class='ocr_carea' id='block_1_18' title="bbox 323 1815 3614 1890">
    <p class='ocr_par' dir='ltr' id='par_1_18' title="bbox 323 1815 3614 1890">
     <span class='ocr_line' id='line_1_18' title="bbox 323 1815 3614 1890; baseline 0.001 -18"><span class='ocrx_word' id='word_1_268' title='bbox 323 1818 554 1872; x_wconf 83' lang='lat' dir='ltr'><strong>Domino</strong></span> <span class='ocrx_word' id='word_1_269' title='bbox 582 1818 696 1871; x_wconf 90' lang='lat' dir='ltr'><strong>Deo</strong></span> <span class='ocrx_word' id='word_1_270' title='bbox 727 1815 930 1871; x_wconf 87' lang='lat' dir='ltr'><strong>Christo</strong></span> <span class='ocrx_word' id='word_1_271' title='bbox 961 1816 1102 1871; x_wconf 86' lang='lat' dir='ltr'><strong>Filio</strong></span> <span class='ocrx_word' id='word_1_272' title='bbox 1132 1818 1304 1872; x_wconf 81' lang='lat' dir='ltr'><strong>throni</strong></span> <span class='ocrx_word' id='word_1_273' title='bbox 1328 1819 1412 1871; x_wconf 85' lang='lat' dir='ltr'><strong>sui</strong></span> <span class='ocrx_word' id='word_1_274' title='bbox 1439 1818 1593 1886; x_wconf 75' lang='lat' dir='ltr'><strong>offert</strong></span> <span class='ocrx_word' id='word_1_275' title='bbox 1636 1817 1902 1871; x_wconf 83' lang='lat' dir='ltr'><strong>sublimem</strong></span> <span class='ocrx_word' id='word_1_276' title='bbox 1952 1833 2277 1884; x_wconf 82' lang='lat' dir='ltr'><strong>consessum,</strong></span> <span class='ocrx_word' id='word_1_277' title='bbox 2308 1827 2384 1882; x_wconf 90' lang='lat' dir='ltr'><strong>et,</strong></span> <span class='ocrx_word' id='word_1_278' title='bbox 2416 1817 2626 1872; x_wconf 81' lang='lat' dir='ltr'><strong>honoris</strong></span> <span class='ocrx_word' id='word_1_279' title='bbox 2669 1821 2872 1890; x_wconf 89' lang='lat' dir='ltr'><strong>gratia,</strong></span> <span class='ocrx_word' id='word_1_280' title='bbox 2905 1819 2974 1873; x_wconf 89' lang='lat' dir='ltr'><strong>ad</strong></span> <span class='ocrx_word' id='word_1_281' title='bbox 3002 1820 3266 1874; x_wconf 79' lang='lat' dir='ltr'><strong>dexteram</strong></span> <span class='ocrx_word' id='word_1_282' title='bbox 3292 1838 3439 1877; x_wconf 86' lang='lat' dir='ltr'><strong>suum</strong></span> <span class='ocrx_word' id='word_1_283' title='bbox 3469 1822 3614 1875; x_wconf 90' lang='lat' dir='ltr'><strong>illum</strong></span> 
     </span>
    </p>
   </div>
   <div class='ocr_carea' id='block_1_19' title="bbox 322 1908 3615 1981">
    <p class='ocr_par' dir='ltr' id='par_1_19' title="bbox 322 1908 3615 1981">
     <span class='ocr_line' id='line_1_19' title="bbox 322 1908 3615 1981; baseline -0.001 -14"><span class='ocrx_word' id='word_1_284' title='bbox 322 1922 526 1967; x_wconf 69' lang='lat' dir='ltr'><strong>(eterna</strong></span> <span class='ocrx_word' id='word_1_285' title='bbox 556 1911 676 1964; x_wconf 85' lang='lat' dir='ltr'><strong>sede</strong></span> <span class='ocrx_word' id='word_1_286' title='bbox 704 1909 780 1980; x_wconf 86' lang='lat' dir='ltr'><strong>(b)</strong></span> <span class='ocrx_word' id='word_1_287' title='bbox 808 1910 1089 1964; x_wconf 81' lang='lat' dir='ltr'><strong>constituit.</strong></span> <span class='ocrx_word' id='word_1_288' title='bbox 1124 1909 1363 1981; x_wconf 83' lang='lat' dir='ltr'><strong>Legimus</strong></span> <span class='ocrx_word' id='word_1_289' title='bbox 1394 1920 1563 1963; x_wconf 86' lang='lat' dir='ltr'><strong>autem</strong></span> <span class='ocrx_word' id='word_1_290' title='bbox 1593 1910 1646 1963; x_wconf 89' lang='lat' dir='ltr'><strong>in</strong></span> <span class='ocrx_word' id='word_1_291' title='bbox 1676 1908 1888 1962; x_wconf 84' lang='lat' dir='ltr'><strong>Actibus</strong></span> <span class='ocrx_word' id='word_1_292' title='bbox 1926 1908 2277 1978; x_wconf 85' lang='lat' dir='ltr'><strong>apostolorum</strong></span> <span class='ocrx_word' id='word_1_293' title='bbox 2298 1950 2311 1972; x_wconf 93' lang='lat'><strong>,</strong></span> <span class='ocrx_word' id='word_1_294' title='bbox 2344 1909 2545 1962; x_wconf 86' lang='lat' dir='ltr'><strong>dicente</strong></span> <span class='ocrx_word' id='word_1_295' title='bbox 2574 1908 2721 1963; x_wconf 88' lang='lat' dir='ltr'><strong>beato</strong></span> <span class='ocrx_word' id='word_1_296' title='bbox 2753 1908 3019 1978; x_wconf 86' lang='lat' dir='ltr'><strong>Stephano</strong></span> <span class='ocrx_word' id='word_1_297' title='bbox 3038 1948 3052 1973; x_wconf 90' lang='lat'><strong>,</strong></span> <span class='ocrx_word' id='word_1_298' title='bbox 3087 1926 3199 1963; x_wconf 87' lang='lat' dir='ltr'><strong>cum</strong></span> <span class='ocrx_word' id='word_1_299' title='bbox 3229 1909 3553 1979; x_wconf 82' lang='lat' dir='ltr'><strong>lapidaretur</strong></span> <span class='ocrx_word' id='word_1_300' title='bbox 3583 1928 3615 1965; x_wconf 91' lang='lat' dir='ltr'><strong>a</strong></span> 
     </span>
    </p>
   </div>
   <div class='ocr_carea' id='block_1_20' title="bbox 321 1998 3614 2073">
    <p class='ocr_par' dir='ltr' id='par_1_20' title="bbox 321 1998 3614 2073">
     <span class='ocr_line' id='line_1_20' title="bbox 321 1998 3614 2073; baseline -0.002 -16"><span class='ocrx_word' id='word_1_301' title='bbox 321 2004 528 2059; x_wconf 72' lang='lat' dir='ltr'><strong>luditis</strong></span> <span class='ocrx_word' id='word_1_302' title='bbox 553 2020 571 2057; x_wconf 91' lang='lat'><em>:</em></span> <span class='ocrx_word' id='word_1_303' title='bbox 600 2002 741 2057; x_wconf 82' lang='lat' dir='ltr'><strong>Ecce</strong></span> <span class='ocrx_word' id='word_1_304' title='bbox 768 2002 911 2056; x_wconf 87' lang='lat' dir='ltr'><strong>video</strong></span> <span class='ocrx_word' id='word_1_305' title='bbox 936 2003 1090 2058; x_wconf 66' lang='lat' dir='ltr'><strong>cados</strong></span> <span class='ocrx_word' id='word_1_306' title='bbox 1119 2011 1324 2073; x_wconf 89' lang='lat' dir='ltr'><strong>apertos</strong></span> <span class='ocrx_word' id='word_1_307' title='bbox 1341 2043 1357 2068; x_wconf 92' lang='lat'><strong>,</strong></span> <span class='ocrx_word' id='word_1_308' title='bbox 1390 2012 1440 2056; x_wconf 89' lang='lat' dir='ltr'><strong>et</strong></span> <span class='ocrx_word' id='word_1_309' title='bbox 1467 2010 1687 2055; x_wconf 88' lang='lat' dir='ltr'><strong>stantem</strong></span> <span class='ocrx_word' id='word_1_310' title='bbox 1729 1999 2008 2054; x_wconf 86' lang='lat' dir='ltr'><strong>Dominum</strong></span> <span class='ocrx_word' id='word_1_311' title='bbox 2036 2000 2216 2054; x_wconf 84' lang='lat' dir='ltr'><strong>Jesum</strong></span> <span class='ocrx_word' id='word_1_312' title='bbox 2244 2000 2313 2052; x_wconf 85' lang='lat' dir='ltr'><strong>ad</strong></span> <span class='ocrx_word' id='word_1_313' title='bbox 2341 2001 2608 2053; x_wconf 80' lang='lat' dir='ltr'><strong>dexteram</strong></span> <span class='ocrx_word' id='word_1_314' title='bbox 2628 1999 2747 2053; x_wconf 87' lang='lat' dir='ltr'><strong>Dei.</strong></span> <span class='ocrx_word' id='word_1_315' title='bbox 2790 1998 3067 2053; x_wconf 86' lang='lat' dir='ltr'><strong>Videamus</strong></span> <span class='ocrx_word' id='word_1_316' title='bbox 3093 2017 3217 2069; x_wconf 87' lang='lat' dir='ltr'><strong>ergo</strong></span> <span class='ocrx_word' id='word_1_317' title='bbox 3243 2017 3358 2068; x_wconf 79' lang='lat' dir='ltr'><strong>qua:</strong></span> <span class='ocrx_word' id='word_1_318' title='bbox 3384 2001 3453 2052; x_wconf 89' lang='lat' dir='ltr'><strong>sit</strong></span> <span class='ocrx_word' id='word_1_319' title='bbox 3481 2003 3614 2054; x_wconf 85' lang='lat' dir='ltr'><strong>ratio</strong></span> 
     </span>
    </p>
   </div>
   <div class='ocr_carea' id='block_1_21' title="bbox 323 2090 3615 2169">
    <p class='ocr_par' dir='ltr' id='par_1_21' title="bbox 323 2090 3615 2169">
     <span class='ocr_line' id='line_1_21' title="bbox 323 2090 3615 2169; baseline -0.002 -17"><span class='ocrx_word' id='word_1_320' title='bbox 323 2099 467 2169; x_wconf 80' lang='lat' dir='ltr'><strong>quod</strong></span> <span class='ocrx_word' id='word_1_321' title='bbox 496 2097 634 2150; x_wconf 86' lang='lat' dir='ltr'><strong>idem</strong></span> <span class='ocrx_word' id='word_1_322' title='bbox 661 2095 918 2150; x_wconf 77' lang='lat' dir='ltr'><strong>Dominus</strong></span> <span class='ocrx_word' id='word_1_323' title='bbox 948 2113 981 2149; x_wconf 92' lang='lat' dir='ltr'><strong>a</strong></span> <span class='ocrx_word' id='word_1_324' title='bbox 1010 2095 1182 2150; x_wconf 76' lang='lat' dir='ltr'><strong>Dauid</strong></span> <span class='ocrx_word' id='word_1_325' title='bbox 1210 2096 1393 2150; x_wconf 88' lang='lat' dir='ltr'><strong>sedens</strong></span> <span class='ocrx_word' id='word_1_326' title='bbox 1420 2095 1775 2166; x_wconf 88' lang='lat' dir='ltr'><strong>prophetatur,</strong></span> <span class='ocrx_word' id='word_1_327' title='bbox 1807 2101 1954 2147; x_wconf 88' lang='lat' dir='ltr'><strong>stans</strong></span> <span class='ocrx_word' id='word_1_328' title='bbox 1984 2110 2100 2148; x_wconf 72' lang='lat' dir='ltr'><strong>vero</strong></span> <span class='ocrx_word' id='word_1_329' title='bbox 2131 2109 2162 2145; x_wconf 91' lang='lat' dir='ltr'><strong>a</strong></span> <span class='ocrx_word' id='word_1_330' title='bbox 2192 2092 2459 2160; x_wconf 82' lang='lat' dir='ltr'><strong>Stephano</strong></span> <span class='ocrx_word' id='word_1_331' title='bbox 2488 2092 2822 2159; x_wconf 74' lang='lat' dir='ltr'><strong>pra&#39;dicatur.</strong></span> <span class='ocrx_word' id='word_1_332' title='bbox 2854 2090 3034 2145; x_wconf 84' lang='lat' dir='ltr'><strong>Primo</strong></span> <span class='ocrx_word' id='word_1_333' title='bbox 3064 2094 3293 2146; x_wconf 85' lang='lat' dir='ltr'><strong>omnium</strong></span> <span class='ocrx_word' id='word_1_334' title='bbox 3324 2091 3464 2145; x_wconf 92' lang='lat' dir='ltr'><strong>Deus</strong></span> <span class='ocrx_word' id='word_1_335' title='bbox 3483 2130 3497 2154; x_wconf 93' lang='lat'><strong>,</strong></span> <span class='ocrx_word' id='word_1_336' title='bbox 3530 2094 3615 2163; x_wconf 84' lang='lat' dir='ltr'><strong>qui</strong></span> 
     </span>
    </p>
   </div>
   <div class='ocr_carea' id='block_1_22' title="bbox 325 2183 3616 2258">
    <p class='ocr_par' dir='ltr' id='par_1_22' title="bbox 325 2183 3616 2258">
     <span class='ocr_line' id='line_1_22' title="bbox 325 2183 3616 2258; baseline -0.001 -15"><span class='ocrx_word' id='word_1_337' title='bbox 325 2190 670 2258; x_wconf 85' lang='lat' dir='ltr'><strong>incorporalis</strong></span> <span class='ocrx_word' id='word_1_338' title='bbox 700 2199 776 2243; x_wconf 88' lang='lat' dir='ltr'><strong>est</strong></span> <span class='ocrx_word' id='word_1_339' title='bbox 804 2199 855 2242; x_wconf 88' lang='lat' dir='ltr'><strong>et</strong></span> <span class='ocrx_word' id='word_1_340' title='bbox 880 2188 1149 2244; x_wconf 79' lang='lat' dir='ltr'><strong>invisibilis</strong></span> <span class='ocrx_word' id='word_1_341' title='bbox 1174 2229 1187 2243; x_wconf 94' lang='lat'><strong>.</strong></span> <span class='ocrx_word' id='word_1_342' title='bbox 1222 2230 1235 2243; x_wconf 92' lang='lat'><strong>.</strong></span> <span class='ocrx_word' id='word_1_343' title='bbox 1270 2230 1282 2243; x_wconf 92' lang='lat'><strong>.</strong></span> <span class='ocrx_word' id='word_1_344' title='bbox 1338 2190 1520 2244; x_wconf 85' lang='lat' dir='ltr'><strong>sedere</strong></span> <span class='ocrx_word' id='word_1_345' title='bbox 1550 2186 1802 2258; x_wconf 87' lang='lat' dir='ltr'><strong>quomodo</strong></span> <span class='ocrx_word' id='word_1_346' title='bbox 1827 2188 2032 2255; x_wconf 86' lang='lat' dir='ltr'><strong>potest?</strong></span> <span class='ocrx_word' id='word_1_347' title='bbox 2081 2184 2283 2239; x_wconf 86' lang='lat' dir='ltr'><strong>Deinde</strong></span> <span class='ocrx_word' id='word_1_348' title='bbox 2312 2194 2483 2238; x_wconf 82' lang='lat' dir='ltr'><strong>autent</strong></span> <span class='ocrx_word' id='word_1_349' title='bbox 2525 2184 2664 2255; x_wconf 87' lang='lat' dir='ltr'><strong>quali</strong></span> <span class='ocrx_word' id='word_1_350' title='bbox 2697 2183 2938 2239; x_wconf 84' lang='lat' dir='ltr'><strong>subsellio</strong></span> <span class='ocrx_word' id='word_1_351' title='bbox 2967 2185 3145 2239; x_wconf 89' lang='lat' dir='ltr'><strong>sedeat</strong></span> <span class='ocrx_word' id='word_1_352' title='bbox 3172 2184 3332 2248; x_wconf 87' lang='lat' dir='ltr'><strong>Deus,</strong></span> <span class='ocrx_word' id='word_1_353' title='bbox 3365 2187 3448 2257; x_wconf 86' lang='lat' dir='ltr'><strong>qui</strong></span> <span class='ocrx_word' id='word_1_354' title='bbox 3493 2188 3616 2255; x_wconf 83' lang='lat' dir='ltr'><strong>inﬁ-</strong></span> 
     </span>
    </p>
   </div>
   <div class='ocr_carea' id='block_1_23' title="bbox 326 2276 3617 2352">
    <p class='ocr_par' dir='ltr' id='par_1_23' title="bbox 326 2276 3617 2352">
     <span class='ocr_line' id='line_1_23' title="bbox 326 2276 3617 2352; baseline -0.001 -16"><span class='ocrx_word' id='word_1_355' title='bbox 326 2286 467 2337; x_wconf 81' lang='lat' dir='ltr'><strong>nitus</strong></span> <span class='ocrx_word' id='word_1_356' title='bbox 496 2291 573 2336; x_wconf 83' lang='lat' dir='ltr'><strong>est</strong></span> <span class='ocrx_word' id='word_1_357' title='bbox 602 2292 650 2335; x_wconf 88' lang='lat' dir='ltr'><strong>et</strong></span> <span class='ocrx_word' id='word_1_358' title='bbox 681 2283 991 2349; x_wconf 82' lang='lat' dir='ltr'><strong>immensus,</strong></span> <span class='ocrx_word' id='word_1_359' title='bbox 1022 2292 1070 2337; x_wconf 88' lang='lat' dir='ltr'><strong>et</strong></span> <span class='ocrx_word' id='word_1_360' title='bbox 1097 2284 1237 2336; x_wconf 90' lang='lat' dir='ltr'><strong>intra</strong></span> <span class='ocrx_word' id='word_1_361' title='bbox 1266 2300 1322 2337; x_wconf 91' lang='lat' dir='ltr'><strong>se</strong></span> <span class='ocrx_word' id='word_1_362' title='bbox 1348 2284 1459 2352; x_wconf 84' lang='lat' dir='ltr'><strong>ipse</strong></span> <span class='ocrx_word' id='word_1_363' title='bbox 1486 2281 1651 2351; x_wconf 86' lang='lat' dir='ltr'><strong>magis</strong></span> <span class='ocrx_word' id='word_1_364' title='bbox 1683 2288 1975 2332; x_wconf 79' lang='lat' dir='ltr'><strong>creaturam</strong></span> <span class='ocrx_word' id='word_1_365' title='bbox 2021 2287 2260 2331; x_wconf 87' lang='lat' dir='ltr'><strong>cunctum</strong></span> <span class='ocrx_word' id='word_1_366' title='bbox 2290 2277 2584 2332; x_wconf 84' lang='lat' dir='ltr'><strong>contineat?</strong></span> <span class='ocrx_word' id='word_1_367' title='bbox 2630 2276 2762 2331; x_wconf 69' lang='lat' dir='ltr'><strong>Hcce</strong></span> <span class='ocrx_word' id='word_1_368' title='bbox 2807 2286 2977 2332; x_wconf 85' lang='lat' dir='ltr'><strong>autent</strong></span> <span class='ocrx_word' id='word_1_369' title='bbox 3025 2287 3295 2348; x_wconf 85' lang='lat' dir='ltr'><strong>propterea</strong></span> <span class='ocrx_word' id='word_1_370' title='bbox 3344 2296 3377 2333; x_wconf 77' lang='grc' dir='ltr'><strong><em>(ι</em></strong></span> <span class='ocrx_word' id='word_1_371' title='bbox 3424 2280 3617 2334; x_wconf 82' lang='lat' dir='ltr'><strong>sanctis</strong></span> 
     </span>
    </p>
   </div>
   <div class='ocr_carea' id='block_1_24' title="bbox 326 2370 3615 2444">
    <p class='ocr_par' dir='ltr' id='par_1_24' title="bbox 326 2370 3615 2444">
     <span class='ocr_line' id='line_1_24' title="bbox 326 2370 3615 2444; baseline -0.001 -16"><span class='ocrx_word' id='word_1_372' title='bbox 326 2375 454 2428; x_wconf 72' lang='lat' dir='ltr'><strong>ciris</strong></span> <span class='ocrx_word' id='word_1_373' title='bbox 484 2374 626 2427; x_wconf 87' lang='lat' dir='ltr'><strong>dicta</strong></span> <span class='ocrx_word' id='word_1_374' title='bbox 653 2372 880 2430; x_wconf 83' lang='lat' dir='ltr'><strong>arbitror</strong></span> <span class='ocrx_word' id='word_1_375' title='bbox 907 2392 1021 2430; x_wconf 85' lang='lat' dir='ltr'><strong>esse</strong></span> <span class='ocrx_word' id='word_1_376' title='bbox 1046 2375 1109 2429; x_wconf 91' lang='lat' dir='ltr'><strong>de</strong></span> <span class='ocrx_word' id='word_1_377' title='bbox 1139 2373 1384 2437; x_wconf 87' lang='lat' dir='ltr'><strong>Domino,</strong></span> <span class='ocrx_word' id='word_1_378' title='bbox 1428 2390 1531 2428; x_wconf 92' lang='lat' dir='ltr'><strong>non</strong></span> <span class='ocrx_word' id='word_1_379' title='bbox 1562 2391 1659 2444; x_wconf 90' lang='lat' dir='ltr'><strong>quo</strong></span> <span class='ocrx_word' id='word_1_380' title='bbox 1689 2373 1793 2426; x_wconf 90' lang='lat' dir='ltr'><strong>sint</strong></span> <span class='ocrx_word' id='word_1_381' title='bbox 1822 2372 2085 2425; x_wconf 87' lang='lat' dir='ltr'><strong>contraria</strong></span> <span class='ocrx_word' id='word_1_382' title='bbox 2114 2370 2244 2434; x_wconf 88' lang='lat' dir='ltr'><strong>sibi;</strong></span> <span class='ocrx_word' id='word_1_383' title='bbox 2274 2370 2365 2425; x_wconf 89' lang='lat' dir='ltr'><strong>sed</strong></span> <span class='ocrx_word' id='word_1_384' title='bbox 2392 2381 2446 2423; x_wconf 92' lang='lat' dir='ltr'><strong>ut</strong></span> <span class='ocrx_word' id='word_1_385' title='bbox 2476 2371 2628 2426; x_wconf 89' lang='lat' dir='ltr'><strong>modo</strong></span> <span class='ocrx_word' id='word_1_386' title='bbox 2658 2372 2769 2442; x_wconf 88' lang='lat' dir='ltr'><strong>ejus</strong></span> <span class='ocrx_word' id='word_1_387' title='bbox 2797 2373 3192 2439; x_wconf 88' lang='lat' dir='ltr'><strong>omnipotentia,</strong></span> <span class='ocrx_word' id='word_1_388' title='bbox 3225 2371 3378 2426; x_wconf 87' lang='lat' dir='ltr'><strong>modo</strong></span> <span class='ocrx_word' id='word_1_389' title='bbox 3411 2372 3615 2426; x_wconf 87' lang='lat' dir='ltr'><strong>miseri-</strong></span> 
     </span>
    </p>
   </div>
   <div class='ocr_carea' id='block_1_25' title="bbox 326 2466 3616 2540">
    <p class='ocr_par' dir='ltr' id='par_1_25' title="bbox 326 2466 3616 2540">
     <span class='ocr_line' id='line_1_25' title="bbox 326 2466 3616 2540; baseline -0.001 -18"><span class='ocrx_word' id='word_1_390' title='bbox 326 2468 513 2522; x_wconf 83' lang='lat' dir='ltr'><strong>cordia</strong></span> <span class='ocrx_word' id='word_1_391' title='bbox 557 2467 906 2523; x_wconf 72' lang='lat' dir='ltr'><strong>describatur.</strong></span> <span class='ocrx_word' id='word_1_392' title='bbox 940 2466 1081 2523; x_wconf 87' lang='lat' dir='ltr'><strong>Nam</strong></span> <span class='ocrx_word' id='word_1_393' title='bbox 1109 2470 1281 2540; x_wconf 85' lang='lat' dir='ltr'><strong>utique</strong></span> <span class='ocrx_word' id='word_1_394' title='bbox 1308 2485 1403 2540; x_wconf 85' lang='lat' dir='ltr'><strong>pro</strong></span> <span class='ocrx_word' id='word_1_395' title='bbox 1434 2477 1685 2537; x_wconf 87' lang='lat' dir='ltr'><strong>potestate</strong></span> <span class='ocrx_word' id='word_1_396' title='bbox 1726 2467 1859 2537; x_wconf 88' lang='lat' dir='ltr'><strong>regis</strong></span> <span class='ocrx_word' id='word_1_397' title='bbox 1889 2466 2070 2520; x_wconf 87' lang='lat' dir='ltr'><strong>sedere</strong></span> <span class='ocrx_word' id='word_1_398' title='bbox 2099 2466 2309 2531; x_wconf 90' lang='lat' dir='ltr'><strong>dicitur,</strong></span> <span class='ocrx_word' id='word_1_399' title='bbox 2355 2483 2450 2537; x_wconf 87' lang='lat' dir='ltr'><strong>pro</strong></span> <span class='ocrx_word' id='word_1_400' title='bbox 2493 2467 2720 2522; x_wconf 88' lang='lat' dir='ltr'><strong>bonitate</strong></span> <span class='ocrx_word' id='word_1_401' title='bbox 2756 2467 3108 2520; x_wconf 87' lang='lat' dir='ltr'><strong>intercessoris</strong></span> <span class='ocrx_word' id='word_1_402' title='bbox 3134 2475 3278 2520; x_wconf 87' lang='lat' dir='ltr'><strong>stare</strong></span> <span class='ocrx_word' id='word_1_403' title='bbox 3305 2468 3616 2538; x_wconf 78' lang='lat' dir='ltr'><strong>suggeritur.</strong></span> 
     </span>
    </p>
   </div>
   <div class='ocr_carea' id='block_1_26' title="bbox 330 2556 3616 2631">
    <p class='ocr_par' dir='ltr' id='par_1_26' title="bbox 330 2556 3616 2631">
     <span class='ocr_line' id='line_1_26' title="bbox 330 2556 3616 2631; baseline 0.001 -20"><span class='ocrx_word' id='word_1_404' title='bbox 330 2559 422 2611; x_wconf 75' lang='lat' dir='ltr'><strong>Ait</strong></span> <span class='ocrx_word' id='word_1_405' title='bbox 444 2560 584 2613; x_wconf 75' lang='lat' dir='ltr'><strong>enim</strong></span> <span class='ocrx_word' id='word_1_406' title='bbox 613 2558 794 2614; x_wconf 87' lang='lat' dir='ltr'><strong>beatus</strong></span> <span class='ocrx_word' id='word_1_407' title='bbox 822 2559 1128 2629; x_wconf 78' lang='lat' dir='ltr'><strong>Apostolus,</strong></span> <span class='ocrx_word' id='word_1_408' title='bbox 1160 2562 1283 2631; x_wconf 84' lang='lat' dir='ltr'><strong>quia</strong></span> <span class='ocrx_word' id='word_1_409' title='bbox 1322 2560 1625 2614; x_wconf 79' lang='lat' dir='ltr'><strong>advocatum</strong></span> <span class='ocrx_word' id='word_1_410' title='bbox 1656 2558 1903 2612; x_wconf 85' lang='lat' dir='ltr'><strong>habemus</strong></span> <span class='ocrx_word' id='word_1_411' title='bbox 1933 2557 2071 2625; x_wconf 88' lang='lat' dir='ltr'><strong>apud</strong></span> <span class='ocrx_word' id='word_1_412' title='bbox 2101 2556 2315 2612; x_wconf 85' lang='lat' dir='ltr'><strong>Patrem</strong></span> <span class='ocrx_word' id='word_1_413' title='bbox 2340 2556 2519 2612; x_wconf 77' lang='lat' dir='ltr'><strong>Iesum</strong></span> <span class='ocrx_word' id='word_1_414' title='bbox 2558 2557 2839 2613; x_wconf 86' lang='lat' dir='ltr'><strong>Christum.</strong></span> <span class='ocrx_word' id='word_1_415' title='bbox 2882 2556 3057 2612; x_wconf 73' lang='lat' dir='ltr'><strong>Iudex</strong></span> <span class='ocrx_word' id='word_1_416' title='bbox 3101 2575 3223 2630; x_wconf 86' lang='lat' dir='ltr'><strong>ergo</strong></span> <span class='ocrx_word' id='word_1_417' title='bbox 3264 2570 3342 2613; x_wconf 90' lang='lat' dir='ltr'><strong>est</strong></span> <span class='ocrx_word' id='word_1_418' title='bbox 3388 2559 3616 2614; x_wconf 85' lang='lat' dir='ltr'><strong>Christus</strong></span> 
     </span>
    </p>
   </div>
   <div class='ocr_carea' id='block_1_27' title="bbox 328 2648 3607 2721">
    <p class='ocr_par' dir='ltr' id='par_1_27' title="bbox 328 2648 3607 2721">
     <span class='ocr_line' id='line_1_27' title="bbox 328 2648 3607 2721; baseline 0.001 -20"><span class='ocrx_word' id='word_1_419' title='bbox 328 2665 447 2701; x_wconf 77' lang='lat' dir='ltr'><strong>eum</strong></span> <span class='ocrx_word' id='word_1_420' title='bbox 478 2649 701 2715; x_wconf 85' lang='lat' dir='ltr'><strong>residet,</strong></span> <span class='ocrx_word' id='word_1_421' title='bbox 734 2649 1011 2703; x_wconf 67' lang='lat' dir='ltr'><strong>advocatus</strong></span> <span class='ocrx_word' id='word_1_422' title='bbox 1052 2660 1128 2703; x_wconf 88' lang='lat' dir='ltr'><strong>est</strong></span> <span class='ocrx_word' id='word_1_423' title='bbox 1169 2666 1284 2704; x_wconf 88' lang='lat' dir='ltr'><strong>eum</strong></span> <span class='ocrx_word' id='word_1_424' title='bbox 1313 2652 1556 2721; x_wconf 86' lang='lat' dir='ltr'><strong>assurgit.</strong></span> <span class='ocrx_word' id='word_1_425' title='bbox 1590 2649 1728 2703; x_wconf 91' lang='lat' dir='ltr'><strong>Sunt</strong></span> <span class='ocrx_word' id='word_1_426' title='bbox 1756 2648 1869 2704; x_wconf 63' lang='lat' dir='ltr'><strong>hinc</strong></span> <span class='ocrx_word' id='word_1_427' title='bbox 1899 2658 2262 2704; x_wconf 85' lang='lat' dir='ltr'><strong>consentanea</strong></span> <span class='ocrx_word' id='word_1_428' title='bbox 2294 2650 2359 2704; x_wconf 88' lang='lat' dir='ltr'><strong>iis</strong></span> <span class='ocrx_word' id='word_1_429' title='bbox 2387 2664 2509 2719; x_wconf 81' lang='lat' dir='ltr'><strong>quae</strong></span> <span class='ocrx_word' id='word_1_430' title='bbox 2538 2658 2657 2720; x_wconf 88' lang='lat' dir='ltr'><strong>post</strong></span> <span class='ocrx_word' id='word_1_431' title='bbox 2687 2667 2718 2705; x_wconf 89' lang='lat' dir='ltr'><strong>a</strong></span> <span class='ocrx_word' id='word_1_432' title='bbox 2747 2659 2933 2705; x_wconf 90' lang='lat' dir='ltr'><strong>sancto</strong></span> <span class='ocrx_word' id='word_1_433' title='bbox 2980 2650 3243 2711; x_wconf 73' lang='lat' dir='ltr'><strong>Gregorio</strong></span> <span class='ocrx_word' id='word_1_434' title='bbox 3274 2649 3423 2706; x_wconf 82' lang='lat' dir='ltr'><strong>fuere</strong></span> <span class='ocrx_word' id='word_1_435' title='bbox 3464 2667 3607 2706; x_wconf 85' lang='lat' dir='ltr'><strong>com-</strong></span> 
     </span>
    </p>
   </div>
   <div class='ocr_carea' id='block_1_28' title="bbox 328 2740 3618 2812">
    <p class='ocr_par' dir='ltr' id='par_1_28' title="bbox 328 2740 3618 2812">
     <span class='ocr_line' id='line_1_28' title="bbox 328 2740 3618 2812; baseline 0.001 -16"><span class='ocrx_word' id='word_1_436' title='bbox 328 2742 601 2812; x_wconf 77' lang='lat' dir='ltr'><strong>prehensa</strong></span> <span class='ocrx_word' id='word_1_437' title='bbox 629 2741 722 2796; x_wconf 88' lang='lat' dir='ltr'><strong>lib.</strong></span> <span class='ocrx_word' id='word_1_438' title='bbox 774 2758 841 2807; x_wconf 89' lang='grc' dir='ltr'><strong><em>ιι,</em></strong></span> <span class='ocrx_word' id='word_1_439' title='bbox 890 2742 1109 2797; x_wconf 91' lang='lat' dir='ltr'><strong>homilia</strong></span> <span class='ocrx_word' id='word_1_440' title='bbox 1139 2742 1193 2796; x_wconf 93' lang='lat' dir='ltr'><strong>in</strong></span> <span class='ocrx_word' id='word_1_441' title='bbox 1222 2741 1473 2810; x_wconf 80' lang='lat' dir='ltr'><strong>Evangel.</strong></span> <span class='ocrx_word' id='word_1_442' title='bbox 1518 2740 1607 2805; x_wconf 76' lang='lat'><strong>29,</strong></span> <span class='ocrx_word' id='word_1_443' title='bbox 1646 2757 1793 2796; x_wconf 89' lang='lat' dir='ltr'><strong>num.</strong></span> <span class='ocrx_word' id='word_1_444' title='bbox 1839 2741 1891 2806; x_wconf 91' lang='lat'><strong>7,</strong></span> <span class='ocrx_word' id='word_1_445' title='bbox 1920 2755 2043 2811; x_wconf 79' lang='lat' dir='ltr'><strong>pag.</strong></span> <span class='ocrx_word' id='word_1_446' title='bbox 2076 2741 2201 2809; x_wconf 73' lang='lat'><strong>285,</strong></span> <span class='ocrx_word' id='word_1_447' title='bbox 2246 2750 2379 2797; x_wconf 89' lang='lat' dir='ltr'><strong>tom.</strong></span> <span class='ocrx_word' id='word_1_448' title='bbox 2414 2742 2456 2798; x_wconf 90' lang='lat' dir='ltr'><strong>V</strong></span> <span class='ocrx_word' id='word_1_449' title='bbox 2486 2742 2612 2798; x_wconf 87' lang='lat' dir='ltr'><strong>edit.</strong></span> <span class='ocrx_word' id='word_1_450' title='bbox 2643 2742 2863 2799; x_wconf 61' lang='lat' dir='ltr'><strong>Venetae</strong></span> <span class='ocrx_word' id='word_1_451' title='bbox 2892 2760 2980 2799; x_wconf 91' lang='lat' dir='ltr'><strong>an.</strong></span> <span class='ocrx_word' id='word_1_452' title='bbox 3012 2745 3171 2799; x_wconf 75' lang='lat'><strong>1769.</strong></span> <span class='ocrx_word' id='word_1_453' title='bbox 3216 2748 3352 2799; x_wconf 81' lang='lat' dir='ltr'><strong>Nam</strong></span> <span class='ocrx_word' id='word_1_454' title='bbox 3381 2754 3466 2801; x_wconf 87' lang='lat' dir='ltr'><strong>est</strong></span> <span class='ocrx_word' id='word_1_455' title='bbox 3505 2744 3618 2800; x_wconf 74' lang='lat' dir='ltr'><strong>lucc</strong></span> 
     </span>
    </p>
   </div>
   <div class='ocr_carea' id='block_1_29' title="bbox 329 2830 3618 2907">
    <p class='ocr_par' dir='ltr' id='par_1_29' title="bbox 329 2830 3618 2907">
     <span class='ocr_line' id='line_1_29' title="bbox 329 2830 3618 2907; baseline 0.003 -21"><span class='ocrx_word' id='word_1_456' title='bbox 329 2830 583 2900; x_wconf 78' lang='lat' dir='ltr'><strong>Gregorii</strong></span> <span class='ocrx_word' id='word_1_457' title='bbox 610 2833 981 2903; x_wconf 84' lang='lat' dir='ltr'><strong>interpretatio</strong></span> <span class='ocrx_word' id='word_1_458' title='bbox 1006 2851 1020 2886; x_wconf 87' lang='lat'><strong>:</strong></span> <span class='ocrx_word' id='word_1_459' title='bbox 1052 2830 1189 2897; x_wconf 81' lang='lat' dir='ltr'><strong>Quid</strong></span> <span class='ocrx_word' id='word_1_460' title='bbox 1216 2842 1292 2887; x_wconf 88' lang='lat' dir='ltr'><strong>est</strong></span> <span class='ocrx_word' id='word_1_461' title='bbox 1319 2834 1456 2905; x_wconf 83' lang='lat' dir='ltr'><strong>quod</strong></span> <span class='ocrx_word' id='word_1_462' title='bbox 1487 2832 1731 2905; x_wconf 71' lang='lat' dir='ltr'><strong>[uuln]</strong></span> <span class='ocrx_word' id='word_1_463' title='bbox 1764 2833 2079 2904; x_wconf 88' lang='lat' dir='ltr'><strong>(Christum)</strong></span> <span class='ocrx_word' id='word_1_464' title='bbox 2105 2833 2314 2889; x_wconf 75' lang='lat' dir='ltr'><strong>Marcus</strong></span> <span class='ocrx_word' id='word_1_465' title='bbox 2344 2836 2623 2903; x_wconf 88' lang='lat' dir='ltr'><strong>sedentem,</strong></span> <span class='ocrx_word' id='word_1_466' title='bbox 2656 2835 2952 2907; x_wconf 89' lang='lat' dir='ltr'><strong>Stephanus</strong></span> <span class='ocrx_word' id='word_1_467' title='bbox 2982 2855 3098 2893; x_wconf 69' lang='lat' dir='ltr'><strong>vero</strong></span> <span class='ocrx_word' id='word_1_468' title='bbox 3125 2848 3349 2894; x_wconf 88' lang='lat' dir='ltr'><strong>stantem</strong></span> <span class='ocrx_word' id='word_1_469' title='bbox 3376 2856 3431 2895; x_wconf 86' lang='lat' dir='ltr'><strong>se</strong></span> <span class='ocrx_word' id='word_1_470' title='bbox 3451 2840 3618 2896; x_wconf 75' lang='lat' dir='ltr'><strong>uidero</strong></span> 
     </span>
    </p>
   </div>
   <div class='ocr_carea' id='block_1_30' title="bbox 334 2922 3619 2998">
    <p class='ocr_par' dir='ltr' id='par_1_30' title="bbox 334 2922 3619 2998">
     <span class='ocr_line' id='line_1_30' title="bbox 334 2922 3619 2998; baseline 0.002 -21"><span class='ocrx_word' id='word_1_471' title='bbox 334 2923 593 2977; x_wconf 80' lang='lat' dir='ltr'><strong>testatur?</strong></span> <span class='ocrx_word' id='word_1_472' title='bbox 622 2922 730 2977; x_wconf 92' lang='lat' dir='ltr'><strong>Sed</strong></span> <span class='ocrx_word' id='word_1_473' title='bbox 758 2926 919 2980; x_wconf 85' lang='lat' dir='ltr'><strong>scitis.</strong></span> <span class='ocrx_word' id='word_1_474' title='bbox 953 2926 1162 2995; x_wconf 77' lang='lat' dir='ltr'><strong>fratres,</strong></span> <span class='ocrx_word' id='word_1_475' title='bbox 1194 2926 1314 2996; x_wconf 86' lang='lat' dir='ltr'><strong>quia</strong></span> <span class='ocrx_word' id='word_1_476' title='bbox 1343 2924 1521 2978; x_wconf 84' lang='lat' dir='ltr'><strong>sedere</strong></span> <span class='ocrx_word' id='word_1_477' title='bbox 1538 2924 1830 2995; x_wconf 87' lang='lat' dir='ltr'><strong>judicantis</strong></span> <span class='ocrx_word' id='word_1_478' title='bbox 1860 2933 1968 2990; x_wconf 90' lang='lat' dir='ltr'><strong>est,</strong></span> <span class='ocrx_word' id='word_1_479' title='bbox 2000 2933 2138 2978; x_wconf 90' lang='lat' dir='ltr'><strong>stare</strong></span> <span class='ocrx_word' id='word_1_480' title='bbox 2168 2943 2285 2980; x_wconf 85' lang='lat' dir='ltr'><strong>vero</strong></span> <span class='ocrx_word' id='word_1_481' title='bbox 2313 2929 2595 2998; x_wconf 89' lang='lat' dir='ltr'><strong>pugnantis</strong></span> <span class='ocrx_word' id='word_1_482' title='bbox 2635 2928 2712 2982; x_wconf 82' lang='lat' dir='ltr'><strong>vel</strong></span> <span class='ocrx_word' id='word_1_483' title='bbox 2740 2928 3054 2998; x_wconf 77' lang='lat' dir='ltr'><strong>adjurantis.</strong></span> <span class='ocrx_word' id='word_1_484' title='bbox 3090 2929 3379 2984; x_wconf 83' lang='lat' dir='ltr'><strong>Adeundus</strong></span> <span class='ocrx_word' id='word_1_485' title='bbox 3405 2938 3619 2985; x_wconf 77' lang='lat' dir='ltr'><strong>sanctus</strong></span> 
     </span>
    </p>
   </div>
   <div class='ocr_carea' id='block_1_31' title="bbox 334 3014 3621 3088">
    <p class='ocr_par' dir='ltr' id='par_1_31' title="bbox 334 3014 3621 3088">
     <span class='ocr_line' id='line_1_31' title="bbox 334 3014 3621 3088; baseline 0.003 -19"><span class='ocrx_word' id='word_1_486' title='bbox 334 3014 593 3081; x_wconf 79' lang='lat' dir='ltr'><strong>Thomas,</strong></span> <span class='ocrx_word' id='word_1_487' title='bbox 628 3014 859 3070; x_wconf 81' lang='lat' dir='ltr'><strong>Summa:</strong></span> <span class='ocrx_word' id='word_1_488' title='bbox 889 3015 1189 3085; x_wconf 77' lang='lat' dir='ltr'><strong>theologica:</strong></span> <span class='ocrx_word' id='word_1_489' title='bbox 1216 3022 1356 3084; x_wconf 89' lang='lat' dir='ltr'><strong>part.</strong></span> <span class='ocrx_word' id='word_1_490' title='bbox 1392 3015 1443 3082; x_wconf 75' lang='grc' dir='ltr'>ὅ,</span> <span class='ocrx_word' id='word_1_491' title='bbox 1477 3024 1665 3084; x_wconf 77' lang='lat' dir='ltr'><strong>quaest.</strong></span> <span class='ocrx_word' id='word_1_492' title='bbox 1700 3014 1792 3078; x_wconf 77' lang='lat'><strong>58,</strong></span> <span class='ocrx_word' id='word_1_493' title='bbox 1825 3022 1927 3069; x_wconf 92' lang='lat' dir='ltr'><strong>art.</strong></span> <span class='ocrx_word' id='word_1_494' title='bbox 1980 3015 2032 3081; x_wconf 87' lang='grc'><strong>1,</strong></span> <span class='ocrx_word' id='word_1_495' title='bbox 2076 3016 2142 3071; x_wconf 90' lang='lat' dir='ltr'><strong>ad</strong></span> <span class='ocrx_word' id='word_1_496' title='bbox 2175 3016 2225 3071; x_wconf 90' lang='grc'>1.</span> <span class='ocrx_word' id='word_1_497' title='bbox 2276 3015 2381 3072; x_wconf 89' lang='lat' dir='ltr'><strong>Sed</strong></span> <span class='ocrx_word' id='word_1_498' title='bbox 2430 3018 2754 3073; x_wconf 87' lang='lat' dir='ltr'><strong>moderabor</strong></span> <span class='ocrx_word' id='word_1_499' title='bbox 2799 3020 3032 3076; x_wconf 86' lang='lat' dir='ltr'><strong>orationi</strong></span> <span class='ocrx_word' id='word_1_500' title='bbox 3082 3038 3235 3076; x_wconf 66' lang='lat' dir='ltr'><strong>tuear.</strong></span> <span class='ocrx_word' id='word_1_501' title='bbox 3287 3023 3465 3088; x_wconf 85' lang='lat' dir='ltr'><strong>Quare</strong></span> <span class='ocrx_word' id='word_1_502' title='bbox 3514 3039 3621 3078; x_wconf 87' lang='lat' dir='ltr'><strong>non</strong></span> 
     </span>
    </p>
   </div>
   <div class='ocr_carea' id='block_1_32' title="bbox 334 3105 3621 3186">
    <p class='ocr_par' dir='ltr' id='par_1_32' title="bbox 334 3105 3621 3186">
     <span class='ocr_line' id='line_1_32' title="bbox 334 3105 3621 3186; baseline 0.002 -23"><span class='ocrx_word' id='word_1_503' title='bbox 334 3107 595 3163; x_wconf 75' lang='lat' dir='ltr'><strong>versaber-</strong></span> <span class='ocrx_word' id='word_1_504' title='bbox 621 3106 728 3160; x_wconf 87' lang='lat' dir='ltr'><strong>hoc</strong></span> <span class='ocrx_word' id='word_1_505' title='bbox 757 3106 811 3159; x_wconf 91' lang='lat' dir='ltr'><strong>in</strong></span> <span class='ocrx_word' id='word_1_506' title='bbox 841 3113 1157 3174; x_wconf 85' lang='lat' dir='ltr'><strong>argumento</strong></span> <span class='ocrx_word' id='word_1_507' title='bbox 1185 3106 1504 3175; x_wconf 82' lang='lat' dir='ltr'><strong>explicando</strong></span> <span class='ocrx_word' id='word_1_508' title='bbox 1532 3105 2011 3176; x_wconf 83' lang='lat' dir='ltr'><strong>conﬁrmandoque</strong></span> <span class='ocrx_word' id='word_1_509' title='bbox 2039 3108 2259 3163; x_wconf 88' lang='lat' dir='ltr'><strong>diutius.</strong></span> <span class='ocrx_word' id='word_1_510' title='bbox 2305 3110 2387 3165; x_wconf 86' lang='lat' dir='ltr'><strong>Ad</strong></span> <span class='ocrx_word' id='word_1_511' title='bbox 2435 3125 2499 3165; x_wconf 88' lang='lat' dir='ltr'><strong>ea</strong></span> <span class='ocrx_word' id='word_1_512' title='bbox 2548 3113 2865 3181; x_wconf 80' lang='lat' dir='ltr'><strong>progrediar</strong></span> <span class='ocrx_word' id='word_1_513' title='bbox 2912 3131 3030 3184; x_wconf 81' lang='lat' dir='ltr'><strong>quae</strong></span> <span class='ocrx_word' id='word_1_514' title='bbox 3078 3122 3202 3170; x_wconf 87' lang='lat' dir='ltr'><strong>sunt</strong></span> <span class='ocrx_word' id='word_1_515' title='bbox 3251 3116 3317 3171; x_wconf 88' lang='lat' dir='ltr'><strong>de</strong></span> <span class='ocrx_word' id='word_1_516' title='bbox 3364 3118 3621 3186; x_wconf 72' lang='lat' dir='ltr'><strong>pnesndils</strong></span> 
     </span>
    </p>
   </div>
   <div class='ocr_carea' id='block_1_33' title="bbox 333 3197 3619 3275">
    <p class='ocr_par' dir='ltr' id='par_1_33' title="bbox 333 3197 3619 3275">
     <span class='ocr_line' id='line_1_33' title="bbox 333 3197 3619 3275; baseline 0.002 -20"><span class='ocrx_word' id='word_1_517' title='bbox 333 3200 541 3266; x_wconf 80' lang='lat' dir='ltr'><strong>salutis,</strong></span> <span class='ocrx_word' id='word_1_518' title='bbox 571 3199 640 3254; x_wconf 89' lang='lat' dir='ltr'><strong>de</strong></span> <span class='ocrx_word' id='word_1_519' title='bbox 666 3197 848 3263; x_wconf 90' lang='lat' dir='ltr'><strong>donis,</strong></span> <span class='ocrx_word' id='word_1_520' title='bbox 880 3198 947 3252; x_wconf 89' lang='lat' dir='ltr'><strong>de</strong></span> <span class='ocrx_word' id='word_1_521' title='bbox 975 3199 1327 3265; x_wconf 88' lang='lat' dir='ltr'><strong>ornamentis,</strong></span> <span class='ocrx_word' id='word_1_522' title='bbox 1351 3199 1545 3267; x_wconf 82' lang='lat' dir='ltr'><strong>quibus</strong></span> <span class='ocrx_word' id='word_1_523' title='bbox 1572 3198 1820 3252; x_wconf 76' lang='lat' dir='ltr'><strong>maximis</strong></span> <span class='ocrx_word' id='word_1_524' title='bbox 1845 3206 2009 3268; x_wconf 90' lang='lat' dir='ltr'><strong>atque</strong></span> <span class='ocrx_word' id='word_1_525' title='bbox 2031 3200 2375 3269; x_wconf 85' lang='lat' dir='ltr'><strong>amplissimis</strong></span> <span class='ocrx_word' id='word_1_526' title='bbox 2406 3201 2691 3272; x_wconf 83' lang='lat' dir='ltr'><strong>(beneﬁcio</strong></span> <span class='ocrx_word' id='word_1_527' title='bbox 2718 3204 3120 3271; x_wconf 87' lang='lat' dir='ltr'><strong>incarnationis,</strong></span> <span class='ocrx_word' id='word_1_528' title='bbox 3158 3207 3441 3275; x_wconf 85' lang='lat' dir='ltr'><strong>passionis,</strong></span> <span class='ocrx_word' id='word_1_529' title='bbox 3470 3222 3619 3262; x_wconf 86' lang='lat' dir='ltr'><strong>mor-</strong></span> 
     </span>
    </p>
   </div>
   <div class='ocr_carea' id='block_1_34' title="bbox 337 3288 2844 3359">
    <p class='ocr_par' dir='ltr' id='par_1_34' title="bbox 337 3288 2844 3359">
     <span class='ocr_line' id='line_1_34' title="bbox 337 3288 2844 3359; baseline 0.001 -12"><span class='ocrx_word' id='word_1_530' title='bbox 337 3293 404 3347; x_wconf 90' lang='lat' dir='ltr'><strong>tis</strong></span> <span class='ocrx_word' id='word_1_531' title='bbox 432 3292 632 3347; x_wconf 87' lang='lat' dir='ltr'><strong>Christi</strong></span> <span class='ocrx_word' id='word_1_532' title='bbox 660 3288 989 3353; x_wconf 75' lang='lat' dir='ltr'><strong>Senatoris)</strong></span> <span class='ocrx_word' id='word_1_533' title='bbox 1012 3297 1231 3345; x_wconf 88' lang='lat' dir='ltr'><strong>auctum</strong></span> <span class='ocrx_word' id='word_1_534' title='bbox 1263 3306 1401 3356; x_wconf 86' lang='lat' dir='ltr'><strong>esse,</strong></span> <span class='ocrx_word' id='word_1_535' title='bbox 1435 3290 1671 3345; x_wconf 88' lang='lat' dir='ltr'><strong>ostendit</strong></span> <span class='ocrx_word' id='word_1_536' title='bbox 1699 3288 1981 3355; x_wconf 80' lang='lat' dir='ltr'><strong>Maximus,</strong></span> <span class='ocrx_word' id='word_1_537' title='bbox 2015 3305 2185 3359; x_wconf 79' lang='lat' dir='ltr'><strong>genus</strong></span> <span class='ocrx_word' id='word_1_538' title='bbox 2211 3292 2486 3346; x_wconf 85' lang='lat' dir='ltr'><strong>hominum</strong></span> <span class='ocrx_word' id='word_1_539' title='bbox 2517 3294 2844 3349; x_wconf 84' lang='lat' dir='ltr'><strong>universum.</strong></span> 
     </span>
    </p>
   </div>
   <div class='ocr_carea' id='block_1_35' title="bbox 409 3379 3619 3454">
    <p class='ocr_par' dir='ltr' id='par_1_35' title="bbox 409 3379 3619 3454">
     <span class='ocr_line' id='line_1_35' title="bbox 409 3379 3619 3454; baseline 0.001 -16"><span class='ocrx_word' id='word_1_540' title='bbox 409 3384 543 3438; x_wconf 78' lang='lat' dir='ltr'><strong>XIX.</strong></span> <span class='ocrx_word' id='word_1_541' title='bbox 578 3385 749 3453; x_wconf 85' lang='lat' dir='ltr'><strong>Atque</strong></span> <span class='ocrx_word' id='word_1_542' title='bbox 779 3384 825 3438; x_wconf 85' lang='lat' dir='ltr'><strong>is</strong></span> <span class='ocrx_word' id='word_1_543' title='bbox 849 3384 1064 3452; x_wconf 85' lang='lat' dir='ltr'><strong>quidem</strong></span> <span class='ocrx_word' id='word_1_544' title='bbox 1106 3391 1326 3438; x_wconf 87' lang='lat' dir='ltr'><strong>sanctus</strong></span> <span class='ocrx_word' id='word_1_545' title='bbox 1354 3381 1578 3435; x_wconf 89' lang='lat' dir='ltr'><strong>antistes</strong></span> <span class='ocrx_word' id='word_1_546' title='bbox 1626 3379 1755 3434; x_wconf 90' lang='lat' dir='ltr'><strong>illud</strong></span> <span class='ocrx_word' id='word_1_547' title='bbox 1801 3380 2067 3451; x_wconf 89' lang='lat' dir='ltr'><strong>principio</strong></span> <span class='ocrx_word' id='word_1_548' title='bbox 2112 3380 2522 3449; x_wconf 82' lang='lat' dir='ltr'><strong>animadvertit,</strong></span> <span class='ocrx_word' id='word_1_549' title='bbox 2569 3383 2714 3452; x_wconf 90' lang='lat' dir='ltr'><strong>quod</strong></span> <span class='ocrx_word' id='word_1_550' title='bbox 2764 3383 3111 3454; x_wconf 78' lang='lat' dir='ltr'><strong>Pelagianum</strong></span> <span class='ocrx_word' id='word_1_551' title='bbox 3160 3386 3355 3440; x_wconf 87' lang='lat' dir='ltr'><strong>evertit</strong></span> <span class='ocrx_word' id='word_1_552' title='bbox 3401 3385 3619 3453; x_wconf 78' lang='lat' dir='ltr'><strong>dogma,</strong></span> 
     </span>
    </p>
   </div>
   <div class='ocr_carea' id='block_1_36' title="bbox 332 3469 3621 3545">
    <p class='ocr_par' dir='ltr' id='par_1_36' title="bbox 332 3469 3621 3545">
     <span class='ocr_line' id='line_1_36' title="bbox 332 3469 3621 3545; baseline -0.001 -15"><span class='ocrx_word' id='word_1_553' title='bbox 332 3476 589 3545; x_wconf 82' lang='lat' dir='ltr'><strong>quodque</strong></span> <span class='ocrx_word' id='word_1_554' title='bbox 612 3482 686 3529; x_wconf 85' lang='lat' dir='ltr'><strong>est</strong></span> <span class='ocrx_word' id='word_1_555' title='bbox 724 3473 1027 3543; x_wconf 89' lang='lat' dir='ltr'><strong>hujusmodi</strong></span> <span class='ocrx_word' id='word_1_556' title='bbox 1054 3491 1065 3526; x_wconf 93' lang='lat'><strong><em>:</em></strong></span> <span class='ocrx_word' id='word_1_557' title='bbox 1099 3472 1361 3527; x_wconf 81' lang='lat' dir='ltr'><strong>Adamum</strong></span> <span class='ocrx_word' id='word_1_558' title='bbox 1390 3486 1497 3525; x_wconf 90' lang='lat' dir='ltr'><strong>non</strong></span> <span class='ocrx_word' id='word_1_559' title='bbox 1526 3469 1691 3525; x_wconf 75' lang='lat' dir='ltr'><strong>fuisse</strong></span> <span class='ocrx_word' id='word_1_560' title='bbox 1719 3470 2004 3525; x_wconf 87' lang='lat' dir='ltr'><strong>mortalem</strong></span> <span class='ocrx_word' id='word_1_561' title='bbox 2033 3479 2290 3525; x_wconf 89' lang='lat' dir='ltr'><strong>creatum.</strong></span> <span class='ocrx_word' id='word_1_562' title='bbox 2317 3470 2471 3525; x_wconf 86' lang='lat' dir='ltr'><strong>IIunc</strong></span> <span class='ocrx_word' id='word_1_563' title='bbox 2490 3472 2647 3543; x_wconf 90' lang='lat' dir='ltr'><strong>culpa</strong></span> <span class='ocrx_word' id='word_1_564' title='bbox 2675 3488 2769 3527; x_wconf 91' lang='lat' dir='ltr'><strong>sua</strong></span> <span class='ocrx_word' id='word_1_565' title='bbox 2792 3482 3073 3542; x_wconf 87' lang='lat' dir='ltr'><strong>peccatum</strong></span> <span class='ocrx_word' id='word_1_566' title='bbox 3095 3474 3352 3542; x_wconf 79' lang='lat' dir='ltr'><strong>originale</strong></span> <span class='ocrx_word' id='word_1_567' title='bbox 3380 3475 3621 3529; x_wconf 80' lang='lat' dir='ltr'><strong>intulisse</strong></span> 
     </span>
    </p>
   </div>
   <div class='ocr_carea' id='block_1_37' title="bbox 337 3563 3617 3638">
    <p class='ocr_par' dir='ltr' id='par_1_37' title="bbox 337 3563 3617 3638">
     <span class='ocr_line' id='line_1_37' title="bbox 337 3563 3617 3638; baseline -0.002 -13"><span class='ocrx_word' id='word_1_568' title='bbox 337 3573 397 3625; x_wconf 87' lang='lat' dir='ltr'><strong>in</strong></span> <span class='ocrx_word' id='word_1_569' title='bbox 424 3569 675 3624; x_wconf 87' lang='lat' dir='ltr'><strong>mundum</strong></span> <span class='ocrx_word' id='word_1_570' title='bbox 705 3584 802 3624; x_wconf 87' lang='lat' dir='ltr'><strong>seu</strong></span> <span class='ocrx_word' id='word_1_571' title='bbox 830 3569 883 3622; x_wconf 90' lang='lat' dir='ltr'><strong>in</strong></span> <span class='ocrx_word' id='word_1_572' title='bbox 928 3577 1204 3638; x_wconf 88' lang='lat' dir='ltr'><strong>posteros,</strong></span> <span class='ocrx_word' id='word_1_573' title='bbox 1252 3580 1455 3636; x_wconf 86' lang='lat' dir='ltr'><strong>perque</strong></span> <span class='ocrx_word' id='word_1_574' title='bbox 1484 3573 1768 3635; x_wconf 88' lang='lat' dir='ltr'><strong>peccatum</strong></span> <span class='ocrx_word' id='word_1_575' title='bbox 1816 3574 2068 3620; x_wconf 88' lang='lat' dir='ltr'><strong>mortem.</strong></span> <span class='ocrx_word' id='word_1_576' title='bbox 2100 3563 2334 3619; x_wconf 85' lang='lat' dir='ltr'><strong>Homilia</strong></span> <span class='ocrx_word' id='word_1_577' title='bbox 2364 3564 2417 3630; x_wconf 88' lang='lat'><strong>8,</strong></span> <span class='ocrx_word' id='word_1_578' title='bbox 2449 3579 2568 3633; x_wconf 73' lang='lat' dir='ltr'><strong>qua:</strong></span> <span class='ocrx_word' id='word_1_579' title='bbox 2614 3572 2699 3621; x_wconf 88' lang='lat' dir='ltr'><strong>est</strong></span> <span class='ocrx_word' id='word_1_580' title='bbox 2744 3566 2901 3620; x_wconf 86' lang='lat' dir='ltr'><strong>tertia</strong></span> <span class='ocrx_word' id='word_1_581' title='bbox 2953 3566 3016 3619; x_wconf 90' lang='lat' dir='ltr'><strong>de</strong></span> <span class='ocrx_word' id='word_1_582' title='bbox 3046 3564 3333 3619; x_wconf 87' lang='lat' dir='ltr'><strong>Nativitate</strong></span> <span class='ocrx_word' id='word_1_583' title='bbox 3371 3566 3617 3631; x_wconf 88' lang='lat' dir='ltr'><strong>Domini,</strong></span> 
     </span>
    </p>
   </div>
   <div class='ocr_carea' id='block_1_38' title="bbox 336 3655 3618 3735">
    <p class='ocr_par' dir='ltr' id='par_1_38' title="bbox 336 3655 3618 3735">
     <span class='ocr_line' id='line_1_38' title="bbox 336 3655 3618 3735; baseline -0.001 -18"><span class='ocrx_word' id='word_1_584' title='bbox 336 3656 457 3735; x_wconf 78' lang='lat' dir='ltr'><strong>pag.</strong></span> <span class='ocrx_word' id='word_1_585' title='bbox 492 3662 562 3718; x_wconf 75' lang='grc'>25</span> <span class='ocrx_word' id='word_1_586' title='bbox 592 3681 605 3715; x_wconf 90' lang='lat'><strong>:</strong></span> <span class='ocrx_word' id='word_1_587' title='bbox 635 3662 827 3729; x_wconf 80' lang='lat' dir='ltr'><strong>Hodie,</strong></span> <span class='ocrx_word' id='word_1_588' title='bbox 858 3662 1047 3731; x_wconf 86' lang='lat' dir='ltr'><strong>inquit,</strong></span> <span class='ocrx_word' id='word_1_589' title='bbox 1078 3677 1237 3715; x_wconf 86' lang='lat' dir='ltr'><strong>novus</strong></span> <span class='ocrx_word' id='word_1_590' title='bbox 1265 3659 1351 3713; x_wconf 90' lang='lat' dir='ltr'><strong>ille</strong></span> <span class='ocrx_word' id='word_1_591' title='bbox 1378 3657 1546 3710; x_wconf 82' lang='lat' dir='ltr'><strong>Adam</strong></span> <span class='ocrx_word' id='word_1_592' title='bbox 1570 3655 1856 3727; x_wconf 85' lang='lat' dir='ltr'><strong>(Christus)</strong></span> <span class='ocrx_word' id='word_1_593' title='bbox 1880 3672 1975 3710; x_wconf 89' lang='lat' dir='ltr'><strong>sua</strong></span> <span class='ocrx_word' id='word_1_594' title='bbox 2005 3658 2273 3710; x_wconf 73' lang='lat' dir='ltr'><strong>natit&#39;itate</strong></span> <span class='ocrx_word' id='word_1_595' title='bbox 2291 3655 2519 3711; x_wconf 88' lang='lat' dir='ltr'><strong>mirabili</strong></span> <span class='ocrx_word' id='word_1_596' title='bbox 2542 3666 2772 3712; x_wconf 89' lang='lat' dir='ltr'><strong>nostram</strong></span> <span class='ocrx_word' id='word_1_597' title='bbox 2800 3656 2864 3710; x_wconf 88' lang='lat' dir='ltr'><strong>de</strong></span> <span class='ocrx_word' id='word_1_598' title='bbox 2892 3673 3020 3712; x_wconf 89' lang='lat' dir='ltr'><strong>novo</strong></span> <span class='ocrx_word' id='word_1_599' title='bbox 3047 3656 3321 3726; x_wconf 71' lang='lat' dir='ltr'><strong>plasmauit</strong></span> <span class='ocrx_word' id='word_1_600' title='bbox 3350 3668 3618 3725; x_wconf 85' lang='lat' dir='ltr'><strong>naturam;</strong></span> 
     </span>
    </p>
   </div>
   <div class='ocr_carea' id='block_1_39' title="bbox 334 3751 3623 3822">
    <p class='ocr_par' dir='ltr' id='par_1_39' title="bbox 334 3751 3623 3822">
     <span class='ocr_line' id='line_1_39' title="bbox 334 3751 3623 3822; baseline -0.002 -13"><span class='ocrx_word' id='word_1_601' title='bbox 334 3772 405 3810; x_wconf 74' lang='grc' dir='ltr'><strong>ετ</strong></span> <span class='ocrx_word' id='word_1_602' title='bbox 441 3771 561 3819; x_wconf 67' lang='lat' dir='ltr'><strong>ous:</strong></span> <span class='ocrx_word' id='word_1_603' title='bbox 598 3771 826 3811; x_wconf 71' lang='lat' dir='ltr'><strong>versate</strong></span> <span class='ocrx_word' id='word_1_604' title='bbox 862 3755 990 3809; x_wconf 62' lang='lat' dir='ltr'><strong>Ana:</strong></span> <span class='ocrx_word' id='word_1_605' title='bbox 1030 3767 1325 3808; x_wconf 69' lang='lat' dir='ltr'><strong>ursensmu</strong></span> <span class='ocrx_word' id='word_1_606' title='bbox 1364 3767 1525 3806; x_wconf 69' lang='lat' dir='ltr'><strong>mrsu</strong></span> <span class='ocrx_word' id='word_1_607' title='bbox 1564 3766 1775 3805; x_wconf 65' lang='lat' dir='ltr'><strong>rerum</strong></span> <span class='ocrx_word' id='word_1_608' title='bbox 1818 3765 2048 3804; x_wconf 65' lang='lat' dir='ltr'><strong>manus</strong></span> <span class='ocrx_word' id='word_1_609' title='bbox 2092 3766 2159 3803; x_wconf 76' lang='lat' dir='ltr'><strong>ur</strong></span> <span class='ocrx_word' id='word_1_610' title='bbox 2191 3764 2498 3813; x_wconf 73' lang='lat' dir='ltr'><strong>CORRUP&#39;I‘A,</strong></span> <span class='ocrx_word' id='word_1_611' title='bbox 2531 3752 2757 3822; x_wconf 89' lang='lat' dir='ltr'><strong>pretiosa</strong></span> <span class='ocrx_word' id='word_1_612' title='bbox 2787 3768 2880 3805; x_wconf 88' lang='lat' dir='ltr'><strong>sua</strong></span> <span class='ocrx_word' id='word_1_613' title='bbox 2922 3753 3188 3805; x_wconf 79' lang='lat' dir='ltr'><strong>nativitate</strong></span> <span class='ocrx_word' id='word_1_614' title='bbox 3224 3761 3272 3805; x_wconf 92' lang='lat' dir='ltr'><strong>et</strong></span> <span class='ocrx_word' id='word_1_615' title='bbox 3302 3751 3623 3822; x_wconf 83' lang='lat' dir='ltr'><strong>lacrgmabili</strong></span> 
     </span>
    </p>
   </div>
   <div class='ocr_carea' id='block_1_40' title="bbox 335 3844 3622 3918">
    <p class='ocr_par' dir='ltr' id='par_1_40' title="bbox 335 3844 3622 3918">
     <span class='ocr_line' id='line_1_40' title="bbox 335 3844 3622 3918; baseline -0 -17"><span class='ocrx_word' id='word_1_616' title='bbox 335 3859 499 3904; x_wconf 80' lang='lat' dir='ltr'><strong>morte</strong></span> <span class='ocrx_word' id='word_1_617' title='bbox 527 3848 733 3901; x_wconf 87' lang='lat' dir='ltr'><strong>reduxit</strong></span> <span class='ocrx_word' id='word_1_618' title='bbox 764 3848 833 3901; x_wconf 91' lang='lat' dir='ltr'><strong>ad</strong></span> <span class='ocrx_word' id='word_1_619' title='bbox 860 3850 1035 3901; x_wconf 82' lang='lat' dir='ltr'><strong>vitam.</strong></span> <span class='ocrx_word' id='word_1_620' title='bbox 1067 3846 1297 3901; x_wconf 85' lang='lat' dir='ltr'><strong>llomilia</strong></span> <span class='ocrx_word' id='word_1_621' title='bbox 1330 3846 1425 3911; x_wconf 84' lang='grc'>11,</span> <span class='ocrx_word' id='word_1_622' title='bbox 1468 3860 1590 3916; x_wconf 81' lang='lat' dir='ltr'><strong>pag.</strong></span> <span class='ocrx_word' id='word_1_623' title='bbox 1624 3846 1730 3901; x_wconf 77' lang='lat'><strong>50:</strong></span> <span class='ocrx_word' id='word_1_624' title='bbox 1764 3844 1937 3900; x_wconf 82' lang='lat' dir='ltr'><strong>Hodie</strong></span> <span class='ocrx_word' id='word_1_625' title='bbox 1965 3856 2119 3901; x_wconf 86' lang='lat' dir='ltr'><strong>natus</strong></span> <span class='ocrx_word' id='word_1_626' title='bbox 2148 3855 2225 3900; x_wconf 84' lang='lat' dir='ltr'><strong>est</strong></span> <span class='ocrx_word' id='word_1_627' title='bbox 2254 3844 2520 3912; x_wconf 85' lang='lat' dir='ltr'><strong>Christus,</strong></span> <span class='ocrx_word' id='word_1_628' title='bbox 2561 3846 2652 3902; x_wconf 87' lang='lat' dir='ltr'><strong>sed</strong></span> <span class='ocrx_word' id='word_1_629' title='bbox 2692 3847 2747 3900; x_wconf 89' lang='lat' dir='ltr'><strong>in</strong></span> <span class='ocrx_word' id='word_1_630' title='bbox 2776 3849 3046 3901; x_wconf 81' lang='lat' dir='ltr'><strong>nativitate</strong></span> <span class='ocrx_word' id='word_1_631' title='bbox 3088 3848 3199 3918; x_wconf 88' lang='lat' dir='ltr'><strong>ejus</strong></span> <span class='ocrx_word' id='word_1_632' title='bbox 3246 3858 3427 3901; x_wconf 90' lang='lat' dir='ltr'><strong>nostra</strong></span> <span class='ocrx_word' id='word_1_633' title='bbox 3473 3845 3622 3901; x_wconf 89' lang='lat' dir='ltr'><strong>habet</strong></span> 
     </span>
    </p>
   </div>
   <div class='ocr_carea' id='block_1_41' title="bbox 337 3937 3618 4013">
    <p class='ocr_par' dir='ltr' id='par_1_41' title="bbox 337 3937 3618 4013">
     <span class='ocr_line' id='line_1_41' title="bbox 337 3937 3618 4013; baseline -0.002 -17"><span class='ocrx_word' id='word_1_634' title='bbox 337 3944 440 3996; x_wconf 84' lang='lat' dir='ltr'><strong>rita</strong></span> <span class='ocrx_word' id='word_1_635' title='bbox 466 3940 728 4005; x_wconf 88' lang='lat' dir='ltr'><strong>natalem;</strong></span> <span class='ocrx_word' id='word_1_636' title='bbox 758 3943 877 4013; x_wconf 86' lang='lat' dir='ltr'><strong>quia</strong></span> <span class='ocrx_word' id='word_1_637' title='bbox 905 3942 990 4011; x_wconf 86' lang='lat' dir='ltr'><strong>qui</strong></span> <span class='ocrx_word' id='word_1_638' title='bbox 1024 3955 1320 3995; x_wconf 72' lang='lat' dir='ltr'><strong>PRIVILEGIA</strong></span> <span class='ocrx_word' id='word_1_639' title='bbox 1350 3956 1522 3994; x_wconf 66' lang='lat' dir='ltr'><strong>PRIMA-3</strong></span> <span class='ocrx_word' id='word_1_640' title='bbox 1555 3955 1893 3994; x_wconf 72' lang='lat' dir='ltr'><strong>untvnnts</strong></span> <span class='ocrx_word' id='word_1_641' title='bbox 1921 3955 2200 4003; x_wconf 74' lang='grc' dir='ltr'><strong>Αιηειιιυε,</strong></span> <span class='ocrx_word' id='word_1_642' title='bbox 2235 3940 2474 3993; x_wconf 81' lang='lat' dir='ltr'><strong>visitante</strong></span> <span class='ocrx_word' id='word_1_643' title='bbox 2515 3955 2609 3993; x_wconf 90' lang='lat' dir='ltr'><strong>nos</strong></span> <span class='ocrx_word' id='word_1_644' title='bbox 2639 3938 2873 4005; x_wconf 82' lang='lat' dir='ltr'><strong>Christo,</strong></span> <span class='ocrx_word' id='word_1_645' title='bbox 2906 3941 3165 3993; x_wconf 89' lang='lat' dir='ltr'><strong>sanctiore</strong></span> <span class='ocrx_word' id='word_1_646' title='bbox 3192 3947 3346 4009; x_wconf 87' lang='lat' dir='ltr'><strong>partu</strong></span> <span class='ocrx_word' id='word_1_647' title='bbox 3372 3937 3618 3992; x_wconf 89' lang='lat' dir='ltr'><strong>redimus.</strong></span> 
     </span>
    </p>
   </div>
   <div class='ocr_carea' id='block_1_42' title="bbox 337 4025 3614 4102">
    <p class='ocr_par' dir='ltr' id='par_1_42' title="bbox 337 4025 3614 4102">
     <span class='ocr_line' id='line_1_42' title="bbox 337 4025 3614 4102; baseline -0.002 -15"><span class='ocrx_word' id='word_1_648' title='bbox 337 4032 570 4088; x_wconf 81' lang='lat' dir='ltr'><strong>Homilia</strong></span> <span class='ocrx_word' id='word_1_649' title='bbox 600 4031 689 4097; x_wconf 74' lang='lat'><strong>29,</strong></span> <span class='ocrx_word' id='word_1_650' title='bbox 721 4048 839 4102; x_wconf 64' lang='lat' dir='ltr'><strong>qua:</strong></span> <span class='ocrx_word' id='word_1_651' title='bbox 866 4032 1161 4101; x_wconf 23' lang='lat' dir='ltr'><strong>est.,prima</strong></span> <span class='ocrx_word' id='word_1_652' title='bbox 1203 4030 1267 4084; x_wconf 89' lang='lat' dir='ltr'><strong>de</strong></span> <span class='ocrx_word' id='word_1_653' title='bbox 1308 4029 1596 4100; x_wconf 86' lang='lat' dir='ltr'><strong>Baptismo,</strong></span> <span class='ocrx_word' id='word_1_654' title='bbox 1629 4042 1748 4099; x_wconf 80' lang='lat' dir='ltr'><strong>pag.</strong></span> <span class='ocrx_word' id='word_1_655' title='bbox 1782 4028 1872 4093; x_wconf 88' lang='lat'><strong>87,</strong></span> <span class='ocrx_word' id='word_1_656' title='bbox 1906 4028 1997 4083; x_wconf 90' lang='lat' dir='ltr'><strong>ubi</strong></span> <span class='ocrx_word' id='word_1_657' title='bbox 2022 4027 2286 4083; x_wconf 79' lang='lat' dir='ltr'><strong>Joannem</strong></span> <span class='ocrx_word' id='word_1_658' title='bbox 2328 4028 2622 4099; x_wconf 88' lang='lat' dir='ltr'><strong>Baptistam</strong></span> <span class='ocrx_word' id='word_1_659' title='bbox 2664 4028 2742 4083; x_wconf 91' lang='lat' dir='ltr'><strong>sic</strong></span> <span class='ocrx_word' id='word_1_660' title='bbox 2771 4028 2976 4083; x_wconf 89' lang='lat' dir='ltr'><strong>inducit</strong></span> <span class='ocrx_word' id='word_1_661' title='bbox 3017 4028 3327 4096; x_wconf 84' lang='lat' dir='ltr'><strong>loquentem</strong></span> <span class='ocrx_word' id='word_1_662' title='bbox 3357 4025 3614 4082; x_wconf 86' lang='lat' dir='ltr'><strong>Christo:</strong></span> 
     </span>
    </p>
   </div>
   <div class='ocr_carea' id='block_1_43' title="bbox 338 4118 3621 4193">
    <p class='ocr_par' dir='ltr' id='par_1_43' title="bbox 338 4118 3621 4193">
     <span class='ocr_line' id='line_1_43' title="bbox 338 4118 3621 4193; baseline -0.002 -15"><span class='ocrx_word' id='word_1_663' title='bbox 338 4124 472 4179; x_wconf 64' lang='lat' dir='ltr'><strong>Mihi</strong></span> <span class='ocrx_word' id='word_1_664' title='bbox 499 4132 577 4178; x_wconf 87' lang='lat' dir='ltr'><strong>est</strong></span> <span class='ocrx_word' id='word_1_665' title='bbox 604 4140 669 4177; x_wconf 75' lang='lat' dir='ltr'><strong>ex</strong></span> <span class='ocrx_word' id='word_1_666' title='bbox 703 4132 920 4193; x_wconf 85' lang='lat' dir='ltr'><strong>paterna</strong></span> <span class='ocrx_word' id='word_1_667' title='bbox 947 4121 1378 4189; x_wconf 67' lang='lat' dir='ltr'><strong>prevaricatione</strong></span> <span class='ocrx_word' id='word_1_668' title='bbox 1402 4120 1663 4188; x_wconf 87' lang='lat' dir='ltr'><strong>corruptio</strong></span> <span class='ocrx_word' id='word_1_669' title='bbox 1682 4159 1696 4184; x_wconf 94' lang='lat'><strong>,</strong></span> <span class='ocrx_word' id='word_1_670' title='bbox 1726 4128 1776 4172; x_wconf 89' lang='lat' dir='ltr'><strong>et</strong></span> <span class='ocrx_word' id='word_1_671' title='bbox 1814 4119 1905 4172; x_wconf 90' lang='lat' dir='ltr'><strong>tibi</strong></span> <span class='ocrx_word' id='word_1_672' title='bbox 1933 4120 1987 4171; x_wconf 89' lang='lat' dir='ltr'><strong>in</strong></span> <span class='ocrx_word' id='word_1_673' title='bbox 2018 4128 2237 4188; x_wconf 89' lang='lat' dir='ltr'><strong>paterna</strong></span> <span class='ocrx_word' id='word_1_674' title='bbox 2266 4120 2540 4190; x_wconf 86' lang='lat' dir='ltr'><strong>majestate</strong></span> <span class='ocrx_word' id='word_1_675' title='bbox 2567 4120 2859 4173; x_wconf 89' lang='lat' dir='ltr'><strong>communio</strong></span> <span class='ocrx_word' id='word_1_676' title='bbox 2884 4158 2897 4171; x_wconf 93' lang='lat'><strong>.</strong></span> <span class='ocrx_word' id='word_1_677' title='bbox 2926 4158 2940 4171; x_wconf 93' lang='lat'><strong>.</strong></span> <span class='ocrx_word' id='word_1_678' title='bbox 2971 4159 2985 4172; x_wconf 95' lang='lat'><strong>.</strong></span> <span class='ocrx_word' id='word_1_679' title='bbox 3015 4158 3030 4172; x_wconf 89' lang='lat'><strong>.</strong></span> <span class='ocrx_word' id='word_1_680' title='bbox 3058 4158 3071 4171; x_wconf 93' lang='lat'><strong>.</strong></span> <span class='ocrx_word' id='word_1_681' title='bbox 3101 4159 3114 4172; x_wconf 94' lang='lat'><strong>.</strong></span> <span class='ocrx_word' id='word_1_682' title='bbox 3147 4118 3262 4189; x_wconf 87' lang='lat' dir='ltr'><strong>Ego</strong></span> <span class='ocrx_word' id='word_1_683' title='bbox 3288 4119 3487 4188; x_wconf 88' lang='lat' dir='ltr'><strong>peccati</strong></span> <span class='ocrx_word' id='word_1_684' title='bbox 3514 4119 3621 4187; x_wconf 90' lang='lat' dir='ltr'><strong>lege</strong></span> 
     </span>
    </p>
   </div>
   <div class='ocr_carea' id='block_1_44' title="bbox 336 4207 3621 4282">
    <p class='ocr_par' dir='ltr' id='par_1_44' title="bbox 336 4207 3621 4282">
     <span class='ocr_line' id='line_1_44' title="bbox 336 4207 3621 4282; baseline -0.002 -13"><span class='ocrx_word' id='word_1_685' title='bbox 336 4216 595 4277; x_wconf 84' lang='lat' dir='ltr'><strong>mortalis,</strong></span> <span class='ocrx_word' id='word_1_686' title='bbox 628 4223 681 4266; x_wconf 89' lang='lat' dir='ltr'><strong>tu</strong></span> <span class='ocrx_word' id='word_1_687' title='bbox 707 4221 877 4266; x_wconf 86' lang='lat' dir='ltr'><strong>autem</strong></span> <span class='ocrx_word' id='word_1_688' title='bbox 906 4212 1149 4267; x_wconf 85' lang='lat' dir='ltr'><strong>adversus</strong></span> <span class='ocrx_word' id='word_1_689' title='bbox 1176 4219 1389 4282; x_wconf 89' lang='lat' dir='ltr'><strong>peccata</strong></span> <span class='ocrx_word' id='word_1_690' title='bbox 1417 4211 1621 4264; x_wconf 78' lang='lat' dir='ltr'><strong>ueniens</strong></span> <span class='ocrx_word' id='word_1_691' title='bbox 1648 4211 1811 4263; x_wconf 87' lang='lat' dir='ltr'><strong>nescis</strong></span> <span class='ocrx_word' id='word_1_692' title='bbox 1842 4209 2108 4280; x_wconf 86' lang='lat' dir='ltr'><strong>subjacere</strong></span> <span class='ocrx_word' id='word_1_693' title='bbox 2134 4218 2363 4279; x_wconf 87' lang='lat' dir='ltr'><strong>peccato.</strong></span> <span class='ocrx_word' id='word_1_694' title='bbox 2392 4207 2620 4263; x_wconf 81' lang='lat' dir='ltr'><strong>Homilia</strong></span> <span class='ocrx_word' id='word_1_695' title='bbox 2650 4208 2741 4273; x_wconf 76' lang='grc'><strong>85,</strong></span> <span class='ocrx_word' id='word_1_696' title='bbox 2773 4222 2892 4277; x_wconf 80' lang='lat' dir='ltr'><strong>pag.</strong></span> <span class='ocrx_word' id='word_1_697' title='bbox 2920 4207 3025 4261; x_wconf 68' lang='lat'><strong>272</strong></span> <span class='ocrx_word' id='word_1_698' title='bbox 3049 4227 3060 4261; x_wconf 90' lang='lat'><strong>:</strong></span> <span class='ocrx_word' id='word_1_699' title='bbox 3086 4208 3360 4263; x_wconf 88' lang='lat' dir='ltr'><strong>Credenda</strong></span> <span class='ocrx_word' id='word_1_700' title='bbox 3388 4220 3466 4264; x_wconf 85' lang='lat' dir='ltr'><strong>est</strong></span> <span class='ocrx_word' id='word_1_701' title='bbox 3486 4227 3621 4281; x_wconf 78' lang='lat' dir='ltr'><strong>prte-</strong></span> 
     </span>
    </p>
   </div>
   <div class='ocr_carea' id='block_1_45' title="bbox 334 4300 3621 4378">
    <p class='ocr_par' dir='ltr' id='par_1_45' title="bbox 334 4300 3621 4378">
     <span class='ocr_line' id='line_1_45' title="bbox 334 4300 3621 4378; baseline -0.002 -18"><span class='ocrx_word' id='word_1_702' title='bbox 334 4310 512 4378; x_wconf 83' lang='lat' dir='ltr'><strong>eipue,</strong></span> <span class='ocrx_word' id='word_1_703' title='bbox 556 4307 747 4375; x_wconf 89' lang='lat' dir='ltr'><strong>fratres</strong></span> <span class='ocrx_word' id='word_1_704' title='bbox 765 4347 779 4368; x_wconf 96' lang='lat'><strong>,</strong></span> <span class='ocrx_word' id='word_1_705' title='bbox 809 4314 1133 4376; x_wconf 88' lang='lat' dir='ltr'><strong>peccatorum</strong></span> <span class='ocrx_word' id='word_1_706' title='bbox 1156 4304 1409 4366; x_wconf 85' lang='lat' dir='ltr'><strong>remissio,</strong></span> <span class='ocrx_word' id='word_1_707' title='bbox 1446 4303 1567 4371; x_wconf 88' lang='lat' dir='ltr'><strong>quia</strong></span> <span class='ocrx_word' id='word_1_708' title='bbox 1598 4302 1691 4356; x_wconf 91' lang='lat' dir='ltr'><strong>hoc</strong></span> <span class='ocrx_word' id='word_1_709' title='bbox 1718 4317 1876 4354; x_wconf 91' lang='lat' dir='ltr'><strong>unum</strong></span> <span class='ocrx_word' id='word_1_710' title='bbox 1902 4309 1979 4354; x_wconf 84' lang='lat' dir='ltr'><strong>est</strong></span> <span class='ocrx_word' id='word_1_711' title='bbox 2006 4302 2286 4355; x_wconf 88' lang='lat' dir='ltr'><strong>remedium</strong></span> <span class='ocrx_word' id='word_1_712' title='bbox 2314 4300 2450 4371; x_wconf 90' lang='lat' dir='ltr'><strong>quod</strong></span> <span class='ocrx_word' id='word_1_713' title='bbox 2478 4316 2712 4355; x_wconf 71' lang='grc' dir='ltr'><strong><em>ιιοιιιΝωι</em></strong></span> <span class='ocrx_word' id='word_1_714' title='bbox 2743 4315 2910 4355; x_wconf 69' lang='lat' dir='ltr'><strong>cauus</strong></span> <span class='ocrx_word' id='word_1_715' title='bbox 2938 4315 2971 4353; x_wconf 72' lang='grc' dir='ltr'>Α</span> <span class='ocrx_word' id='word_1_716' title='bbox 3000 4314 3297 4353; x_wconf 60' lang='lat' dir='ltr'><strong>samem”</strong></span> <span class='ocrx_word' id='word_1_717' title='bbox 3330 4316 3621 4355; x_wconf 66' lang='lat' dir='ltr'><strong>enarratum</strong></span> 
     </span>
    </p>
   </div>
   <div class='ocr_carea' id='block_1_46' title="bbox 341 4393 3622 4467">
    <p class='ocr_par' dir='ltr' id='par_1_46' title="bbox 341 4393 3622 4467">
     <span class='ocr_line' id='line_1_46' title="bbox 341 4393 3622 4467; baseline -0.002 -15"><span class='ocrx_word' id='word_1_718' title='bbox 341 4414 535 4453; x_wconf 73' lang='lat' dir='ltr'><strong>nouns</strong></span> <span class='ocrx_word' id='word_1_719' title='bbox 564 4413 836 4451; x_wconf 68' lang='lat' dir='ltr'><strong>sasonvrr.</strong></span> <span class='ocrx_word' id='word_1_720' title='bbox 872 4395 1074 4451; x_wconf 86' lang='lat' dir='ltr'><strong>Idcirco</strong></span> <span class='ocrx_word' id='word_1_721' title='bbox 1108 4394 1416 4467; x_wconf 89' lang='lat' dir='ltr'><strong>Unigenitus</strong></span> <span class='ocrx_word' id='word_1_722' title='bbox 1454 4394 1709 4451; x_wconf 82' lang='lat' dir='ltr'><strong>Altissimi</strong></span> <span class='ocrx_word' id='word_1_723' title='bbox 1736 4410 1935 4448; x_wconf 89' lang='lat' dir='ltr'><strong>sumere</strong></span> <span class='ocrx_word' id='word_1_724' title='bbox 1978 4393 2221 4464; x_wconf 89' lang='lat' dir='ltr'><strong>dignatus</strong></span> <span class='ocrx_word' id='word_1_725' title='bbox 2251 4402 2328 4447; x_wconf 91' lang='lat' dir='ltr'><strong>est</strong></span> <span class='ocrx_word' id='word_1_726' title='bbox 2357 4410 2595 4458; x_wconf 89' lang='lat' dir='ltr'><strong>carnem,</strong></span> <span class='ocrx_word' id='word_1_727' title='bbox 2627 4394 2923 4464; x_wconf 73' lang='lat' dir='ltr'><strong>complexus</strong></span> <span class='ocrx_word' id='word_1_728' title='bbox 2952 4399 3027 4446; x_wconf 91' lang='lat' dir='ltr'><strong>est</strong></span> <span class='ocrx_word' id='word_1_729' title='bbox 3056 4406 3284 4457; x_wconf 86' lang='lat' dir='ltr'><strong>crucem,</strong></span> <span class='ocrx_word' id='word_1_730' title='bbox 3314 4399 3369 4443; x_wconf 89' lang='lat' dir='ltr'><strong>ut</strong></span> <span class='ocrx_word' id='word_1_731' title='bbox 3412 4400 3490 4455; x_wconf 78' lang='lat' dir='ltr'><strong>te,</strong></span> <span class='ocrx_word' id='word_1_732' title='bbox 3535 4393 3622 4462; x_wconf 87' lang='lat' dir='ltr'><strong>qui</strong></span> 
     </span>
    </p>
   </div>
   <div class='ocr_carea' id='block_1_47' title="bbox 336 4483 3619 4557">
    <p class='ocr_par' dir='ltr' id='par_1_47' title="bbox 336 4483 3619 4557">
     <span class='ocr_line' id='line_1_47' title="bbox 336 4483 3619 4557; baseline -0.002 -16"><span class='ocrx_word' id='word_1_733' title='bbox 336 4487 561 4541; x_wconf 85' lang='lat' dir='ltr'><strong>crimina</strong></span> <span class='ocrx_word' id='word_1_734' title='bbox 584 4495 675 4539; x_wconf 88' lang='lat' dir='ltr'><strong>tua</strong></span> <span class='ocrx_word' id='word_1_735' title='bbox 695 4486 908 4540; x_wconf 76' lang='lat' dir='ltr'><strong>euadere</strong></span> <span class='ocrx_word' id='word_1_736' title='bbox 926 4496 973 4539; x_wconf 92' lang='lat' dir='ltr'><strong>et</strong></span> <span class='ocrx_word' id='word_1_737' title='bbox 992 4495 1203 4557; x_wconf 90' lang='lat' dir='ltr'><strong>peccata</strong></span> <span class='ocrx_word' id='word_1_738' title='bbox 1224 4501 1327 4539; x_wconf 88' lang='lat' dir='ltr'><strong>non</strong></span> <span class='ocrx_word' id='word_1_739' title='bbox 1355 4492 1583 4556; x_wconf 89' lang='lat' dir='ltr'><strong>poteras,</strong></span> <span class='ocrx_word' id='word_1_740' title='bbox 1614 4484 1937 4554; x_wconf 85' lang='lat' dir='ltr'><strong>indulgentia</strong></span> <span class='ocrx_word' id='word_1_741' title='bbox 1959 4486 2152 4555; x_wconf 89' lang='lat' dir='ltr'><strong>faceret</strong></span> <span class='ocrx_word' id='word_1_742' title='bbox 2178 4485 2516 4537; x_wconf 87' lang='lat' dir='ltr'><strong>innocentem.</strong></span> <span class='ocrx_word' id='word_1_743' title='bbox 2554 4483 2680 4538; x_wconf 85' lang='lat' dir='ltr'><strong>Ideo</strong></span> <span class='ocrx_word' id='word_1_744' title='bbox 2709 4484 3069 4538; x_wconf 86' lang='lat' dir='ltr'><strong>immaculatus</strong></span> <span class='ocrx_word' id='word_1_745' title='bbox 3092 4484 3286 4537; x_wconf 89' lang='lat' dir='ltr'><strong>occisus</strong></span> <span class='ocrx_word' id='word_1_746' title='bbox 3318 4492 3393 4536; x_wconf 88' lang='lat' dir='ltr'><strong>est</strong></span> <span class='ocrx_word' id='word_1_747' title='bbox 3420 4483 3619 4552; x_wconf 77' lang='lat' dir='ltr'><strong>Agnus,</strong></span> 
     </span>
    </p>
   </div>
   <div class='ocr_carea' id='block_1_48' title="bbox 338 4576 3621 4650">
    <p class='ocr_par' dir='ltr' id='par_1_48' title="bbox 338 4576 3621 4650">
     <span class='ocr_line' id='line_1_48' title="bbox 338 4576 3621 4650; baseline -0.001 -16"><span class='ocrx_word' id='word_1_748' title='bbox 338 4589 393 4634; x_wconf 77' lang='lat' dir='ltr'><strong>ut</strong></span> <span class='ocrx_word' id='word_1_749' title='bbox 417 4581 530 4650; x_wconf 85' lang='lat' dir='ltr'><strong>ejus</strong></span> <span class='ocrx_word' id='word_1_750' title='bbox 551 4596 732 4634; x_wconf 80' lang='lat' dir='ltr'><strong>cruore</strong></span> <span class='ocrx_word' id='word_1_751' title='bbox 758 4579 971 4632; x_wconf 83' lang='lat' dir='ltr'><strong>humani</strong></span> <span class='ocrx_word' id='word_1_752' title='bbox 991 4579 1189 4650; x_wconf 87' lang='lat' dir='ltr'><strong>generis</strong></span> <span class='ocrx_word' id='word_1_753' title='bbox 1218 4578 1420 4632; x_wconf 88' lang='lat' dir='ltr'><strong>macula</strong></span> <span class='ocrx_word' id='word_1_754' title='bbox 1451 4587 1746 4649; x_wconf 86' lang='lat' dir='ltr'><strong>tergeretur.</strong></span> <span class='ocrx_word' id='word_1_755' title='bbox 1778 4576 1907 4644; x_wconf 66' lang='lat' dir='ltr'><strong>Quae</strong></span> <span class='ocrx_word' id='word_1_756' title='bbox 1933 4586 2115 4633; x_wconf 91' lang='lat' dir='ltr'><strong>autem</strong></span> <span class='ocrx_word' id='word_1_757' title='bbox 2144 4578 2387 4632; x_wconf 88' lang='lat' dir='ltr'><strong>macula?</strong></span> <span class='ocrx_word' id='word_1_758' title='bbox 2417 4578 2619 4648; x_wconf 87' lang='lat' dir='ltr'><strong>Nempe</strong></span> <span class='ocrx_word' id='word_1_759' title='bbox 2646 4580 2921 4646; x_wconf 74' lang='lat' dir='ltr'><strong>originalis</strong></span> <span class='ocrx_word' id='word_1_760' title='bbox 2943 4580 3119 4649; x_wconf 89' lang='lat' dir='ltr'><strong>culpa.</strong></span> <span class='ocrx_word' id='word_1_761' title='bbox 3153 4577 3241 4634; x_wconf 89' lang='lat' dir='ltr'><strong>Sic</strong></span> <span class='ocrx_word' id='word_1_762' title='bbox 3265 4579 3406 4632; x_wconf 90' lang='lat' dir='ltr'><strong>enim</strong></span> <span class='ocrx_word' id='word_1_763' title='bbox 3436 4578 3621 4632; x_wconf 89' lang='lat' dir='ltr'><strong>scribit</strong></span> 
     </span>
    </p>
   </div>
   <div class='ocr_carea' id='block_1_49' title="bbox 337 4668 3622 4741">
    <p class='ocr_par' dir='ltr' id='par_1_49' title="bbox 337 4668 3622 4741">
     <span class='ocr_line' id='line_1_49' title="bbox 337 4668 3622 4741; baseline -0.001 -12"><span class='ocrx_word' id='word_1_764' title='bbox 337 4688 590 4729; x_wconf 75' lang='lat' dir='ltr'><strong>sermone</strong></span> <span class='ocrx_word' id='word_1_765' title='bbox 616 4671 704 4736; x_wconf 76' lang='grc'><strong>55,</strong></span> <span class='ocrx_word' id='word_1_766' title='bbox 734 4684 856 4741; x_wconf 78' lang='lat' dir='ltr'><strong>pag.</strong></span> <span class='ocrx_word' id='word_1_767' title='bbox 889 4668 993 4724; x_wconf 70' lang='grc'><strong>489</strong></span> <span class='ocrx_word' id='word_1_768' title='bbox 1019 4687 1031 4722; x_wconf 90' lang='lat'><strong>:</strong></span> <span class='ocrx_word' id='word_1_769' title='bbox 1062 4668 1158 4734; x_wconf 89' lang='lat' dir='ltr'><strong>Qui</strong></span> <span class='ocrx_word' id='word_1_770' title='bbox 1186 4671 1446 4741; x_wconf 88' lang='lat' dir='ltr'><strong>primitiva</strong></span> <span class='ocrx_word' id='word_1_771' title='bbox 1489 4670 1706 4740; x_wconf 87' lang='lat' dir='ltr'><strong>originis</strong></span> <span class='ocrx_word' id='word_1_772' title='bbox 1750 4679 1945 4724; x_wconf 79' lang='lat' dir='ltr'><strong>nostra:</strong></span> <span class='ocrx_word' id='word_1_773' title='bbox 1992 4670 2145 4739; x_wconf 87' lang='lat' dir='ltr'><strong>culpa</strong></span> <span class='ocrx_word' id='word_1_774' title='bbox 2192 4671 2296 4726; x_wconf 89' lang='lat' dir='ltr'><strong>late</strong></span> <span class='ocrx_word' id='word_1_775' title='bbox 2343 4671 2415 4727; x_wconf 87' lang='lat' dir='ltr'><strong>ad</strong></span> <span class='ocrx_word' id='word_1_776' title='bbox 2460 4681 2676 4727; x_wconf 84' lang='lat' dir='ltr'><strong>mortem</strong></span> <span class='ocrx_word' id='word_1_777' title='bbox 2722 4690 2930 4728; x_wconf 85' lang='lat' dir='ltr'><strong>eramus</strong></span> <span class='ocrx_word' id='word_1_778' title='bbox 2977 4673 3245 4737; x_wconf 87' lang='lat' dir='ltr'><strong>damnati,</strong></span> <span class='ocrx_word' id='word_1_779' title='bbox 3296 4687 3431 4725; x_wconf 88' lang='lat' dir='ltr'><strong>nunc</strong></span> <span class='ocrx_word' id='word_1_780' title='bbox 3459 4680 3622 4728; x_wconf 82' lang='lat' dir='ltr'><strong>morte</strong></span> 
     </span>
    </p>
   </div>
   <div class='ocr_carea' id='block_1_50' title="bbox 431 4843 1924 4918">
    <p class='ocr_par' dir='ltr' id='par_1_50' title="bbox 431 4843 1924 4918">
     <span class='ocr_line' id='line_1_50' title="bbox 431 4843 1924 4918; baseline 0.001 -18"><span class='ocrx_word' id='word_1_781' title='bbox 431 4845 487 4916; x_wconf 89' lang='lat' dir='ltr'><strong>a)</strong></span> <span class='ocrx_word' id='word_1_782' title='bbox 514 4844 651 4918; x_wconf 77' lang='lat' dir='ltr'><strong>_V_ide</strong></span> <span class='ocrx_word' id='word_1_783' title='bbox 678 4853 925 4918; x_wconf 70' lang='lat' dir='ltr'><strong>sanctum</strong></span> <span class='ocrx_word' id='word_1_784' title='bbox 952 4843 1209 4915; x_wconf 84' lang='lat' dir='ltr'><strong>Cyrillum</strong></span> <span class='ocrx_word' id='word_1_785' title='bbox 1239 4845 1802 4918; x_wconf 69' lang='lat' dir='ltr'><strong>Hierosolymitanum,</strong></span> <span class='ocrx_word' id='word_1_786' title='bbox 1834 4862 1924 4901; x_wconf 88' lang='lat' dir='ltr'><strong>ea-</strong></span> 
     </span>
    </p>
   </div>
   <div class='ocr_carea' id='block_1_51' title="bbox 336 4914 1923 4986">
    <p class='ocr_par' dir='ltr' id='par_1_51' title="bbox 336 4914 1923 4986">
     <span class='ocr_line' id='line_1_51' title="bbox 336 4914 1923 4986; baseline -0.001 -14"><span class='ocrx_word' id='word_1_787' title='bbox 336 4914 478 4972; x_wconf 71' lang='lat' dir='ltr'><strong>tech.</strong></span> <span class='ocrx_word' id='word_1_788' title='bbox 508 4914 594 4979; x_wconf 75' lang='lat' dir='ltr'><strong>M,</strong></span> <span class='ocrx_word' id='word_1_789' title='bbox 619 4930 767 4969; x_wconf 90' lang='lat' dir='ltr'><strong>num.</strong></span> <span class='ocrx_word' id='word_1_790' title='bbox 797 4914 867 4967; x_wconf 72' lang='lat'><strong>27</strong></span> <span class='ocrx_word' id='word_1_791' title='bbox 907 4914 1081 4986; x_wconf 69' lang='lat' dir='ltr'><strong>seqq,</strong></span> <span class='ocrx_word' id='word_1_792' title='bbox 1113 4931 1232 4986; x_wconf 81' lang='lat' dir='ltr'><strong>pag.</strong></span> <span class='ocrx_word' id='word_1_793' title='bbox 1259 4916 1362 4969; x_wconf 71' lang='lat'><strong>219</strong></span> <span class='ocrx_word' id='word_1_794' title='bbox 1390 4914 1565 4986; x_wconf 67' lang='lat' dir='ltr'><strong>seqq;</strong></span> <span class='ocrx_word' id='word_1_795' title='bbox 1598 4926 1653 4971; x_wconf 90' lang='lat' dir='ltr'><strong>et</strong></span> <span class='ocrx_word' id='word_1_796' title='bbox 1680 4925 1923 4972; x_wconf 89' lang='lat' dir='ltr'><strong>sanctum</strong></span> 
     </span>
    </p>
   </div>
   <div class='ocr_carea' id='block_1_52' title="bbox 338 4934 1927 5055">
    <p class='ocr_par' dir='ltr' id='par_1_52' title="bbox 338 4934 1927 5055">
     <span class='ocr_line' id='line_1_52' title="bbox 338 4934 1923 4987; baseline -0.001 -15"><span class='ocrx_word' id='word_1_797' title='bbox 338 4934 478 4972; x_wconf 83' lang='lat' dir='ltr'><strong>wcn.</strong></span> <span class='ocrx_word' id='word_1_798' title='bbox 508 4934 594 4979; x_wconf 70' lang='grc' dir='ltr'><strong><em>ιιι,</em></strong></span> <span class='ocrx_word' id='word_1_799' title='bbox 619 4934 767 4969; x_wconf 89' lang='lat' dir='ltr'><strong>num.</strong></span> <span class='ocrx_word' id='word_1_800' title='bbox 798 4934 862 4967; x_wconf 64' lang='grc' dir='ltr'><strong><em>τι</em></strong></span> <span class='ocrx_word' id='word_1_801' title='bbox 907 4934 1081 4984; x_wconf 84' lang='lat' dir='ltr'><strong>seqq.,</strong></span> <span class='ocrx_word' id='word_1_802' title='bbox 1113 4934 1232 4986; x_wconf 81' lang='lat' dir='ltr'><strong>pag.</strong></span> <span class='ocrx_word' id='word_1_803' title='bbox 1259 4934 1362 4969; x_wconf 63' lang='grc' dir='ltr'><strong><em>ιιι)</em></strong></span> <span class='ocrx_word' id='word_1_804' title='bbox 1390 4934 1482 4987; x_wconf 89' lang='lat' dir='ltr'><strong>seq</strong></span> <span class='ocrx_word' id='word_1_805' title='bbox 1529 4934 1565 4981; x_wconf 87' lang='lat'><strong>.;</strong></span> <span class='ocrx_word' id='word_1_806' title='bbox 1598 4934 1653 4971; x_wconf 86' lang='lat' dir='ltr'><strong>et</strong></span> <span class='ocrx_word' id='word_1_807' title='bbox 1680 4934 1923 4972; x_wconf 82' lang='lat' dir='ltr'><strong>sanctum</strong></span> 
     </span>
     <span class='ocr_line' id='line_1_53' title="bbox 338 4934 1927 5055; baseline 0.001 -16"><span class='ocrx_word' id='word_1_808' title='bbox 338 4986 708 5055; x_wconf 56' lang='lat' dir='ltr'><strong>Augustinum,</strong></span> <span class='ocrx_word' id='word_1_809' title='bbox 735 4999 897 5040; x_wconf 88' lang='lat' dir='ltr'><strong>serm.</strong></span> <span class='ocrx_word' id='word_1_810' title='bbox 921 4984 1045 5049; x_wconf 70' lang='lat'><strong>212,</strong></span> <span class='ocrx_word' id='word_1_811' title='bbox 1068 5001 1189 5055; x_wconf 78' lang='lat' dir='ltr'><strong>pag.</strong></span> <span class='ocrx_word' id='word_1_812' title='bbox 1209 4985 1333 5053; x_wconf 71' lang='lat'><strong>652,</strong></span> <span class='ocrx_word' id='word_1_813' title='bbox 1357 4934 1578 5051; x_wconf 43' lang='lat' dir='ltr'><strong>tomfkl;</strong></span> <span class='ocrx_word' id='word_1_814' title='bbox 1600 4996 1655 5041; x_wconf 89' lang='lat' dir='ltr'><strong>et</strong></span> <span class='ocrx_word' id='word_1_815' title='bbox 1679 4995 1927 5043; x_wconf 90' lang='lat' dir='ltr'><strong>sanctum</strong></span> 
     </span>
    </p>
   </div>
   <div class='ocr_carea' id='block_1_53' title="bbox 337 5053 1924 5125">
    <p class='ocr_par' dir='ltr' id='par_1_53' title="bbox 337 5053 1924 5125">
     <span class='ocr_line' id='line_1_54' title="bbox 337 5053 1924 5125; baseline 0.002 -16"><span class='ocrx_word' id='word_1_816' title='bbox 337 5053 597 5111; x_wconf 78' lang='lat' dir='ltr'><strong>Thomam</strong></span> <span class='ocrx_word' id='word_1_817' title='bbox 616 5072 672 5110; x_wconf 89' lang='grc' dir='ltr'><strong>ιιι</strong></span> <span class='ocrx_word' id='word_1_818' title='bbox 690 5062 853 5125; x_wconf 87' lang='lat' dir='ltr'><strong>part.,</strong></span> <span class='ocrx_word' id='word_1_819' title='bbox 875 5053 1177 5124; x_wconf 57' lang='lat' dir='ltr'><strong>quiestISS,</strong></span> <span class='ocrx_word' id='word_1_820' title='bbox 1196 5065 1298 5110; x_wconf 88' lang='lat' dir='ltr'><strong>art.</strong></span> <span class='ocrx_word' id='word_1_821' title='bbox 1323 5056 1377 5120; x_wconf 76' lang='lat'><strong>&#39;2,</strong></span> <span class='ocrx_word' id='word_1_822' title='bbox 1401 5072 1510 5125; x_wconf 93' lang='lat' dir='ltr'><strong>quo</strong></span> <span class='ocrx_word' id='word_1_823' title='bbox 1530 5059 1684 5112; x_wconf 89' lang='lat' dir='ltr'><strong>loco:</strong></span> <span class='ocrx_word' id='word_1_824' title='bbox 1711 5056 1924 5121; x_wconf 83' lang='lat' dir='ltr'><strong>Sedere,</strong></span> 
     </span>
    </p>
   </div>
   <div class='ocr_carea' id='block_1_54' title="bbox 339 5124 1928 5198">
    <p class='ocr_par' dir='ltr' id='par_1_54' title="bbox 339 5124 1928 5198">
     <span class='ocr_line' id='line_1_55' title="bbox 339 5124 1928 5198; baseline 0.001 -17"><span class='ocrx_word' id='word_1_825' title='bbox 339 5126 527 5198; x_wconf 69' lang='lat' dir='ltr'><strong>inquit,</strong></span> <span class='ocrx_word' id='word_1_826' title='bbox 559 5126 630 5178; x_wconf 91' lang='lat' dir='ltr'><strong>ad</strong></span> <span class='ocrx_word' id='word_1_827' title='bbox 658 5124 933 5198; x_wconf 77' lang='lat' dir='ltr'><strong>dexteram</strong></span> <span class='ocrx_word' id='word_1_828' title='bbox 954 5124 1134 5198; x_wconf 84' lang='lat' dir='ltr'><strong>Patris</strong></span> <span class='ocrx_word' id='word_1_829' title='bbox 1162 5127 1290 5198; x_wconf 87' lang='lat' dir='ltr'><strong>nihil</strong></span> <span class='ocrx_word' id='word_1_830' title='bbox 1318 5124 1461 5181; x_wconf 88' lang='lat' dir='ltr'><strong>aliud</strong></span> <span class='ocrx_word' id='word_1_831' title='bbox 1488 5136 1565 5198; x_wconf 84' lang='lat' dir='ltr'><strong>est</strong></span> <span class='ocrx_word' id='word_1_832' title='bbox 1592 5144 1745 5198; x_wconf 91' lang='lat' dir='ltr'><strong>quam</strong></span> <span class='ocrx_word' id='word_1_833' title='bbox 1773 5129 1928 5183; x_wconf 86' lang='lat' dir='ltr'><strong>simul</strong></span> 
     </span>
    </p>
   </div>
   <div class='ocr_carea' id='block_1_55' title="bbox 334 5194 1923 5267">
    <p class='ocr_par' dir='ltr' id='par_1_55' title="bbox 334 5194 1923 5267">
     <span class='ocr_line' id='line_1_56' title="bbox 334 5194 1923 5267; baseline 0.002 -19"><span class='ocrx_word' id='word_1_834' title='bbox 334 5213 450 5249; x_wconf 83' lang='lat' dir='ltr'><strong>cum</strong></span> <span class='ocrx_word' id='word_1_835' title='bbox 472 5196 633 5267; x_wconf 85' lang='lat' dir='ltr'><strong>Patre</strong></span> <span class='ocrx_word' id='word_1_836' title='bbox 658 5194 843 5249; x_wconf 87' lang='lat' dir='ltr'><strong>habere</strong></span> <span class='ocrx_word' id='word_1_837' title='bbox 880 5194 1101 5267; x_wconf 89' lang='lat' dir='ltr'><strong>gloriam</strong></span> <span class='ocrx_word' id='word_1_838' title='bbox 1129 5197 1430 5267; x_wconf 75' lang='lat' dir='ltr'><strong>diuinitatis,</strong></span> <span class='ocrx_word' id='word_1_839' title='bbox 1461 5205 1508 5250; x_wconf 89' lang='lat' dir='ltr'><strong>et</strong></span> <span class='ocrx_word' id='word_1_840' title='bbox 1526 5194 1923 5267; x_wconf 81' lang='lat' dir='ltr'><strong>beatitudinem,</strong></span> 
     </span>
    </p>
   </div>
   <div class='ocr_carea' id='block_1_56' title="bbox 335 5266 1927 5340">
    <p class='ocr_par' dir='ltr' id='par_1_56' title="bbox 335 5266 1927 5340">
     <span class='ocr_line' id='line_1_57' title="bbox 335 5266 1927 5340; baseline 0.003 -24"><span class='ocrx_word' id='word_1_841' title='bbox 335 5274 384 5340; x_wconf 75' lang='lat' dir='ltr'><strong>et</strong></span> <span class='ocrx_word' id='word_1_842' title='bbox 402 5266 741 5340; x_wconf 73' lang='lat' dir='ltr'><strong>judiciariam</strong></span> <span class='ocrx_word' id='word_1_843' title='bbox 760 5266 1092 5340; x_wconf 70' lang='lat' dir='ltr'><strong>potestatem,</strong></span> <span class='ocrx_word' id='word_1_844' title='bbox 1114 5266 1275 5340; x_wconf 26' lang='lat' dir='ltr'><strong>et;th</strong></span> <span class='ocrx_word' id='word_1_845' title='bbox 1298 5266 1684 5340; x_wconf 71' lang='lat' dir='ltr'><strong>immutabiliter</strong></span> <span class='ocrx_word' id='word_1_846' title='bbox 1704 5279 1753 5321; x_wconf 91' lang='lat' dir='ltr'><strong>et</strong></span> <span class='ocrx_word' id='word_1_847' title='bbox 1772 5285 1927 5340; x_wconf 42' lang='lat' dir='ltr'><strong>regas</strong></span> 
     </span>
    </p>
   </div>
   <div class='ocr_carea' id='block_1_57' title="bbox 331 5335 1928 5409">
    <p class='ocr_par' dir='ltr' id='par_1_57' title="bbox 331 5335 1928 5409">
     <span class='ocr_line' id='line_1_58' title="bbox 331 5335 1928 5409; baseline 0.001 -18"><span class='ocrx_word' id='word_1_848' title='bbox 331 5335 471 5409; x_wconf 68' lang='lat' dir='ltr'><strong>liter.</strong></span> <span class='ocrx_word' id='word_1_849' title='bbox 502 5335 618 5409; x_wconf 64' lang='lat' dir='ltr'><strong>ligo</strong></span> <span class='ocrx_word' id='word_1_850' title='bbox 654 5346 829 5409; x_wconf 82' lang='lat' dir='ltr'><strong>autem</strong></span> <span class='ocrx_word' id='word_1_851' title='bbox 868 5338 1103 5409; x_wconf 76' lang='lat' dir='ltr'><strong>convenit</strong></span> <span class='ocrx_word' id='word_1_852' title='bbox 1148 5336 1288 5391; x_wconf 86' lang='lat' dir='ltr'><strong>Filio</strong></span> <span class='ocrx_word' id='word_1_853' title='bbox 1327 5337 1454 5409; x_wconf 70' lang='lat' dir='ltr'><strong>Dei,</strong></span> <span class='ocrx_word' id='word_1_854' title='bbox 1482 5339 1766 5392; x_wconf 86' lang='lat' dir='ltr'><strong>secundum</strong></span> <span class='ocrx_word' id='word_1_855' title='bbox 1793 5335 1928 5409; x_wconf 76' lang='lat' dir='ltr'><strong>quod</strong></span> 
     </span>
    </p>
   </div>
   <div class='ocr_carea' id='block_1_58' title="bbox 335 5404 1927 5479">
    <p class='ocr_par' dir='ltr' id='par_1_58' title="bbox 335 5404 1927 5479">
     <span class='ocr_line' id='line_1_59' title="bbox 335 5404 1927 5479; baseline 0.004 -22"><span class='ocrx_word' id='word_1_856' title='bbox 335 5405 529 5479; x_wconf 53' lang='grc' dir='ltr'><strong>θυαε.-</strong></span> <span class='ocrx_word' id='word_1_857' title='bbox 547 5404 696 5461; x_wconf 88' lang='lat' dir='ltr'><strong>Unde</strong></span> <span class='ocrx_word' id='word_1_858' title='bbox 725 5408 1057 5479; x_wconf 77' lang='lat' dir='ltr'><strong>manifestum</strong></span> <span class='ocrx_word' id='word_1_859' title='bbox 1084 5416 1159 5460; x_wconf 89' lang='lat' dir='ltr'><strong>est</strong></span> <span class='ocrx_word' id='word_1_860' title='bbox 1200 5407 1334 5479; x_wconf 75' lang='lat' dir='ltr'><strong>quod</strong></span> <span class='ocrx_word' id='word_1_861' title='bbox 1364 5407 1616 5473; x_wconf 87' lang='lat' dir='ltr'><strong>Christus,</strong></span> <span class='ocrx_word' id='word_1_862' title='bbox 1646 5404 1927 5463; x_wconf 82' lang='lat' dir='ltr'><strong>secundum</strong></span> 
     </span>
    </p>
   </div>
   <div class='ocr_carea' id='block_1_59' title="bbox 334 5474 1929 5601">
    <p class='ocr_par' dir='ltr' id='par_1_59' title="bbox 334 5474 1929 5601">
     <span class='ocr_line' id='line_1_60' title="bbox 334 5474 1929 5601; baseline 0.003 -71"><span class='ocrx_word' id='word_1_863' title='bbox 334 5478 469 5601; x_wconf 45' lang='lat' dir='ltr'><strong>120d</strong></span> <span class='ocrx_word' id='word_1_864' title='bbox 492 5474 650 5543; x_wconf 86' lang='lat' dir='ltr'><strong>Deus,</strong></span> <span class='ocrx_word' id='word_1_865' title='bbox 681 5476 819 5559; x_wconf 74' lang='lat' dir='ltr'><strong>sedet</strong></span> <span class='ocrx_word' id='word_1_866' title='bbox 849 5474 923 5530; x_wconf 84' lang='lat' dir='ltr'><strong>ad</strong></span> <span class='ocrx_word' id='word_1_867' title='bbox 941 5474 1412 5532; x_wconf 51' lang='lat' dir='ltr'><strong>dexteram&#39;Patris</strong></span> <span class='ocrx_word' id='word_1_868' title='bbox 1437 5496 1453 5533; x_wconf 90' lang='lat'><strong><em>:</em></strong></span> <span class='ocrx_word' id='word_1_869' title='bbox 1486 5480 1558 5532; x_wconf 89' lang='lat' dir='ltr'><strong>ita</strong></span> <span class='ocrx_word' id='word_1_870' title='bbox 1598 5487 1771 5532; x_wconf 87' lang='lat' dir='ltr'><strong>tamen</strong></span> <span class='ocrx_word' id='word_1_871' title='bbox 1791 5480 1929 5550; x_wconf 90' lang='lat' dir='ltr'><strong>quod</strong></span> 
     </span>
     <span class='ocr_line' id='line_1_61' title="bbox 414 5546 1927 5601; baseline 0.001 -2"><span class='ocrx_word' id='word_1_872' title='bbox 414 5564 440 5599; x_wconf 90' lang='lat' dir='ltr'><strong>c</strong></span> <span class='ocrx_word' id='word_1_873' title='bbox 469 5556 767 5601; x_wconf 70' lang='lat' dir='ltr'><strong>nrwnosttto</strong></span> <span class='ocrx_word' id='word_1_874' title='bbox 795 5546 880 5601; x_wconf 88' lang='lat' dir='ltr'><strong>ad.</strong></span> <span class='ocrx_word' id='word_1_875' title='bbox 895 5562 1010 5601; x_wconf 79' lang='lat' dir='ltr'><strong>qua:</strong></span> <span class='ocrx_word' id='word_1_876' title='bbox 1033 5550 1301 5601; x_wconf 77' lang='lat' dir='ltr'><strong>transitive</strong></span> <span class='ocrx_word' id='word_1_877' title='bbox 1328 5558 1422 5601; x_wconf 88' lang='lat' dir='ltr'><strong>est.</strong></span> <span class='ocrx_word' id='word_1_878' title='bbox 1447 5549 1609 5601; x_wconf 89' lang='lat' dir='ltr'><strong>solum</strong></span> <span class='ocrx_word' id='word_1_879' title='bbox 1634 5551 1927 5601; x_wconf 88' lang='lat' dir='ltr'><strong>distinctio-</strong></span> 
     </span>
    </p>
   </div>
   <div class='ocr_carea' id='block_1_60' title="bbox 414 5546 1927 5617">
    <p class='ocr_par' dir='ltr' id='par_1_60' title="bbox 414 5546 1927 5617">
     <span class='ocr_line' id='line_1_62' title="bbox 414 5546 1927 5617; baseline 0.003 -17"><span class='ocrx_word' id='word_1_880' title='bbox 414 5564 440 5599; x_wconf 91' lang='lat' dir='ltr'><strong>c</strong></span> <span class='ocrx_word' id='word_1_881' title='bbox 468 5547 767 5617; x_wconf 62' lang='lat' dir='ltr'><strong>praepositio</strong></span> <span class='ocrx_word' id='word_1_882' title='bbox 795 5546 880 5609; x_wconf 90' lang='lat' dir='ltr'><strong>ad,</strong></span> <span class='ocrx_word' id='word_1_883' title='bbox 895 5562 1010 5617; x_wconf 79' lang='lat' dir='ltr'><strong>qua:</strong></span> <span class='ocrx_word' id='word_1_884' title='bbox 1033 5550 1301 5602; x_wconf 77' lang='lat' dir='ltr'><strong>transitive</strong></span> <span class='ocrx_word' id='word_1_885' title='bbox 1328 5558 1422 5613; x_wconf 90' lang='lat' dir='ltr'><strong>est,</strong></span> <span class='ocrx_word' id='word_1_886' title='bbox 1447 5549 1609 5603; x_wconf 88' lang='lat' dir='ltr'><strong>solum</strong></span> <span class='ocrx_word' id='word_1_887' title='bbox 1634 5546 1927 5603; x_wconf 79' lang='lat' dir='ltr'><strong>distinctio-</strong></span> 
     </span>
    </p>
   </div>
   <div class='ocr_carea' id='block_1_61' title="bbox 335 5617 1924 5688">
    <p class='ocr_par' dir='ltr' id='par_1_61' title="bbox 335 5617 1924 5688">
     <span class='ocr_line' id='line_1_63' title="bbox 335 5617 1924 5688; baseline 0.002 -18"><span class='ocrx_word' id='word_1_888' title='bbox 335 5633 450 5671; x_wconf 73' lang='lat' dir='ltr'><strong>nem</strong></span> <span class='ocrx_word' id='word_1_889' title='bbox 493 5633 833 5687; x_wconf 85' lang='lat' dir='ltr'><strong>personarum</strong></span> <span class='ocrx_word' id='word_1_890' title='bbox 874 5617 1136 5687; x_wconf 77' lang='lat' dir='ltr'><strong>importat,</strong></span> <span class='ocrx_word' id='word_1_891' title='bbox 1187 5627 1234 5672; x_wconf 92' lang='lat' dir='ltr'><strong>et</strong></span> <span class='ocrx_word' id='word_1_892' title='bbox 1264 5620 1480 5688; x_wconf 87' lang='lat' dir='ltr'><strong>originis</strong></span> <span class='ocrx_word' id='word_1_893' title='bbox 1508 5621 1774 5686; x_wconf 81' lang='lat' dir='ltr'><strong>ordinem,</strong></span> <span class='ocrx_word' id='word_1_894' title='bbox 1820 5636 1924 5675; x_wconf 89' lang='lat' dir='ltr'><strong>non</strong></span> 
     </span>
    </p>
   </div>
   <div class='ocr_carea' id='block_1_62' title="bbox 336 5688 1924 5757">
    <p class='ocr_par' dir='ltr' id='par_1_62' title="bbox 336 5688 1924 5757">
     <span class='ocr_line' id='line_1_64' title="bbox 336 5688 1924 5757; baseline 0 -12"><span class='ocrx_word' id='word_1_895' title='bbox 336 5699 505 5745; x_wconf 77' lang='lat' dir='ltr'><strong>autem</strong></span> <span class='ocrx_word' id='word_1_896' title='bbox 524 5688 751 5757; x_wconf 80' lang='lat' dir='ltr'><strong>gradum</strong></span> <span class='ocrx_word' id='word_1_897' title='bbox 789 5698 990 5743; x_wconf 71' lang='lat' dir='ltr'><strong>natura:</strong></span> <span class='ocrx_word' id='word_1_898' title='bbox 1030 5688 1105 5743; x_wconf 87' lang='lat' dir='ltr'><strong>vel</strong></span> <span class='ocrx_word' id='word_1_899' title='bbox 1132 5688 1418 5755; x_wconf 78' lang='lat' dir='ltr'><strong>dignitatis,</strong></span> <span class='ocrx_word' id='word_1_900' title='bbox 1450 5690 1533 5757; x_wconf 84' lang='lat' dir='ltr'><strong>qui</strong></span> <span class='ocrx_word' id='word_1_901' title='bbox 1560 5690 1729 5747; x_wconf 86' lang='lat' dir='ltr'><strong>nullus</strong></span> <span class='ocrx_word' id='word_1_902' title='bbox 1770 5693 1924 5746; x_wconf 80' lang='lat' dir='ltr'><strong>estin</strong></span> 
     </span>
    </p>
   </div>
   <div class='ocr_carea' id='block_1_63' title="bbox 2028 4847 2498 4915">
    <p class='ocr_par' dir='ltr' id='par_1_63' title="bbox 2028 4847 2498 4915">
     <span class='ocr_line' id='line_1_65' title="bbox 2028 4847 2498 4915; baseline 0.004 -15"><span class='ocrx_word' id='word_1_903' title='bbox 2028 4847 2215 4901; x_wconf 79' lang='lat' dir='ltr'><strong>divinis</strong></span> <span class='ocrx_word' id='word_1_904' title='bbox 2247 4850 2498 4915; x_wconf 86' lang='lat' dir='ltr'><strong>personis.</strong></span> 
     </span>
    </p>
   </div>
   <div class='ocr_carea' id='block_1_64' title="bbox 2104 4916 3621 4989">
    <p class='ocr_par' dir='ltr' id='par_1_64' title="bbox 2104 4916 3621 4989">
     <span class='ocr_line' id='line_1_66' title="bbox 2104 4916 3621 4989; baseline 0.006 -21"><span class='ocrx_word' id='word_1_905' title='bbox 2104 4916 2195 4988; x_wconf 90' lang='lat' dir='ltr'><strong>(b)</strong></span> <span class='ocrx_word' id='word_1_906' title='bbox 2225 4917 2341 4983; x_wconf 88' lang='lat' dir='ltr'><strong>Quo</strong></span> <span class='ocrx_word' id='word_1_907' title='bbox 2383 4919 2495 4973; x_wconf 73' lang='lat' dir='ltr'><strong>hcce</strong></span> <span class='ocrx_word' id='word_1_908' title='bbox 2525 4919 2855 4989; x_wconf 88' lang='lat' dir='ltr'><strong>pertineant,</strong></span> <span class='ocrx_word' id='word_1_909' title='bbox 2888 4916 3212 4989; x_wconf 53' lang='lat' dir='ltr'><strong>qugcaeteri</strong></span> <span class='ocrx_word' id='word_1_910' title='bbox 3242 4917 3402 4973; x_wconf 87' lang='lat' dir='ltr'><strong>etiam</strong></span> <span class='ocrx_word' id='word_1_911' title='bbox 3434 4919 3621 4977; x_wconf 82' lang='lat' dir='ltr'><strong>Patres</strong></span> 
     </span>
    </p>
   </div>
   <div class='ocr_carea' id='block_1_65' title="bbox 2029 4985 3616 5057">
    <p class='ocr_par' dir='ltr' id='par_1_65' title="bbox 2029 4985 3616 5057">
     <span class='ocr_line' id='line_1_67' title="bbox 2029 4985 3616 5057; baseline 0.002 -14"><span class='ocrx_word' id='word_1_912' title='bbox 2029 4985 2428 5057; x_wconf 83' lang='lat' dir='ltr'><strong>consectantur,</strong></span> <span class='ocrx_word' id='word_1_913' title='bbox 2462 4985 2695 5043; x_wconf 80' lang='lat' dir='ltr'><strong>ostendit</strong></span> <span class='ocrx_word' id='word_1_914' title='bbox 2722 4994 2939 5041; x_wconf 88' lang='lat' dir='ltr'><strong>sanctus</strong></span> <span class='ocrx_word' id='word_1_915' title='bbox 2974 4985 3210 5041; x_wconf 84' lang='lat' dir='ltr'><strong>Thomas</strong></span> <span class='ocrx_word' id='word_1_916' title='bbox 3246 4989 3393 5054; x_wconf 90' lang='lat' dir='ltr'><strong>ibid.,</strong></span> <span class='ocrx_word' id='word_1_917' title='bbox 3429 5000 3530 5045; x_wconf 90' lang='lat' dir='ltr'><strong>art.</strong></span> <span class='ocrx_word' id='word_1_918' title='bbox 3565 4994 3616 5057; x_wconf 85' lang='lat'><strong>5,</strong></span> 
     </span>
    </p>
   </div>
   <div class='ocr_carea' id='block_1_66' title="bbox 2030 5056 3618 5130">
    <p class='ocr_par' dir='ltr' id='par_1_66' title="bbox 2030 5056 3618 5130">
     <span class='ocr_line' id='line_1_68' title="bbox 2030 5056 3618 5130; baseline 0.003 -19"><span class='ocrx_word' id='word_1_919' title='bbox 2030 5058 2284 5130; x_wconf 10' lang='lat' dir='ltr'><strong>quogloco</strong></span> <span class='ocrx_word' id='word_1_920' title='bbox 2308 5077 2320 5111; x_wconf 91' lang='lat'><strong>:</strong></span> <span class='ocrx_word' id='word_1_921' title='bbox 2345 5056 2598 5130; x_wconf 71' lang='lat' dir='ltr'><strong>Christus,</strong></span> <span class='ocrx_word' id='word_1_922' title='bbox 2625 5058 2813 5130; x_wconf 81' lang='lat' dir='ltr'><strong>inquit,</strong></span> <span class='ocrx_word' id='word_1_923' title='bbox 2828 5058 3117 5130; x_wconf 85' lang='lat' dir='ltr'><strong>secundum</strong></span> <span class='ocrx_word' id='word_1_924' title='bbox 3141 5059 3274 5130; x_wconf 79' lang='lat' dir='ltr'><strong>quod</strong></span> <span class='ocrx_word' id='word_1_925' title='bbox 3302 5060 3453 5124; x_wconf 81' lang='lat' dir='ltr'><strong>Deus,</strong></span> <span class='ocrx_word' id='word_1_926' title='bbox 3479 5056 3618 5116; x_wconf 89' lang='lat' dir='ltr'><strong>sedet</strong></span> 
     </span>
    </p>
   </div>
   <div class='ocr_carea' id='block_1_67' title="bbox 2031 5127 3619 5199">
    <p class='ocr_par' dir='ltr' id='par_1_67' title="bbox 2031 5127 3619 5199">
     <span class='ocr_line' id='line_1_69' title="bbox 2031 5127 3619 5199; baseline 0.002 -17"><span class='ocrx_word' id='word_1_927' title='bbox 2031 5130 2103 5182; x_wconf 88' lang='lat' dir='ltr'><strong>ad</strong></span> <span class='ocrx_word' id='word_1_928' title='bbox 2123 5128 2388 5183; x_wconf 74' lang='lat' dir='ltr'><strong>dexteram</strong></span> <span class='ocrx_word' id='word_1_929' title='bbox 2404 5129 2602 5193; x_wconf 90' lang='lat' dir='ltr'><strong>Patris,</strong></span> <span class='ocrx_word' id='word_1_930' title='bbox 2626 5127 2680 5181; x_wconf 84' lang='lat' dir='ltr'><strong>id</strong></span> <span class='ocrx_word' id='word_1_931' title='bbox 2699 5137 2793 5190; x_wconf 88' lang='lat' dir='ltr'><strong>est,</strong></span> <span class='ocrx_word' id='word_1_932' title='bbox 2818 5129 2873 5199; x_wconf 89' lang='lat' dir='ltr'><strong>in</strong></span> <span class='ocrx_word' id='word_1_933' title='bbox 2895 5127 3190 5199; x_wconf 61' lang='lat' dir='ltr'><strong>atqualitat&#39;e</strong></span> <span class='ocrx_word' id='word_1_934' title='bbox 3209 5129 3415 5199; x_wconf 82' lang='lat' dir='ltr'><strong>Patris;</strong></span> <span class='ocrx_word' id='word_1_935' title='bbox 3439 5147 3619 5185; x_wconf 87' lang='lat' dir='ltr'><strong>secun-</strong></span> 
     </span>
    </p>
   </div>
   <div class='ocr_carea' id='block_1_68' title="bbox 2033 5197 3621 5270">
    <p class='ocr_par' dir='ltr' id='par_1_68' title="bbox 2033 5197 3621 5270">
     <span class='ocr_line' id='line_1_70' title="bbox 2033 5197 3621 5270; baseline 0.002 -18"><span class='ocrx_word' id='word_1_936' title='bbox 2033 5199 2155 5252; x_wconf 91' lang='lat' dir='ltr'><strong>dum</strong></span> <span class='ocrx_word' id='word_1_937' title='bbox 2184 5208 2352 5270; x_wconf 88' lang='lat' dir='ltr'><strong>autem</strong></span> <span class='ocrx_word' id='word_1_938' title='bbox 2380 5200 2514 5270; x_wconf 86' lang='lat' dir='ltr'><strong>quod</strong></span> <span class='ocrx_word' id='word_1_939' title='bbox 2543 5199 2711 5262; x_wconf 88' lang='lat' dir='ltr'><strong>homo,</strong></span> <span class='ocrx_word' id='word_1_940' title='bbox 2757 5198 2898 5270; x_wconf 85' lang='lat' dir='ltr'><strong>sedet</strong></span> <span class='ocrx_word' id='word_1_941' title='bbox 2925 5197 2995 5251; x_wconf 84' lang='lat' dir='ltr'><strong>ad</strong></span> <span class='ocrx_word' id='word_1_942' title='bbox 3033 5198 3297 5253; x_wconf 81' lang='lat' dir='ltr'><strong>dexteram</strong></span> <span class='ocrx_word' id='word_1_943' title='bbox 3336 5197 3536 5265; x_wconf 86' lang='lat' dir='ltr'><strong>Patris,</strong></span> <span class='ocrx_word' id='word_1_944' title='bbox 3568 5202 3621 5256; x_wconf 85' lang='lat' dir='ltr'><strong>id</strong></span> 
     </span>
    </p>
   </div>
   <div class='ocr_carea' id='block_1_69' title="bbox 2031 5269 3621 5339">
    <p class='ocr_par' dir='ltr' id='par_1_69' title="bbox 2031 5269 3621 5339">
     <span class='ocr_line' id='line_1_71' title="bbox 2031 5269 3621 5339; baseline 0.001 -16"><span class='ocrx_word' id='word_1_945' title='bbox 2031 5280 2136 5334; x_wconf 88' lang='lat' dir='ltr'><strong>est,</strong></span> <span class='ocrx_word' id='word_1_946' title='bbox 2177 5271 2232 5322; x_wconf 91' lang='lat' dir='ltr'><strong>in</strong></span> <span class='ocrx_word' id='word_1_947' title='bbox 2262 5269 2406 5323; x_wconf 84' lang='lat' dir='ltr'><strong>bonis</strong></span> <span class='ocrx_word' id='word_1_948' title='bbox 2433 5270 2663 5339; x_wconf 85' lang='lat' dir='ltr'><strong>paternis</strong></span> <span class='ocrx_word' id='word_1_949' title='bbox 2684 5269 2967 5337; x_wconf 90' lang='lat' dir='ltr'><strong>potioribus</strong></span> <span class='ocrx_word' id='word_1_950' title='bbox 2996 5286 3105 5339; x_wconf 74' lang='lat' dir='ltr'><strong>pra:</strong></span> <span class='ocrx_word' id='word_1_951' title='bbox 3127 5270 3327 5323; x_wconf 69' lang='lat' dir='ltr'><strong>carteris</strong></span> <span class='ocrx_word' id='word_1_952' title='bbox 3349 5274 3621 5336; x_wconf 89' lang='lat' dir='ltr'><strong>creaturis,</strong></span> 
     </span>
    </p>
   </div>
   <div class='ocr_carea' id='block_1_70' title="bbox 2030 5337 3621 5410">
    <p class='ocr_par' dir='ltr' id='par_1_70' title="bbox 2030 5337 3621 5410">
     <span class='ocr_line' id='line_1_72' title="bbox 2030 5337 3621 5410; baseline 0.001 -16"><span class='ocrx_word' id='word_1_953' title='bbox 2030 5341 2086 5394; x_wconf 89' lang='lat' dir='ltr'><strong>id</strong></span> <span class='ocrx_word' id='word_1_954' title='bbox 2123 5349 2217 5404; x_wconf 88' lang='lat' dir='ltr'><strong>est,</strong></span> <span class='ocrx_word' id='word_1_955' title='bbox 2260 5340 2315 5392; x_wconf 88' lang='lat' dir='ltr'><strong>in</strong></span> <span class='ocrx_word' id='word_1_956' title='bbox 2356 5337 2543 5410; x_wconf 76' lang='lat' dir='ltr'><strong>majori</strong></span> <span class='ocrx_word' id='word_1_957' title='bbox 2580 5337 2916 5405; x_wconf 88' lang='lat' dir='ltr'><strong>beatitudine,</strong></span> <span class='ocrx_word' id='word_1_958' title='bbox 2959 5337 3008 5394; x_wconf 90' lang='lat' dir='ltr'><strong>et</strong></span> <span class='ocrx_word' id='word_1_959' title='bbox 3055 5340 3244 5394; x_wconf 87' lang='lat' dir='ltr'><strong>habens</strong></span> <span class='ocrx_word' id='word_1_960' title='bbox 3280 5340 3621 5410; x_wconf 87' lang='lat' dir='ltr'><strong>judiciariam</strong></span> 
     </span>
    </p>
   </div>
   <div class='ocr_carea' id='block_1_71' title="bbox 2029 5408 3624 5480">
    <p class='ocr_par' dir='ltr' id='par_1_71' title="bbox 2029 5408 3624 5480">
     <span class='ocr_line' id='line_1_73' title="bbox 2029 5408 3624 5480; baseline -0.001 -15"><span class='ocrx_word' id='word_1_961' title='bbox 2029 5419 2355 5480; x_wconf 88' lang='lat' dir='ltr'><strong>potestatem.</strong></span> <span class='ocrx_word' id='word_1_962' title='bbox 2390 5408 2453 5480; x_wconf 89' lang='lat' dir='ltr'><strong>Si</strong></span> <span class='ocrx_word' id='word_1_963' title='bbox 2481 5426 2597 5464; x_wconf 81' lang='lat' dir='ltr'><strong>vero</strong></span> <span class='ocrx_word' id='word_1_964' title='bbox 2627 5410 2678 5480; x_wconf 85' lang='lat' dir='ltr'><strong>ly</strong></span> <span class='ocrx_word' id='word_1_965' title='bbox 2706 5410 3000 5466; x_wconf 89' lang='lat' dir='ltr'><strong>secundum</strong></span> <span class='ocrx_word' id='word_1_966' title='bbox 3027 5411 3169 5479; x_wconf 84' lang='lat' dir='ltr'><strong>quod</strong></span> <span class='ocrx_word' id='word_1_967' title='bbox 3198 5408 3431 5480; x_wconf 80' lang='lat' dir='ltr'><strong>designet</strong></span> <span class='ocrx_word' id='word_1_968' title='bbox 3454 5412 3624 5464; x_wconf 86' lang='lat' dir='ltr'><strong>unita-</strong></span> 
     </span>
    </p>
   </div>
   <div class='ocr_carea' id='block_1_72' title="bbox 2028 5429 3621 5551">
    <p class='ocr_par' dir='ltr' id='par_1_72' title="bbox 2028 5429 3621 5551">
     <span class='ocr_line' id='line_1_74' title="bbox 2029 5429 3621 5480; baseline -0.001 -15"><span class='ocrx_word' id='word_1_969' title='bbox 2029 5429 2355 5480; x_wconf 74' lang='lat' dir='ltr'><strong>pozestatem.</strong></span> <span class='ocrx_word' id='word_1_970' title='bbox 2390 5429 2452 5462; x_wconf 76' lang='lat' dir='ltr'><strong>ot</strong></span> <span class='ocrx_word' id='word_1_971' title='bbox 2481 5429 2597 5464; x_wconf 81' lang='lat' dir='ltr'><strong>vero</strong></span> <span class='ocrx_word' id='word_1_972' title='bbox 2627 5429 2678 5480; x_wconf 85' lang='lat' dir='ltr'><strong>ty</strong></span> <span class='ocrx_word' id='word_1_973' title='bbox 2706 5429 3000 5466; x_wconf 78' lang='lat' dir='ltr'><strong>secundum</strong></span> <span class='ocrx_word' id='word_1_974' title='bbox 3027 5429 3169 5479; x_wconf 83' lang='lat' dir='ltr'><strong>quoa</strong></span> <span class='ocrx_word' id='word_1_975' title='bbox 3198 5429 3307 5465; x_wconf 74' lang='lat' dir='ltr'><strong>aest</strong></span> <span class='ocrx_word' id='word_1_976' title='bbox 3346 5429 3431 5463; x_wconf 84' lang='lat' dir='ltr'><strong>net</strong></span> <span class='ocrx_word' id='word_1_977' title='bbox 3454 5429 3621 5464; x_wconf 82' lang='lat' dir='ltr'><strong>unua-</strong></span> 
     </span>
     <span class='ocr_line' id='line_1_75' title="bbox 2028 5429 3621 5551; baseline -0.001 -18"><span class='ocrx_word' id='word_1_978' title='bbox 2028 5490 2129 5533; x_wconf 88' lang='lat' dir='ltr'><strong>tem</strong></span> <span class='ocrx_word' id='word_1_979' title='bbox 2154 5479 2547 5551; x_wconf 83' lang='lat' dir='ltr'><strong>suppositi;_sic</strong></span> <span class='ocrx_word' id='word_1_980' title='bbox 2589 5481 2775 5545; x_wconf 87' lang='lat' dir='ltr'><strong>etiam,</strong></span> <span class='ocrx_word' id='word_1_981' title='bbox 2822 5481 3101 5535; x_wconf 86' lang='lat' dir='ltr'><strong>secundum</strong></span> <span class='ocrx_word' id='word_1_982' title='bbox 3140 5482 3277 5551; x_wconf 84' lang='lat' dir='ltr'><strong>quod</strong></span> <span class='ocrx_word' id='word_1_983' title='bbox 3301 5429 3448 5551; x_wconf 61' lang='lat' dir='ltr'><strong>blame</strong></span> <span class='ocrx_word' id='word_1_984' title='bbox 3477 5481 3621 5532; x_wconf 87' lang='lat' dir='ltr'><strong>sedet</strong></span> 
     </span>
    </p>
   </div>
   <div class='ocr_carea' id='block_1_73' title="bbox 2030 5547 3622 5622">
    <p class='ocr_par' dir='ltr' id='par_1_73' title="bbox 2030 5547 3622 5622">
     <span class='ocr_line' id='line_1_76' title="bbox 2030 5547 3622 5622; baseline -0.001 -18"><span class='ocrx_word' id='word_1_985' title='bbox 2030 5550 2099 5604; x_wconf 91' lang='lat' dir='ltr'><strong>ad</strong></span> <span class='ocrx_word' id='word_1_986' title='bbox 2127 5547 2390 5622; x_wconf 78' lang='lat' dir='ltr'><strong>dexteram</strong></span> <span class='ocrx_word' id='word_1_987' title='bbox 2429 5547 2625 5622; x_wconf 75' lang='lat' dir='ltr'><strong>Patris,</strong></span> <span class='ocrx_word' id='word_1_988' title='bbox 2657 5552 2710 5603; x_wconf 90' lang='lat' dir='ltr'><strong>in</strong></span> <span class='ocrx_word' id='word_1_989' title='bbox 2735 5561 2980 5622; x_wconf 81' lang='lat' dir='ltr'><strong>quantum</strong></span> <span class='ocrx_word' id='word_1_990' title='bbox 3005 5547 3197 5604; x_wconf 80' lang='lat' dir='ltr'><strong>scilicet</strong></span> <span class='ocrx_word' id='word_1_991' title='bbox 3226 5552 3403 5606; x_wconf 88' lang='lat' dir='ltr'><strong>eodem</strong></span> <span class='ocrx_word' id='word_1_992' title='bbox 3428 5549 3622 5602; x_wconf 87' lang='lat' dir='ltr'><strong>honore</strong></span> 
     </span>
    </p>
   </div>
   <div class='ocr_carea' id='block_1_74' title="bbox 2027 5620 3623 5689">
    <p class='ocr_par' dir='ltr' id='par_1_74' title="bbox 2027 5620 3623 5689">
     <span class='ocr_line' id='line_1_77' title="bbox 2027 5620 3623 5689; baseline -0.003 -15"><span class='ocrx_word' id='word_1_993' title='bbox 2027 5635 2330 5674; x_wconf 83' lang='lat' dir='ltr'><strong>veneramur</strong></span> <span class='ocrx_word' id='word_1_994' title='bbox 2350 5621 2516 5689; x_wconf 89' lang='lat' dir='ltr'><strong>ipsum</strong></span> <span class='ocrx_word' id='word_1_995' title='bbox 2551 5620 2754 5678; x_wconf 80' lang='lat' dir='ltr'><strong>Filium</strong></span> <span class='ocrx_word' id='word_1_996' title='bbox 2775 5620 2872 5676; x_wconf 88' lang='lat' dir='ltr'><strong>Dei</strong></span> <span class='ocrx_word' id='word_1_997' title='bbox 2901 5637 3014 5675; x_wconf 87' lang='lat' dir='ltr'><strong>cum</strong></span> <span class='ocrx_word' id='word_1_998' title='bbox 3034 5628 3219 5674; x_wconf 88' lang='lat' dir='ltr'><strong>natura</strong></span> <span class='ocrx_word' id='word_1_999' title='bbox 3261 5626 3546 5685; x_wconf 83' lang='lat' dir='ltr'><strong>assumpta,</strong></span> <span class='ocrx_word' id='word_1_1000' title='bbox 3567 5624 3623 5670; x_wconf 86' lang='lat' dir='ltr'><strong>ut</strong></span> 
     </span>
    </p>
   </div>
   <div class='ocr_carea' id='block_1_75' title="bbox 2028 5690 2526 5754">
    <p class='ocr_par' dir='ltr' id='par_1_75' title="bbox 2028 5690 2526 5754">
     <span class='ocr_line' id='line_1_78' title="bbox 2028 5690 2526 5754; baseline 0.004 -9"><span class='ocrx_word' id='word_1_1001' title='bbox 2028 5708 2183 5754; x_wconf 72' lang='lat' dir='ltr'><strong>supra</strong></span> <span class='ocrx_word' id='word_1_1002' title='bbox 2212 5690 2403 5746; x_wconf 79' lang='lat' dir='ltr'><strong>dictum</strong></span> <span class='ocrx_word' id='word_1_1003' title='bbox 2430 5702 2526 5747; x_wconf 84' lang='lat' dir='ltr'><strong>est.</strong></span> 
     </span>
    </p>
   </div>
  </div>
