4138 6186
494 317 563 371 35
1959 305 2342 361 ΡΒΑΞΡΑΤΙΟ.
3708 303 3781 361 84

492 429 681 484 Christi
734 428 804 481 ad
854 429 1126 498 pristinam
1185 443 1360 480 sumus
1417 423 1762 479 innocentiam
1822 420 2065 473 revocati.
2140 414 2240 480 Qui
2305 418 2529 486 peccatis
2580 418 2772 470 nostris
2810 417 3003 489 inferni
3049 431 3227 486 pa’nas
3265 430 3633 481 merueramus,
3681 431 3778 469 sua

490 518 862 588 pretiosissima
907 529 1071 572 morte
1117 518 1186 571 ad
1240 526 1448 571 (eterna:
1504 512 1832 568 beatitudinis
1875 510 2067 582 gaudia
2110 524 2288 562 sumus
2333 508 2573 562 revocati.
2661 505 2764 571 Qui
2833 524 2958 563 vasa
3015 509 3110 562 irte
3173 523 3266 578 per
3341 505 3471 561 Ada:
3521 508 3775 576 pravari-

490 609 745 662 cationem
790 624 1032 673 eramus,
1092 621 1233 662 nunc
1274 613 1498 676 propter
1549 604 1713 674 ipsius
1753 601 2200 656 resurrectionem
2232 607 2541 654 sanctorum
2583 599 2730 654 cives
2773 599 3059 654 evasimus.
3137 598 3269 652 Nam
3323 605 3393 662 ut,
3428 597 3648 651 homilia
3684 596 3776 663 15,

494 711 620 766 pag.
669 697 776 761 42,
821 707 1005 753 monet
1048 717 1061 752 :
1097 697 1278 752 Tantis
1350 696 1565 751 vinculis
1631 690 1908 748 humanum
1957 709 2118 763 genus
2181 693 2420 745 vinxerat
2478 691 2718 746 inimicus
2746 731 2761 757 ,
2819 701 3064 760 tantaque
3125 705 3220 744 nos
3265 689 3426 761 moles
3473 690 3778 742 immanium

485 799 747 861 presserat
771 799 1096 859 peccatorum
1119 832 1132 854 ,
1164 799 1220 843 ut
1248 791 1418 844 nullus
1440 788 1588 844 nobis
1613 796 1744 842 esset
1764 787 1959 841 reditus
1987 786 2056 838 ad
2080 785 2298 839 salutem
2322 826 2336 849 ,
2387 787 2489 838 nisi
2519 795 2814 839 nasceretur
2840 784 2927 838 ille
2965 785 3049 856 qui
3079 783 3260 837 virtut’e
3281 775 3492 851 piapria
3521 782 3589 834 ad
3615 782 3774 835 vitam

484 887 660 951 posset
706 879 876 934 redire
919 890 1036 949 post
1074 893 1310 936 mortem.
1384 879 1503 935 Jam
1549 895 1678 935 vero
1730 895 1892 934 serm.
1945 877 2032 942 61,
2083 881 2175 948 qui
2221 887 2302 932 est
2331 877 2394 930 de
2422 875 2604 930 Natali
2633 878 2799 931 sancti
2825 875 3048 930 Joannis
3096 875 3344 945 Baptistae
3370 875 3605 942 quintus,
3646 885 3772 942 pag.

485 967 612 1030 55-1,
667 984 776 1024 non
823 969 985 1025 modo
1031 971 1274 1026 meminit
1320 971 1584 1025 Maximus
1632 970 1838 1040 peccati
1884 969 2197 1037 originalis,
2251 983 2437 1024 verum
2485 969 2648 1023 etiam
2679 966 3038 1022 remediorum
3071 965 3513 1036 (circumcisionis
3540 979 3770 1034 pneser-

489 1057 614 1126 tim)
647 1075 766 1128 quae
795 1059 848 1113 in
880 1057 1121 1131 [axxxw]
1153 1059 1322 1115 veteri
1351 1061 1470 1129 lege
1502 1060 1638 1131 (ejus
1667 1059 1875 1130 peccati
1905 1060 2129 1115 macula:
2159 1066 2445 1127 reatusque
2475 1059 2695 1113 tollendi
2724 1056 2907 1130 causa)
2939 1057 3351 1112 adhibebantur.
3396 1055 3594 1112 Scribit
3622 1055 3767 1110 enim

486 1149 578 1204 ille
607 1149 712 1205 hoc
739 1151 900 1206 modo
934 1169 947 1205 :
978 1151 1212 1206 Joannes
1241 1169 1355 1206 cum
1383 1152 1608 1207 Domino
1637 1153 2077 1208 circumcisionem
2118 1152 2321 1220 quidem
2350 1152 2404 1205 in
2431 1167 2526 1205 sua
2555 1167 2710 1205 carne
2736 1153 2990 1221 suscepit;
3020 1150 3110 1206 sed
3137 1151 3422 1220 suscipiens
3456 1150 3770 1202 terminavit.

489 1238 560 1292 Et
588 1239 703 1294 ideo
731 1242 816 1313 qui
845 1259 989 1297 nova:
1017 1244 1203 1314 gratia:
1230 1260 1400 1313 prch
1418 1285 1432 1310 ,
1464 1253 1515 1298 et
1547 1244 1856 1315 magni/icus
1896 1243 2236 1296 annuntiator
2263 1243 2450 1296 enituit
2484 1243 2556 1296 ad
2583 1258 2902 1298 nvaneunuu
2931 1258 3210 1298 ORIGINALE
3241 1257 3514 1297 vaccarum
3547 1243 3769 1296 circum-

485 1332 678 1385 cisione
705 1348 806 1384 non
837 1335 1003 1403 eguit;
1035 1333 1126 1388 sed
1150 1350 1263 1387 eum
1291 1350 1448 1403 supra
1478 1334 1661 1404 legem,
1688 1349 1845 1402 supra
1875 1332 2115 1386 humana:
2135 1332 2446 1386 conditionis
2471 1331 2703 1387 ordinem
2725 1331 2906 1385 electio
2927 1331 3101 1385 divina
3124 1332 3376 1401 provexit.
3401 1329 3768 1385 Animadverti

483 1430 666 1477 autem
693 1423 798 1478 hoc
821 1423 943 1480 loco
970 1425 1162 1480 vellem
1181 1466 1196 1491 ,
1231 1441 1338 1480 non
1367 1439 1491 1479 eum
1520 1424 1685 1478 fuisse
1711 1422 2000 1477 Maximum
2020 1464 2034 1489 ,
2065 1423 2156 1493 qui
2185 1422 2448 1478 Joannem
2478 1423 2558 1479 sic
2584 1423 2819 1478 evasisse
2847 1430 3063 1492 putaret
3088 1423 3348 1491 originale
3376 1431 3672 1491 peccatum,
3707 1432 3767 1477 ut

483 1515 614 1571 illud
661 1532 933 1588 nunquam
961 1518 1310 1573 contraxerit.
1343 1516 1459 1573 Hoc
1484 1518 1625 1572 enim
1654 1525 1871 1572 sanctus
1900 1516 2186 1586 episcopus
2215 1516 2457 1572 censuit:
2489 1516 2727 1570 evasisse
2761 1516 2976 1584 quidem
3005 1515 3268 1570 Joannem
3297 1515 3569 1584 originalis
3596 1515 3766 1583 culpa:

485 1606 688 1663 malum
714 1626 727 1662 :
753 1624 862 1663 non
905 1609 980 1664 ita
1023 1616 1084 1664 ut
1111 1609 1242 1664 illud
1279 1623 1500 1680 prorsus
1529 1607 1800 1677 ell‘ugerit;
1833 1607 1926 1662 sed
1955 1608 2028 1661 ita
2059 1615 2147 1671 ut,
2181 1625 2303 1664 cum
2323 1607 2435 1678 jam
2466 1608 2584 1678 ipso
2610 1607 2843 1677 illigatus
2869 1616 3040 1674 esset,
3073 1609 3281 1663 solutus
3308 1607 3469 1662 fuerit
3505 1607 3767 1664 beneﬁcio

483 1699 896 1772 Redemptoris,
941 1716 1064 1774 cum
1093 1702 1269 1758 adhuc
1297 1702 1349 1756 in
1379 1711 1536 1757 utero
1585 1709 1730 1757 esset
1774 1699 2119 1756 Elisabethze.
2166 1699 2344 1766 Quare
2387 1699 2525 1754 idem
2575 1707 2658 1755 est
2699 1707 2888 1756 auctor
2935 1699 3236 1754 Maximus:
3272 1699 3430 1771 fuisse
3471 1697 3668 1753 Joanni
3701 1717 3766 1753 ea:

481 1806 701 1868 paterna
728 1798 1156 1868 praevaricatione
1195 1799 1601 1869 corruptionem,
1634 1798 1927 1867 factumque
1955 1792 2119 1850 fuisse
2145 1795 2501 1849 redimendum
2527 1812 2558 1848 a
2587 1792 2824 1862 Christo;
2854 1810 2975 1850 cum
3003 1793 3248 1849 Christus
3265 1834 3280 1859 ,
3313 1809 3419 1848 non
3449 1801 3509 1847 ut
3535 1793 3766 1848 redime-

481 1897 654 1958 retur,
684 1891 775 1945 sed
818 1901 875 1945 ut
918 1891 1210 1957 redimeret,
1243 1899 1400 1945 natus
1425 1897 1579 1944 esset.
1612 1887 1842 1942 Homilia
1867 1887 1955 1954 ‘29,
1987 1901 2108 1957 pag.
2157 1886 2227 1941 87
2254 1906 2266 1940 :
2295 1887 2434 1954 Quin
2458 1888 2620 1942 etiam
2651 1901 2902 1942 sermone
2929 1885 3016 1952 61,
3046 1898 3168 1954 pag.
3196 1883 3321 1950 554,
3352 1884 3542 1949 docet,
3571 1885 3765 1954 princi-

479 1982 624 2050 pium
650 1981 872 2035 Joannis
894 1998 927 2037 a
955 1981 1148 2035 latente
1170 1981 1222 2034 in
1250 1988 1396 2034 utero
1432 1979 1662 2050 Virginis
1686 1978 1952 2032 conditore
1975 1977 2156 2030 mundi
2185 1978 2342 2048 fuisse
2373 1993 2467 2030 sua
2487 1977 2761 2046 prazsentia
2791 1974 3098 2029 dedicatum.
3133 1971 3240 2028 Sed
3263 1972 3331 2028 de
3357 1972 3765 2028 circumcisione

481 2073 845 2144 postmodum.
878 2073 955 2128 De
987 2072 1235 2147 originali
1257 2072 1415 2142 culpa
1444 2086 1656 2126 rursum
1693 2069 1956 2123 Maximus
1985 2084 2144 2123 serm.
2172 2067 2270 2132 88,
2302 2083 2425 2138 pag.
2455 2066 2558 2122 625
2587 2085 2599 2120 :
2627 2066 3013 2138 Intelligamus,
3043 2063 3242 2133 inquit,
3274 2071 3523 2133 quantum
3550 2063 3765 2117 valuerit

481 2164 552 2218 ad
574 2166 912 2238 auferendum
937 2167 1119 2222 mundi
1140 2178 1405 2239 peccatum
1427 2168 1602 2234 passio
1633 2164 2007 2236 Redemptoris.
2041 2161 2178 2216 Ecce
2202 2164 2552 2218 innocentiam
2579 2171 2628 2216 et
2656 2163 2810 2216 vitam
2831 2158 3077 2231 probatur
3101 2159 3336 2229 conferre
3357 2173 3498 2211 mors
3520 2157 3759 2211 hominis.

481 2258 623 2313 Hinc
664 2261 1016 2334 intelligamus
1057 2273 1302 2336 quantum
1329 2264 1384 2317 in
1412 2263 1639 2316 omnium
1670 2259 1881 2332 (salute)
1922 2258 2174 2331 profuerit
2203 2274 2355 2312 sacra
2400 2271 2540 2310 mors
2569 2253 2697 2307 Filii
2739 2252 2857 2307 Dei.
2901 2251 3037 2306 Ecce
3080 2251 3374 2322 proprium,
3406 2257 3454 2302 et
3483 2265 3763 2320 animus”;

479 2363 746 2405 DELICTUII
779 2367 951 2407 ιΑνΑτ
983 2369 1196 2409 δληοωε
1225 2368 1490 2417 nonanus,
1522 2361 1628 2408 etc.
1680 2350 1906 2408 Constat
1953 2365 2118 2422 porro
2166 2365 2234 2405 ex
2283 2350 2377 2416 iis,
2425 2363 2544 2418 quae
2587 2345 2849 2401 hactenus
2892 2343 3294 2413 descripsimus,
3342 2341 3559 2397 Maximi
3589 2343 3758 2397 locis:

478 2437 542 2489 1ο
573 2454 680 2494 non
709 2441 871 2497 modo
902 2442 1110 2513 lapsum
1137 2443 1302 2499 fuisse
1331 2443 1627 2509 Adamum,
1659 2444 1960 2513 mortisque
1985 2445 2037 2497 in
2067 2459 2190 2498 eum
2219 2442 2545 2498 sententiam
2592 2439 2760 2495 fuisse
2804 2439 2998 2504 latam,
3035 2454 3156 2494 cum
3187 2444 3405 2494 creatus
3449 2436 3638 2492 fuisset
3664 2437 3762 2490 im-

477 2531 724 2586 mortalis
742 2572 757 2598 ,
791 2548 978 2588 verum
1005 2535 1169 2589 etiam
1197 2537 1564 2606 peccatum'in
1593 2544 1843 2607 posteros
1870 2551 1997 2589 suos
2043 2534 2319 2598 intulisse,
2363 2547 2566 2603 perque
2611 2542 2892 2601 peccatum
2937 2531 3102 2585 etiam
3130 2537 3392 2613 mortem;
3419 2527 3485 2581 2°
3514 2529 3763 2583 homines

478 2637 586 2679 non
617 2625 670 2679 in
701 2625 1018 2694 originalem
1048 2633 1253 2682 tantum
1285 2627 1434 2682 illam
1462 2636 1518 2685 et
1545 2641 1888 2684 communem
1925 2627 2140 2697 culpam
2168 2625 2366 2681 misere
2391 2625 2639 2681 incidisse
2658 2665 2673 2690 ,
2699 2625 2793 2680 sed
2827 2639 2950 2679 eum
2977 2625 3141 2679 etiam
3169 2623 3335 2694 culpzn
3362 2621 3600 2692 ejusdem
3629 2622 3762 2678 vitio

476 2718 636 2788 proni
677 2718 745 2774 ad
786 2720 988 2776 malum
1017 2721 1154 2785 sint,
1185 2722 1484 2778 actualibus
1523 2739 1644 2793 qua:
1683 2723 1909 2777 dicimus
1949 2737 2046 2777 seu
2073 2721 2309 2792 propriis
2349 2721 2584 2792 peccatis
2623 2735 2746 2776 sese
2787 2720 3018 2789 illigare;
3051 2719 3114 2774 5ο
3145 2727 3475 2791 quapropter
3510 2733 3637 2773 vasa
3666 2719 3760 2774 irae

477 2808 644 2865 fuisse
673 2809 942 2877 homines,
971 2811 1360 2883 damnatosque
1381 2815 1450 2868 ad
1479 2814 1756 2870 interitum
1783 2814 2200 2884 sempiternum;
2223 2813 2284 2865 ιο
2308 2821 2366 2867 ut
2391 2813 2446 2867 hi
2476 2813 2691 2867 liberari
2719 2812 2787 2867 ab
2816 2820 3046 2882 utroque
3066 2813 3274 2883 peccati
3295 2827 3512 2882 genere,
3545 2811 3757 2877 redimi,

478 2899 740 2969 reparari,
774 2901 1016 2957 revocari
1044 2902 1112 2957 ad
1140 2903 1501 2960 innocentiam
1542 2906 1818 2976 vitamque
1863 2912 2104 2975 possent,
2149 2920 2284 2975 opus
2329 2904 2692 2976 Redemptore
2739 2903 2935 2970 fuisse,
2979 2906 3071 2976 qui
3118 2903 3262 2962 Deus
3309 2906 3468 2961 simul
3515 2914 3570 2960 et
3596 2905 3761 2962 homo

476 2996 642 3044 esset.
668 2988 845 3056 Quare
872 3005 1158 3060 personam
1187 2992 1350 3049 Verbi
1379 2995 1543 3050 divini
1585 2997 1875 3051 humanam
1923 2996 2024 3053 sibi
2065 2998 2417 3068 assumpsisse
2437 3009 2745 3067 .naturam,
2795 2998 3003 3068 peccati
3030 2999 3248 3068 quidem
3295 3015 3518 3070 prorsus
3564 3015 3760 3073 exper-

479 3093 637 3148 tem,-
673 3083 768 3139 sed
820 3083 873 3138 in
928 3099 1034 3153 qua
1088 3085 1327 3158 (nostra:
1375 3088 1565 3145 salutis
1615 3087 1818 3160 causa)
1868 3091 2208 3147 incommoda
2257 3106 2388 3147 sane
2433 3105 2656 3160 magna,
2707 3091 3012 3158 cruciatus,
3074 3099 3304 3147 mortem
3363 3100 3756 3162 perpeteretur.

478 3179 650 3245 Atque
697 3176 919 3232 homilia
969 3175 1054 3244 12,
1105 3193 1225 3248 pag.
1278 3179 1350 3234 55
1401 3199 1415 3235 :
1476 3180 1627 3246 Quod
1684 3185 1908 3249 visitare,
1968 3184 2142 3253 inquit
2191 3183 2471 3248 Maximus,
2527 3185 2776 3238 mundum
2821 3200 2969 3238 suum
3017 3182 3118 3238 Dei
3161 3183 3404 3254 dignatus
3448 3194 3526 3238 est
3563 3183 3754 3247 Filius,

474 3277 670 3323 nostras
720 3269 818 3323 hoc
864 3270 1047 3324 salutis
1095 3273 1373 3327 necessitas
1425 3272 1745 3345 flagitabat;
1800 3275 2044 3328 nimirum
2093 3283 2150 3330 ut
2198 3275 2417 3330 carlestis
2466 3275 2670 3329 tandem
2739 3274 3000 3346 generatio
3067 3282 3374 3345 repararet,
3424 3275 3559 3344 quod
3619 3278 3759 3329 nati-

477 3357 607 3411 vitas
653 3355 992 3428 (hominum)
1041 3368 1245 3414 terrena
1285 3361 1601 3429 perdiderat.
1661 3361 1771 3417 Sed
1822 3367 2066 3436 fortassis
2121 3366 2254 3421 hunc
2307 3369 2390 3438 qui
2439 3376 2591 3423 natus
2653 3367 2967 3439 praedicatur
3012 3383 3076 3420 ea:
3120 3366 3344 3437 femina,
3407 3366 3528 3421 dum
3577 3366 3758 3421 vilibus

475 3446 756 3503 obvolvitur
795 3454 1013 3520 pannis,
1065 3450 1186 3507 dum
1224 3454 1404 3526 jacere
1450 3466 1714 3511 contentus
1761 3466 1837 3512 est
1863 3459 1916 3510 in
1966 3475 2228 3530 prtcsepe,
2273 3458 2394 3512 dum
2443 3459 2746 3529 lacrymosis
2783 3455 3038 3529 vagitibus
3079 3463 3392 3526 concrepat,
3438 3496 3452 3510 .
3495 3495 3509 3508 .
3553 3494 3568 3509 .
3613 3495 3627 3509 .
3671 3495 3685 3510 .
3737 3497 3750 3509 .

478 3539 645 3592 Deum
694 3556 804 3595 esse
856 3541 1091 3614 difﬁdis?
1129 3543 1244 3600 Ima
1280 3562 1373 3616 per
1409 3547 1538 3613 ista,
1588 3548 1770 3618 frater,
1801 3546 2026 3611 adverte,
2055 3565 2170 3601 eum
2199 3557 2250 3601 et
2278 3557 2332 3600 ut
2373 3547 2629 3602 hominem
2657 3547 2867 3617 inﬁrma
2908 3563 3002 3616 pro
3031 3547 3256 3616 inﬁrmis
3293 3545 3581 3616 pertulisse,
3612 3555 3663 3600 et
3701 3556 3758 3601 ut

475 3629 699 3702 [LXXXV]
752 3630 917 3687 Deum
963 3637 1245 3706 potentiam
1281 3638 1574 3692 exercuisse
1616 3636 1888 3691 ccelestem.
1933 3636 2000 3692 Et
2027 3639 2245 3694 homilia
2291 3638 2373 3700 15,
2418 3651 2539 3708 pag.
2584 3638 2813 3692 eadem:
2851 3636 3084 3691 Christus
3122 3638 3272 3692 Jesus
3305 3636 3554 3692 Dominus
3583 3647 3759 3693 noster

477 3725 530 3776 in
569 3740 667 3796 quo
691 3724 976 3780 divinitatis
1016 3735 1092 3780 est
1120 3728 1403 3797 plenitudo,
1446 3729 1619 3782 carnis
1647 3735 1842 3783 nostra
1885 3729 2094 3798 infirma
2119 3729 2434 3799 suscipiens,
2467 3745 2626 3782 novus
2653 3737 2806 3781 natus
2846 3736 2920 3782 est
2947 3727 3118 3780 homo.
3150 3726 3325 3778 llodie
3352 3727 3550 3797 refulsit
3575 3715 3759 3782 secun-

478 3816 576 3868 dus
614 3816 704 3869 ille
746 3816 935 3880 Adam,
967 3834 1071 3871 non
1113 3819 1304 3884 incola,
1334 3817 1425 3872 sed
1451 3817 1709 3874 Dominus
1741 3821 2090 3890 paradisi.....
2125 3819 2299 3874 Hodie
2351 3831 2587 3875 exortum
2631 3831 2706 3874 est
2751 3821 2804 3874 in
2845 3818 3068 3874 tenebris
3116 3819 3399 3873 lumen.....
3431 3817 3611 3874 Novus
3639 3821 3756 3891 qui-

479 3909 596 3960 dem
623 3908 794 3972 homo,
825 3909 917 3963 sed
955 3907 1211 3964 Dominus
1253 3911 1626 3982 sempiternus;
1668 3928 1828 3967 novus
1863 3911 2116 3981 Christus,
2167 3913 2258 3967 sed
2304 3929 2395 3967 rea:
2435 3913 2664 3966 omnium
2699 3910 3117 3966 swculorum.....
3161 3907 3264 3965 Hic
3304 3922 3380 3966 est
3419 3911 3696 3983 prazdictus
3725 3930 3760 3966 a

479 3997 826 4062 vatriarchis,
875 4016 908 4052 a
952 3999 1210 4070 prophetis
1259 4002 1753 4073 praedicatus.......
1804 4006 2085 4077 Percepisti
2138 4007 2361 4073 donum,
2417 4008 2552 4078 quod
2599 4007 2862 4060 Abraham
2903 4006 2957 4059 in
3006 4007 3191 4076 spiritu
3219 4023 3274 4060 se
3325 4006 3512 4060 vidisse
3553 4007 3758 4061 lwtatus

477 4099 574 4154 est,
599 4098 702 4144 etc.
736 4089 801 4144 Et
829 4103 1077 4148 sermone
1100 4091 1185 4158 M,
1215 4109 1334 4164 pag.
1368 4094 1436 4149 59
1461 4113 1477 4150 :
1506 4095 1678 4153 Hodie
1700 4099 1961 4153 nobis.....
1993 4100 2271 4156 secundum
2318 4116 2526 4154 carnem
2563 4107 2717 4153 natus
2745 4109 2820 4152 est
2848 4095 3114 4163 Christus,
3144 4099 3394 4170 incipiens
3423 4100 3626 4171 quidem
3649 4116 3758 4154 esse

377 4225 392 4232 -
478 4180 616 4251 quod
637 4197 740 4236 non
760 4193 890 4249 erat,
921 4183 1012 4238 sed
1031 4201 1134 4240 non
1159 4185 1398 4241 desinens
1425 4203 1535 4242 esse
1561 4188 1697 4260 quod
1733 4199 1863 4242 erat.
1893 4186 2004 4242 Nec
2024 4190 2159 4243 enim
2207 4190 2450 4244 nativitas
2479 4182 2698 4243 hominis
2719 4189 3037 4254 imminuere,
3077 4197 3166 4242 aut
3191 4205 3436 4260 separare
3461 4191 3756 4246 indiscreta:

479 4271 768 4342 majestatis
793 4284 993 4344 poterat
1020 4277 1289 4330 unitatem.
1325 4275 1477 4342 Quod
1504 4277 1643 4333 Deus
1665 4277 1728 4334 de
1753 4294 1848 4333 suo
1872 4279 2035 4332 Patre
2057 4281 2321 4348 processit,
2349 4278 2629 4349 ine/rabilis
2655 4294 2716 4332 ac
2748 4279 3091 4351 permanentis
3123 4287 3198 4334 est
3235 4291 3483 4335 secretum
3513 4282 3717 4337 virtutis
3735 4301 3756 4340 :

477 4368 615 4439 quod
632 4368 783 4424 homo
811 4378 886 4423 est
915 4380 1066 4425 natus
1095 4387 1160 4426 ea;
1184 4373 1398 4444 femina,
1428 4387 1647 4428 nosne:
1677 4385 1897 4427 SALUTIS
1943 4387 2039 4426 EST
2068 4386 2283 4427 cnam.
2318 4371 2438 4426 Illic
2459 4373 2627 4443 gloria
2656 4380 2875 4438 natum,
2919 4372 3000 4426 hic
3027 4374 3324 4443 mysterium
3361 4375 3751 4430 voluntatis”...

479 4458 608 4526 Quis
627 4478 768 4533 ergo,
801 4463 1010 4533 fratres,
1040 4464 1352 4533 profundum
1373 4464 1468 4518 hoc
1507 4463 1723 4518 ctnlestis
1761 4463 1972 4519 consilii
1999 4464 2167 4519 valeat
2192 4465 2468 4530 wstimare,
2512 4465 2648 4536 quod
2674 4463 3079 4519 immortalitatis
3108 4462 3450 4520 Dominus....
3480 4475 3538 4519 ut
3575 4466 3755 4521 condi-

477 4552 616 4605 tione
635 4553 809 4606 carnis
832 4561 1047 4605 mortem
1075 4553 1334 4622 suscipere
1359 4571 1454 4622 pro
1483 4553 1784 4609 mortalibus
1807 4555 1989 4625 possit,
2020 4555 2084 4609 de
2111 4556 2328 4626 femineo
2356 4564 2616 4610 utero.....
2639 4555 2867 4610 humana
2894 4555 3050 4610 voluit
3079 4554 3170 4608 sub
3205 4554 3316 4626 lege
3342 4557 3661 4626 prodire.....
3685 4557 3753 4610 In

477 4642 666 4709 pannis
688 4649 896 4697 nostras
917 4641 1271 4711 infirmitates,
1312 4652 1491 4697 nostra
1513 4660 1568 4699 se
1592 4644 1788 4699 indicat
1814 4646 2098 4714 suscepisse
2123 4655 2446 4716 peccata.....
2485 4645 2628 4700 Talis
2668 4644 2991 4700 Salvatorem
3019 4645 3199 4699 mundi
3233 4647 3442 4700 decebat
3468 4647 3751 4719 ingressus,

475 4747 532 4790 ut
551 4738 638 4807 qui
674 4738 887 4793 humani
910 4737 1113 4811 generis
1142 4738 1372 4792 veniebat
1397 4747 1610 4810 peccata
1649 4741 1919 4806 mundare,
1942 4757 2052 4813 pra:
2078 4743 2281 4797 cceteris
2308 4742 2547 4796 mundius
2577 4751 2986 4796 nasceretur.....
3022 4739 3120 4797 .Cui
3149 4743 3240 4796 alii
3268 4742 3433 4796 omnis
3463 4741 3610 4796 debet
3629 4758 3754 4796 can-

478 4838 590 4883 tare
611 4837 767 4898 terra,
797 4833 900 4888 nisi
928 4833 1012 4904 qui
1035 4832 1270 4886 universo
1300 4841 1555 4886 terrarum
1600 4831 1711 4885 orbi
1738 4831 2041 4887 delictorum
2069 4834 2289 4895 veniam,
2319 4840 2368 4886 et
2387 4849 2527 4903 spem
2553 4833 2878 4902 sempiterna:
2906 4832 3088 4887 salutis
3127 4834 3476 4888 invexit
3524 4832 3753 4904 Dignum

477 4931 574 4985 est,
604 4930 660 4974 ut
686 4939 861 4979 eorum
887 4927 1144 4997 praecipue
1181 4923 1421 4980 laudibus
1446 4923 1743 4987 honoretur,
1773 4940 1899 4996 quos
1945 4925 2142 4994 proprii
2191 4925 2421 4995 corporis
2463 4925 2703 4994 passione
2729 4933 2777 4978 et
2807 4925 3072 4997 sanguinis
3101 4927 3180 4979 sui
3219 4925 3468 4995 effusione
3517 4925 3748 4980 salvavit.

476 5012 547 5068 Et
566 5029 817 5070 sermone
845 5015 930 5084 15,
957 5032 1079 5089 pag.
1113 5017 1176 5073 41
1206 5035 1219 5071 :
1244 5016 1330 5072 Ea;
1357 5017 1520 5072 Patre
1539 5015 1680 5070 Deus
1708 5025 1806 5082 est,
1837 5025 1887 5071 et
1907 5033 1972 5071 ea:
1998 5025 2162 5070 matre
2189 5015 2342 5072 homo
2381 5025 2457 5070 est
2480 5034 2498 5083 ;
2521 5017 2614 5071 hoc
2647 5026 2720 5070 est
2747 5016 2916 5072 Deum
2943 5027 2990 5072 et
3011 5019 3268 5072 hominem
3289 5036 3444 5072 unum
3471 5004 3752 5074 Dominum

476 5104 799 5175 confitemur.
841 5105 910 5160 In
936 5109 1046 5178 ejus
1070 5113 1338 5167 nativitate
1361 5127 1458 5165 nos
1501 5124 1678 5164 omnes
1706 5115 1857 5164 natos
1895 5110 2141 5163 sentimus
2169 5110 2240 5163 ad
2280 5110 2456 5164 vitam.
2490 5109 2686 5164 Factus
2721 5121 2798 5164 est
2836 5112 2974 5166 enim
3015 5111 3165 5165 homo
3194 5127 3299 5167 non
3326 5120 3382 5165 ut
3410 5110 3505 5166 sibi
3545 5113 3747 5177 viveret,

475 5200 560 5270 qui
604 5207 785 5255 auctor
827 5206 904 5252 est
943 5201 1098 5267 vitat;
1145 5205 1238 5258 sed
1281 5212 1337 5259 ut
1378 5212 1542 5260 morte
1582 5217 1678 5258 sua
1716 5202 1874 5256 vitam
1923 5200 2194 5255 redimeret
2239 5210 2574 5267 mortuorum,
2616 5210 2671 5254 ut
2717 5203 2887 5257 nullus
2926 5200 3071 5256 nobis
3117 5212 3248 5258 esset
3291 5203 3485 5257 reditus
3515 5203 3582 5257 ad
3609 5207 3750 5260 salu-

476 5298 615 5359 tem,
659 5290 762 5346 nisi
809 5300 1103 5346 nasceretur
1147 5295 1273 5360 ille,
1322 5297 1408 5367 qui
1456 5295 1642 5351 virtute
1687 5293 1896 5363 propria
1936 5291 2006 5345 ad
2049 5292 2208 5346 vitam
2249 5293 2409 5361 possit
2455 5292 2622 5346 redire
2645 5302 2758 5362 post
2796 5302 3030 5346 mortem.
3077 5289 3280 5347 Eodem
3309 5293 3602 5364 pertinent,
3631 5309 3749 5362 qua:

471 5376 735 5435 Maximus
776 5380 936 5436 docet
981 5380 1201 5436 homilia
1248 5381 1333 5446 l9,
1383 5391 1505 5454 pag.
1555 5383 1624 5438 55
1651 5399 1788 5453 seq.,
1839 5389 1895 5437 et
1932 5382 2116 5437 homil.
2157 5381 2249 5448 90,
2276 5396 2398 5452 pag.
2434 5379 2502 5434 55
2540 5397 2679 5452 seq.,
2709 5390 2764 5436 et
2793 5383 2977 5437 homil.
3019 5383 3106 5450 25,
3138 5398 3262 5456 pag.
3295 5386 3364 5440 ’15
3388 5400 3527 5457 seq.,
3551 5395 3606 5442 et
3649 5388 3747 5442 lio-

469 5471 586 5526 mil.
624 5470 713 5539 27,
757 5487 879 5543 pag.
923 5473 991 5528 79
1027 5488 1166 5544 seq.,
1214 5482 1268 5530 et
1302 5475 1486 5532 homil.
1535 5477 1634 5546 55,
1692 5491 1814 5548 pag.
1866 5475 1967 5531 100
2016 5491 2191 5547 seqq.,
2223 5486 2276 5532 et
2318 5477 2502 5532 homil.
2532 5477 2618 5541 57,
2650 5492 2770 5547 pag.
2815 5476 2916 5531 105
2962 5494 3100 5549 seq.,
3151 5487 3208 5536 et
3250 5480 3437 5535 homil.
3488 5479 3576 5547 49,
3619 5493 3740 5550 pag.

473 5558 578 5617 152
617 5577 792 5633 seqq.,
832 5572 887 5620 et
913 5565 1099 5621 homil.
1150 5563 1237 5632 50,
1281 5579 1402 5636 pag.
1446 5566 1566 5633 155,
1616 5569 1744 5624 ubi:
1777 5554 1996 5636 Passio:
2040 5568 2248 5637 inquit,
2294 5568 2435 5624 illius
2486 5577 2664 5624 nostra
2705 5569 2987 5641 redemptio
3023 5583 3114 5627 est.
3150 5571 3296 5628 Mors
3341 5573 3452 5643 ejus
3495 5574 3599 5629 vita
3643 5591 3743 5631 no-

467 5663 581 5712 stra
607 5664 701 5713 est.
751 5658 878 5716 Ideo
925 5667 1094 5715 autem
1133 5659 1274 5714 mala
1319 5659 1427 5713 hazc
1474 5671 1659 5715 cuncta
1709 5663 1990 5728 sustinuit,
2037 5670 2092 5714 ut
2134 5677 2227 5716 nos
2274 5660 2407 5716 bona
2453 5665 2627 5717 omnia
2667 5664 2991 5720 sentiremus.
3037 5663 3163 5718 Ideo
3205 5666 3555 5720 crudelitatem
3591 5667 3645 5720 in
3688 5684 3745 5722 se

471 5752 695 5807 exerceri
737 5752 950 5812 maluit.
997 5761 1052 5809 ut
1085 5752 1231 5808 nobis
1281 5750 1687 5808 misericordiam
1719 5753 2108 5818 largiretur“...
2157 5753 2407 5824 Auferens
2455 5756 2588 5813 enim
2633 5772 2723 5826 per
2770 5773 2966 5812 crucem
3011 5757 3219 5812 humani
3260 5757 3460 5828 generis
3496 5757 3739 5827 injurias,
