4138 6186
292 311 374 369 85
1758 297 2139 355 rumeno.
3520 299 3590 356 86

294 436 487 478 omnes
533 434 623 473 eas
682 433 738 472 m
783 432 878 471 sua
922 414 1160 486 passione
1196 414 1533 484 consumpsit.
1572 409 1860 465 innumera
1913 426 2083 481 prope
2131 410 2347 479 generis
2392 409 2633 480 ejusdem
2681 410 2735 464 in
2798 410 3011 465 caeteris
3059 410 3273 466 Maximi
3320 412 3586 474 homiliis,

295 510 650 569 sermonibus
678 517 842 577 atque
889 505 1159 575 opusculis
1187 504 1427 574 reperire
1455 503 1601 557 licet.
1649 502 1872 557 Passum
1917 510 2098 556 autem
2140 500 2413 555 Christum
2462 509 2843 570 mortuumque
2889 516 2988 570 pro
3032 500 3238 556 cunctis
3262 500 3591 565 hominibus,

298 604 555 672 adeoque
576 597 1000 654 misericordiam
1020 596 1231 650 cunctis
1252 594 1515 664 impertiri
1538 592 1789 658 voluisse,
1815 592 2079 645 Maximus
2094 591 2236 645 idem
2258 589 2487 644 allirmat
2502 598 2687 660 aperte
2700 588 2986 653 interdum,
3013 588 3327 658 plerumque
3348 588 3591 660 [1.xxxvt|

300 693 633 757 obscurius;
677 697 734 743 at
754 697 905 742 certo
947 700 1165 754 semper
1185 684 1411 747 nullum,
1455 691 1517 737 ut
1561 697 1799 750 unquam
1826 681 2104 751 reliquerit
2130 679 2199 734 de
2238 695 2332 734 sua
2361 679 2627 734 sententia
2650 678 2927 733 dubitandi
2952 679 3146 733 locum.
3175 678 3349 747 Atque
3372 678 3592 759 lunnilia

300 781 527 852 quidem
554 779 639 845 19,
664 792 785 848 pag.
811 776 881 829 54
908 792 921 827 :
952 776 1053 840 QUI
1073 789 1327 838 cuncros,
1352 772 1542 841 inquit,
1570 786 2012 826 utscnlcoamrca
2033 785 2417 825 usrsuswuus
2438 788 2771 836 ADVENEBAT,
2798 788 2862 824 ne
2887 779 2935 824 et
2964 772 3079 839 ipsa
3103 770 3415 841 (gentilitas)
3437 772 3491 823 in
3514 770 3594 823 la-

304 874 581 948 crymabili
608 889 705 927 sua
732 887 934 939 semper
960 870 1192 923 ctccitate
1212 876 1463 931 maneret,
1495 865 1637 919 dedit
1663 866 1710 919 ei
1730 866 1884 919 etiam
1911 866 2137 935 signant,
2162 863 2297 935 quod
2328 873 2376 917 et
2416 863 2631 919 Judaeus
2670 864 2839 918 videre
2858 866 3019 933 potuit
3046 865 3099 921 in
3128 864 3297 928 stella,
3322 878 3437 934 qua:
3464 860 3594 913 tanti

306 970 450 1040 regis
477 962 750 1019 nuntiabat
776 970 964 1023 ortum,
993 968 1044 1014 et
1070 960 1337 1027 pra-sentis
1358 957 1553 1011 venisse
1589 954 1837 1026 prodebat
1858 954 2225 1024 redemptionis
2252 964 2531 1008 (uictorem.
2576 953 2642 1007 Et
2664 954 2879 1009 homilia
2905 954 2993 1021 ‘20,
3024 970 3147 1025 pag.
3185 953 3253 1007 53
3274 970 3387 1021 seq.
3427 970 3438 1004 :
3464 951 3589 1004 Cum

307 1062 424 1128 ipse
446 1072 553 1110 non
579 1053 821 1107 Iudicum
852 1059 1050 1105 tantum
1070 1051 1316 1120 populum
1341 1047 1695 1116 redempturus
1731 1045 2018 1099 advenisset
2068 1063 2097 1099 e
2135 1046 2279 1111 caelo,
2311 1045 2401 1099 sed
2434 1054 2485 1099 et
2521 1056 2733 1101 cunctus
2762 1056 2959 1117 gentes,
2991 1065 3117 1121 quas
3147 1047 3210 1102 ab
3233 1048 3385 1102 initio
3413 1046 3592 1100 sa'cult

307 1165 421 1206 una
446 1162 563 1199 cum
591 1143 755 1197 Patre
777 1149 1070 1205 creaverat,
1092 1148 1143 1194 et
1162 1139 1364 1209 Spiritu
1390 1145 1591 1200 sancto,
1623 1136 1829 1207 signum
1852 1134 1977 1189 dare
2013 1134 2169 1191 voluit
2208 1136 2262 1189 in
2292 1135 2458 1201 stella,
2490 1136 2626 1206 quod
2643 1144 2691 1190 et
2729 1135 2915 1191 ludam
2941 1137 3130 1202 videre,
3163 1146 3311 1208 atque
3330 1137 3591 1189 universus

307 1248 487 1310 posset
515 1236 656 1292 orbis
683 1250 1029 1306 agnoscere...
1061 1231 1164 1285 Illo
1192 1230 1379 1285 visibili
1407 1232 1555 1301 signa
1582 1228 1651 1282 ad
1690 1245 1744 1283 se
1770 1227 1984 1282 vocabat
2022 1243 2277 1295 cancros,
2324 1243 2550 1284 ounmus
2576 1244 2787 1285 cauus
2837 1245 2951 1285 sua:
2995 1246 3388 1285 pochrznan
3433 1242 3592 1283 noxa.

309 1334 427 1401 Age
448 1346 581 1386 vero
602 1330 693 1400 qui
716 1327 903 1384 scribit
928 1344 943 1382 ι
968 1326 1181 1397 inﬁrma
1204 1341 1298 1395 pro
1318 1324 1539 1381 inﬁrmis
1567 1322 1837 1392 pertulisse
1858 1320 2294 1391 Redemptorem,
2320 1321 2410 1388 qui
2435 1328 2493 1374 ut
2534 1330 2730 1377 nostra:
2758 1322 2940 1376 salutis
2981 1324 3258 1377 necessitas
3296 1319 3590 1393 ﬂagitabat,

306 1414 610 1480 advenerat
634 1440 648 1489 ;
674 1429 839 1489 atque
860 1420 932 1474 ita
957 1417 1175 1487 quidem
1197 1416 1499 1487 pertulisse,
1525 1422 1583 1468 ut
1603 1414 1802 1485 generis
1831 1413 2042 1466 humani
2070 1421 2280 1484 peccata
2308 1411 2560 1467 mundare
2585 1412 2831 1477 voluerit,
2873 1412 3122 1466 redimere
3149 1422 3310 1466 niorte
3335 1428 3429 1465 sua
3457 1426 3597 1464 mor-

310 1529 524 1573 tuorum
552 1518 725 1581 vitam,
755 1514 1085 1585 invehereque
1112 1512 1354 1578 passione
1376 1525 1490 1574 sua,
1512 1507 1861 1576 eﬁ'usiorteque
1888 1506 2157 1575 sanguinis
2181 1505 2416 1558 universo
2439 1513 2691 1558 terrarum
2715 1503 2825 1557 orbi
2854 1504 3051 1557 veniam
3079 1502 3397 1585 delictorum.
3431 1517 3599 1572 spem-

308 1627 415 1680 que
443 1609 635 1663 reditus
663 1605 732 1659 ad
761 1605 981 1659 salutem
1006 1584 1281 1671 nunquam
1322 1600 1679 1663 interituram,
1724 1610 1885 1665 quam
1928 1594 2187 1662 consequi
2228 1594 2471 1648 homines
2501 1592 2884 1662 nequivissent,
2930 1591 3034 1645 nisi
3069 1599 3227 1644 natus
3250 1589 3338 1643 ille
3367 1584 3593 1647 luisset;

309 1679 432 1772 qui,
456 1700 696 1768 inquam,
721 1697 836 1751 haec
858 1694 1061 1759 scribit,
1087 1691 1431 1760 ostenditque
1458 1689 1681 1744 universi
1713 1686 1853 1741 orbis
1890 1694 2142 1739 terrarunt
2164 1699 2225 1736 ac
2252 1685 2453 1754 generis
2480 1683 2692 1735 humani
2722 1679 2995 1735 vocabulis
3012 1688 3223 1733 cunctos
3250 1679 3479 1732 homines
3506 1693 3595 1730 τοο

311 1766 469 1844 catos
494 1766 605 1842 esse
630 1804 661 1839 a
692 1784 1033 1855 Redemptore
1056 1784 1167 1852 ipso
1196 1780 1265 1835 ad
1291 1797 1365 1848 se,
1398 1780 1567 1847 iisque
1589 1777 1822 1832 omnibus
1842 1774 2151 1828 hominibus
2178 1774 2435 1845 promissa
2466 1773 2651 1843 gratia:
2690 1772 2878 1826 divina:
2905 1769 3065 1834 dona,
3093 1784 3162 1823 an
3189 1784 3294 1824 non
3318 1768 3477 1837 plane
3504 1766 3599 1821 de-

312 1888 586 1936 monstrat
608 1876 1024 1945 Redemptorem
1044 1872 1292 1929 eumdem
1314 1871 1526 1939 generis
1547 1867 1763 1923 humani
1787 1882 1885 1938 pro
1907 1866 2114 1921 cunctis
2134 1880 2227 1919 seu
2252 1864 2498 1919 omnibus
2520 1862 2825 1918 hominibus
2847 1870 3049 1924 natum,
3064 1876 3300 1931 passum,
3326 1869 3596 1916 mortuum

316 1972 506 2035 fuisse,
525 1968 941 2038 adjumentaque
962 1978 1197 2034 parasse,
1223 1962 1416 2031 quibus
1440 1959 1513 2013 illi
1529 1973 1715 2014 omnes
1742 1957 1925 2026 gratim
1948 1957 2109 2020 illius,
2127 1970 2245 2024 quae
2268 1956 2381 2024 ipse
2404 1954 2703 2025 pollicetur,
2727 1954 2869 2008 dona
2894 1960 3113 2023 possent
3134 1953 3445 2023 percipere?
3469 1951 3602 2006 Rur-

311 2078 459 2126 sum,
486 2062 541 2115 in
563 2057 820 2114 mundum
842 2056 1055 2112 venisse
1085 2053 1381 2120 Christum,
1401 2050 1664 2105 Maximus
1684 2048 1864 2114 docet,
1890 2062 2139 2101 sermone
2156 2046 2239 2110 l9,
2274 2060 2396 2114 pag.
2432 2042 2553 2108 4‘20,
2580 2053 2634 2096 ut
2654 2042 2811 2096 saluti
2844 2043 3106 2099 hominum
3128 2042 3498 2111 provideret,...
3525 2050 3601 2093 ut-

313 2173 417 2223 que
440 2154 643 2207 animas
672 2152 841 2221 gratia
862 2150 1030 2203 sancti
1054 2146 1281 2217 Spiritus
1296 2145 1562 2215 irrigaret.
1589 2140 1821 2196 Humilia
1850 2155 1977 2195 vero
2002 2139 2121 2203 116,
2151 2152 2271 2208 pag.
2305 2137 2409 2191 584
2435 2156 2446 2190 :
2479 2135 2601 2190 Non
2629 2137 2801 2199 unius,
2827 2135 3017 2203 inquit,
3048 2134 3266 2189 hominis
3288 2142 3487 2187 tantum
3506 2150 3597 2203 per

319 2250 650 2306 Salvatorem
676 2260 835 2298 causa
855 2244 1069 2315 geritur,
1100 2257 1192 2295 nec
1212 2241 1363 2293 unius
1384 2239 1606 2293 hominis
1636 2235 1956 2290 imbecillitas
1978 2242 2321 2303 procuratur;
2349 2232 2438 2286 sed
2465 2233 2620 2285 totius
2646 2231 2844 2301 generis
2886 2230 3099 2283 humani
3120 2228 3349 2283 salvatur
3376 2230 3599 2298 inﬁrmi-

319 2357 419 2399 tas.
444 2338 651 2393 Nullius
665 2345 845 2391 autem
868 2333 1099 2389 hominis
1119 2331 1361 2387 oblivisci
1382 2330 1568 2394 Deum,
1586 2328 1678 2382 sed
1707 2327 1895 2381 adesse
1925 2326 2189 2389 omnibus,
2214 2322 2555 2390 subsidiaque
2583 2336 2805 2391 parasse
2833 2329 3036 2387 monet,
3054 2321 3181 2375 dum
3195 2322 3450 2386 serm.16,
3468 2336 3591 2392 pag.

320 2434 455 2498 459,
488 2432 672 2487 scribit
707 2447 721 2481 :
755 2425 1023 2491 Quomodo
1050 2430 1216 2493 potest
1246 2420 1477 2476 oblivisci
1506 2420 1670 2473 nostri
1702 2417 1859 2482 Deus,
1891 2418 1976 2488 qui
2004 2416 2158 2469 etiam
2184 2414 2398 2484 capillos
2429 2414 2614 2482 capitis
2636 2416 2801 2468 nostri
2830 2416 2885 2467 in
2922 2412 3206 2485 Evangelia
3225 2415 3365 2483 apud
3391 2431 3447 2468 se
3474 2415 3599 2467 dicit

320 2540 436 2579 esse
463 2519 799 2577 numeratos?
827 2517 889 2572 Si
936 2516 1073 2569 enim
1096 2512 1402 2585 capillorum
1442 2519 1735 2564 nostrorum
1765 2509 2015 2574 meminit,
2050 2507 2215 2576 magis
2250 2513 2545 2560 nostrarum
2580 2508 2874 2560 animarum
2913 2507 3162 2560 meminit.
3195 2505 3300 2560 Per
3331 2523 3597 2561 numerum

227 2630 232 2635 '
315 2616 459 2668 enim
485 2628 664 2666 curam
685 2612 820 2663 circa
848 2623 940 2662 nos
970 2602 1463 2673 sollicitudinemque
1483 2602 1854 2671 cognoscimus.
1882 2597 2049 2654 Nemo
2070 2600 2206 2653 enim
2227 2606 2482 2664 numerat,
2508 2600 2610 2653 nisi
2638 2600 2775 2671 quod
2796 2603 2898 2655 vult
2928 2600 3231 2671 diligentius
3248 2597 3594 2653 custodirem.

322 2704 497 2774 Usque
533 2701 662 2754 adeo
704 2714 825 2769 ergo
854 2696 1068 2749 habetur
1105 2695 1156 2746 in
1187 2693 1366 2758 tutela,
1396 2693 1482 2763 qui
1510 2689 1726 2745 habetur
1766 2692 1817 2743 in
1848 2707 2125 2744 numero...
2151 2688 2290 2744 Deus
2316 2691 2543 2744 omnium
2580 2692 2829 2756 meminit,
2862 2692 3089 2746 omnium
3129 2691 3446 2754 recordatur,
3479 2698 3595 2742 tan-

319 2804 429 2847 tum
455 2801 511 2845 ut
540 2808 645 2845 non
666 2790 860 2843 nostris
887 2782 1339 2839 intervenientibus
1369 2783 1617 2852 peccatis,
1648 2783 1696 2836 ei
1717 2784 1972 2853 inferatur
2012 2780 2215 2836 oblivio.
2248 2781 2706 2848 Quemadmodum:
2742 2793 2925 2840 autem
2959 2784 3263 2847 meminerit
3284 2784 3472 2843 nostri,
3503 2789 3596 2836 aut

318 2900 483 2954 quam
504 2900 690 2941 curam
712 2883 1235 2950 sollicitudinemque
1264 2880 1513 2935 omnibus
1556 2885 1773 2949 prcestet
1815 2878 1973 2947 isqui
1997 2893 2103 2931 non
2145 2878 2451 2947 adjumenta
2492 2880 2726 2949 praebeat
2748 2880 2834 2933 vel
2874 2889 3023 2951 paret
3048 2879 3241 2949 quibus
3264 2877 3595 2933 imbecillitas

318 2986 489 3045 atque
511 2974 791 3030 inﬁrmitas
814 2976 1097 3029 roboretur
1118 2974 1352 3026 humana
1378 2988 1392 3036 ;
1416 2985 1541 3025 cum
1563 2970 1679 3024 sine
1703 2969 1769 3023 iis
1790 2968 2112 3039 adjumentis
2138 2969 2513 3040 sullragiisque
2552 2973 2900 3043 prcepotentis
2924 2972 3017 3025 Dei
3040 2972 3092 3026 id
3133 2971 3298 3026 homo
3320 2984 3481 3039 agere
3503 2984 3596 3024 ne-

318 3074 505 3133 queat,
528 3079 639 3133 quo
661 3064 946 3134 disponere
966 3078 1103 3125 sese,
1135 3068 1194 3115 ut
1232 3061 1401 3127 gratia
1442 3059 1614 3114 sancti
1653 3058 1884 3130 Spiritus
1922 3059 2205 3129 irrigetur,
2244 3061 2653 3130 pertingereque
2690 3061 2947 3135 [Lxxxvnj
2984 3063 3200 3118 demum
3245 3062 3313 3117 ad
3366 3063 3594 3117 salutem

322 3159 745 3227 beatitatemque
770 3156 1149 3226 sempiternam
1175 3153 1378 3224 possit?
1419 3152 1498 3207 Ac
1538 3152 1791 3221 suffragio
1823 3150 2041 3221 quidem
2091 3153 2274 3209 divino
2328 3169 2464 3223 opus
2511 3169 2647 3220 esse,
2703 3155 2864 3211 docet
2920 3154 3183 3211 Maximus
3236 3155 3457 3211 homilia
3504 3155 3591 3215 4‘2.

323 3248 559 3319 pag.28.
592 3260 649 3303 et
677 3248 896 3319 homilia
932 3246 1031 3312 64,
1061 3260 1184 3316 pag.
1214 3244 1337 3299 206.
1380 3244 1518 3311 Quin
1566 3246 1729 3301 etiam
1779 3244 1847 3298 ad
1888 3257 1947 3297 se
1990 3243 2263 3301 Christum
2308 3262 2491 3300 vocare
2534 3254 2771 3309 cunctos,
2814 3256 3035 3314 monet,
3084 3247 3457 3318 omnibusque.
3485 3263 3597 3302 sua:

322 3338 510 3407 gratia:
536 3338 780 3407 pollicem
808 3336 971 3401 dona,
1012 3335 1232 3391 homilia
1268 3334 1356 3401 ΞΟ,
1407 3349 1527 3405 pag.
1580 3334 1666 3388 56.
1725 3331 2112 3390 Eliicacitatem
2158 3352 2322 3406 porro
2359 3338 2561 3406 gratias,
2611 3353 2719 3406 qua
2774 3337 2900 3394 facit
2962 3339 3227 3407 Christus,
3269 3352 3329 3396 ut
3377 3342 3413 3396 ii
3459 3354 3595 3409 quos

323 3428 619 3482 ellicaciter
638 3428 771 3493 vult,
800 3428 1137 3498 resipiscant,
1169 3439 1567 3497 operenturque
1596 3428 1819 3492 bonum,
1849 3428 1928 3482 sic
1946 3429 2183 3496 explicat
2219 3429 2481 3483 Maximus
2505 3430 2692 3485 homil.
2719 3418 2847 3496 l08,
2871 3447 2994 3501 pag.
3024 3432 3128 3487 258
3155 3452 3169 3487 :
3217 3433 3430 3498 Revera,
3483 3435 3597 3503 fra-

328 3529 453 3584 tres,
511 3520 717 3589 quando
772 3519 1001 3572 medicus
1050 3519 1405 3590 languentium
1459 3528 1550 3571 aut
1601 3520 1786 3589 quwrit
1838 3526 1927 3572 aut
1992 3520 2200 3589 respicit
2238 3519 2527 3574 voluntates
2550 3562 2564 3585 ,
2625 3538 2739 3575 cum
2777 3539 2978 3592 semper
3019 3524 3282 3579 contraria
3333 3523 3597 3577 desiderat

327 3620 382 3663 et
403 3611 628 3681 requirat
652 3610 891 3680 inﬁrmus
908 3626 925 3673 ;
956 3609 1076 3662 hinc
1103 3617 1200 3673 est,
1232 3608 1366 3678 quod
1396 3624 1532 3661 nunc
1562 3609 1781 3678 ferrum,
1806 3623 1943 3661 nunc
1971 3608 2163 3679 ignem,
2188 3625 2323 3662 nunc
2352 3625 2533 3662 amara
2560 3609 2742 3679 pocula
2781 3611 2968 3681 ingerit
2996 3619 3046 3664 et
3082 3613 3298 3679 apponit
3324 3612 3516 3674 inritis,
3540 3620 3597 3664 ut

331 3718 513 3758 curam
533 3704 646 3756 sani
669 3703 915 3767 sentiant,
939 3716 1093 3771 quam
1118 3717 1222 3753 non
1241 3703 1476 3770 poterant
1507 3699 1699 3751 sentire
1726 3706 2062 3769 cegrotantes.
2086 3698 2157 3751 Et
2186 3700 2231 3753 si
2261 3700 2412 3753 homo
2461 3700 2682 3770 injurias
2723 3700 2959 3770 despicit,
2991 3700 3268 3754 maledicta
3295 3703 3595 3765 contemnit,

326 3800 384 3844 ut
412 3792 661 3845 sauciatis
688 3787 865 3842 morbo
886 3799 1065 3859 sponte
1088 3790 1244 3841 vitam
1272 3789 1530 3859 conferat,
1559 3795 1609 3840 et
1627 3786 1879 3853 salutem;
1903 3795 2095 3860 quanto
2115 3789 2282 3858 magis
2303 3786 2538 3841 Christus
2557 3789 2783 3843 medicus
2812 3788 3038 3844 bonitate
3067 3789 3240 3844 divina
3260 3789 3450 3845 morbis
3478 3808 3597 3845 sau-

330 3886 436 3937 cios
466 3890 815 3952 peccatorum,
844 3888 897 3933 et
918 3879 1156 3949 phrenesi
1182 3878 1456 3933 criminum
1479 3878 1798 3944 laborantes,
1821 3879 1892 3932 ad
1910 3880 2129 3935 salutem
2149 3881 2307 3934 etiam
2335 3880 2524 3935 invitos
2548 3895 2840 3947 Αττιιωιτ,
2862 3890 2912 3935 et
2934 3882 3189 3937 nolentes.
3216 3880 3261 3935 Ο
3292 3886 3336 3937 si
3366 3885 3597 3949 velimus,

334 3978 549 4047 fratres,
576 3976 621 4027 si
643 3975 856 4027 velimus
882 3988 1082 4026 omnem
1111 3974 1298 4027 mentis
1321 3982 1513 4029 nostra:
1532 3974 1819 4047 paralysim
1850 3976 2138 4046 pervidere,
2172 3976 2403 4029 animam
2429 3984 2662 4030 nostram
2690 3976 2958 4033 virtutibus
3005 3977 3300 4033 destitutam
3330 3978 3510 4048 jacere
3545 3980 3601 4034 in

332 4068 573 4121 vitiorum
601 4068 780 4120 stratis
802 4081 1122 4119 cerneremus
1138 4082 1157 4129 ;
1196 4066 1387 4119 luceret
1417 4066 1583 4133 nobis,
1607 4066 2035 4138 quemadmodum
2064 4064 2298 4119 Christus
2340 4074 2388 4119 et
2426 4072 2633 4120 nostras
2662 4064 2888 4136 quotidie
2916 4069 3101 4122 noxias
3128 4070 3334 4137 respicit
3362 4070 3601 4124 volunta-

334 4169 429 4223 tes,
461 4167 511 4211 et
541 4158 611 4211 ad
632 4157 886 4211 salutaria
915 4174 1008 4212 nos
1037 4158 1266 4211 remedia
1290 4174 1592 4213 rsurnsm'r
1622 4175 1690 4213 ετ
1722 4174 1999 4213 rsuuncsr
2021 4173 2246 4213 mvrros.
2270 4162 2335 4212 Τὸ
2363 4157 2618 4227 pertrahit
2646 4172 2777 4213 vero
2806 4168 2857 4214 et
2900 4170 3137 4231 perurget
3182 4162 3367 4216 invitos
3395 4178 3503 4217 non
3533 4176 3601 4217 eo

333 4249 569 4318 pertinet
599 4255 658 4302 ut
686 4246 885 4301 indicet
912 4250 1221 4303 necessitate
1245 4248 1365 4303 illos
1392 4248 1483 4317 q'ui
1506 4250 1876 4314 pertrahuntur
1900 4255 2338 4319 perurgenturque
2363 4249 2533 4316 premi
2553 4256 2612 4302 ut
2639 4257 2817 4317 agant,
2849 4248 2944 4303 sed
2972 4248 3221 4307 libertate
3259 4253 3493 4317 moveri,
3519 4252 3599 4305 in-

333 4340 478 4405 duci,
502 4339 884 4405 determinari;
910 4340 1009 4394 etsi
1032 4338 1175 4408 quod
1198 4338 1367 4394 libere
1390 4348 1515 4395 tunc
1536 4346 1721 4409 agunt,
1746 4354 1989 4393 amarum
2018 4339 2287 4393 interdum
2331 4340 2400 4393 sit
2421 4338 2567 4409 ipsis,
2611 4354 2711 4393 nec
2734 4339 2922 4403 libeat,
2948 4346 3007 4393 ut
3050 4355 3157 4393 non
3205 4340 3337 4394 libet
3358 4358 3598 4395 amarum

333 4440 561 4498 mgroto,
586 4445 688 4484 nec
709 4430 905 4499 placet,
929 4430 1075 4498 quod
1095 4430 1263 4485 libere
1286 4445 1317 4484 a
1340 4431 1549 4486 medico
1572 4431 1672 4485 sibi
1693 4430 2037 4500 propinatum
2059 4431 2261 4485 sorbet.
2290 4429 2472 4499 Neque
2494 4446 2623 4485 vero
2646 4446 2800 4485 secus
2822 4430 2874 4484 id
2897 4429 3158 4485 Maximus
3200 4432 3413 4500 accipit,
3438 4440 3600 4501 atque

336 4522 465 4577 illud
490 4523 723 4591 accipiat
744 4522 984 4579 Ecclesia
1007 4525 1233 4580 collecta
1263 4525 1371 4590 illa,
1398 4539 1504 4594 qua
1549 4525 1819 4580 dominica
1842 4532 2033 4593 quarta
2081 4531 2205 4594 post
2234 4522 2587 4578 Pcntecosten
2634 4524 2887 4579 sacerdos
2929 4521 3326 4580 sacriﬁcaturus
3369 4533 3507 4590 orat,
3541 4532 3600 4579 u’

336 4614 476 4670 Deus
503 4625 709 4670 nostras
738 4616 889 4669 ad-se
908 4614 1119 4669 rebelles
1139 4614 1411 4686 compellat
1437 4616 1690 4686 propitius
1712 4616 2016 4669 voluntates.
2045 4613 2250 4684 Quotus
2272 4614 2415 4667 enim
2452 4614 2680 4682 quisque
2718 4615 3015 4670 catholicus
3042 4623 3151 4680 est,
3184 4616 3274 4685 qui
3304 4614 3599 4669 Ecclesiam

337 4708 546 4775 precari
574 4708 885 4775 arbitretur,
918 4716 977 4761 ut
1018 4707 1159 4762 Deus
1189 4708 1345 4763 nobis
1391 4707 1583 4763 inferat
1631 4708 2047 4763 necessitatem?
2076 4705 2325 4761 Profecto
2375 4721 2535 4760 nemo
2564 4714 2664 4770 est,
2696 4707 2825 4775 quin
2872 4706 2948 4761 sic
2994 4704 3257 4773 intelligat
3288 4724 3300 4758 :
3334 4704 3599 4760 obluctari

335 4799 550 4869 quidem
580 4814 676 4853 eos
702 4799 795 4867 qui
823 4798 975 4852 malis
998 4798 1379 4868 cupiditatibus
1406 4800 1703 4868 agitantur;
1729 4798 1822 4853 sed
1850 4800 2022 4867 gratia
2042 4799 2155 4868 ipsa
2180 4798 2253 4852 ita
2282 4798 2488 4853 moveri
2518 4813 2583 4851 ac
2602 4798 2743 4853 vinci
2763 4796 3009 4866 denique,
3044 4806 3101 4850 ut
3122 4797 3500 4853 detenninanti
3529 4802 3599 4856 ad

337 4891 537 4943 lmnum
590 4890 702 4943 Deo
732 4889 897 4942 libere
925 4887 1137 4951 cedant,
1162 4903 1390 4958 seseque
1430 4904 1536 4943 una
1584 4889 1960 4943 determinent.
1994 4888 2194 4942 Confer
2221 4889 2626 4943 annotationem
2656 4894 2897 4942 nostram
2927 4887 2993 4940 ad
3022 4900 3144 4955 pag.
3174 4883 3298 4940 359.
3330 4886 3446 4941 iam
3476 4891 3603 4957 quid

338 4981 436 5034 sibi
466 4979 731 5033 Maximus
755 4977 1029 5032 invitorum
1059 4979 1437 5049 nolentiumque
1466 4979 1738 5033 vocabulis
1766 4980 1916 5045 velit,
1947 4980 2199 5047 cognosci
2229 4995 2297 5033 ex
2326 4981 2443 5049 ejus
2471 4978 2783 5051 prazlatione
2832 4978 2899 5033 ad
2933 4977 3122 5033 homil.
3154 4976 3276 5043 109,
3319 4995 3440 5050 pag.
3472 4982 3598 5049 564,

345 5069 396 5122 in
426 5066 568 5121 notis
593 5067 753 5137 plane
774 5073 972 5135 potest.
1005 5064 1088 5119 Ibi
1117 5066 1262 5121 enim
1292 5066 1416 5121 ideo
1436 5082 1497 5121 se
1529 5069 1745 5121 invitum
1775 5068 1921 5135 loqui
1950 5068 2045 5133 ait,
2076 5070 2219 5136 quod
2250 5069 2284 5123 ii
2313 5070 2404 5139 qui
2446 5070 2618 5138 ipsum
2644 5070 2883 5123 audirent
2912 5086 3019 5123 non
3059 5071 3495 5140 emendarentur,
3528 5076 3579 5144 pi
3604 5118 3607 5119 ν

341 5160 591 5226 griusque
620 5166 861 5226 agerent.
890 5157 1029 5223 Quid
1058 5174 1125 5212 an
1154 5158 1476 5227 loquebatur
1502 5159 1723 5215 adactus
1748 5162 2104 5215 necessitate?
2136 5160 2273 5215 Nihil
2319 5163 2515 5217 minus.
2548 5162 2803 5214 Nimirum
2834 5175 2953 5216 cum
2982 5164 3099 5219 sine
3146 5163 3321 5221 fructu
3350 5167 3602 5235 loquere-

340 5256 445 5310 tur,
474 5247 793 5317 loquebatur
813 5264 921 5303 non
952 5249 1143 5315 libens,
1176 5251 1277 5306 etsi
1306 5252 1357 5306 ei
1384 5258 1564 5306 tacere
1585 5268 1694 5306 non
1722 5252 1927 5306 liceret.
1954 5252 2069 5318 Qua
2093 5268 2162 5307 ex
2186 5268 2246 5307 re
2274 5254 2462 5322 liquet,
2485 5256 2540 5308 τὸ
2562 5252 2748 5305 invitus
2773 5251 2911 5306 idem
2936 5268 3056 5310 esse
3085 5256 3317 5312 Maximo
3340 5272 3401 5312 ac
3422 5261 3478 5313 τὸ
3502 5273 3608 5312 ηοιι

340 5335 498 5389 libens
548 5335 814 5391 Cmterum
862 5347 1173 5394 constanter
1200 5339 1432 5395 afﬁrmat
1460 5342 1762 5396 libertatem
1790 5341 1999 5396 arbitrii
2055 5343 2274 5398 illmsam
2316 5344 2511 5411 cuique
2540 5342 2751 5396 mortali
2781 5358 3017 5411 manere,
3050 5348 3164 5403 sive
3191 5350 3237 5403 is
3270 5350 3457 5419 probe,
3490 5350 3606 5405 sive

340 5444 496 5487 secus
523 5439 665 5499 agat.
697 5430 956 5487 Tractatu
981 5432 1045 5486 de
1069 5432 1327 5503 Capitulis
1356 5434 1774 5506 Evangeliorum,
1806 5451 1926 5506 cap.
1958 5435 2011 5503 8,
2034 5452 2158 5506 pag.
2192 5436 2285 5489 761
2325 5454 2337 5489 :
2371 5433 2636 5501 Liberum,
2659 5436 2850 5505 inquit,
2882 5440 3017 5509 quod
3045 5440 3242 5494 homini
3287 5442 3429 5494 dedit
3467 5442 3608 5494 arbi-

340 5524 516 5581 trium.
547 5523 712 5576 noluit
731 5525 917 5577 iterum
936 5523 1258 5595 abrumpere,
1289 5542 1353 5579 ne
1370 5542 1404 5578 a
1422 5542 1478 5579 se
1499 5542 1660 5596 nuper
1680 5543 1996 5591 concessam,
2019 5537 2075 5580 ut
2103 5527 2347 5591 diximus,
2373 5527 2537 5580 animi
2562 5526 2848 5582 libertatent
2886 5531 3213 5603 infringeret.
3249 5531 3295 5585 Ε
3301 5550 3392 5604 rgo
3416 5533 3611 5585 dimisit

337 5614 395 5666 in
414 5616 812 5685 uniuscujusque
832 5618 1048 5687 judicio,
1082 5635 1174 5688 pro
1221 5618 1401 5689 quibus
1430 5634 1646 5672 examen
1681 5622 1906 5687 futurum
1938 5618 2217 5689 [Lxxxvm]
2244 5618 2447 5673 sibimet
2473 5622 2775 5684 reservavit,
2805 5631 2859 5673 ut
2890 5624 3133 5693 jmuiatur
3161 5624 3245 5693 qui
3278 5625 3435 5693 fuerit
3468 5638 3604 5683 rens.

338 5719 389 5763 ct
414 5708 637 5769 salvetur
659 5714 744 5773 aui
768 5714 958 5768 crimen
997 5713 1178 5772 noluit.
1204 5728 1268 5766 ne
1298 5714 1586 5775 puniretttr,
1618 5713 1908 5769 admittere.
1938 5710 2117 5774 Quid?
2147 5712 2190 5767 si
2220 5711 2461 5769 Christus
2492 5712 2629 5768 Deus
2659 5728 2933 5770 servorum
2962 5728 3201 5777 suorum,
3233 5726 3368 5779 quos
3398 5709 3609 5765 actione
