4138 6186
507 286 576 342 81
1969 283 2356 342 ΡΒᾹΞΕΔΤῘῧ.
3724 296 3794 352 83

508 408 613 452 sua
637 404 840 461 movet,
869 411 938 451 ae
955 395 1122 455 ducit.
1155 410 1264 451 non
1292 402 1514 459 adnuat,
1552 393 1644 448 sed
1670 394 1930 465 perﬁciat,
1963 402 2103 449 teste
2146 394 2383 451 Maximo
2431 411 2684 454 sermone
2728 398 2820 465 b0,
2847 414 2969 470 pag.
3021 399 3142 466 504,
3169 400 3490 457 libertatem?
3524 403 3794 460 Sermone

512 493 692 540 autem
713 485 803 551 58,
825 502 948 557 pag.
970 485 1074 541 515
1098 505 1110 540 :
1137 486 1302 542 Beata
1321 493 1417 552 est,
1446 485 1638 553 inquit,
1669 485 1726 538 in
1747 484 1942 539 Christi
1965 486 2262 556 captivitate
2296 487 2622 544 libertas.....
2655 489 2854 557 Videte,
2879 500 2928 546 et
2957 492 3227 558 advertite,
3250 509 3406 563 quam
3432 510 3526 548 nos
3547 497 3796 566 expediat

511 574 706 632 Christi
731 596 843 634 esse
869 582 1114 650 captivos,
1139 581 1225 650 qui
1253 579 1422 648 captis
1447 576 1557 632 suis
1585 593 1692 630 non
1721 575 1890 631 solum
1918 586 2167 631 aeternam
2186 579 2362 632 tribuit
2383 578 2691 646 libertatm,
2723 582 2816 636 sed
2836 592 2886 636 et
2907 583 3195 651 ineﬂ'abilia
3221 583 3500 638 caelestium
3521 601 3791 640 munerum

511 668 652 723 dona
680 669 922 741 largitur.
954 669 1184 740 Ideoque
1206 669 1318 722 alio
1333 668 1388 720 in
1409 667 1522 721 loco
1544 666 1848 737 patriarcha
1869 665 2114 721 decantat
2143 684 2160 721 :
2190 667 2459 735 Converte,
2483 669 2726 736 Domine,
2755 673 3105 743 captivitatem
3143 681 3379 729 nostram
3416 677 3551 730 sicut
3580 684 3794 732 torrens

510 766 568 817 in
587 775 786 834 austro.
817 765 1129 829 Coenus,
1157 765 1249 830 ait,
1276 779 1381 818 non
1421 771 1618 826 averte,
1643 760 1699 814 id
1735 770 1834 826 est,
1863 777 2100 828 suasu,
2133 762 2358 828 DOIIINE,
2382 771 2441 816 ut
2480 765 2566 835 qui
2579 765 2891 834 jamdudum
2910 765 3055 837 capti
3079 783 3111 819 a
3131 765 3337 821 diabolo
3356 783 3552 832 sumus,
3582 769 3656 822 tui
3679 778 3791 824 tan-

511 853 633 908 dens
659 871 949 909 mereamur
967 871 1079 910 esse
1101 855 1314 925 captivi.
1347 852 1554 908 Scimus
1583 852 1741 918 enim,
1764 853 1887 922 quia
1929 851 2138 906 diabolo
2166 869 2277 907 esse
2300 853 2581 924 subjectum
2607 873 2883 926 peramara
2923 857 3154 912 conditio
3180 867 3273 922 est,
3297 867 3347 910 et
3387 858 3650 928 inexpleta
3669 861 3784 929 tibi,

513 945 762 1012 Domine,
791 947 982 1000 servire
994 945 1324 1017 jucunditas,
1355 952 1463 998 etc.
1488 942 1736 997 Christus
1756 942 1920 1011 igitur
1945 942 1996 997 in
2021 943 2178 998 nobis
2197 943 2324 998 dum
2348 954 2626 1014 operatur,
2657 955 2898 1002 nostram
2922 948 3132 1018 perﬁcit
3157 949 3478 1012 libertatem,
3509 964 3574 1003 ac
3594 949 3789 1016 jucun-

511 1036 736 1091 ditatem
765 1035 941 1101 atiert,
973 1045 1084 1091 tum
1112 1036 1365 1100 maxime,
1393 1051 1506 1088 cum
1536 1032 1778 1087 habitans
1808 1032 2052 1089 Salvator
2081 1035 2221 1091 idem
2251 1036 2347 1090 hoc
2379 1037 2639 1092 desertum
2660 1040 2897 1110 corporis
2925 1041 3124 1105 nostri,
3155 1056 3330 1093 omnes
3357 1039 3430 1093 ibi
3464 1039 3660 1094 diaboli
3702 1039 3788 1108 {a-

511 1130 710 1184 ctiones
739 1145 1073 1194 “sursum,
1101 1139 1150 1182 et
1169 1137 1424 1182 secretum
1443 1143 1506 1180 ac
1531 1142 1768 1180 securum
1791 1143 1824 1179 a
1845 1127 2242 1198 cogitationibus
2258 1129 2438 1182 steculi
2465 1145 2578 1184 esse
2603 1147 2751 1184 suum
2773 1147 2926 1186 racrr
2949 1131 3296 1185 habitaculum
3311 1171 3326 1198 ,
3348 1139 3403 1184 ut
3425 1132 3665 1202 deinceps
3693 1144 3796 1184 nos

512 1219 652 1272 intra
679 1221 1019 1288 nosmetipsos
1049 1221 1184 1274 velut
1217 1220 1273 1273 in
1303 1217 1583 1272 solitudine
1620 1219 1906 1284 constituti,
1948 1220 2161 1272 nonnisi
2188 1220 2372 1274 ctelum
2411 1223 2754 1292 respiciamus.
2775 1231 2826 1276 et
2855 1232 3084 1286 terram;
3113 1222 3220 1275 ltoo
3235 1232 3332 1288 est,
3361 1239 3466 1276 non
3505 1223 3795 1292 cogitemus

513 1309 674 1362 alium
697 1309 798 1363 nisi
818 1309 1032 1362 caelestis
1061 1310 1210 1380 regni
1233 1306 1535 1374 Dominum,
1558 1317 1606 1362 et
1632 1317 1850 1361 terrente
1876 1309 2269 1362 resurrectionis
2313 1319 2608 1376 auctorem;
2630 1326 2880 1366 sermone
2904 1309 3004 1377 19,
3023 1325 3144 1381 pag.
3173 1310 3295 1364 446.
3326 1309 3593 1379 Quidquid
3625 1327 3790 1380 porro

513 1399 698 1466 gratiae
735 1398 1003 1470 tributum}
1029 1399 1334 1453 hominibus
1363 1405 1447 1452 est
1474 1405 1597 1466 post
1625 1395 1753 1450 Ada:
1793 1396 2020 1466 lapsum,
2053 1395 2105 1450 id
2144 1395 2412 1453 Maximus
2451 1398 2756 1456 Senatoris
2783 1401 2980 1457 Christi
3021 1401 3228 1465 virtuti,
3264 1400 3454 1455 Patres
3481 1402 3789 1470 superiores

515 1489 931 1559 Scripturasque
961 1499 1198 1554 secutus,
1232 1497 1515 1558 acceptum
1561 1502 1680 1543 esse
1721 1486 2058 1542 referendum
2089 1489 2266 1544 docet.
2295 1487 2431 1544 Cum
2460 1491 2601 1545 enim
2621 1491 2879 1562 quidquid
2905 1491 3339 1561 adjumentorum
3367 1491 3435 1545 ad
3461 1491 3674 1546 beatam
3703 1493 3787 1547 vi-

516 1587 647 1645 tam,
677 1578 788 1647 jam
817 1579 942 1633 inde
963 1579 1029 1634 ab
1059 1594 1125 1634 eo
1155 1587 1418 1649 tempore,
1449 1577 1580 1633 Adm
1605 1579 1946 1648 posterisque
1967 1579 2205 1644 obvenit,
2229 1596 2298 1635 ex
2325 1581 2719 1653 redemptionis
2743 1583 2892 1640 fonte
2935 1585 3199 1650 manarit;
3221 1599 3291 1638 es
3317 1584 3434 1651 ejus
3479 1592 3628 1639 certe
3675 1586 3786 1640 vir-

514 1679 632 1727 tute
660 1674 891 1727 manarit
919 1687 1141 1728 necesse
1170 1680 1272 1738 est,
1305 1687 1466 1741 quem
1487 1671 1739 1742 passione
1760 1679 2044 1742 morteque
2065 1688 2162 1727 sua
2191 1681 2247 1728 et
2267 1689 2334 1728 ex
2358 1673 2524 1728 sacris
2545 1673 2762 1731 Litteris
2788 1690 2854 1730 ac
2874 1675 3163 1731 traditione
3190 1683 3428 1740 constat,
3452 1683 3506 1729 et
3520 1674 3789 1732 Maximus

521 1761 740 1827 fatetur,
774 1763 1080 1818 stcculorum
1101 1778 1244 1827 esse,
1271 1770 1326 1817 et
1354 1771 1655 1816 cunctarum
1678 1763 1928 1832 gentium,
1951 1779 2078 1832 quas
2101 1761 2165 1816 ub
2187 1763 2336 1817 initio
2359 1765 2533 1818 sazculi
2550 1766 2820 1830 creaverit,
2838 1764 3277 1834 Redemptorem.
3297 1764 3528 1818 Humilia
3553 1763 3638 1828 19,
3663 1779 3789 1835 pag.

515 1855 622 1920 54;
646 1856 867 1912 homilia
895 1856 985 1923 ‘20,
1015 1869 1139 1926 pag.
1177 1853 1278 1922 55;
1301 1855 1522 1911 homilia
1551 1855 1642 1917 25,
1675 1870 1798 1925 pag.
1824 1853 1910 1919 65,
1943 1853 2030 1920 66,
2055 1855 2143 1922 67,
2175 1871 2282 1924 quo
2309 1855 2431 1910 loco
2451 1871 2555 1909 non
2585 1857 2801 1910 latuisse
2823 1855 2878 1909 in
2915 1871 3068 1926 opere
3092 1857 3187 1919 ait,
3210 1865 3266 1907 ut
3288 1870 3462 1909 omnes
3489 1853 3672 1924 ubique
3699 1857 3790 1926 qui

517 1948 575 2001 in
598 1946 699 2002 Dei
727 1947 872 2003 Filio
907 1947 1128 2002 Verbum
1153 1956 1204 2002 et
1231 1963 1443 2001 carnem
1479 1947 1766 2012 crederent,
1798 1947 2141 2002 salvarentur.
2178 1945 2359 2016 Ipsum
2387 1955 2558 2001 autem
2580 1947 2738 2018 fuisse
2759 1948 2846 2016 qui
2865 1948 3175 2001 esurientem
3203 1945 3484 1999 Hebraeum
3511 1945 3785 2016 pupulum,

523 2041 756 2112 angelico
779 2042 900 2112 fecit
917 2057 1053 2111 pane
1081 2041 1237 2094 veluti
1265 2040 1456 2094 caelesti
1485 2039 1618 2092 lacte
1645 2040 2016 2109 pinguescere;
2047 2038 2220 2108 ipsum
2250 2037 2414 2093 fuisse
2440 2039 2531 2107 qui
2561 2037 2818 2092 Hebrmos
2859 2038 3145 2092 comitatus
3183 2051 3287 2105 per
3327 2038 3535 2090 arentia
3586 2036 3793 2090 deserta

512 2140 670 2196 esset,
695 2147 810 2184 cum
836 2130 954 2185 illos
984 2131 1169 2185 ctelum
1187 2139 1444 2202 pasceret,
1466 2138 1615 2200 petra
1641 2136 1865 2200 potaret.
1892 2128 2024 2195 Quis
2051 2137 2232 2184 autem
2255 2131 2466 2199 ignorat
2485 2129 2927 2195 orthodoxorum,
2952 2145 2984 2184 a
3003 2139 3154 2199 petra
3173 2129 3465 2184 indicatum
3497 2127 3790 2190 Christum,

513 2228 654 2276 teste
681 2221 906 2277 doctore
929 2221 1171 2290 gentium
1199 2220 1407 2277 Paulo?
1429 2219 1498 2275 Et
1523 2220 1743 2275 homilia
1771 2219 1860 2286 21,
1893 2233 2016 2290 pag.
2069 2220 2137 2274 72
2169 2237 2184 2288 ;
2213 2222 2431 2276 humilia
2475 2220 2562 2287 25,
2595 2236 2717 2291 pag.
2763 2221 2870 2288 7t;
2901 2229 2956 2276 et
2981 2235 3232 2276 sermone
3256 2220 3341 2286 19,
3375 2233 3498 2290 pag.
3546 2219 3670 2284 M5,
3704 2221 3793 2275 ubi

512 2314 705 2370 fecisse
733 2314 1020 2368 Dominum
1045 2314 1141 2380 ait,
1164 2321 1242 2380 ut,
1264 2317 1386 2385 quia
1414 2315 1613 2384 primus
1639 2312 1809 2367 Adam
1839 2314 1893 2366 in
1915 2314 2164 2384 paradiso
2184 2316 2487 2369 constitutus
2520 2331 2612 2384 per
2637 2313 3089 2382 intemperantiam
3116 2312 3252 2383 gula:
3271 2313 3494 2383 gloriam
3520 2312 3792 2366 immorta-

507 2398 677 2457 litatis
704 2405 970 2467 antt'scrat,
995 2405 1231 2458 eamdem
1249 2403 1691 2458 immortalitatem
1716 2403 1970 2458 secundus
1998 2405 2167 2460 Adam
2187 2404 2422 2460 Christus
2450 2423 2542 2476 per
2569 2403 2942 2458 abstinentiam
2977 2404 3361 2474 repararet..."
3387 2403 3504 2458 Hoc
3528 2406 3665 2458 enim
3687 2405 3793 2474 egit

510 2494 783 2557 Salvator,
815 2504 872 2548 ut
898 2494 1086 2548 iisdem
1110 2496 1356 2566 vestigiis,
1379 2494 1560 2563 quibus
1579 2494 1811 2548 admissa
1840 2497 2036 2566 fuerint
2079 2495 2288 2561 delicta,
2310 2507 2734 2568 purgentur......
2760 2494 2928 2566 Igitur
2949 2495 3043 2550 hoc
3065 2497 3171 2567 agit
3191 2494 3465 2561 Dominus,
3485 2505 3542 2550 ut
3571 2497 3633 2550 iis
3654 2513 3788 2564 pra:-

514 2593 744 2667 iudiciis,
775 2594 960 2666 quibus
988 2595 1143 2650 homo.
1179 2592 1433 2648 obnoxius
1459 2601 1675 2663 peccato
1701 2594 1872 2664 fuerat
1899 2591 2160 2647 liberetur.
2185 2590 2359 2646 Serm.
2392 2605 2523 2644 vero
2542 2588 2628 2654 20,
2661 2602 2784 2658 pag.
2813 2587 2941 2655 M8,
2971 2588 3267 2644 Salvatoris
3293 2588 3658 2643 misericordia
3679 2587 3792 2644 fac-

515 2691 630 2740 tum
660 2684 824 2740 fuisse
849 2684 962 2740 Noe
987 2692 1254 2755 tempore,
1282 2683 1662 2738 animadvertit
1693 2692 1790 2736 :ut
1809 2683 1941 2753 justi
1989 2683 2283 2747 evaderent,
2325 2689 2374 2734 et
2427 2681 2607 2752 injusti
2661 2680 2883 2751 amplius
2923 2679 3176 2752 {LXXXIX}
3200 2697 3303 2734 non
3349 2688 3639 2751 peccarent.
3681 2678 3795 2736 Pro

515 2773 878 2829 misericordia
905 2773 1063 2843 plane
1079 2774 1218 2828 enim
1246 2773 1495 2838 videmus,
1538 2772 1730 2840 inquit,
1766 2771 1900 2825 illud
1953 2772 2115 2843 {uisse
2161 2765 2407 2826 diluvium
2459 2787 2578 2840 quo,
2627 2772 2778 2824 relati
2825 2771 3077 2840 baptismo
3118 2771 3359 2843 quodam.
3412 2771 3565 2825 totius
3615 2771 3795 2825 mundi

517 2866 684 2938 facies
728 2876 806 2920 est
843 2866 1120 2930 innovata;
1151 2864 1349 2918 scilicet
1374 2871 1433 2917 ut
1456 2863 1544 2933 qui
1579 2861 1899 2933 perditorum
1948 2863 2140 2915 scelere
2176 2859 2416 2915 sordebat
2457 2860 2528 2914 ad
2583 2861 2823 2926 crimina,
2874 2859 3005 2914 beati
3064 2858 3183 2913 Noe
3227 2858 3542 2914 habitatione
3586 2860 3799 2930 ﬂoreret

515 2957 584 3011 ad
614 2959 842 3030 gratiam
869 2996 886 3023 ,
936 2967 986 3012 et
1024 2957 1110 3028 qui
1152 2956 1439 3026 iniquitatis
1469 2956 1639 3026 fuerat
1685 2950 2025 3023 postribulum
2075 2959 2213 3016 tunc,
2263 2951 2416 3005 modo
2471 2952 2616 3023 ﬁeret
2655 2951 2968 3006 domicilium
3017 2950 3331 3004 sanctitatis.
3379 2947 3643 3004 Diluvium
3667 2949 3795 3004 illud

517 3051 669 3121 hujus
725 3050 890 3104 nostri
932 3049 1031 3120 fuit
1082 3046 1368 3103 similitudo
1407 3045 1751 3116 baptismatis.
1805 3041 1922 3097 Hoc
1975 3043 2114 3098 enim
2169 3052 2286 3096 tunc
2333 3051 2531 3113 gestum
2585 3049 2706 3107 est,
2770 3040 2906 3113 quod
2965 3055 3100 3093 nunc
3160 3041 3332 3112 agitur
3362 3056 3380 3094 :
3410 3039 3507 3094 hoc
3565 3050 3682 3108 est,
3735 3050 3794 3094 ut

516 3139 914 3198 mberantibus
941 3155 1193 3212 aquarum
1214 3134 1474 3208 ﬂuctibus,
1504 3134 1924 3205 periclitarentur
1952 3134 2078 3188 vitia
2105 3141 2154 3186 et
2184 3133 2390 3203 justitia
2418 3132 2536 3188 sola
2563 3141 2835 3204 regnaret;
2871 3137 3219 3202 mergerentur
3245 3130 3302 3184 in
3338 3130 3654 3200 profundum
3672 3145 3793 3200 pec-

518 3242 657 3300 cata,
683 3233 934 3288 sanctitas
961 3232 1130 3286 vicina
1157 3229 1283 3285 caelo
1304 3235 1617 3300 portaretur.
1644 3225 1786 3279 Tunc
1805 3225 1962 3290 enim,
1986 3225 2120 3279 sicut
2147 3223 2279 3290 dixi,
2311 3225 2407 3278 hoc
2428 3222 2694 3296 agebatur,
2725 3223 2861 3292 quod
2882 3239 3017 3277 nunc
3045 3224 3217 3294 agitur
3243 3223 3297 3275 in
3317 3220 3553 3276 Ecclesia
3574 3220 3789 3275 Christi.

518 3329 662 3386 Nam
687 3330 824 3384 sicut
848 3326 966 3383 Noe
993 3342 1134 3390 arca,
1167 3323 1444 3379 submersis
1469 3321 1708 3377 omnibus
1734 3319 1870 3373 vitiis
1898 3326 2248 3389 peccatorum,
2282 3319 2562 3389 ferebatur,
2609 3318 2683 3372 ita
2731 3315 3055 3386 baptismatis
3100 3317 3240 3386 fonte
3269 3313 3391 3368 caelo
3419 3315 3586 3367 vicina
3613 3320 3791 3384 porta-

519 3432 601 3477 tur
630 3420 880 3486 Ecclesia,
911 3427 963 3474 et
999 3419 1179 3473 deletis
1205 3417 1440 3472 omnibus
1468 3410 1917 3484 superstitionibus
1945 3408 2220 3474 idolorum,
2248 3408 2377 3480 ﬁdes
2407 3419 2587 3480 regnat
2611 3410 2666 3462 in
2697 3409 2866 3473 terris,
2903 3422 3017 3478 quae
3043 3406 3107 3460 de
3141 3403 3431 3461 Saluatoris
3461 3409 3584 3458 arcd
3610 3417 3789 3473 proce-

517 3511 616 3565 dit.
659 3508 935 3578 Quidquid
973 3509 1115 3564 enim
1143 3506 1292 3572 boui,
1324 3504 1531 3568 salutis,
1562 3503 1686 3557 vitae
1713 3515 1874 3570 supra
1917 3507 2164 3554 naturam
2192 3499 2248 3554 in
2275 3499 2494 3554 homine
2523 3498 2643 3560 fuit,
2664 3506 2768 3561 erit.
2794 3499 2918 3563 erit,
2948 3513 3016 3553 ex
3045 3493 3328 3551 Salvatore
3357 3502 3540 3550 nostro
3569 3499 3669 3558 est,
3695 3493 3790 3561 qui

517 3616 642 3657 eum
668 3599 810 3655 Deus
848 3599 944 3663 sit,
967 3598 1256 3652 humanam
1285 3595 1355 3650 ob
1377 3593 1431 3648 id
1458 3591 1562 3648 sibi
1602 3598 1840 3646 nostram
1869 3587 2159 3658 assumpsit
2185 3595 2450 3642 naturam.
2496 3587 2761 3642 Sermone
2807 3584 2899 3652 29,
2925 3600 3045 3656 pag.
3073 3583 3178 3637 674
3208 3601 3221 3637 :
3256 3582 3323 3636 In
3349 3582 3626 3637 Salvatore
3653 3583 3791 3635 enim

513 3702 695 3748 nostro
722 3708 900 3747 omnes
938 3690 1332 3751 resurreximus,
1358 3701 1534 3741 omnes
1560 3683 1854 3745 revisimus,
1891 3695 2070 3736 omnes
2099 3680 2169 3732 ad
2197 3678 2424 3733 ctelestia
2453 3678 2954 3749 transmigra’vimus.
2987 3674 3081 3728 Est
3100 3675 3238 3728 enim
3267 3674 3322 3726 in
3348 3673 3437 3726 illo
3465 3670 3670 3726 Christo
3693 3671 3790 3727 ho-
3830 3691 3832 3694 ν

518 3785 655 3839 mine
682 3780 1082 3850 uniuscujusque
1103 3785 1338 3832 nostrum
1365 3775 1539 3828 carnis
1564 3783 1615 3828 et
1633 3772 1905 3843 sanguinis
1930 3771 2118 3840 portio.
2156 3767 2255 3825 Ubi
2281 3787 2404 3840 ergo
2431 3771 2601 3839 portio
2643 3785 2756 3822 mea
2783 3773 2987 3836 regnat,
3015 3780 3235 3835 regnare
3258 3779 3339 3816 me
3362 3764 3548 3826 credo;
3577 3762 3667 3816 ubi
3694 3763 3790 3817 do-

519 3876 746 3932 minatur
769 3872 982 3942 sanguis
1011 3884 1175 3932 meus,
1199 3884 1281 3921 nte
1307 3867 1470 3921 sentio
1495 3863 1797 3927 dominare;
1821 3862 1907 3918 ubi
1935 3863 2259 3934 gloriﬁcatur
2278 3876 2400 3914 caro
2428 3876 2564 3927 mea,
2593 3875 2674 3912 me
2700 3857 2981 3928 gloriosum
3008 3869 3120 3908 esse
3144 3869 3462 3924 cognosco...
3494 3850 3613 3942 Etsi
3659 3852 3790 3907 deli-

517 3977 604 4021 cta
630 3981 725 4020 nos
753 3941 1058 4027 excludunt,
1076 3967 1279 4013 naturtc
1307 3957 1720 4011 communionon
1746 3956 1970 4027 repellit.
2009 3952 2152 4007 Nam
2178 3960 2388 4023 propter
2409 3950 2686 4005 bonitatem
2711 3947 3014 4011 divinitatis,
3038 3945 3347 4016 peculiarem
3373 3943 3521 3998 nobis
3546 3941 3790 3999 Salvator

521 4056 670 4112 debet
698 4054 940 4124 electum
955 4068 974 4116 ;
1003 4048 1200 4106 scilicet
1225 4049 1348 4120 quia
1384 4049 1519 4103 sicut
1546 4048 1690 4103 Deus
1714 4057 1890 4102 noster
1918 4048 1972 4100 in
1999 4047 2112 4116 ipso
2152 4052 2252 4111 est,
2280 4045 2357 4098 ita
2383 4052 2433 4098 et
2470 4043 2686 4116 sanguis
2710 4050 2885 4097 noster
2924 4041 2980 4095 in
3007 4038 3100 4093 illo
3142 4047 3286 4092 est...
3311 4035 3494 4108 Neque
3518 4036 3656 4090 enim
3683 4043 3789 4089 tam

518 4148 732 4206 immitis
755 4154 833 4201 est
857 4143 1136 4207 Dominus,
1163 4149 1219 4194 ut
1238 4138 1567 4195 obliviscatur
1584 4139 1824 4204 hominis,
1847 4145 1896 4191 et
1922 4153 2026 4191 non
2055 4136 2344 4189 meminerit
2371 4134 2510 4189 illius
2537 4149 2685 4204 quem
2711 4133 2822 4203 ipse
2841 4137 3026 4203 gestat,
3053 4137 3158 4184 etc.
3189 4126 3385 4183 Confer
3411 4134 3466 4181 et
3485 4139 3788 4180 sermonem

522 4238 610 4306 55,
635 4251 757 4310 pag.
784 4233 914 4300 489,
937 4240 992 4289 et
1013 4245 1318 4288 sermonem
1345 4229 1440 4296 56,
1461 4242 1586 4302 pag.
1610 4227 1708 4283 .591
1743 4229 1832 4284 ubi
1859 4247 1871 4282 :
1902 4226 2021 4282 Una
2054 4227 2212 4295 plane
2233 4227 2340 4280 dies
2368 4233 2444 4280 est
2475 4222 2732 4285 Christus,
2763 4221 2953 4291 inquit,
2976 4220 3097 4289 quia
3125 4235 3241 4310 una?
3253 4227 3327 4273 est
3345 4219 3400 4271 in
3427 4233 3486 4310 eo
3507 4215 3789 4270 divinitatis

519 4307 804 4386 aeternitas.
851 4325 1025 4382 Hodie
1051 4331 1223 4379 autem
1250 4331 1478 4386 vocatus,
1508 4319 1643 4391 quod
1665 4335 1780 4374 eum
1803 4336 1896 4373 nec
1933 4326 2130 4372 vetusta
2157 4317 2464 4389 antiquitate
2481 4313 2886 4384 subterfugiunt,
2911 4327 3003 4364 nec
3032 4310 3207 4379 futura
3226 4307 3553 4378 ignoratione
3574 4312 3788 4377 praeter-

517 4430 672 4478 eunt:
716 4419 808 4474 sed
839 4428 1087 4490 tanquam
1109 4413 1520 4486 potentissimum
1546 4411 1716 4464 lumen
1743 4418 1930 4463 cuncta
1957 4409 2202 4472 continet,
2232 4407 2470 4460 universa
2498 4406 2780 4477 cognoscit,
2808 4411 2859 4457 et
2885 4402 3016 4456 velut
3041 4402 3097 4454 in
3125 4401 3404 4469 prtesentia
3430 4397 3643 4490 habens,
3665 4411 3788 4464 pos-

517 4515 654 4570 sidet
693 4514 888 4576 omnia,
938 4487 1059 4581 quia
1107 4505 1248 4575 apud
1290 4520 1406 4559 eum
1433 4503 1813 4570 necpratterita
1841 4500 2102 4567 labuntur,
2131 4515 2224 4554 nec
2265 4501 2439 4570 futura
2478 4496 2780 4550 celantur...
2826 4495 2973 4550 Sicut
3012 4491 3160 4548 nobis
3207 4493 3262 4545 in
3300 4491 3529 4561 futurum
3557 4488 3712 4541 vitam
3739 4494 3789 4540 et

517 4609 742 4679 gloriam
770 4603 1058 4674 pollicetur,
1090 4600 1163 4652 ita
1191 4598 1348 4652 etiam
1374 4597 1430 4651 in
1456 4596 1774 4664 prateritum
1801 4595 1864 4648 de
1882 4595 2068 4650 salutis
2087 4601 2279 4649 nostra:
2299 4609 2456 4646 causa
2476 4601 2527 4645 et
2549 4591 2847 4645 occasiones
2875 4597 3178 4652 nascuntur,
3217 4602 3279 4639 ac
3305 4587 3379 4639 sic
3417 4585 3501 4654 qui
3524 4583 3642 4636 ideo
3659 4582 3789 4636 coli-

521 4677 621 4765 tur,
651 4708 708 4752 ut
733 4699 1038 4752 misereatur
1050 4692 1165 4765 jam
1185 4690 1443 4744 misertus.
1465 4685 1543 4740 Ab
1562 4703 1622 4741 eo
1643 4704 1764 4759 ergo
1791 4688 1916 4758 facti
1936 4696 2090 4757 atque
2109 4687 2336 4758 reparati
2364 4701 2500 4739 nunc
2528 4683 2806 4754 impensius
2825 4680 3137 4735 exsultemus
3157 4680 3211 4732 in
3246 4677 3502 4747 beneﬁciis
3528 4677 3655 4740 suis,
3677 4683 3786 4765 etc.

591 4763 707 4841 XX.
747 4785 1016 4843 Justitiam
1039 4763 1219 4836 autem
1256 4792 1321 4832 ac
1341 4775 1679 4832 sanctitatem
1707 4777 2058 4832 sacramentis
2086 4776 2174 4832 vel
2203 4769 2436 4833 conferri
2473 4774 2648 4839 nobis,
2681 4772 2763 4827 vel
2791 4771 2996 4839 augeri,
3015 4770 3270 4824 constitui
3290 4783 3322 4822 a
3347 4767 3579 4822 Maximo
3605 4763 3786 4820 video.

522 4877 660 4930 Ante
684 4874 1063 4937 Abrahamum,
1091 4867 1194 4925 etsi
1221 4871 1439 4922 sanctus
1456 4861 1680 4918 antistes
1705 4871 2040 4920 sacramenta
2081 4880 2188 4920 non
2213 4872 2476 4920 memoret
2503 4862 2665 4918 fuisse
2684 4903 2700 4929 ,
2730 4861 2880 4930 signa
2928 4867 3110 4914 tamen
3133 4857 3378 4928 quaedam
3407 4857 3568 4912 fuisse
3595 4857 3791 4927 quibus

517 4971 979 5018 sacramentorum
1007 4965 1342 5031 competeret
1357 4951 1670 5026 appellatio,
1689 4953 1989 5024 quibusque
2025 4955 2196 5012 sancti
2236 4955 2555 5026 patriarcha:
2581 4969 2733 5010 suam
2766 4959 3089 5008 testarentur
3118 4951 3169 5006 in
3197 4948 3468 5005 Christum
3495 4957 3782 5005 venturum

523 5051 708 5118 tidem,
736 5065 842 5120 qua
869 5051 1083 5120 quidem
1112 5051 1219 5106 ﬁde
1245 5042 1495 5105 charitati
1514 5042 1806 5114 coniuncta
1842 5047 2324 5112 sanctiﬁcarentur,
2353 5062 2476 5102 cmn
2501 5061 2570 5101 ex
2608 5046 2776 5100 sacris
2805 5044 3020 5098 Litteris
3050 5041 3381 5110 Pati-umque
3406 5041 3701 5096 traditione
3723 5039 3789 5093 li-

521 5151 706 5215 queat,
737 5156 847 5197 non
867 5147 950 5196 est
969 5156 1065 5195 cur
1085 5141 1256 5210 ipsum
1278 5137 1557 5194 dubitasse
1575 5135 1915 5191 arbitremur.
1939 5134 2054 5190 iam
2087 5152 2220 5192 vero
2253 5151 2581 5207 quanquam,
2614 5144 2751 5191 teste
2779 5134 3013 5190 Maximo
3035 5175 3051 5201 ,
3083 5132 3491 5188 circumcisione
3519 5129 3632 5205 [xc]
3659 5145 3789 5200 pec—

519 5247 703 5296 catum
730 5233 992 5305 originale
1013 5233 1125 5302 jam
1146 5233 1273 5288 inde
1292 5235 1360 5289 ab
1387 5230 1676 5289 Abrahami
1699 5230 2029 5300 temporibus
2055 5232 2124 5287 ad
2143 5233 2412 5290 Christum
2440 5247 2617 5301 usque
2632 5230 2839 5286 Hebraei
2869 5231 3160 5293 evaderent.
3185 5235 3246 5284 ut
3266 5241 3428 5298 supra
3450 5223 3790 5280 animadver-

520 5346 643 5390 sum
671 5337 781 5396 est,
812 5342 922 5383 non
953 5333 1134 5380 tamen
1163 5324 1214 5379 ei
1233 5336 1569 5383 sacramento
1587 5323 1668 5378 vis
1688 5337 1788 5392 per
1805 5336 1926 5378 sese
1953 5321 2126 5377 inerat
2163 5323 2389 5379 tollendi
2416 5323 2647 5393 peccati,
2680 5321 2780 5376 sed
2804 5337 2900 5391 per
2925 5321 3100 5391 ﬁdem.
3131 5319 3223 5377 Sic
3246 5318 3391 5375 enim
3411 5317 3598 5373 scribit
3616 5315 3788 5371 Maxi-

521 5440 648 5489 mus
672 5429 904 5480 tractatu
931 5417 983 5486 5,
1007 5427 1188 5473 contra
1214 5415 1445 5484 Judteos,
1469 5430 1592 5490 pag.
1621 5415 1726 5472 ’140
1752 5432 1866 5487 seq.
1901 5435 1914 5470 :
1937 5416 2200 5470 Abraham
2226 5417 2332 5487 ﬁde
2345 5417 2662 5487 justiﬁcatus
2691 5424 2788 5479 est,
2819 5431 2927 5469 non
2955 5415 3360 5469 circumcisione.
3394 5411 3425 5467 1
3430 5421 3482 5466 ta
3509 5411 3646 5466 enim
3667 5408 3791 5462 dicit

527 5517 807 5588 Scriptura
835 5531 853 5569 :
882 5510 1115 5568 Credidit
1151 5508 1416 5565 Abraham
1439 5506 1568 5575 Deo,
1587 5523 1639 5568 et
1670 5510 1970 5580 deputatum
1996 5521 2074 5566 est
2094 5510 2172 5566 illi
2199 5509 2271 5564 ad
2288 5509 2566 5581 justitiam,
2588 5516 2638 5561 et
2665 5509 2859 5561 amicus
2879 5506 2977 5560 Dei
3007 5507 3298 5578 appellatus
3329 5514 3424 5560 est.
3450 5503 3592 5574 Ergo
3619 5500 3788 5554 Abra-

524 5610 652 5668 Itam
672 5627 776 5665 non
803 5625 869 5664 ea:
889 5606 1277 5662 circumcisione
1294 5601 1618 5672 justificatus
1641 5613 1733 5669 est,
1761 5605 1852 5658 sed
1878 5622 1945 5660 ea:
1965 5605 2088 5676 ﬁde.
2118 5602 2348 5659 Credidit
2376 5601 2510 5654 enim
2534 5599 2683 5653 verbo
2713 5598 2829 5665 Dei,
2861 5607 2910 5652 et
2931 5598 3253 5670 justiﬁeatus
3274 5608 3368 5660 est,
3393 5602 3443 5649 et
3475 5591 3788 5648 benedictio-

526 5718 640 5759 nem
688 5721 720 5759 a
763 5701 873 5760 Deo
901 5706 1198 5756 consecutus
1237 5703 1332 5759 est,
1364 5700 1414 5747 et
1445 5695 1552 5764 ipse
1572 5706 1619 5751 et
1662 5711 1831 5751 semen
1865 5697 1989 5759 fidei
2022 5699 2150 5760 eius.
2196 5679 2337 5751 Nam
2365 5689 2662 5760 considera,
2691 5705 2753 5745 ne
2775 5699 2958 5758 putes,
2993 5689 3434 5746 circumcisionem
3453 5687 3662 5758 signant
3682 5700 3793 5766 epse
3853 5755 3856 5758 ῃ

1137 5826 1148 5834 α
1195 5823 1226 5833 ο-
