4138 6186
280 250 359 307 sa
450 222 455 225 ‘
1766 249 2157 306 nummo.
3509 252 3583 314 ρο

277 362 541 435 ﬁdelium.
570 361 708 415 Ante
744 360 1010 414 Abraham
1033 375 1212 414 omnes
1241 360 1411 415 sancti
1435 360 1782 415 incircumcisi
1825 364 2053 433 fuerunt,
2074 372 2124 415 et
2152 363 2380 432 puritate
2421 364 2609 417 mentis
2638 362 2864 419 Domina
2898 363 3235 431 placuerunt,
3263 374 3314 419 et
3335 367 3582 435 populum

277 455 641 511 Christianum
667 455 836 524 magis
857 454 954 522 ipsi
981 454 1038 505 in
1075 468 1132 505 se
1153 461 1527 505 monstrarunt.
1560 450 1818 507 Percurre
1845 454 2079 508 ordinem
2106 456 2162 507 in
2189 456 2538 508 sacrosanctis
2567 454 2775 508 Litteris
2804 456 3047 525 positum,
3077 464 3129 510 et
3152 456 3377 510 invenies
3405 472 3580 509 omnes

273 549 358 601 ita
383 562 518 609 esse,
540 554 598 599 ut
621 544 859 598 dicimus.
892 543 1101 599 Primus
1123 547 1234 615 ipse
1271 544 1456 609 Adam,
1490 547 1576 615 qui
1603 545 1843 599 mortibus
1872 546 1971 600 Dei
2019 547 2307 616 psalmatus
2332 555 2436 611 est,
2479 548 2869 601 incircumcisus
2912 549 3219 620 permansit,
3251 547 3435 602 deinde
3454 547 3581 602 Abel

272 638 471 707 justus,
498 634 641 689 Erras
660 644 712 689 et
731 634 932 700 Euach,
959 633 1076 690 Nae
1095 644 1145 689 et
1174 634 1554 690 Melchisedech
1589 636 1836 689 sacerdos
1857 637 2043 689 summi
2073 635 2194 699 Dei,
2217 637 2350 707 justi
2376 653 2585 701 omnes,
2625 653 2787 709 neque
2812 638 3126 702 circumcisi,
3151 646 3207 690 ut
3231 638 3468 703 dicimus,
3499 653 3582 690 se-

278 726 511 780 cundum
526 742 737 779 carnem
757 727 985 795 fuerunt,
1008 733 1112 781 etc.
1138 724 1248 780 Sub
1271 727 1387 794 lege
1408 742 1571 797 porro
1600 726 1764 783 Musis
1778 718 2113 784 cmremonize
2140 728 2358 798 quidem
2386 729 2666 800 perplures
2680 739 2842 798 atque
2862 730 3008 783 varia
3038 730 3358 799 baptismata
3389 738 3575 795 erant;

279 814 374 871 sed
389 815 588 869 nullum
616 814 797 879 exhis,
821 824 1002 867 contra
1029 817 1470 885 praevaricationis
1492 816 1703 883 malum,
1739 818 2027 885 generalem
2054 820 2221 888 patuit
2250 822 2486 891 conferre
2500 821 2838 885 medicinam;
2863 821 3077 875 humilia
3093 820 3181 887 ἓξ,
3198 836 3321 891 pag.
3339 820 3426 874 65.
3443 821 3577 875 Nam

279 904 430 974 quod
452 902 522 957 ad
540 918 730 958 eorum
754 903 1166 973 applicationem
1191 903 1515 959 atterebatur
1540 905 1747 974 gratiae,
1780 906 1847 960 ad
1868 922 2065 962 novum
2088 909 2394 977 pertinebat
2422 909 2824 965 Testamentum
2849 928 2863 976 ;
2893 910 3136 980 adeoque
3148 912 3299 979 justi,
3330 913 3422 981 qui
3453 912 3574 966 l'ue-

280 1000 431 1058 runt,
463 993 627 1047 iidem
674 992 777 1046 etsi
806 1000 933 1045 ante
962 992 1384 1048 incarnationem
1414 993 1578 1049 Verbi
1606 995 1860 1056 vixerint.
1910 997 2188 1052 christiani
2222 998 2354 1063 lide,
2388 1008 2445 1053 et
2492 1001 2717 1054 caritate
2765 1015 2972 1067 revera,
3024 1009 3079 1056 et
3116 1000 3352 1066 luerunt,
3384 1010 3440 1057 et
3466 1003 3574 1056 dici

280 1086 480 1141 merito
506 1092 821 1153 potuerunt.
848 1081 1026 1149 Quare
1051 1084 1313 1139 Maximus
1337 1085 1559 1140 humilia
1580 1086 1633 1152 5,
1660 1101 1782 1156 pag.
1814 1087 1899 1152 10,
1925 1089 2098 1157 legem
2120 1106 2241 1146 cum
2263 1089 2553 1161 Evangelia
2575 1091 2860 1147 conferens
2891 1111 2903 1146 :
2932 1092 3075 1147 Duos
3102 1094 3325 1148 molares
3354 1095 3574 1164 lapides.

281 1177 474 1246 inquit,
497 1177 603 1230 duo
631 1192 743 1231 esse
764 1178 993 1232 arbitror
1008 1186 1334 1243 testamenta,
1365 1179 1462 1232 hoc
1489 1189 1566 1233 est
1593 1179 1757 1251 legem
1786 1179 1953 1235 Hosis
1981 1192 2031 1236 et
2057 1181 2398 1254 Evangelium
2424 1182 2655 1248 Domini,
2690 1201 2804 1255 quae
2834 1188 2907 1239 ita
2937 1195 3055 1239 sunt
3081 1185 3331 1255 disposita
3366 1186 3442 1238 vel
3478 1202 3575 1255 pa-

280 1281 419 1335 rata,
448 1280 508 1323 ut
528 1270 627 1324 sibi
658 1278 1015 1323 testamentum
1042 1279 1313 1341 utrumque
1333 1274 1624 1338 conveniat,
1647 1274 1779 1327 sicut
1804 1275 1879 1327 ait
1920 1273 2167 1329 Salvator
2195 1292 2213 1328 :
2247 1274 2370 1329 Non
2398 1278 2510 1329 veni
2538 1277 2735 1331 salvere
2753 1277 2936 1348 legem,
2965 1276 3055 1330 sed
3075 1276 3422 1346 adimplere...
3450 1276 3574 1337 Nisi

277 1360 625 1434 Evange'liurn
649 1363 1025 1431 superpositum
1055 1363 1256 1432 fuisset,
1288 1362 1456 1417 adhuc
1502 1365 1585 1418 lex
1606 1365 1759 1418 veluti
1790 1364 1942 1418 tarda
1979 1373 2028 1419 et
2067 1367 2238 1437 gravis
2260 1368 2461 1437 jaceret
2488 1369 2541 1419 in
2573 1376 2713 1421 terra
2736 1367 2981 1432 Iudaica,
3023 1376 3074 1421 et
3100 1369 3279 1423 unius.
3298 1369 3577 1437 provincia:

278 1455 634 1526 caaperiretur
659 1454 981 1523 angustiis...
1008 1450 1125 1506 Hoc
1152 1462 1321 1506 autem
1341 1452 1427 1508 lea:
1454 1455 1768 1524 aperabatur
1794 1456 1907 1509 sine
1936 1454 2248 1527 Evangelia,
2270 1457 2408 1527 quod
2427 1473 2530 1510 una
2558 1473 2689 1511 saxa
2716 1457 2831 1525 fieri
2851 1466 3034 1527 potest.
3063 1457 3404 1528 Caufringerc
3430 1468 3576 1529 pate-

276 1558 381 1613 rat,
406 1563 515 1602 non
542 1544 807 1617 prodesse,
836 1546 968 1598 sicut
988 1545 1064 1597 ait
1093 1544 1268 1599 beatus
1298 1548 1560 1618 apostolus
1591 1566 1608 1602 :
1639 1547 1748 1602 Lex.
1769 1558 1939 1603 autem
1959 1551 2093 1603 iram
2116 1561 2377 1620 aperatur,
2403 1551 2627 1620 gratiam
2656 1566 2773 1603 vero
2800 1565 2903 1603 non
2930 1558 3164 1619 prtestat.
3191 1548 3375 1603 Stante
3402 1560 3572 1603 autem

276 1640 410 1709 lege,
432 1635 777 1705 Evangelium
804 1634 986 1686 datum
1012 1643 1108 1699 est,
1139 1636 1277 1707 quod
1292 1639 1449 1692 veteri
1470 1642 1851 1710 superpositum
1880 1640 2207 1695 Testamento
2238 1651 2509 1710 utrumque
2538 1642 2862 1705 condecoret,
2894 1657 2955 1694 ac
2995 1649 3142 1693 tanta
3175 1642 3439 1695 velocitate
3467 1659 3569 1696 ste-

277 1736 456 1788 culum
486 1747 634 1785 omne
653 1731 967 1783 circumeat..
985 1770 998 1783 .
1030 1731 1166 1800 quod
1194 1730 1533 1805 Evangelium
1556 1744 1803 1808 tanquam
1835 1739 2070 1808 superior
2090 1738 2230 1794 mala
2259 1749 2467 1793 cunctas
2497 1739 2759 1793 credentes
2782 1739 3025 1808 suscipit,
3050 1753 3225 1791 omnes
3247 1736 3571 1789 advenientes

276 1825 490 1894 accipit,
515 1832 563 1874 et
584 1820 738 1874 veluti
762 1838 854 1890 per
872 1821 1126 1891 quasdam
1147 1824 1453 1878 cavernulas
1482 1836 1856 1897 prwceptorum
1884 1828 1954 1881 ad
1988 1830 2241 1884 interiora
2282 1831 2616 1893 transmittit;
2645 1839 2700 1881 ut
2725 1830 2796 1881 ibi
2824 1828 2942 1881 hinc
2970 1827 3090 1881 inde
3130 1826 3348 1878 duarum
3390 1823 3571 1877 Testa-

276 1931 571 1977 mentarum
590 1924 906 1977 salutaribus
933 1924 1192 1977 mandatis
1214 1927 1519 1996 gentilitatis
1548 1931 1833 2000 asperitate
1854 1932 2074 1997 mollita,
2093 1931 2348 2003 producat
2377 1948 2527 1985 annte
2548 1930 2684 2001 quod
2709 1947 2894 1999 purum
2925 1936 3068 1982 est...
3103 1925 3161 1978 Μ
3164 1926 3255 1979 alit
3281 1926 3440 1995 igitur
3465 1922 3569 1992 Sy-

276 2034 506 2087 nagoga.
535 2016 628 2070 κά
651 2015 906 2069 inutiliter
925 2016 1087 2081 mOlil,
1113 2019 1300 2087 quippe
1328 2035 1442 2088 qua:
1463 2036 1564 2073 uno
1588 2037 1717 2074 saxa
1742 2023 1927 2075 nititur
1954 2022 2217 2087 laborare,
2252 2030 2405 2093 atque
2446 2022 2559 2074 ideo
2602 2037 2702 2074 non
2737 2030 2841 2071 tam
2880 2019 3045 2080 malit,
3069 2032 3221 2087 quam
3250 2015 3488 2082 dissipat,
3517 2019 3568 2064 et

276 2107 584 2177 ‘anfringit,
615 2113 721 2159 etc.
746 2103 975 2160 Humilia
1006 2104 1093 2169 59,
1143 2120 1265 2176 pag.
1300 2106 1447 2160 “6:
1492 2108 1731 2163 Habebat
1779 2114 1898 2181 fans
1928 2113 2149 2182 (veteris
2194 2112 2349 2179 legis)
2399 2128 2603 2181 aquam,
2651 2110 2742 2163 sed
2789 2108 3113 2161 dulcedinem
3162 2121 3266 2158 non
3326 2102 3561 2156 habebat.

276 2198 409 2252 Erat
459 2196 775 2267 delegtabilis
817 2198 885 2251 ad
937 2200 1224 2263 visionem,
1272 2199 1364 2252 sed
1416 2202 1647 2255 sincerus
1691 2202 1821 2275 [xei]
1867 2219 1971 2256 non
2010 2213 2122 2257 erat
2176 2204 2244 2256 ad
2278 2217 2559 2272 soporem:
2604 2202 2794 2272 injecta
2840 2201 2977 2253 enim
3026 2214 3117 2268 per
3164 2195 3361 2249 Mosam
3401 2194 3564 2264 ligna,

276 2288 600 2342 dulcedinem
641 2288 867 2341 suaviter
914 2295 1190 2356 potarunt;
1260 2291 1650 2355 austeritatem,
1697 2308 1850 2361 quant
1895 2293 2054 2345 noxia
2106 2292 2182 2362 (a)
2212 2293 2351 2345 unda
2415 2288 2684 2363 gestabat,
2735 2290 2865 2361 ligni
2917 2287 3125 2341 abstulit
3164 2291 3560 2340 sacramentum.

277 2377 431 2443 Quod
474 2378 681 2449 quidem
715 2377 768 2428 in
816 2376 1037 2446 ﬁguram
1077 2378 1271 2446 factum
1324 2387 1466 2447 puta.
1509 2378 1710 2449 Aquam
1760 2397 1993 2435 amaram
2045 2382 2100 2435 in
2139 2381 2351 2451 myrrha
2407 2382 2567 2451 legem
2630 2397 2739 2433 esse
2785 2387 2907 2449 puta
2963 2377 3161 2430 Veteris
3211 2374 3565 2434 Testamenti,

275 2486 393 2542 qua
447 2469 533 2523 let
579 2468 878 2537 priusquam
941 2481 1089 2519 cruce
1135 2475 1503 2537 temperaretur
1546 2467 1757 2522 Domini
1784 2510 1799 2535 ,
1846 2479 1958 2523 erat
2010 2472 2291 2523 immitis...
2344 2469 2474 2524 ch
2546 2477 2623 2523 est
2659 2468 2751 2522 illa
2792 2468 3085 2520 amaritudo
3142 2481 3256 2536 qua:
3303 2462 3570 2515 dulcedine

275 2567 590 2613 commutata
639 2564 735 2619 est,
768 2555 824 2608 id
865 2563 970 2622 est,
998 2556 1272 2609 austeritas
1313 2555 1438 2626 legis
1482 2556 1749 2629 Evangelii
1800 2560 1972 2629 gratia
2024 2570 2305 2629 temperata
2347 2569 2440 2612 est.
2496 2559 2690 2612 Amara
2728 2560 2864 2611 enim
2905 2566 2982 2611 est
3047 2556 3172 2625 legis
3223 2555 3395 2607 littera
3458 2550 3571 2604 sine

276 2650 442 2704 crucis
471 2647 737 2717 mysterio,
769 2644 949 2716 dequa
970 2646 1045 2698 ait
1064 2644 1599 2715 Apastalus:thtera
1622 2648 1837 2713 occidit;
1876 2657 1930 2700 at
1968 2648 2051 2701 ubi
2092 2650 2349 2718 passionis
2390 2649 2469 2702 illi
2517 2655 2843 2701 sacramenta
2883 2648 3192 2717 junguntur,
3246 2643 3413 2696 omnis
3455 2641 3570 2710 ejus

275 2740 619 2809 spiritualiter
671 2735 964 2789 amaritudo
1020 2734 1293 2801 conditur,
1336 2744 1385 2789 et
1437 2735 1501 2789 de
1551 2753 1612 2789 ea
1661 2736 1784 2789 dicit
1827 2738 2101 2808 Apostolus
2152 2755 2168 2791 :
2218 2738 2447 2808 Spiritus
2498 2746 2667 2790 autem
2704 2736 2947 2804 viviﬁcat.
3012 2733 3079 2787 Et
3142 2731 3359 2787 humilia
3419 2729 3565 2791 116,

276 2841 399 2897 pag.
445 2825 571 2893 384,
614 2825 817 2880 scribas
869 2823 1267 2894 pharisaeosque
1316 2826 1668 2893 redarguens,
1734 2827 1825 2894 qui
1880 2828 2257 2896 neglexerant,
2318 2828 2588 2882 Christum
2630 2836 2686 2883 et
2742 2836 2867 2881 ante
2921 2833 2976 2881 et
3027 2832 3150 2895 post
3204 2822 3320 2892 ejus
3369 2820 3571 2874 adven-

276 2932 391 2977 tum
420 2921 638 2992 corpori
666 2934 764 2975 suo
794 2919 938 2973 velut
977 2934 1152 2973 escam
1182 2918 1501 2987 porrigere:
1534 2918 1658 2974 Non
1710 2923 1861 2975 unius
1907 2922 2153 2987 hominis,
2195 2923 2395 2991 inquit,
2455 2932 2652 2976 tantum
2705 2939 2797 2993 per
2843 2921 3170 2976 Salvatorem
3225 2933 3380 2971 causa
3435 2914 3571 2986 geri-

278 3025 381 3080 tur,
414 3030 509 3068 nec
536 3014 688 3067 unius
717 3011 937 3065 hominis
967 3009 1289 3063 imbecillitas
1317 3020 1644 3081 procuratur,
1673 3012 1764 3066 sed
1809 3016 1964 3068 totius
2000 3017 2204 3086 generis
2246 3015 2458 3069 humani
2497 3016 2730 3069 salvatur
2753 3014 3053 3083 infirmitas.
3086 3008 3238 3063 Nulli
3267 3016 3439 3061 autem
3468 3003 3567 3057 du-

278 3104 416 3157 bium
445 3112 543 3169 est,
572 3101 840 3155 dexteram
874 3100 949 3152 vel
977 3100 1145 3169 potius
1168 3101 1396 3167 corporis
1426 3102 1806 3170 prazclariorem
1833 3105 2139 3173 portionem,
2164 3105 2260 3159 hoc
2287 3106 2443 3175 officii
2469 3122 2664 3176 gerere,
2690 3118 2747 3157 ut
2768 3105 2957 3158 diurna
2984 3103 3229 3156 alimenta
3250 3114 3344 3153 suo
3364 3096 3571 3166 corpori

277 3194 652 3256 subministret,
681 3201 730 3245 et
751 3191 1074 3262 providentia
1100 3192 1325 3263 quadam
1354 3192 1423 3245 ad
1452 3194 1724 3265 fruendam
1750 3196 1906 3249 vitam
1933 3198 2161 3250 membra
2190 3206 2376 3252 caztera
2402 3206 2583 3268 pascat
2610 3215 2671 3251 ac
2700 3198 2912 3251 nutriat.
2938 3195 3095 3248 Hanc
3117 3194 3275 3264 igitur
3302 3190 3569 3244 dexteram

276 3288 332 3339 in
360 3284 585 3338 Iudaica
603 3283 794 3356 papula
821 3280 1016 3336 scribas
1036 3298 1145 3335 esse
1167 3281 1388 3353 dixerim
1409 3282 1486 3335 vel
1514 3282 1766 3345 doctores,
1791 3286 1875 3355 qui
1896 3285 2032 3338 velut
2055 3288 2359 3356 praeclarior
2380 3288 2549 3357 portio
2571 3288 2622 3339 in
2642 3285 3032 3339 Pharisaeorum
3057 3298 3269 3352 corpore
3288 3297 3321 3333 a
3342 3279 3569 3335 Domino

279 3375 547 3429 constituti
573 3376 904 3444 neglexerunt
932 3381 979 3426 et
1007 3383 1193 3427 caetera
1222 3374 1450 3427 membra
1477 3391 1573 3428 sua
1599 3376 1967 3445 prapltetarum
1993 3380 2215 3432 oraculis
2243 3380 2502 3449 saginare,
2533 3380 2627 3432 hac
2654 3386 2749 3441 est,
2781 3379 3056 3431 noluerunt
3084 3375 3341 3429 Christum
3364 3373 3572 3443 corpori

277 3482 392 3528 sua,
424 3465 702 3518 secundum
726 3464 1091 3533 prophetarum
1120 3464 1334 3517 oracula
1361 3465 1497 3517 velut
1524 3478 1695 3518 escam
1719 3467 1834 3519 vitta
1858 3476 2066 3521 wternte
2086 3469 2382 3538 porrigere;
2409 3478 2457 3520 et
2484 3468 2600 3522 ideo
2626 3467 2861 3521 doctrina
2890 3481 3066 3520 eorum
3094 3473 3341 3535 tanquam
3383 3479 3569 3516 manus

278 3556 422 3607 aruit
449 3553 734 3619 imbecillis,
766 3556 887 3622 quia
911 3557 1103 3625 fontem
1131 3557 1371 3625 perennis
1398 3558 1668 3627 sapientia:
1696 3575 1800 3611 non
1830 3560 2079 3627 quaesivit.
2115 3559 2398 3629 Propterea
2426 3560 2645 3631 denique
2680 3561 2876 3629 factum
2912 3567 3008 3621 est,
3039 3566 3095 3609 ut
3121 3557 3270 3623 quasi
3300 3563 3567 3607 contracta

278 3646 497 3697 dextera
523 3644 716 3698 clavem
742 3646 975 3698 scientia:
1004 3656 1173 3699 tenere
1201 3662 1303 3699 nan
1323 3656 1561 3715 posset...
1597 3646 1725 3700 Haec
1754 3658 1924 3701 autem
1952 3648 2108 3701 clavis
2150 3649 2386 3702 Christus
2426 3658 2504 3702 est
2532 3648 2803 3710 Dominus,
2835 3662 2933 3717 qua
2962 3644 3031 3697 ad
3058 3642 3414 3697 credulitatem
3442 3640 3567 3711 fidei

279 3746 540 3805 pectorum
568 3745 860 3789 nostrarum
884 3753 1079 3790 arcana
1107 3746 1419 3791 reserantur.
1450 3736 1562 3791 Ista
1584 3739 1740 3792 clavis
1769 3726 1801 3792 a
1835 3740 2119 3793 Pharistvis
2141 3740 2395 3808 perditur,
2420 3738 2485 3792 ab
2511 3738 2758 3809 apostolis
2786 3734 3063 3800 invenitur,
3093 3742 3197 3788 etc.
3230 3731 3336 3787 Sed
3364 3732 3431 3786 de
3458 3731 3568 3786 vir-

280 3833 413 3891 tute,
433 3841 540 3895 qua
569 3835 903 3880 sacramenta
932 3826 1063 3895 legis
1089 3828 1285 3882 veteris
1313 3828 1629 3891 niterentur,
1662 3829 1941 3883 hactenus.
1966 3829 2120 3884 Nunc
2144 3828 2272 3897 quid
2292 3827 2555 3883 Maximus
2589 3827 2657 3883 de
2692 3824 3042 3882 sacramentis
3069 3823 3203 3879 Novi
3236 3821 3567 3877 Testamenti

278 3922 504 3979 statuat,
532 3915 903 3970 disserendum
930 3923 1009 3970 est
1035 3917 1304 3970 brevibus.

348 4007 426 4062 De
454 4008 722 4077 baptisma
750 4016 951 4072 autem,
983 4009 1084 4063 etsi
1103 4024 1266 4078 supra
1296 4010 1538 4063 nonnihil
1565 4010 1814 4076 diximus,
1848 4012 1963 4066 haec
1989 4020 2168 4066 tamen
2196 4026 2366 4081 pauca
2397 4011 2501 4065 huc
2528 4025 2649 4066 esse
2678 4006 3045 4063 transferenda
3074 4004 3395 4061 existimavi.
3439 4002 3568 4058 Ser-

278 4112 442 4152 mone
470 4098 523 4163 3,
556 4113 677 4167 pag.
707 4097 830 4164 402,
860 4097 1163 4167 baptismum
1194 4100 1538 4153 necessarium
1556 4099 1685 4153 dicit
1706 4100 1984 4167 Maximus,
2007 4103 2127 4172 quia
2155 4102 2211 4155 in
2236 4118 2296 4155 ea
2325 4101 2558 4154 remissio
2578 4109 2905 4169 peccatorum
2932 4097 3192 4151 tribuitur.
3220 4094 3449 4149 Humilia
3474 4093 3563 4154 51,

278 4201 397 4257 pag.
430 4186 523 4251 91,
554 4188 971 4243 catechumenos
1000 4188 1279 4258 alloquens
1311 4206 1323 4241 :
1355 4187 1485 4243 Siue
1513 4188 1841 4259 baptismate,
1872 4190 2063 4258 inquit,
2096 4190 2331 4261 paradisi
2358 4189 2550 4261 gaudia
2580 4205 2682 4242 non
2721 4190 2934 4259 potestis
2960 4188 3220 4257 consequi.
3254 4184 3319 4239 Et
3345 4184 3564 4239 humilia

278 4276 367 4341 33,
395 4290 521 4347 pag.
554 4275 623 4329 96
654 4295 667 4328 :
697 4276 947 4347 Suscepto
975 4278 1280 4346 baptismate
1307 4279 1771 4349 (catechumenus)
1801 4280 1973 4349 fidelis
1999 4280 2236 4334 evadit...
2266 4279 2576 4349 Redemptor
2605 4287 2778 4331 noster
2805 4293 2898 4347 pro
2927 4277 3126 4329 cunctis
3155 4275 3565 4345 regenerationis

279 4370 508 4423 salutare
530 4370 755 4423 instituit
781 4371 1062 4423 lavacrum.
1105 4368 1333 4423 Humilia
1363 4368 1451 4435 48,
1487 4384 1609 4438 pag.
1645 4368 1747 4423 150
1781 4388 1792 4423 :
1823 4368 1936 4424 Nos
1964 4371 2223 4441 peregrini
2246 4372 2300 4424 in
2331 4370 2426 4424 hac
2455 4368 2647 4422 mundo
2671 4382 2865 4431 sumus,
2896 4374 2945 4418 et
2980 4372 3227 4432 tanquam
3256 4362 3478 4431 hospites
3506 4363 3563 4413 in

280 4460 377 4512 hac
402 4460 517 4512 lucc
544 4475 872 4513 versamur...
904 4458 1191 4529 Peregrini,
1214 4460 1445 4530 inquam,
1470 4475 1664 4523 sumus,
1693 4469 1743 4512 et
1766 4459 1912 4513 nobis
1942 4460 2232 4515 Salvataris
2266 4460 2534 4531 sanguinis
2573 4459 2737 4529 pretio
2759 4464 2928 4527 empta
2956 4464 3033 4509 est
3057 4453 3338 4524 sepultura.
3370 4450 3562 4504 Conse-

284 4550 408 4619 plti
427 4550 566 4604 enim
590 4566 786 4612 sumus,
817 4548 949 4603 sicut
976 4549 1124 4621 [xcn]
1154 4549 1229 4601 ait
1260 4550 1552 4619 Apostolus,
1582 4548 1803 4602 cumilla
1828 4566 1919 4619 per
1944 4548 2255 4620 baptismum
2280 4551 2337 4603 in
2356 4557 2592 4604 mortem.
2627 4547 2922 4619 Baptismus
2942 4546 3100 4616 igitur
3121 4541 3267 4597 nobis
3288 4549 3362 4594 est
3390 4539 3563 4609 sepul-

282 4649 419 4705 tura,
446 4641 503 4694 in
530 4657 630 4712 quo
657 4641 879 4709 peccatis
898 4640 1164 4703 morimur,
1197 4638 1496 4692 criminibus
1524 4637 1817 4705 sepelimur,
1846 4648 1916 4704 et,
1946 4641 2127 4694 veteris
2155 4640 2379 4693 hominis
2398 4639 2717 4695 conscientia
2741 4636 2986 4697 resoluta,
3021 4635 3074 4687 in
3118 4632 3335 4687 alteram
3372 4629 3563 4681 nativi-

283 4738 437 4784 tatem
479 4729 701 4783 rediviva
741 4729 971 4799 infantia
1008 4744 1344 4799 reparamur;
1392 4726 1694 4798 baptismus,
1733 4728 1963 4799 inquam,
2009 4728 2295 4783 Saluatoris
2342 4729 2489 4783 nobis
2535 4735 2611 4782 est
2648 4728 2931 4799 sepultura,
2972 4727 3093 4796 quia
3121 4732 3171 4777 et
3200 4721 3273 4775 ibi
3300 4720 3561 4791 perdimus

281 4830 415 4885 ante,
438 4819 578 4891 quod
604 4820 842 4883 viximus,
874 4828 924 4873 et
950 4818 1017 4872 ibi
1044 4818 1209 4873 denuo
1237 4818 1536 4887 accipimus,
1565 4826 1620 4869 ut
1646 4819 1892 4871 vivamus.
1925 4816 2124 4889 Magna
2152 4818 2313 4890 igitur
2342 4817 2622 4888 sepultura:
2646 4816 2799 4887 hujus
2825 4824 2899 4869 est
2921 4814 3108 4885 gratia,
3139 4813 3193 4865 in
3213 4828 3313 4882 qua
3342 4808 3488 4865 nobis
3509 4820 3561 4863 et

280 4913 419 4966 utilis
445 4927 585 4966 mors
613 4911 855 4981 infertur,
877 4918 927 4963 et
954 4911 1058 4964 vita
1084 4910 1262 4963 utilior
1280 4909 1638 4973 candonatur;
1668 4924 1880 4979 magna.
1915 4910 2143 4980 inquam,
2172 4909 2326 4979 hujus
2356 4911 2526 4981 gratia
2551 4908 2843 4977 sepultum,
2876 4919 2989 4974 qua:
3027 4912 3076 4956 et
3104 4903 3346 4973 purifical
3374 4918 3559 4972 pecca-

284 5012 441 5059 torem
467 5013 518 5057 et
538 5003 758 5072 viviﬁcat
779 5002 1099 5056 morientem.
1145 5000 1213 5054 Et
1256 5001 1475 5056 humilia
1506 5000 1593 5065 59,
1620 5014 1742 5071 pag.
1777 5000 1881 5054 185
1912 5020 1925 5054 ;
1959 5000 2336 5057 Interveniente
2374 5002 2615 5071 mysteria
2644 4996 2927 5069 (baptismi)
2960 5011 3026 5049 ea:
3062 4996 3242 5049 vetulis
3271 4995 3457 5049 iterum
3484 4994 3561 5047 vi-

264 5094 491 5157 ,deamus
518 5093 765 5164 infantes.
810 5090 1084 5146 Innavatia
1130 5093 1267 5145 enim
1308 5090 1545 5163 quiedam
1586 5099 1662 5144 est
1701 5090 1935 5144 desinere
1960 5091 2097 5163 quod
2124 5108 2259 5156 eras,
2301 5106 2563 5145 assumere
2586 5087 2722 5157 quod
2750 5095 2871 5138 ante
2899 5102 3002 5139 non
3038 5087 3241 5156 fueras;
3271 5085 3558 5147 innavatia,

279 5185 509 5255 inquam,
529 5181 793 5247 est,‘unde
816 5190 868 5235 et
887 5181 1130 5253 neaphyti
1148 5189 1528 5251 nuncupantur,
1558 5179 1695 5251 quod
1720 5181 1946 5234 novitate
1971 5180 2195 5251 quadam
2215 5180 2446 5234 maculas
2472 5176 2735 5232 vetustatis
2772 5172 3074 5245 objecerint,
3097 5175 3320 5245 gratiam
3356 5172 3558 5243 simpli-

278 5276 453 5331 citatis
479 5278 870 5348 assumpserint,
904 5276 1103 5329 dicente
1125 5273 1371 5345 Apostan
1394 5290 1412 5326 :
1436 5272 1764 5343 Deponentes
1785 5282 2000 5326 veterem
2027 5273 2283 5326 hominem
2310 5288 2425 5325 cum
2451 5269 2645 5323 actibus
2673 5268 2800 5332 suis,
2831 5266 3030 5322 induite
3057 5282 3241 5321 navum
3277 5266 3558 5327 hominem,

279 5368 363 5435 tri
381 5367 666 5425 secundum
684 5366 853 5421 Deum
880 5374 1083 5420 creatus
1108 5374 1205 5420 est.
1235 5364 1364 5419 Inde
1392 5363 1655 5418 Maximus
1672 5362 1741 5417 de
1768 5362 2024 5427 vestibus,
2055 5377 2174 5430 qua:
2202 5378 2231 5414 a
2262 5375 2449 5415 recens
2484 5357 2768 5429 baptizatis
2794 5356 3079 5427 ueophytis
3105 5353 3303 5410 assumi
3324 5369 3558 5410 consue-

279 5466 486 5524 verant,
517 5458 694 5525 deque
716 5474 902 5514 earum
923 5456 1309 5526 signiﬁcatione
1339 5455 1563 5522 loquens
1591 5466 1713 5522 pag.
1758 5452 1861 5505 186
1886 5470 1897 5505 :
1934 5451 2137 5520 Utique,
2162 5451 2348 5519 inquit,
2377 5450 2616 5520 neophgti
2645 5448 2807 5505 nostri
2836 5462 2997 5515 nuper
3023 5444 3287 5514 baptizati,
3312 5452 3561 5511 tanquam

349 5588 427 5659 (a)
470 5588 703 5644 Noxiam
744 5588 893 5654 dicit,
935 5603 1049 5659 non
1069 5586 1211 5656 quod
1239 5584 1527 5655 quidquam
1560 5583 1672 5652 ipsa
1703 5582 1860 5659 aﬂ'er-
1970 5596 2198 5659 nemque
2240 5579 2584 5638 Hebraeorum
2627 5578 2829 5636 malitia
2869 5576 2990 5634 inde
3035 5584 3273 5632 sumeret
3300 5571 3558 5646 pracvari-

280 5650 365 5720 rei
406 5650 569 5724 mali;
615 5660 710 5717 sed
755 5650 1176 5730 quo’gravis'ct
1212 5650 1403 5711 amara
1430 5650 1595 5715 esset;
1620 5653 1859 5711 occasio-
1967 5650 2142 5707 candi.
