4138 6186
524 320 586 377 ο,
1964 303 2350 359 numnum.
3736 306 3816 369 va

521 427 729 498 aquila,
752 424 995 496 depositis
1015 422 1280 478 vetustatis
1305 419 1521 484 exuviis,
1545 433 1678 472 nova
1699 415 1988 470 sanctitatis
2008 414 2311 468 indumenta
2337 422 2683 485 sumpserunt,
2705 423 2755 468 et
2785 413 3142 486 fatiscentibus
3165 415 3392 486 antiquis
3417 416 3654 482 maculis,
3675 419 3812 474 sicut

521 516 707 588 plumis
727 515 917 570 levibus
945 514 1168 568 rediviva
1187 513 1360 583 gratia
1390 507 1794 563 immortalitatis
1818 514 2094 569 ornantur,
2123 507 2197 558 ita
2225 513 2281 556 ut
2302 505 2358 558 in
2381 504 2460 556 his
2485 505 2760 558 senectutis
2784 505 3002 558 occidua
3027 512 3239 575 peccata
3268 504 3551 570 senuerint,
3575 506 3679 559 vita
3704 523 3811 561 non

520 609 775 673 senuerit;
804 616 1050 675 tanquam
1069 603 1244 673 aquila
1263 603 1317 654 in
1346 599 1561 668 pullam,
1591 598 1724 651 sicut
1751 596 1828 649 illi
1859 595 1914 648 in
1944 595 2227 665 infantiam
2254 594 2496 647 revocati.
2521 591 2617 646 Est
2645 594 2720 646 eis
2754 593 2930 647 swculi
2971 593 3032 646 de
3053 594 3454 648 conversatione
3472 595 3688 659 notitia;
3718 597 3812 650 sed

523 697 671 750 adest
690 696 797 749 illis
817 694 1035 764 justitiaz
1059 692 1123 745 de
1147 689 1478 759 reparatione
1514 686 1785 740 securitas.
1817 681 2018 738 Confer
2045 697 2349 737 sermonem
2389 681 2443 746 8,
2477 694 2598 751 pag.
2633 680 2759 746 M8,
2793 691 2848 736 et
2875 696 3036 738 scrm.
3079 681 3168 746 Η,
3208 696 3330 752 pag.
3358 681 3482 746 426,
3516 683 3605 738 ubi
3637 702 3650 736 :
3679 683 3812 754 Cum

525 785 758 839 Christus
780 783 1053 844 Dominus,
1086 781 1278 848 inquit,
1307 779 1538 832 initiaret
1563 773 1813 828 Ecclesia:
1840 775 2187 836 sacramenta,
2212 771 2336 825 caelo
2365 772 2656 839 supervenit
2680 770 2932 826 columba.
2968 771 3212 842 Intelligo
3239 773 3558 842 mysterium,
3583 791 3809 845 agnosco

523 876 680 929 etiam
703 880 1102 927 sacramentum.
1134 866 1381 923 Columba
1406 867 1544 920 enim
1572 866 1687 933 ipsa
1720 871 1799 917 est
1817 877 1930 934 qua:
1955 877 2093 914 nunc
2131 860 2200 913 ad
2229 858 2520 913 Ecclesiam
2547 857 2740 925 Christi
2768 861 2820 913 in
2849 858 3099 930 baptismo
3128 861 3283 924 venit,
3315 877 3429 932 quas
3455 865 3714 934 quondam
3751 865 3809 918 in

523 981 702 1018 arcam
723 962 841 1017 Noe
865 963 1054 1016 diluvio
1082 960 1395 1032 properavit,
1421 966 1542 1011 tunc
1569 955 1649 1009 illi
1669 953 1999 1009 securitatem
2025 952 2346 1005 annuntians
2374 952 2520 1005 oliva:
2558 967 2724 1018 ramo,
2754 951 2906 1006 modo
2953 951 3072 1005 huic
3115 968 3510 1008 ETERNITATEII
3538 957 3809 1026 conferens

523 1056 806 1110 divinitatis
836 1054 1048 1108 indicio.
1073 1052 1133 1106 Et
1165 1050 1350 1107 homil.
1375 1049 1462 1114 98,
1493 1061 1616 1118 pag.
1642 1044 1743 1100 529
1767 1064 1779 1098 :
1809 1043 2058 1109 Quaenam
2089 1051 2164 1096 est
2196 1042 2290 1096 illa
2317 1058 2452 1113 aqua
2472 1059 2587 1112 qua:
2623 1043 2876 1097 consumit
2904 1042 3166 1111 flammas,
3195 1059 3288 1096 nec
3315 1044 3431 1113 ipsa
3458 1047 3812 1099 consumitur?

525 1143 632 1198 Illa
659 1153 754 1210 est,
778 1151 919 1214 puto,
944 1157 1058 1214 qua:
1084 1143 1139 1196 in
1167 1142 1374 1195 lavacro
1404 1137 1467 1192 de
1496 1136 1689 1190 Christi
1721 1137 1860 1206 fonte
1889 1135 2170 1204 profluens,
2196 1149 2298 1188 non
2341 1134 2659 1187 consumitur
2687 1149 2718 1186 a
2745 1133 3114 1204 peccatoribus,
3156 1133 3247 1188 sed
3283 1133 3529 1204 gehenna:
3555 1137 3814 1188 consumit

521 1233 784 1288 incendia.
813 1229 943 1296 Quae
971 1232 1092 1286 dum
1120 1248 1210 1301 per
1237 1229 1546 1300 baptismum
1572 1227 1884 1299 infunditur,
1917 1234 1966 1279 et
2001 1226 2116 1296 ipsa
2143 1225 2198 1278 in
2218 1224 2509 1279 hominibus
2537 1234 2587 1278 et
2615 1227 2801 1279 tartari
2829 1225 3103 1297 restinguit
3129 1225 3386 1280 ardorem.
3427 1227 3564 1282 Vivit
3584 1228 3737 1299 plane
3755 1231 3812 1281 in

523 1324 833 1391 hominibus,
859 1325 991 1379 sicut
1022 1324 1095 1378 ait
1124 1320 1380 1378 Dominus
1401 1338 1420 1376 :
1441 1321 1588 1393 Aqua
1624 1329 1797 1374 autem
1818 1335 1970 1391 quam
1995 1335 2089 1387 ego
2119 1316 2252 1372 dabo
2281 1319 2348 1382 ei,
2378 1318 2468 1387 ﬁet
2500 1317 2556 1370 in
2585 1333 2644 1370 eo
2675 1314 2790 1386 fons
2820 1331 2968 1386 aqua:
3008 1301 3341 1381 salientis,'et
3368 1316 3583 1386 reliqua.
3618 1316 3812 1371 Mirum

521 1428 643 1484 ergo
665 1414 718 1468 in
737 1412 946 1469 modum
967 1429 1099 1483 aqua
1121 1410 1312 1466 Christi
1340 1427 1445 1464 una
1473 1409 1749 1480 eademque
1769 1407 2066 1478 operatione
2087 1414 2137 1460 et
2164 1408 2388 1476 vivificat
2427 1416 2475 1460 et
2503 1407 2802 1478 exstinguit.
2845 1405 3083 1476 Viviﬁcat
3109 1406 3246 1460 enim
3274 1409 3498 1471 animas,
3523 1408 3709 1462 delicta
3729 1427 3811 1464 re-

522 1505 758 1575 stinguit.
790 1501 905 1556 Has
935 1501 1130 1556 lavacri
1166 1502 1248 1556 sui
1284 1500 1554 1570 refrigerio
1585 1507 1814 1568 reparat,
1851 1495 1972 1551 illas
2001 1497 2220 1568 gurgitis
2250 1497 2329 1550 sui
2369 1495 2510 1548 unda
2538 1496 2824 1560 consumit;
2853 1503 2922 1561 et,
2950 1495 3085 1564 quod
3111 1495 3180 1548 ad
3205 1495 3459 1566 majorem
3490 1495 3812 1567 baptismatis

522 1594 741 1662 pertinet
765 1591 1007 1663 gratiam,
1034 1590 1174 1661 apud
1202 1605 1411 1660 superos
1440 1589 1738 1658 mysterium
1777 1586 2082 1651 celebratur,
2107 1594 2156 1638 et
2184 1585 2323 1655 apud
2360 1585 2556 1656 inferos
2583 1583 2817 1655 gehenna
2845 1585 3245 1655 restinguitur...
3277 1583 3382 1638 Hic
3409 1585 3463 1639 in
3492 1588 3634 1657 fonte
3659 1588 3811 1642 homo

527 1682 795 1752 mergitur,
821 1690 870 1734 et
894 1681 1001 1734 illic
1028 1681 1092 1734 de
1111 1687 1312 1734 tartara
1341 1677 1608 1733 liberatur.
1642 1676 1749 1732 Sed
1777 1693 1870 1730 nec
1915 1677 2103 1730 mirum
2131 1675 2178 1728 si
2213 1676 2265 1728 in
2307 1673 2548 1744 baptismi
2582 1682 2908 1728 sacramento
2947 1674 3210 1744 aperiatur
3235 1675 3662 1744 infernum,,cam
3693 1685 3812 1730 tunc

523 1788 722 1842 quoque
751 1779 1004 1826 reseretur
1033 1779 1083 1824 et
1105 1764 1500 1840 caelum.[xcm]
1529 1765 1843 1837 Aperiantur
1867 1765 2004 1818 enim
2045 1764 2155 1818 hate
2194 1764 2460 1828 elementa,
2494 1771 2552 1815 ut
2588 1763 2658 1815 ad
2703 1761 2966 1816 lavacrum
3005 1761 3196 1816 Christi
3233 1764 3500 1816 conveniat
3527 1763 3736 1818 libertas
3763 1774 3812 1818 et

523 1862 714 1930 gratia.
745 1858 980 1914 Libertas
1009 1859 1146 1912 enim
1176 1857 1536 1911 resurrecturis
1559 1853 1816 1920 tribuitur,
1841 1854 2011 1925 gratia
2030 1855 2395 1924 regnaturis...
2421 1850 2508 1905 Illi
2535 1853 2622 1924 qui
2650 1861 2798 1905 erant
2826 1853 2958 1906 servi
2987 1853 3208 1922 peccati,
3237 1851 3386 1907 liberi
3407 1853 3540 1923 ﬁunt
3561 1855 3808 1925 justitiaz;

525 1951 577 2010 lti
603 1953 690 2023 qui
711 1951 966 2023 angustiis
993 1950 1171 2005 δαίσειιὶ
1203 1948 1522 2014 tenebantur,
1567 1947 1804 2018 paradisi
1842 1962 2046 1999 amoma
2072 1947 2379 2016 percipiunt.
2413 1942 2480 1998 In
2521 1944 2775 2014 baptismo
2813 1960 2934 2014 ergo
2964 1941 3155 1998 Christi
3184 1944 3486 2014 aperiuntur
3527 1947 3656 2012 coeli,
3688 1963 3811 2016 ape-

524 2046 729 2098 riuntur
757 2054 807 2098 et
837 2053 1056 2098 tartara.
1084 2043 1216 2098 Inde
1243 2053 1300 2096 ut
1328 2043 1558 2112 Spiritus
1587 2050 1797 2095 sanctus
1827 2041 2088 2107 adveniat,
2120 2041 2243 2094 illac
2270 2049 2325 2093 ut
2354 2039 2714 2094 misericordia
2745 2039 3036 2094 Salvatoris
3057 2038 3290 2093 accedat.

603 2131 740 2188 XXI.
782 2133 952 2202 Negat
979 2148 1144 2203 porro
1172 2131 1433 2187 Maximus
1462 2132 1643 2186 iterari
1671 2131 1991 2200 baptismum
2023 2146 2202 2201 posse,
2236 2130 2453 2186 bomilia
2485 2128 2577 2194 28,
2606 2143 2729 2200 pag.
2755 2129 2861 2182 ὅδε
2895 2145 3016 2183 nam
3047 2129 3100 2184 id
3147 2130 3239 2184 ille
3268 2135 3665 2184 sacramentum
3687 2142 3810 2183 cum

523 2227 869 2297 cleemosyna
897 2225 1183 2282 conferens
1207 2242 1220 2278 :
1258 2223 1565 2289 Lavacrum,
1597 2223 1787 2294 inquit,
1812 2224 1971 2278 semel
1995 2225 2169 2291 datur,
2191 2232 2241 2278 et
2259 2224 2418 2278 semel
2447 2223 2648 2275 veniam
2675 2219 2984 2292 pollicetur;
3013 2219 3388 2292 eleemosynam
3409 2227 3580 2273 autem
3608 2219 3810 2290 quoties

526 2323 728 2392 feceris,
761 2322 910 2375 toties
938 2319 1141 2374 veniam
1162 2320 1491 2388 promereris.
1524 2315 1582 2371 Id
1610 2324 1789 2371 autem
1819 2316 1965 2384 quod
1993 2324 2075 2371 est
2096 2316 2164 2372 de
2192 2317 2556 2386 eleemosyna,
2590 2321 2649 2367 ut
2695 2315 2973 2385 ἐμφατικῶς
2996 2327 3028 2366 a
3058 2327 3118 2366 se
3145 2311 3344 2367 dictum
3365 2310 3632 2376 ostendat,
3661 2309 3808 2364 salva

525 2429 588 2470 se
613 2413 718 2484 ﬁde
741 2413 978 2469 locutum
1008 2411 1210 2467 scribit.
1236 2408 1354 2465 Non
1385 2409 1526 2463 enim
1549 2408 1593 2463 is
1617 2415 1734 2462 erat
1767 2407 2048 2473 Maximus,
2079 2408 2170 2476 qui
2199 2409 2555 2479 eleemosyna:
2577 2406 2683 2459 vim
2706 2417 2825 2458 esse
2858 2402 3198 2458 tribuendam
3243 2402 3563 2458 sacramenti
3583 2401 3810 2456 arbitra-

530 2507 698 2555 retur.
735 2500 868 2555 Vide
895 2509 949 2555 et
976 2507 1134 2554 tract.
1159 2497 1195 2550 2
1221 2499 1285 2551 de
1312 2497 1600 2568 Baptismo,
1630 2509 1751 2565 pag.
1783 2497 1814 2548 7
1820 2495 1884 2548 I7
1910 2511 2024 2564 seq.

597 2591 762 2646 XXII.
802 2592 879 2646 De
902 2590 1244 2647 unctionibus
1273 2597 1400 2644 ante
1427 2588 1750 2658 baptismum
1779 2585 1953 2657 deque
1978 2586 2097 2641 aliis
2115 2585 2433 2655 quibusdam
2461 2587 2652 2641 ritibus
2675 2601 2971 2657 eorumque
2999 2583 3387 2656 signiﬁcatione
3414 2583 3628 2640 disserit
3648 2582 3809 2638 Maxi-

525 2699 647 2738 mus
693 2691 852 2738 tract.
885 2682 910 2735 1
945 2691 1000 2739 et
1021 2681 1057 2736 2
1084 2681 1146 2735 de
1174 2681 1464 2751 Baptismo,
1514 2693 1637 2750 pag.
1667 2677 1768 2731 710
1790 2692 1941 2747 seqq.
1975 2676 2147 2731 Reddi
2169 2685 2430 2746 prxterea
2464 2678 2784 2748 symbolum,
2817 2676 3312 2747 professionemque
3333 2673 3454 2730 ﬁdei
3483 2674 3654 2729 emitti
3680 2680 3808 2729 ante

525 2774 849 2846 baptismum
868 2772 1233 2837 consuevisse,
1265 2771 1408 2825 idem
1430 2769 1596 2825 tradit
1615 2767 1879 2822 Maximus
1907 2766 2060 2832 ibid.,
2089 2781 2210 2836 pag.
2241 2766 2360 2820 7-14.
2395 2766 2592 2821 Scribit
2620 2767 2842 2836 insuper
2883 2780 3005 2838 pag.
3042 2766 3144 2820 715
3175 2784 3188 2819 :
3224 2764 3554 2820 Ostendimus
3582 2778 3671 2818 vos
3708 2779 3801 2834 per

525 2863 694 2919 oleam
713 2864 1146 2934 sanctiﬁcationis
1173 2861 1245 2915 ad
1272 2860 1504 2915 auditum
1528 2859 1654 2929 fidei
1682 2865 2026 2927 prwparatos,
2047 2865 2097 2910 et
2125 2855 2309 2910 bonum
2330 2854 2524 2909 Christi
2551 2857 2759 2911 odorem
2789 2865 3014 2924 vocatos,
3047 2873 3111 2911 ex
3132 2864 3239 2911 toto
3269 2855 3423 2910 corde
3442 2855 3810 2910 abi-enuntian-

527 2955 647 3010 dum
675 2971 785 3010 esse
811 2954 1260 3009 commonitos.....
1293 2949 1504 3004 Emissa
1525 2949 1808 3002 certissima
1837 2948 2096 3011 cautione,
2118 2963 2218 3018 qua
2244 2962 2332 3000 vos
2357 2946 2724 3001 abrenuntiare
2752 2946 2987 3002 omnibus
3007 2949 3227 3019 pompis,
3258 2958 3306 3002 et
3332 2947 3568 3018 operibus
3596 2947 3727 3017 ejus,
3754 2955 3807 3000 et

526 3052 667 3107 omni
697 3048 1030 3122 fornicationi
1058 3043 1327 3100 diabolicw
1353 3042 1724 3114 spopondistis,
1755 3040 2091 3095 descendistis
2120 3040 2173 3094 in
2197 3041 2394 3112 fontem
2412 3055 2641 3103 sacrum,
2673 3041 2869 3110 fontem
2899 3040 3033 3106 vitaz,
3059 3041 3253 3112 fontem
3273 3040 3662 3108 redemptionis,
3688 3041 3807 3111 fon-

528 3149 631 3198 tem
675 3143 1059 3213 sanctificatum
1084 3139 1269 3192 virtute
1289 3137 1498 3205 cazlesti,
1527 3144 1577 3190 et
1613 3135 1686 3188 ita
1711 3135 2113 3204 sanctiﬁcatum,
2164 3142 2220 3184 ut
2248 3132 2502 3198 homines,
2525 3149 2616 3204 per
2637 3136 2800 3187 multa
2818 3142 3032 3202 peccata
3058 3133 3318 3201 diluendo,
3350 3135 3659 3206 sanctiﬁcet.
3683 3133 3808 3189 Non

527 3236 667 3290 enim
686 3234 878 3288 debetis
902 3233 1024 3288 illas
1050 3248 1211 3303 aquas
1241 3230 1403 3284 oculis
1425 3230 1705 3295 aestimare,
1736 3228 1826 3282 sed
1853 3235 2041 3282 mente.
2085 3225 2230 3280 Nam
2255 3226 2352 3281 etsi
2379 3224 2670 3280 substantia
2714 3224 2857 3279 illius
2886 3241 3034 3296 aqua:
3059 3225 3125 3278 de
3153 3226 3412 3280 communi
3436 3241 3684 3296 aquarum
3707 3241 3805 3278 na-

525 3336 646 3384 tura
663 3330 751 3396 sit,
779 3329 988 3398 effectus
1029 3336 1201 3380 tamen
1228 3324 1392 3395 ipsius
1430 3339 1496 3377 ex
1522 3322 1620 3377 Dei
1647 3323 1815 3393 gratia
1841 3329 1891 3375 et
1919 3321 2102 3374 virtute
2129 3319 2476 3390 procedit.....
2511 3317 2756 3398 Spiritus-
2777 3318 2912 3372 enim
2939 3325 3151 3372 sanctus
3177 3319 3233 3372 in
3258 3317 3354 3372 illa
3381 3335 3517 3389 aqua
3544 3325 3801 3388 operatur,

525 3430 582 3476 ut
607 3421 696 3493 qui
721 3430 843 3475 ante
869 3419 1178 3489 baptismum
1201 3419 1520 3474 diversorum
1540 3418 1814 3472 criminum
1836 3417 1912 3470 rei
1942 3413 2314 3468 tenebantur...
2349 3420 2465 3482 post
2490 3393 2799 3483 baptismum
2817 3412 2883 3464 in
2911 3410 3154 3466 ccelorum
3181 3427 3398 3482 regnum
3420 3412 3619 3466 intrare
3639 3426 3804 3464 merc-

524 3522 818 3568 antur"...
874 3511 942 3566 In
981 3512 1076 3566 hoc
1104 3528 1226 3583 ergo
1255 3512 1396 3582 fonte
1423 3519 1696 3582 antequam
1738 3524 1825 3562 vos
1854 3515 1960 3562 toto
1981 3523 2194 3574 corpore
2217 3506 2564 3577 tingeremus:
2596 3504 2963 3575 (immersione
2985 3518 3214 3574 namque
3243 3503 3475 3559 conferri
3502 3505 3800 3575 baptismus

522 3604 922 3673 consueverat),
946 3602 1372 3673 ihterrogavimas
1398 3617 1416 3655 :
1446 3599 1628 3656 Credis
1654 3601 1710 3654 in
1736 3598 1901 3653 Deum
1921 3598 2133 3652 Patrem
2159 3595 2598 3667 omnipotentem?
2628 3594 3025 3666 Respondistis:
3069 3591 3255 3648 Credo.
3291 3592 3487 3648 Rursus
3508 3596 3801 3666 interroga-

524 3699 687 3752 vimas
709 3712 730 3749 :
759 3695 940 3750 Credis
968 3703 1015 3748 et
1038 3695 1093 3748 in
1112 3694 1292 3748 Iesum
1312 3691 1573 3747 Christum
1603 3689 1650 3743 F
1653 3690 1798 3744 ilium
1818 3689 1948 3760 ejus,
1979 3690 2066 3758 qui
2094 3695 2369 3758 conceptas
2392 3695 2468 3741 est
2497 3685 2559 3739 de
2580 3685 2782 3756 Spiritu
2810 3692 3011 3749 sancto,
3041 3693 3091 3737 et
3118 3690 3274 3736 natas
3310 3690 3388 3736 est
3405 3698 3472 3736 ex
3501 3681 3675 3736 Maria
3696 3684 3803 3737 vir-

521 3789 676 3858 gine?
699 3787 1054 3857 Respondistis
1075 3785 1303 3856 singuli:
1326 3783 1513 3836 Credo.
1549 3783 1744 3835 Iterum
1762 3783 2190 3852 interrogaviinus
2217 3797 2234 3834 :
2258 3777 2437 3833 Credis
2461 3787 2512 3833 et
2538 3779 2592 3832 in
2628 3777 2887 3847 Spiritum
2931 3775 3203 3831 sanctum?
3232 3773 3588 3845 Respondistis
3610 3775 3801 3828 simili-

523 3886 604 3932 ter
629 3894 646 3931 :
678 3874 862 3930 Credo.
899 3873 1028 3928 Haec
1057 3881 1226 3927 autem
1254 3873 1467 3943 fecimus
1491 3871 1649 3941 jtwta
1667 3869 1881 3924 Domini
1900 3871 2069 3923 nostri
2083 3869 2210 3923 J'esu
2229 3867 2418 3923 Christi
2460 3868 2750 3924 Salvatoris
2777 3868 3069 3939 imperium,
3098 3867 3204 3938 qui,
3233 3882 3349 3919 cum
3395 3864 3465 3918 ad
3503 3863 3718 3918 Patrem
3743 3867 3802 3919 in

525 3970 676 4025 catlos
697 3967 1018 4031 ascenderet,
1051 3965 1335 4034 discipulis,
1358 3961 1414 4016 id
1433 3973 1509 4016 est
1537 3959 1808 4032 apostolis,
1839 3959 2168 4015 demandavit
2192 3959 2366 4014 dicens
2393 3975 2411 4012 :
2442 3958 2639 4023 Eantes
2679 3955 2934 4028 baptizate
2960 3973 3135 4011 omnes
3157 3964 3330 4027 gentes
3374 3955 3430 4008 in
3459 3955 3666 4008 nomine
3691 3955 3801 4008 Pa-

525 4061 640 4124 tris,
682 4067 733 4111 et
771 4057 920 4120 Filii,
947 4065 998 4110 et
1029 4054 1256 4126 Spiritus
1283 4058 1468 4122 sancti,
1501 4054 1742 4109 docentes
1779 4069 1865 4109 eos
1898 4068 2101 4106 servare
2123 4052 2297 4105 omnia
2325 4065 2635 4122 quazcanqae
2662 4048 2908 4103 mandavi
2936 4047 3094 4103 vobis.
3123 4046 3292 4104 Nemo
3317 4057 3487 4102 autem
3515 4063 3629 4099 cum
3656 4047 3803 4101 audit

525 4145 760 4210 Patrem,
791 4154 841 4200 et
869 4145 916 4197 F
920 4145 1082 4210 ilium,
1125 4150 1177 4197 et
1212 4141 1467 4214 Spiritum
1489 4152 1745 4208 sanctam,
1785 4151 1884 4197 tres
1913 4142 2035 4198 deos
2065 4158 2158 4196 nos
2179 4141 2394 4196 testimet
2421 4140 2676 4210 conﬁteri.
2713 4137 2862 4202 Quod
2882 4138 3209 4210 sacrilegium
3238 4134 3402 4210 [χειν]
3431 4136 3564 4191 absit
3593 4136 3742 4207 longe
3767 4152 3802 4189 a

523 4237 630 4309 fide
675 4244 872 4300 nostra,
896 4237 1016 4306 quia
1035 4251 1196 4290 unum
1217 4233 1382 4290 Deum
1409 4244 1608 4290 tantum
1635 4251 1764 4298 esse,
1795 4235 1911 4302 ipso
1933 4239 2226 4297 attestante,
2253 4232 2694 4302 cognovimus.....
2728 4228 2854 4283 Tres
2883 4246 3002 4300 ergo
3031 4244 3278 4299 personas
3307 4236 3532 4282 tenemus
3551 4236 3602 4282 et
3626 4228 3799 4283 credi-

524 4343 658 4391 mus,
693 4326 750 4380 id
772 4335 870 4393 est,
891 4324 1103 4378 Patrem
1123 4333 1171 4378 et
1203 4322 1422 4393 Filium,
1444 4332 1494 4378 et
1518 4324 1774 4393 Spiritum
1802 4333 2058 4387 sanctum,
2086 4323 2240 4376 unius
2267 4319 2524 4390 potentiw,
2566 4319 2718 4372 unius
2764 4316 3080 4382 substantiae,
3109 4317 3262 4369 unius
3301 4316 3624 4382 azternitatis,
3649 4318 3800 4371 unius

523 4416 820 4480 voluntatis,
870 4416 1020 4469 unius
1060 4415 1218 4470 etiam
1263 4413 1490 4478 deitatis,
1539 4420 1588 4466 et
1637 4422 1798 4467 totam
1843 4411 2148 4466 Trinitatem
2174 4413 2326 4466 unius
2348 4410 2445 4465 Dei
2473 4409 2818 4482 appellatione
2835 4424 3158 4462 veneramur.
3191 4405 3412 4462 Credere
3431 4417 3600 4462 autem
3627 4409 3799 4479 plures

523 4509 665 4574 deos,
692 4509 896 4580 gentilis
917 4509 1150 4579 impietas
1178 4516 1273 4562 est.
1307 4504 1376 4559 Et
1396 4507 1598 4560 iterum.
1623 4503 1748 4561 Non
1769 4505 1978 4561 credere
1999 4515 2101 4560 tres
2123 4522 2371 4577 personas
2391 4505 2542 4558 unius
2560 4502 2863 4558 substantia:
2881 4505 2935 4557 in
2956 4519 3061 4556 una
3083 4502 3288 4567 deitate,
3313 4511 3462 4573 atque
3487 4502 3798 4574 aequalitate,

522 4603 598 4655 vel
623 4601 992 4664 cowternitate,
1038 4599 1280 4654 hwrctica
1309 4599 1567 4654 dementia
1593 4608 1704 4664 est;
1751 4616 1866 4654 cum
1903 4600 2181 4669 manifesta
2210 4599 2319 4653 hazc
2357 4599 2444 4661 sit,
2474 4614 2625 4669 quam
2653 4596 2898 4662 diximus,
2943 4596 3220 4650 auctoritas
3261 4593 3451 4649 Christi
3481 4612 3499 4649 :
3531 4595 3802 4665 Baptizate

522 4711 699 4748 omnes
726 4703 898 4766 gentes
923 4691 978 4746 in
1006 4691 1212 4746 nomine
1248 4690 1450 4757 Patris,
1475 4701 1525 4745 et
1562 4689 1715 4760 Filii,
1743 4702 1792 4748 et
1832 4691 2058 4764 Spiritus
2079 4692 2312 4746 sancti...
2348 4689 2478 4745 Haec
2507 4700 2676 4745 autem
2704 4705 2818 4760 qua:
2855 4688 3114 4760 hucusque
3141 4687 3384 4756 diximus,
3416 4697 3685 4759 postquam
3711 4702 3799 4742 vos

523 4785 730 4840 credere
750 4785 1079 4856 promisistis,
1105 4784 1253 4836 tertio
1274 4786 1496 4852 corpora
1515 4792 1685 4837 vestra
1703 4786 1760 4837 in
1785 4786 1926 4854 fonte
1957 4782 2315 4837 demersimus.
2344 4779 2444 4848 Qui
2465 4780 2590 4834 ordo
2612 4778 2937 4850 baptismatis
2957 4779 3149 4848 duplici
3168 4779 3399 4849 mysterii
3419 4779 3799 4849 signiﬁcatione

523 4874 832 4930 celebratur.
866 4875 1022 4930 Recte
1046 4875 1185 4928 enim
1215 4874 1363 4928 tertio
1391 4874 1546 4927 mersi
1572 4873 1695 4926 estis
1743 4874 1829 4944 qui
1856 4874 2124 4943 accepistis
2171 4870 2480 4942 baptismum
2506 4869 2562 4922 in
2606 4870 2814 4923 nomine
2837 4866 2964 4921 Jesu
2992 4865 3206 4931 Christi,
3237 4869 3321 4937 qui
3352 4868 3503 4921 tertia
3531 4866 3615 4921 die
3633 4883 3804 4920 resur-

527 4968 661 5022 rexit
709 4983 742 5020 a
778 4971 1014 5022 mortuis.
1049 4967 1153 5022 Illa
1181 4969 1318 5022 enim
1347 4967 1497 5020 tertio
1519 4966 1740 5037 repetita
1760 4964 2012 5020 demersio
2043 4975 2215 5036 typum
2244 4963 2518 5018 dominica:
2543 4961 2786 5031 exprimit
2815 4957 3110 5029 sepulturae,
3139 4974 3231 5028 per
3259 4975 3413 5027 quam
3439 4955 3643 5013 Christo
3672 4975 3800 5014 con-

524 5057 711 5129 sepulti
739 5057 861 5110 estis
901 5059 956 5111 in
994 5059 1264 5124 baptismo,
1305 5065 1354 5112 et
1377 5073 1493 5111 cum
1520 5055 1726 5111 Christo
1747 5056 2104 5110 resurrexistis
2129 5056 2184 5108 in
2211 5053 2332 5123 fide,
2361 5061 2417 5106 ut
2443 5051 2667 5123 peccatis
2691 5048 2872 5114 abluti,
2901 5049 2956 5102 in
2977 5048 3252 5104 sanctitate
3271 5048 3512 5102 virtutum
3538 5045 3799 5102 Christum

528 5147 707 5202 vivatis
725 5145 994 5198 imitando.

598 5235 784 5290 XXIII.
824 5232 942 5289 lam
969 5248 1078 5302 quo
1104 5241 1345 5306 tempore
1373 5235 1606 5292 conferri
1635 5241 1762 5289 tunc
1799 5233 2094 5302 baptismus
2138 5233 2356 5295 soleret,
2383 5230 2720 5286 demonstrat
2747 5229 3010 5284 Maximus
3035 5228 3253 5284 homilia
3285 5228 3372 5294 (ii,
3406 5242 3524 5297 pag.
3554 5227 3655 5282 I94
3687 5247 3698 5281 :
3730 5227 3796 5282 In

528 5328 741 5399 pascha,
779 5324 969 5396 inquit,
1010 5340 1184 5378 omnes
1233 5334 1405 5396 gentes
1449 5325 1705 5398 baptizari
1731 5324 1914 5378 solent.
1938 5321 2063 5391 Agit
2082 5323 2208 5376 item
2239 5330 2424 5376 noster
2450 5320 2518 5374 de
2536 5319 2806 5388 baptismo
2825 5319 3102 5386 sanguinis
3122 5333 3372 5374 sermone
3401 5318 3490 5380 88,
3512 5332 3637 5388 pag.
3671 5317 3794 5382 625,

527 5415 778 5484 qnoJoco
806 5432 820 5467 :
854 5412 1204 5477 Incambente,
1230 5413 1420 5482 inquit,
1445 5413 1835 5485 persecutionis
1859 5413 2041 5467 lurore
2061 5411 2237 5466 adhuc
2255 5409 2626 5465 catccbumeni
2647 5409 2884 5464 animum
2905 5409 3045 5466 ctelo
3065 5416 3388 5481 prmparant,
3412 5417 3799 5478 regenerantur

529 5512 725 5570 morte,
755 5503 1101 5559 damnatione
1129 5502 1428 5568 solvuntur,
1457 5505 1636 5572 gladio
1655 5509 2058 5559 consecrantur.

603 5594 789 5651 XXIV.
831 5593 1008 5664 Pergit
1035 5594 1294 5649 Maximus
1321 5594 1555 5651 scribere
1581 5605 1813 5653 tractatu
1836 5597 1870 5651 5
1890 5596 1952 5650 de
1982 5594 2264 5665 Baptismo,
2283 5606 2404 5663 pag.
2438 5592 2497 5645 7i
2510 5592 2559 5646 7.
2591 5591 2768 5658 Nunc,
2800 5590 2994 5661 inquit,
3027 5591 3091 5647 de
3127 5593 3191 5660 iis
3213 5603 3381 5648 acturi
3409 5608 3585 5647 sumus
3610 5606 3725 5660 qua
3742 5589 3799 5644 in

513 5687 629 5758 jam
658 5685 927 5756 baptizatis
955 5693 1135 5741 sancta
1165 5679 1476 5741 institutione
1497 5685 1836 5752 compleatur.
1865 5681 2083 5752 lmplcto
2108 5685 2243 5740 enim
2274 5680 2597 5750 baptismate,
2621 5691 2775 5751 caput
2794 5691 3015 5740 vestrum
3036 5682 3328 5750 chrismate,
3351 5681 3408 5738 id
3433 5690 3528 5749 est,
3552 5680 3663 5738 oleo
3683 5695 3799 5737 san-
