4138 6186
341 327 415 384 93
850 292 866 324 ’⁸
938 304 950 316 ’
1802 313 2185 370 ιδιιίιειτΑτιο.
3531 308 3601 363 9t

341 432 695 504 ctiﬁcationis,
727 428 1063 502 infundimus,
1095 444 1184 497 per
1224 440 1356 497 quoa
1382 426 1664 479 ostenditur
1690 424 1962 495 baptizatis
1994 426 2212 496 regalem
2242 433 2290 476 et
2317 423 2684 477 sacerdotalem
2712 423 2937 494 conferri
2967 438 2999 476 a
3027 421 3253 478 Domino
3276 423 3598 495 dignitatem.

344 525 491 580 Nam
517 527 574 578 in
613 523 788 577 Veteri
810 522 1151 583 Testamento,
1182 521 1235 573 hi
1263 521 1347 591 qui
1371 517 1665 588 legebantur
1688 519 1741 571 in
1772 518 2060 571 sacerdotio
2091 518 2167 571 vel
2191 519 2245 571 in
2272 534 2426 587 regno
2473 526 2651 570 sancto
2678 515 2999 587 angebantur
3019 516 3150 580 oleo,
3181 524 3230 570 et
3258 517 3493 570 unctione
3516 534 3606 570 ca-

344 619 468 690 pitis
510 616 603 670 alii
632 614 903 685 regnandi,
951 615 1041 666 alii
1080 613 1337 682 sacriﬁcia
1366 611 1613 679 o/ferendi
1640 610 1955 679 accipiebant
1985 628 2015 663 a
2044 610 2265 665 Domino
2294 617 2686 679 potestatem...
2714 610 2820 663 Sed
2847 608 2976 661 illud
3003 610 3059 661 in
3087 606 3255 661 Veteri
3281 606 3603 660 Testamento

344 706 515 760 oleum
536 704 815 773 temporale
841 718 1073 772 regnum,
1099 699 1375 770 temporale
1392 698 1754 764 sacerdotium,
1784 698 2119 770 conferebat..
2225 698 2273 751 Il
2282 716 2340 751 oc
2366 708 2532 751 autem
2560 697 2803 762 chrisma,
2827 698 2880 750 id
2899 707 2993 765 est,
3012 698 3120 752 hwc
3141 697 3313 749 unctio
3333 712 3445 767 quo:
3464 694 3603 749 vobis

348 798 588 867 imposita
616 806 711 860 est,
736 796 874 849 illius
900 793 1174 847 sacerdotii
1201 793 1414 847 contulit
1434 793 1749 863 dignitatem,
1774 792 1905 863 quod
1927 808 2039 844 cum
2061 794 2214 845 semel
2242 793 2483 846 collatum
2513 793 2687 863 fuerit,
2712 808 2969 862 nunquam
2990 799 3064 843 est
3084 787 3384 858 ﬁniendum.
3410 786 3604 839 Mirum

345 900 482 943 certe
525 887 661 959 quod
688 886 932 950 diximus,
973 903 1058 939 vos
1085 886 1174 939 illo
1200 885 1474 938 chrismate
1501 900 1714 954 regnum
1744 885 1931 953 futura:
1972 883 2170 954 gloriae,
2202 893 2250 936 et
2295 884 2640 939 sacerdotium
2668 898 2777 936 esse
2806 889 3116 935 consecutos.
3160 878 3347 931 Verum
3376 892 3480 929 non
3509 889 3602 943 ego

346 976 507 1039 tabis,
530 976 617 1030 sed
647 975 909 1045 apostolus
949 973 1154 1036 Petrus,
1186 974 1289 1026 imo
1316 991 1406 1043 per
1435 972 1649 1025 Petrum
1684 969 1936 1035 Christus,
1966 974 2208 1027 collatam
2247 973 2381 1026 hanc
2409 974 2708 1043 pronuntiat
2737 971 3057 1042 dignitatem.
3107 967 3196 1023 Sic
3223 969 3360 1020 enim
3380 966 3602 1035 loquitur

347 1069 419 1122 ad
443 1070 643 1139 ﬁdeles,
663 1067 720 1121 id
739 1076 836 1134 est,
856 1065 926 1121 ad
949 1082 1035 1119 eos
1064 1068 1147 1137 qui
1173 1065 1475 1137 baptismate
1503 1064 1664 1118 abluti
1692 1073 1740 1119 et
1768 1066 2041 1118 chrismate
2065 1067 2346 1120 consecrati
2376 1075 2492 1119 sunt
2517 1082 2534 1119 :
2572 1064 2676 1120 Vos
2699 1073 2867 1117 autem
2897 1079 3055 1134 genus
3085 1063 3254 1132 regale
3283 1072 3330 1114 et
3355 1058 3600 1113 sacerdo-

348 1159 471 1223 tale,
497 1173 623 1229 gens
650 1166 849 1222 sancta,
873 1164 969 1209 etc.
995 1153 1325 1209 Considerate
1351 1172 1470 1225 ergo
1492 1154 1733 1208 honorem
1754 1172 1899 1226 quem
1922 1156 1976 1208 in
2000 1156 2088 1210 illo
2114 1158 2235 1210 estis
2254 1166 2493 1227 mysterio
2519 1157 2793 1220 consecuti,
2820 1163 2923 1208 etc.
2950 1152 3156 1219 Quotus
3178 1162 3355 1207 autem
3375 1152 3603 1220 quisque

344 1260 455 1302 non
486 1244 764 1313 intelligat,
788 1245 1207 1301 confirmationis
1229 1242 1373 1317 [xcv]
1395 1252 1806 1309 sacramentum,
1830 1245 1975 1312 quod
1999 1246 2249 1300 unctione
2270 1246 2605 1315 potissimum
2627 1245 2933 1299 chrismatis
2954 1244 3007 1296 in
3036 1241 3210 1296 fronte
3236 1239 3600 1311 perficeretur,

343 1340 435 1393 hic
461 1339 687 1393 indicari
711 1354 741 1391 a
769 1337 1019 1403 Maximo,
1051 1338 1142 1406 qui
1170 1338 1395 1392 memori
1434 1345 1613 1392 mente
1665 1346 1889 1401 teneret,
1919 1352 2038 1405 quae
2076 1346 2294 1406 accepta
2324 1354 2355 1392 a
2383 1336 2598 1393 Christo
2627 1345 2785 1404 atque
2813 1336 2879 1390 ab
2910 1334 3165 1405 apostolis
3210 1333 3420 1399 tradita,
3451 1338 3602 1386 com;

342 1425 600 1478 meudata
629 1440 659 1478 a
687 1423 929 1479 Patribus
952 1433 1128 1479 essent
1150 1426 1422 1501 memoria:
1444 1426 1717 1479 hominum
1746 1428 2115 1496 sempiternas?
2137 1405 2364 1482 Sanctus
2384 1426 2679 1499 Cyprianus
2726 1405 2883 1497 epist.
2912 1426 2996 1491 70,
3025 1424 3092 1479 ad
3118 1424 3448 1487 Januarium,
3479 1436 3599 1492 pag.

346 1514 452 1567 190
482 1515 609 1570 edit.
641 1512 811 1569 Oxon.
839 1531 926 1569 an.
954 1515 1090 1569 1682
1120 1534 1130 1568 :
1164 1515 1299 1587 Ungi
1328 1533 1523 1587 quoque
1544 1533 1746 1569 necesse
1783 1528 1861 1571 est
1881 1536 1995 1572 eum
2022 1522 2107 1587 qui
2128 1518 2415 1590 baptizatus
2435 1522 2521 1586 sit,
2543 1529 2599 1572 ut
2620 1528 2824 1589 accepto
2850 1518 3144 1583 chrismate,
3166 1517 3222 1570 id
3250 1526 3324 1570 est
3342 1517 3601 1579 unctione,

339 1620 457 1657 esse
485 1612 667 1689 unctus
695 1602 813 1669 Dei,
836 1612 885 1656 et
912 1602 1097 1658 habere
1122 1605 1174 1657 in
1196 1621 1252 1657 se
1277 1605 1497 1675 gratiam
1526 1604 1715 1658 Christi
1744 1610 1924 1675 possit.
1954 1608 2069 1663 Huc
2096 1608 2339 1663 recidunt
2365 1624 2481 1677 quae
2510 1610 2695 1663 scribit
2720 1618 2935 1662 sanctus
2959 1605 3219 1660 Pacianus
3253 1607 3409 1674 epist.
3443 1604 3493 1669 1,
3537 1605 3604 1660 ad

341 1693 795 1763 Sympronianum
820 1711 833 1745 :
864 1692 926 1747 Si
954 1710 1074 1764 ergo
1103 1703 1151 1746 et
1179 1694 1371 1747 lavacri
1396 1702 1444 1747 et
1469 1695 1762 1748 chrismatis
1790 1705 2035 1766 potestas,
2086 1700 2340 1769 majorum
2384 1699 2535 1770 longe
2562 1700 2925 1753 charismatum
2948 1698 3017 1751 ad
3053 1699 3315 1767 episcopos
3360 1695 3477 1748 inde
3510 1694 3603 1747 de-

340 1786 662 1840 scendit.....
688 1804 812 1858 ergo
835 1804 928 1841 nec
956 1788 1201 1853 chrisma,
1226 1803 1315 1840 nec
1345 1787 1712 1857 baptismu.....
1745 1792 1985 1857 potestati
2006 1792 2115 1861 ejus
2146 1792 2346 1844 indulta
2374 1800 2469 1857 est,
2496 1792 2615 1863 quia
2637 1791 2767 1844 nihil
2788 1790 2999 1861 propria
3025 1789 3360 1859 usurpatione
3387 1786 3604 1840 manda-

340 1887 452 1930 tum
473 1887 567 1943 est,
594 1888 852 1961 totumque
872 1878 926 1931 id
952 1894 1016 1932 ea:
1045 1879 1326 1949 apostolico
1349 1879 1469 1947 jure
1498 1878 1731 1948 deﬂuxit.
1756 1877 1910 1933 Paria
1940 1881 2023 1935 his
2052 1882 2251 1936 habent
2279 1890 2494 1938 sanctus
2521 1881 2746 1951 Optatus
2787 1881 3122 1936 Milevitanus
3147 1880 3238 1933 lib.
3269 1894 3322 1932 ιιι
3352 1877 3606 1933 adversus

340 1964 778 2031 Parmenianum,
802 1982 916 2036 cap.
951 1964 1000 2032 5,
1026 1980 1147 2036 pag.
1194 1965 1262 2018 62
1304 1966 1440 2021 edit.
1463 1967 1721 2038 Antuerp.
1749 1984 1835 2023 an.
1868 1969 2032 2036 1702;
2060 1979 2113 2025 et
2141 1972 2233 2026 lib.
2261 1989 2353 2038 vn,
2380 1989 2496 2043 cap.
2530 1972 2581 2039 4,
2610 1988 2732 2042 pag.
2771 1972 2870 2026 102
2895 1987 3077 2040 seqq.;
3104 1979 3158 2025 et
3183 1979 3397 2025 sanctus
3421 1971 3603 2038 Augu-

339 2056 516 2113 stinus
539 2056 633 2110 lib.
656 2072 726 2109 xv
745 2056 807 2109 de
831 2055 1101 2122 Triuitate,
1125 2071 1241 2125 cap.
1266 2055 1353 2121 26,
1380 2066 1510 2113 tom.
1535 2058 1645 2113 Vill
1670 2074 1842 2130 Oper.,
1869 2075 1988 2129 pag.
2024 2060 2124 2113 708
2145 2062 2275 2116 edit.
2303 2064 2560 2132 Antuerp.
2591 2080 2678 2117 an.
2706 2063 2859 2129 1700,
2886 2079 2993 2132 quo
3017 2063 3136 2116 loco
3161 2071 3377 2116 unctum
3400 2060 3602 2128 Spiritu

340 2156 531 2202 sancto
554 2147 825 2202 Christum
849 2155 907 2201 ut
942 2148 1235 2211 hominem,
1271 2149 1514 2216 aﬂirmat,
1544 2168 1648 2204 non
1674 2153 1847 2223 utique
1876 2152 1987 2206 oleo
2010 2153 2217 2219 visibili,
2258 2155 2350 2208 sed
2392 2155 2526 2209 dono
2551 2158 2753 2226 gratite,
2787 2154 2923 2225 quod
2942 2153 3130 2207 visibili
3158 2154 3484 2225 signiﬁcatur
3503 2170 3602 2206 un-

341 2248 550 2308 guento,
574 2254 672 2309 quo
700 2237 985 2307 baptizatos
1005 2240 1151 2310 ungit
1176 2238 1431 2294 Ecclesia.
1465 2239 1532 2294 Et
1554 2248 1784 2296 tractatu
1815 2243 1848 2296 5
1874 2244 1927 2296 in
1956 2243 2115 2297 Joan.
2148 2244 2339 2315 Epist.,
2388 2262 2535 2299 num.
2562 2244 2612 2314 5,
2646 2254 2776 2301 tom.
2803 2246 2889 2311 lll,
2914 2252 3050 2315 part.
3083 2261 3137 2310 ιι,
3161 2258 3282 2314 pag.
3310 2242 3432 2309 616,
3464 2245 3553 2298 ubi
3584 2263 3598 2298 :

344 2330 532 2385 Unctio
572 2332 843 2402 spiritalis,
892 2332 1082 2400 inquit.
1114 2334 1223 2403 ipse
1270 2332 1494 2403 Spiritus
1525 2344 1733 2389 sanctus
1778 2344 1874 2401 est,
1904 2336 2048 2406 cujus
2069 2346 2446 2393 sacramentum
2476 2347 2550 2393 est
2570 2340 2622 2392 in
2653 2341 2891 2392 unctione
2911 2336 3115 2391 visibili.
3139 2336 3245 2391 Sed
3275 2351 3342 2391 ne
3364 2337 3602 2406 pluribus

339 2436 537 2488 morer,
575 2438 737 2478 unum
765 2422 910 2477 illum
937 2423 1233 2478 describam
1263 2423 1438 2478 locum
1462 2424 1550 2492 qui
1575 2431 1750 2479 exstat
1771 2425 1862 2479 lib.
1890 2441 1927 2479 ιι
1954 2437 2136 2481 contra
2157 2428 2306 2497 epist.
2342 2426 2608 2493 Petiliani,
2636 2442 2753 2495 cap.
2789 2425 2910 2491 104,
2936 2440 3057 2497 pag.
3088 2424 3206 2489 199,
3238 2433 3367 2479 ῑοηι.
3393 2424 3483 2487 1X,
3508 2426 3600 2492 qui

340 2513 492 2570 locus
508 2523 591 2569 est
612 2514 915 2583 hujusmodi
942 2532 955 2567 :
988 2514 1377 2568 Sacramentum
1399 2513 1783 2568 chrismatis....
1807 2516 1861 2568 in
1904 2533 2085 2587 genere
2113 2519 2387 2573 visibilium
2412 2518 2796 2590 signaculorum
2825 2524 3203 2571 sacramentum
3223 2523 3316 2580 est,
3340 2516 3470 2568 sicut
3491 2517 3602 2585 ipse

339 2604 646 2675 baptismus,
695 2614 801 2662 etc.
848 2606 965 2661 Jam
1019 2615 1236 2661 sanctus
1278 2605 1387 2661 Leo
1435 2605 1656 2675 Magnus
1683 2622 1846 2661 serm.
1877 2605 1965 2673 25,
1990 2610 2080 2677 qui
2104 2618 2184 2663 est
2225 2619 2446 2680 quartus
2470 2612 2532 2664 de
2562 2608 2846 2663 Nativitate
2867 2608 3098 2670 Domini,
3125 2624 3243 2677 cap.
3279 2608 3328 2673 6,
3355 2623 3477 2677 pag.
3510 2606 3596 2673 54,

338 2702 470 2749 tom.
502 2695 525 2749 I
554 2711 705 2766 oper.
731 2696 861 2751 edit.
892 2697 1048 2751 Rom.
1082 2713 1169 2751 an.
1196 2696 1352 2762 1755,
1382 2698 1639 2767 populum
1665 2697 1883 2764 docens,
1916 2701 1989 2754 ita
2016 2716 2146 2755 sane
2188 2710 2246 2755 ut
2267 2701 2527 2756 Maximus
2555 2701 2739 2756 scribit
2766 2718 2779 2753 :
2830 2699 2952 2765 Vos,
3000 2715 3124 2778 quos
3172 2696 3327 2752 nullis
3374 2699 3595 2778 dignius,

335 2801 492 2855 quam
521 2786 656 2842 beati
676 2787 824 2843 Petri
844 2790 1062 2860 apostoli
1082 2790 1318 2862 alloquor
1335 2789 1520 2853 verbis,
1551 2806 1711 2860 genus
1738 2791 1969 2856 electum,
1997 2795 2168 2863 regale
2194 2793 2556 2859 sacerdotium,
2603 2803 2722 2855 etc.,
2752 2800 3045 2863 permanete
3072 2772 3277 2845 stabiles
3324 2792 3375 2842 iu
3404 2806 3463 2842 ea
3492 2772 3597 2858 ﬁde

336 2894 491 2948 (ruam
521 2880 747 2949 confessi
773 2880 893 2933 estis
919 2895 1091 2933 coram
1118 2880 1294 2933 multis
1322 2880 1549 2945 testibus,
1593 2889 1642 2934 et
1670 2882 1724 2935 in
1772 2899 1871 2953 qua
1915 2882 2083 2935 renati
2108 2900 2199 2951 per
2226 2900 2411 2953 aquam
2438 2892 2487 2936 et
2525 2883 2777 2953 Spiritum
2805 2891 3057 2946 sanctum,
3086 2881 3352 2949 accepistis
3371 2881 3595 2933 chrisma

335 2969 567 3021 salutare
588 2977 638 3021 et
660 2969 980 3038 signaculam
1008 2970 1121 3023 vita:
1150 2977 1375 3023 aeterna.
1406 2968 1473 3022 Et
1500 2985 1747 3026 sermone
1776 2971 1827 3037 5,
1852 2972 1944 3040 qui
1971 2971 2143 3025 dictus
2163 2972 2217 3025 in
2242 2972 2566 3026 anniversar.
2600 2970 2990 3040 Assumptionis
3009 2969 3075 3023 ad
3096 2968 3463 3039 pontiﬁcatum
3485 2984 3594 3022 sua:

335 3055 453 3122 fuit,
482 3072 602 3126 cap.
636 3057 686 3122 1,
734 3068 856 3127 pag.
888 3057 921 3111 8
947 3076 959 3110 :
1012 3057 1079 3111 In
1124 3060 1339 3123 unitate,
1370 3059 1559 3127 inquit,
1592 3059 1713 3129 ﬁdei
1735 3069 1884 3131 atque
1908 3059 2229 3131 baptismatis
2257 3060 2540 3114 indiscreta
2566 3058 2712 3113 nobis
2742 3060 2977 3121 societas,
3003 3058 3341 3121 dilectissimi,
3366 3067 3414 3109 et
3435 3073 3588 3127 gene-

335 3145 463 3199 ralis
490 3154 569 3199 est
589 3146 835 3216 dignitas,
867 3146 1141 3201 secundum
1161 3146 1291 3200 illud
1320 3145 1453 3201 beati
1475 3147 1619 3201 Petri
1646 3149 1868 3218 apostoli
1894 3166 1913 3201 :
1952 3148 2055 3202 Vos
2074 3157 2244 3201 autem
2265 3164 2422 3219 genus
2441 3149 2671 3212 electum,
2695 3147 2870 3219 regale
2895 3146 3255 3209 sacerdotium,
3278 3156 3372 3199 etc.
3400 3144 3591 3199 Omnes

334 3236 471 3288 enim
491 3237 547 3289 in
567 3234 773 3290 Christo
801 3247 1131 3308 regeneratos
1156 3238 1323 3289 crucis
1349 3237 1552 3307 signum
1578 3236 1730 3305 efﬁcit
1759 3253 1922 3307 reges,
1953 3239 2121 3290 sancti
2149 3253 2263 3291 vero
2294 3237 2524 3305 Spiritus
2548 3238 2723 3290 unctio
2746 3244 3007 3291 consecrat
3029 3235 3352 3299 sacerdotes;
3377 3243 3433 3287 ut
3451 3250 3578 3304 pra:-

336 3332 412 3376 ter
434 3326 590 3378 istam
619 3327 890 3396 specialem
912 3331 1075 3383 nostri
1102 3330 1374 3384 ministerii
1400 3332 1709 3394 servitutem,
1740 3330 1963 3383 universi
1988 3330 2246 3399 spiritales
2266 3338 2337 3388 et
2360 3328 2640 3385 rationales
2661 3327 2942 3383 Christiani
2967 3334 3247 3399 agnoscant
3276 3344 3331 3381 se
3354 3329 3479 3397 regii
3504 3344 3591 3397 ge-

337 3417 475 3469 neris
502 3426 552 3469 et
579 3417 913 3473 sacerdotalis
950 3420 1105 3489 ofﬁcii
1126 3414 1240 3474 esse
1267 3429 1548 3475 consortes.
1582 3419 1735 3474 Mitto
1754 3435 1873 3489 quae
1891 3420 1958 3475 de
1977 3421 2276 3476 chrismatis
2298 3427 2632 3475 sacramento
2661 3419 2926 3474 tradidere
2945 3400 3225 3472 Salvianus
3249 3416 3591 3471 Massiliensis

338 3502 431 3557 lib.
459 3521 517 3559 ιιι
543 3506 607 3559 de
628 3505 981 3575 Providentia,
1013 3518 1067 3564 et
1099 3509 1315 3579 Vigilius
1342 3508 1629 3578 Tapsensis
1650 3509 1741 3563 lib.
1773 3524 1829 3563 ιιι
1857 3516 2044 3563 contra
2073 3508 2386 3580 Eutycbem,
2419 3525 2564 3562 num.
2598 3508 2648 3573 7,
2680 3516 2734 3562 et
2760 3514 2977 3563 sanctus
3003 3506 3233 3561 Isidorus
3261 3505 3590 3575 Hispalensis

337 3591 430 3648 lib.
455 3609 505 3649 γι
536 3592 826 3666 Originum,
857 3613 974 3667 cap.
1010 3597 1092 3662 19,
1124 3608 1179 3653 et
1199 3613 1321 3654 ven.
1354 3597 1497 3654 Beda
1522 3600 1576 3651 in
1596 3598 1725 3650 'Acta
1746 3598 2096 3667 apostolorum
2123 3613 2241 3666 cap.
2276 3614 2330 3664 x,
2361 3606 2416 3653 et
2442 3600 2497 3652 in
2535 3596 2738 3650 lJoan.
2767 3595 2961 3666 Epist.,
2999 3612 3117 3665 cap.
3162 3612 3218 3650 ιι.
3250 3596 3401 3648 [laud
3434 3600 3590 3649 secus

338 3674 595 3738 ceus'uere
614 3683 801 3739 Grzeci.
830 3685 988 3757 [xcvr]
1014 3686 1211 3742 Confer
1231 3687 1423 3742 concil.
1456 3686 1764 3751 Laodicen.,
1797 3702 1916 3742 can.
1939 3686 2026 3752 18,
2048 3700 2168 3756 pag.
2197 3685 2317 3754 789,
2349 3697 2478 3743 tom.
2509 3687 2531 3741 l
2555 3685 2845 3743 Concilior.
2868 3687 2997 3742 edit.
3030 3685 3199 3740 Paris.
3230 3701 3318 3739 an.
3354 3684 3508 3751 17M,
3533 3693 3589 3741 et

337 3787 581 3833 sanctum
608 3778 860 3851 Cyrillum
881 3780 1443 3851 llierosolymitanum,
1474 3781 1679 3835 catcch.
1715 3779 1803 3845 21,
1836 3794 1955 3848 qua:

1954 3822 1955 3825 η
2001 3787 2084 3835 est
2126 3779 2419 3851 Mystagog.
2462 3780 2515 3845 5,
2555 3795 2672 3849 qua:
2709 3780 2959 3848 inscripta
3003 3786 3086 3834 est
3131 3782 3247 3854 περί
3295 3783 3588 3854 Χρίσαατος

338 3866 401 3919 de
425 3865 732 3932 Chrismate,
767 3884 913 3922 num.
949 3871 970 3923 l
1004 3884 1181 3938 seqq.,
1211 3883 1330 3939 pag.
1358 3867 1462 3924 515
1487 3884 1639 3938 seqq.
1668 3868 1799 3923 edit.
1846 3868 2013 3923 Paris.
2065 3885 2153 3923 an.
2206 3869 2360 3924 1720.
2392 3870 2931 3926 Animadvertendum
2959 3878 3138 3925 autem
3167 3879 3267 3934 est,
3299 3872 3589 3927 Antonium

339 3960 687 4029 Augustinum
716 3960 1010 4015 Touteeum
1039 3961 1360 4015 monachum
1401 3960 1806 4015 Benedictinum
1852 3961 2280 4028 congregationis
2324 3960 2505 4016 Sancti
2544 3960 2730 4027 Mauri,
2775 3961 2948 4015 virum
2987 3975 3117 4014 sane
3157 3959 3374 4015 doctum
3430 3961 3590 4030 inque
3658 3938 3665 3945 ἱ

340 4050 552 4104 Patrum
592 4047 899 4104 Grazcorum
928 4050 1183 4105 doctrinis
1210 4050 1521 4118 cumprimis
1547 4057 1837 4113 versatum,
1879 4049 1932 4101 iu
1972 4048 2336 4105 admonitione
2376 4049 2441 4103 ad
2482 4050 2725 4119 proxime
2754 4048 3039 4104 indicatam
3069 4048 3391 4103 catechesim
3417 4050 3589 4104 sancti

335 4143 535 4215 Cyrilli,
568 4161 715 4199 num.
746 4145 799 4210 5,
834 4158 952 4214 pag.
986 4144 1193 4207 eadem,
1218 4144 1294 4198 sic
1320 4144 1521 4197 habere
1545 4160 1558 4195 :
1592 4140 1740 4205 Quod
1761 4143 1897 4210 apud
1918 4139 2131 4196 Latinos
2157 4142 2563 4211 conﬁrmationis
2583 4142 2788 4195 nomine
2808 4141 3127 4212 designatur,
3149 4140 3242 4194 hoc
3265 4140 3431 4195 (ἓνωεὶ
3451 4142 3588 4195 chri-

337 4254 467 4299 sma,
495 4239 574 4291 vel
599 4240 777 4312 μύρον,
803 4243 1135 4306 unguentum,
1167 4233 1426 4303 appellare
1446 4240 1825 4286 consueverunt.
1854 4229 1993 4285 Nam
2022 4233 2059 4285 ii
2086 4233 2140 4285 in
2165 4231 2259 4284 hoc
2288 4237 2609 4283 sacramento
2636 4229 2925 4281 unctionem
2954 4245 3152 4299 semper
3174 4230 3245 4281 uti
3276 4230 3587 4299 prazcipuam

333 4328 442 4397 ejus
482 4336 685 4396 partem
729 4335 1034 4396 spectavere.
1070 4323 1271 4379 Horum
1299 4323 1490 4377 similia
1517 4329 1912 4392 persequuntur
1961 4320 2129 4374 sancti
2159 4318 2383 4373 Basilius
2411 4316 2771 4378 Cmsariensis,
2805 4314 3032 4385 Cyrillus
3060 4316 3466 4380 Alexandrinus,
3497 4317 3585 4370 alii

334 4436 563 4489 quorum
604 4421 721 4474 loca
750 4418 1053 4474 describere
1095 4423 1149 4471 et
1198 4416 1419 4470 nimium
1466 4414 1681 4482 longum
1711 4421 1871 4476 esset,
1893 4420 1948 4465 et
1971 4411 2260 4465 lectoribus
2282 4409 2611 4477 aliquantum
2640 4404 2881 4461 fortassis
2903 4402 3117 4458 afferret
3138 4405 3400 4458 satietatis
3422 4412 3584 4471 atque

335 4510 547 4564 fastidii.
574 4508 678 4575 Qui
707 4509 861 4578 plura
887 4508 1050 4572 volet,
1083 4507 1127 4560 is
1147 4505 1393 4561 consulat
1420 4503 1687 4571 egregiam
1714 4501 1933 4570 Josepbi
1959 4499 2235 4568 Augustini
2257 4496 2372 4552 Orsi
2399 4496 2455 4551 S.
2490 4496 2553 4549 R.
2580 4495 2643 4549 E.
2694 4494 2842 4549 card.
2882 4492 2945 4547 de
2987 4491 3275 4546 Chrismate
3303 4492 3582 4560 conﬁrma-

337 4608 465 4660 torio
486 4604 938 4667 dissertationem,
964 4616 1085 4671 pag.
1111 4599 1215 4657 155
1234 4614 1384 4668 seqq.
1416 4598 1544 4653 edit.
1572 4594 1785 4651 Medio].
1810 4609 1898 4647 an.
1932 4593 2087 4647 1755.
2112 4592 2242 4646 lllud
2262 4590 2389 4644 mihi
2411 4590 2572 4659 paulo
2593 4587 2894 4655 diligentius
2921 4584 3315 4653 disquirendum
3352 4582 3580 4671 videtur,

334 4698 457 4766 quid
504 4699 596 4762 sit,
637 4696 780 4765 quod
822 4670 1143 4763 prmcipuam
1185 4689 1503 4745 sacramenti
1532 4695 1739 4757 partem
1765 4684 2184 4740 conﬁrmationis
2212 4682 2473 4736 Maximus
2496 4680 2548 4735 in
2578 4680 2830 4736 unctione
2851 4678 3039 4746 capitis
3061 4675 3370 4737 constituat,
3398 4670 3584 4727 Patres

332 4803 458 4841 vero
482 4761 730 4857 permulti
753 4761 1079 4838 intinctione
1093 4779 1599 4847 consignationeque
1622 4774 1845 4829 frontis?
1866 4773 2204 4828 Innocentius
2224 4771 2264 4837 l,
2280 4772 2435 4841 epist.
2459 4768 2549 4831 25.
2568 4784 2684 4838 qum
2704 4776 2785 4822 est
2807 4766 2873 4820 ad
2894 4766 3202 4819 Decentium
3227 4761 3581 4828 Eugubiuum,

335 4851 565 4941 ιιιιιιιίῧ,
598 4884 727 4929 tom.
760 4873 781 4926 l
808 4873 1099 4943 Epistolar.
1130 4870 1419 4924 Romanor.
1447 4864 1660 4936 pontif.,
1693 4877 1812 4933 pag.
1840 4862 1944 4917 858
1972 4861 2099 4917 edit.
2131 4860 2297 4915 Paris.
2330 4876 2418 4915 an.
2461 4858 2591 4912 1721
2625 4876 2638 4910 :
2688 4855 2999 4925 Presbyteri,
3041 4852 3236 4943 inquit,
3288 4851 3392 4904 sive
3434 4860 3583 4903 extra

334 4968 643 5035 episcOpum,
689 4967 793 5018 sive
841 4940 1094 5033 prwsente
1147 4960 1407 5029 episcopo,
1450 4971 1564 5008 cum
1611 4953 1896 5024 baptizant,
1922 4952 2197 5005 chrismate
2226 4949 2507 5021 baptizatos
2534 4962 2724 5019 ungere
2750 4945 2884 5007 licet,
2916 4940 3049 5012 quod
3076 4941 3139 4994 ab
3165 4943 3401 5011 episcopo
3430 4942 3583 5011 fuerit

333 5064 723 5117 remoratum;
755 5069 856 5106 non
884 5061 1055 5105 tamen
1079 5063 1325 5102 nomen
1355 5061 1417 5099 ex
1464 5043 1639 5098 eodem
1672 5042 1782 5096 loco
1827 5046 2051 5115 signare,
2081 5041 2215 5112 quod
2241 5041 2363 5094 solis
2388 5036 2595 5091 debetur
2624 5034 2897 5105 episcopis,
2937 5047 3051 5083 cum
3091 5030 3299 5084 tradunt
3329 5029 3581 5100 Spiritum

336 5145 666 5213 paracletum.
700 5141 895 5197 Confer
924 5138 1320 5194 annotationem
1349 5132 1646 5187 Constantii
1689 5132 1755 5185 ad
1806 5130 2050 5185 eumdem
2089 5130 2259 5184 sancti
2300 5126 2593 5181 Innocentii
2622 5124 2816 5177 locum.
2846 5120 3036 5174 Verum
3057 5120 3286 5174 Maximo
3308 5119 3579 5189 (quoniam

334 5209 436 5286 non
465 5232 840 5286 tractationem
862 5230 1098 5298 aliquam
1127 5227 1193 5281 de
1214 5222 1638 5281 confirmationis
1658 5220 1914 5292 mysterio
1944 5220 2299 5287 theologicam
2328 5217 2577 5277 scribere,
2608 5212 2701 5266 sed
2731 5212 3043 5267 concionem
3096 5211 3161 5265 ad
3190 5210 3441 5280 populum
3487 5209 3581 5263 1ιᾶ-

330 5321 456 5376 bere
501 5318 826 5389 instituerat)
881 5333 987 5371 non
1017 5325 1126 5370 tam
1170 5315 1393 5379 minute,
1421 5327 1593 5383 neque
1621 5320 1748 5377 tam,
1773 5319 1832 5365 ut
1854 5310 2021 5373 aiunt,
2049 5309 2114 5363 ad
2142 5309 2321 5361 vivum
2350 5320 2435 5359 res
2456 5299 2797 5357 concidenda:
2843 5300 3250 5368 resecandaeque
3276 5306 3400 5353 sunt
3423 5300 3580 5366 visa;

330 5410 421 5465 sed
442 5409 573 5464 satis
596 5409 693 5461 fuit
723 5406 889 5477 (quod
912 5404 1179 5459 interdum
1202 5403 1290 5456 alii
1311 5404 1470 5457 etiam
1496 5400 1682 5454 Patres
1707 5398 1965 5469 fecerunt)
1997 5398 2206 5468 capitis,
2231 5394 2381 5463 cujus
2404 5399 2547 5448 certe
2575 5406 2701 5461 pars
2722 5398 2804 5445 est
2828 5389 2990 5457 frons,
3015 5390 3340 5445 meminisse.

397 5497 562 5554 XXV.
604 5475 793 5552 Offerri
818 5494 1133 5549 sacrificium
1164 5494 1406 5563 corporis
1429 5498 1484 5547 et
1504 5491 1775 5560 sanguinis
1798 5489 1993 5544 Christi
2015 5489 2067 5541 iu
2090 5486 2341 5540 Ecclesia:
2369 5481 2645 5547 altaribus,
2669 5478 3041 5547 Christumque
3064 5478 3233 5546 ipsum
3257 5475 3430 5545 reipsa
3453 5491 3583 5544 pm»

329 5596 533 5643 sentem
564 5590 616 5642 in
648 5585 993 5641 Eucharistitc
1035 5562 1368 5638 sacramento
1395 5596 1531 5645 esse,
1578 5580 1769 5648 dogma
1798 5586 1879 5632 est
1921 5576 2274 5632 orthodoxum
2305 5588 2335 5626 λ
2357 5570 2588 5625 Maximo
2617 5576 2877 5623 assertum
2912 5584 2974 5622 ac
2998 5566 3360 5636 prmdicatum.
3399 5562 3575 5617 Serm.

332 5675 420 5744 78,
448 5691 569 5746 pag.
616 5676 718 5731 599
766 5691 877 5744 seq.
910 5694 922 5730 :
959 5674 1094 5743 Quid
1123 5673 1451 5737 reverentius,
1485 5670 1673 5737 inquit,
1699 5668 1820 5735 quid
1846 5665 2194 5722 honorabilius
2238 5663 2341 5717 dici
2366 5670 2553 5734 potest,
2584 5676 2734 5733 quam
2764 5656 3066 5732 (martyres)
3096 5653 3187 5708 sub
3237 5654 3327 5710 illa
3352 5666 3447 5704 ιιι-α
3493 5668 3579 5706 re~

788 5818 796 5831 ι,
801 5808 855 5827 ’9'
