4138 6186
571 297 646 358 98
2036 293 2420 352 PIUEFATIO.
3193 339 3197 344 .
3797 299 3868 355 96

572 414 846 486 quiescere,
894 412 948 466 in
976 427 1078 484 qua
1127 410 1237 466 Deo
1277 411 1591 480 sacrificium
1612 409 1917 476 celebratur,
1959 411 2014 464 in
2042 427 2144 477 qua
2165 409 2462 479 offeruntur
2485 411 2694 480 Ιιοειὶιε,
2720 412 2774 466 in
2797 427 2898 484 qua
2921 411 3180 466 Dominus
3208 419 3286 466 est
3311 409 3592 465 sacerdos..
3697 411 3868 477 Super

573 520 720 557 aram
747 499 981 556 Christus
1006 501 1375 570 imponitur....
1401 515 1555 570 super
1575 500 1742 553 altare
1783 498 1994 553 Domini
2015 516 2204 570 corpus
2237 501 2546 568 offertur....
2582 497 2664 554 Ibi
2693 518 2786 572 pro
2813 489 3167 570 peccatoribus
3191 499 3382 554 Christi
3402 501 3614 572 sanguis
3636 500 3862 570 eﬂ‘unli—

574 606 675 651 tur.
707 591 1075 649 Convenienter
1094 593 1367 664 igitur.....
1389 590 1461 645 ibi
1481 592 1794 662 martyribus
1816 591 2086 662 sepultura
2117 591 2324 645 decreta
2352 599 2451 655 est,
2473 591 2562 644 ubi
2591 608 2734 644 mors
2767 591 2978 646 Domini
2997 590 3224 662 quotidie
3243 591 3546 657 celebratur,
3579 591 3711 645 sicut
3765 594 3873 662 ipse

572 687 648 740 ait
668 701 686 738 :
711 685 1116 751 Quotiescunque
1146 682 1254 735 hcce
1282 681 1526 752 feceritis,
1550 689 1767 734 mortem
1796 698 1963 735 meam
1991 680 2392 744 annuntiabitis,
2431 680 2593 735 donec
2619 682 2937 735 veniam.....
2967 680 3093 735 Non
3127 682 3382 735 immerito
3412 681 3566 736 veluti
3603 686 3866 740 consortio

571 774 794 847 quodam
834 773 942 828 illic
984 772 1168 826 occisis
1210 781 1285 824 est
1318 770 1540 824 tumulus
1596 772 1933 836 constitutus,
1969 768 2175 843 [xcvn]
2217 771 2304 824 ubi
2359 771 2629 824 occisionis
2677 769 2950 825 dominicae
2985 771 3212 824 membra
3251 779 3580 841 ponuntur...
3621 769 3864 844 Legimus

571 867 839 938 plerosque
875 863 1134 934 justorum
1172 862 1436 916 Abraham
1479 860 1676 916 sinibus
1732 863 2039 933 refoveri...,
2097 878 2244 916 nemo
2285 870 2454 915 tamen
2507 861 2689 915 melius
2753 870 2942 932 praeter
2985 873 3237 933 martyres
3291 865 3477 918 meruit
3527 865 3860 934 requiescere,

571 955 658 1011 ubi
702 964 751 1010 et
795 954 966 1008 hostia
1014 951 1246 1007 Christus
1298 963 1376 1008 est
1427 963 1477 1008 et
1525 953 1800 1018 sacerdos;
1845 954 2077 1019 scilicet,
2129 963 2185 1006 ut
2237 961 2286 1007 et
2333 952 2754 1022 propitiationem
2811 952 2875 1008 de
2927 951 3186 1010 oblatione
3231 955 3412 1010 hostia:
3460 944 3859 1027 consequantur,

569 1056 619 1102 et
662 1045 1060 1101 benedictionem
1099 1046 1602 1117 perfunctionemque
1647 1044 1928 1098 sacerdotis
1968 1045 2251 1114 excipiant.
2288 1041 2425 1099 Hinc
2473 1043 2632 1114 plane
2679 1045 2868 1114 liquet,
2900 1046 2957 1099 1⁸
3000 1048 3292 1117 sacriﬁcari
3337 1051 3394 1103 in
3431 1051 3537 1104 aris
3581 1048 3861 1117 Ecclesiae,

570 1138 630 1192 2⁸
664 1139 843 1208 o/ferri
877 1139 1102 1204 hostias;
1142 1137 1200 1192 δ”
1241 1139 1339 1193 has
1389 1153 1508 1193 esse
1553 1136 1812 1191 Christum
1861 1138 1954 1206 qui
2009 1152 2172 1206 super
2217 1151 2366 1191 aram
2410 1139 2710 1207 imponitur,
2760 1138 3018 1208 cujusque
3063 1155 3249 1210 corpus
3295 1157 3448 1212 super
3492 1143 3658 1196 altare
3701 1143 3864 1212 offer-

573 1243 708 1304 tur;
741 1233 798 1286 ι·
827 1249 925 1303 pro
953 1233 1330 1302 peccatoribus
1378 1231 1529 1286 fundi
1563 1231 1760 1286 ibidem
1803 1231 2116 1300 sanguinem
2155 1229 2375 1297 Christi,
2423 1231 2816 1300 occisionisque
2845 1229 3127 1286 dominica:
3168 1232 3407 1286 membra
3437 1234 3584 1302 poni,
3627 1243 3862 1289 mortem

565 1321 875 1376 annuntiari
929 1320 1234 1376 Servatoris
1281 1320 1486 1387 nostri;
1537 1318 1592 1373 5‘
1638 1319 1910 1374 Christum
1975 1321 2149 1391 ipsum
2205 1321 2541 1376 sacerdotem
2590 1336 2742 1388 esse;
2791 1321 2847 1374 6°
2886 1321 3208 1377 sacriﬁcium
3263 1337 3381 1378 esse
3425 1324 3860 1393 propitiationis,

567 1424 675 1470 etc.
714 1413 852 1470 Sunt
899 1414 1015 1469 huic
1057 1413 1216 1482 plane
1255 1421 1617 1468 consentanea
1656 1411 1916 1468 doctrina:
1959 1410 2196 1467 Patrum.
2226 1411 2425 1468 Confer
2471 1419 2717 1468 sanctum
2766 1411 3060 1477 Thomam,
3111 1420 3252 1483 part.
3284 1429 3358 1478 ιιι,
3392 1423 3578 1483 quaest.
3621 1415 3709 1481 82,
3751 1423 3855 1470 art.

572 1505 624 1571 1,
663 1520 772 1574 quo
810 1504 931 1560 loco
978 1501 1277 1572 Augustini,
1327 1503 1615 1568 Ambrosii,
1659 1509 1788 1568 etc.,
1833 1504 2135 1558 testimonia
2177 1504 2383 1573 profert
2420 1502 2610 1558 eadem
2646 1502 3098 1559 conﬁnnantium.
3150 1503 3285 1559 Vide
3323 1512 3582 1576 prmterea
3628 1521 3746 1576 quae
3789 1522 3859 1562 ex

565 1593 776 1649 Justino
821 1603 1079 1665 martyre,
1128 1593 1350 1658 lrenmo,
1401 1594 1714 1663 (ueterisque
1761 1591 2009 1649 Patribus
2057 1593 2287 1649 alierunt
2328 1595 2578 1649 monachi
2621 1593 2950 1649 Benedictini
2995 1597 3427 1664 congregationis
3455 1595 3638 1652 Sancti
3669 1598 3858 1663 Mauri,

568 1681 819 1739 Maranus
847 1683 1055 1755 prmfat.
1103 1684 1158 1738 in
1185 1682 1381 1740 Justiti.
1412 1699 1656 1756 operum,
1699 1701 1852 1756 capp.
1888 1685 1954 1740 10
1983 1696 2037 1741 et
2076 1685 2161 1751 l5,
2204 1693 2260 1742 et
2288 1687 2609 1743 Massuetius
2637 1688 2691 1742 in
2731 1687 2919 1744 lrenaei
2955 1687 3122 1744 libros
3158 1689 3369 1744 dissert.
3403 1690 3454 1753 '5,
3487 1702 3589 1745 art.
3623 1692 3674 1757 7,
3706 1707 3855 1747 num.

569 1772 636 1825 76
665 1788 842 1843 seqq.,
877 1782 936 1828 ut
961 1780 1190 1829 caeteros
1227 1775 1655 1844 praetermittam,
1696 1791 1926 1846 quorum
1961 1778 2266 1848 catalogum
2314 1787 2498 1836 texere
2547 1795 2724 1850 neque
2766 1788 2940 1848 vacat,
2989 1796 3164 1850 neque
3208 1796 3339 1836 vero
3393 1790 3476 1836 est
3515 1798 3668 1853 opus.
3702 1783 3860 1850 Quod

566 1871 749 1919 autem
798 1863 964 1918 habet
1015 1861 1277 1918 Maximus
1327 1863 1396 1919 de
1443 1865 1846 1935 propitiatione,
1889 1875 1946 1922 et
1994 1866 2374 1924 benedictione
2429 1869 2744 1932 sacerdotis,
2794 1884 2956 1938 quam
2996 1869 3266 1940 excipiant
3299 1878 3583 1942 martyres,
3626 1888 3734 1927 non
3787 1888 3858 1929 eo

567 1954 820 2024 pertinet,
843 1952 997 2022 quasi
1026 1953 1225 2009 sanctis
1253 1955 1594 2024 martyribus,
1627 1963 1721 2010 aut
1763 1965 2108 2026 peccatorum
2144 1959 2456 2029 quidquam,
2488 1967 2582 2014 aut
2618 1969 2804 2016 reatus
2831 1961 2974 2027 insit,
3003 1961 3148 2032 quod
3175 1961 3430 2016 luendum
3477 1963 3862 2034 propitiatione

567 2044 1054 2114 benedictioneque
1099 2046 1196 2112 sit;
1223 2047 1318 2101 sed
1345 2063 1456 2117 quo
1484 2047 1536 2101 id
1575 2047 1894 2118 itnpetretur
1919 2051 2064 2120 quod
2095 2054 2386 2122 postulant.
2419 2053 2538 2110 Non
2575 2055 2718 2111 enim
2748 2057 2792 2111 is
2825 2055 2924 2112 fuit
2962 2055 3225 2113 Maximus
3251 2059 3343 2128 qui
3372 2058 3543 2128 culpae
3568 2057 3858 2127 quidquam

565 2147 662 2194 aut
687 2146 869 2194 reatus
899 2139 1076 2193 inesse
1111 2138 1176 2192 iis
1207 2139 1578 2208 arbitraretur,
1609 2155 1747 2210 quos
1775 2143 1965 2223 ibidem
1989 2146 2246 2216 praedicat
2280 2163 2391 2202 esse
2429 2149 2621 2219 justas,
2653 2159 2881 2214 sanctos,
2914 2153 3273 2223 praecipueque
3307 2152 3419 2206 loco
3447 2161 3654 2223 propter
3677 2151 3855 2222 fidem,

563 2245 661 2300 pro
681 2246 788 2300 qua
813 2238 1135 2301 pugnarunt,
1167 2231 1454 2288 habendos.
1487 2230 1755 2289 Postulari
1783 2222 1967 2290 autem
1995 2237 2070 2291 ait
2097 2252 2129 2291 a
2158 2239 2484 2310 martyribus
2510 2241 2790 2295 vindictam
2827 2241 3101 2312 sanguinis
3131 2222 3222 2307 ibi,
3255 2241 3345 2296 ubi
3373 2258 3466 2312 pro
3507 2222 3858 2312 peccatoribus

566 2321 763 2378 Christi
791 2325 1006 2395 sanguis
1037 2323 1340 2393 effunditur.
1372 2325 1620 2382 Vindicta
1643 2337 1825 2383 autem
1866 2327 1956 2383 illa
1998 2330 2276 2398 sanguinis
2315 2347 2422 2386 non
2448 2331 2592 2386 aliud
2628 2332 2826 2387 indicat
2863 2347 3025 2402 quam
3053 2332 3392 2388 eversionem
3430 2331 3580 2398 regni
3626 2331 3854 2402 peccati,

561 2430 726 2484 quam
753 2414 947 2470 divinae
971 2415 1192 2484 justitize
1219 2416 1729 2485 manifestationem,
1761 2434 1924 2487 quam
1950 2429 2008 2476 ut
2031 2423 2296 2493 propitius
2333 2424 2403 2478 sit
2431 2424 2802 2494 peccatoribus
2825 2424 2988 2491 Deus,
3014 2425 3201 2494 eisque
3227 2423 3550 2480 benedicens
3576 2423 3772 2478 efﬁciat
3800 2431 3861 2477 ut

569 2505 904 2575 resipiscant,
935 2521 1096 2576 quam
1126 2509 1522 2583 restitutionem
1550 2518 1608 2566 et
1633 2511 2081 2580 gloriﬁcationem
2109 2531 2396 2586 corporum
2425 2526 2754 2583 sanctorum,
2786 2533 2949 2588 quam
2976 2517 3208 2588 denique
3235 2517 3529 2572 secundum
3569 2516 3858 2572 adventum

561 2603 785 2660 Christi.
814 2602 1000 2659 Altare
1025 2620 1189 2676 porro
1217 2620 1313 2661 seu
1337 2621 1488 2661 aram
1514 2605 1777 2663 Maximus
1803 2623 2045 2663 mensam
2073 2607 2398 2665 dominicam
2419 2619 2580 2666 vocat
2600 2617 2756 2666 tract.
2788 2609 2822 2664 5
2841 2619 3031 2666 contra
3058 2609 3285 2674 Judzeos,
3309 2623 3429 2680 pag.
3460 2608 3582 2672 745,
3609 2610 3661 2663 in
3686 2624 3860 2680 eaque

565 2702 811 2766 paratum
843 2695 920 2750 ait
941 2695 1146 2752 caleste
1173 2699 1475 2766 convivium,
1506 2714 1712 2770 nosque
1741 2715 1864 2754 cum
1891 2700 2058 2755 David
2084 2707 2306 2756 cantare
2333 2701 2576 2772 proinde,
2605 2703 2811 2768 scribit,
2843 2717 3002 2772 posse
3028 2719 3040 2756 :
3067 2701 3320 2757 Dominus
3339 2701 3503 2771 pascit
3525 2715 3622 2764 me,
3649 2707 3698 2753 et
3727 2698 3860 2753 nihil

573 2787 696 2841 mihi
725 2788 908 2856 deerit,
931 2789 988 2844 in
1013 2790 1124 2844 loco
1149 2807 1359 2861 pascua:
1394 2792 1468 2846 ibi
1503 2809 1585 2846 me
1620 2793 1906 2866 collocavit.
1937 2792 2015 2848 De
2042 2793 2253 2849 ratione
2279 2803 2460 2850 autem
2485 2809 2592 2865 qua
2623 2803 2870 2852 tenemur
2912 2795 3061 2852 reﬁci
3099 2794 3453 2860 Eucharistia,
3483 2793 3657 2862 deque
3698 2807 3859 2863 poena

560 2892 682 2948 quae
710 2880 874 2936 instat
897 2881 1112 2950 indigne
1138 2897 1258 2938 eam
1287 2887 1643 2950 amentibus,
1671 2887 1788 2942 haec
1820 2886 1964 2942 idem
2000 2886 2162 2944 docet
2205 2888 2470 2946 Maximus
2512 2891 2735 2947 homilia
2762 2891 2854 2956 45,
2884 2905 3008 2963 pag.
3045 2889 3168 2957 158,
3199 2889 3368 2946 cibum
3397 2890 3543 2943 hunc
3561 2901 3681 2942 esse
3710 2885 3858 2938 melle

563 2977 866 3043 dulciorem,
893 2997 1042 3050 quem
1061 2981 1148 3052 qui
1170 2981 1323 3036 edere
1345 2989 1396 3036 et
1416 2982 1732 3038 manducare
1757 2981 2060 3058 neglexerit,
2087 2985 2246 3039 vitam
2283 2986 2340 3040 in
2385 2988 2657 3057 semetipso
2697 2987 2884 3042 habere
2922 3003 3028 3042 non
3056 2987 3263 3058 poterit,
3293 2986 3426 3040 sicut
3463 2985 3574 3054 ipse
3607 2979 3859 3035 Dominus

566 3072 683 3125 ait:
706 3069 828 3125 Nisi
855 3073 970 3144 quis
995 3051 1383 3130 manducauerit
1421 3092 1590 3130 meam
1628 3051 1857 3142 carnem,
1899 3085 1950 3131 et
1969 3051 2170 3132 ‘biberit
2206 3093 2374 3132 meum
2410 3051 2736 3151 sanguinem,
2781 3095 2886 3134 non
2925 3051 3129 3134 habebit
3166 3078 3325 3132 vitam
3351 3076 3405 3129 in
3439 3051 3743 3143 semetipso;
3765 3068 3858 3127 sed

561 3163 731 3230 potius
756 3163 866 3232 ipse
887 3162 1028 3218 cibus
1053 3165 1108 3218 in
1128 3163 1384 3234 judicium
1424 3175 1763 3230 convertetur,
1801 3168 1934 3222 sicut
1966 3166 2244 3238 Apostolus
2283 3168 2455 3224 dicit:
2487 3167 2590 3233 Qui
2635 3169 2918 3224 manducat
2959 3178 3010 3224 et
3055 3167 3177 3224 bibit
3217 3169 3450 3238 indigne,
3481 3165 3735 3236 judicium
3758 3161 3859 3218 sibi

563 3253 867 3308 manducat.
897 3251 1050 3319 Quod
1071 3255 1196 3326 ﬁliis
1227 3254 1396 3310 Israel
1423 3255 1680 3312 subtiliter
1707 3258 2067 3328 pr0phetatum
2093 3267 2169 3312 est
2196 3259 2251 3313 in
2286 3259 2632 3315 Testamento.
2665 3259 2863 3314 Manna
2896 3261 3034 3313 enim
3060 3258 3167 3312 illis
3195 3267 3375 3312 contra
3404 3256 3577 3310 divina
3603 3261 3860 3324 pracepta

563 3346 922 3420 tractantibus,
946 3362 1145 3400 vermes
1171 3347 1340 3416 effecti
1363 3357 1502 3414 sunt,
1533 3348 1589 3402 id
1615 3357 1713 3416 est,
1740 3350 2078 3405 contumacia
2113 3351 2306 3405 ultores
2333 3360 2385 3406 et
2401 3351 2624 3423 judices.
2659 3350 2788 3415 Qua:
2826 3350 3108 3405 similitudo
3148 3347 3408 3404 Christum
3433 3344 3636 3420 [xcvnt]
3665 3344 3861 3400 indicat

565 3436 866 3510 Dominum,
889 3461 1037 3516 quem
1063 3446 1151 3518 qui
1175 3462 1384 3501 suavem
1411 3446 1581 3500 cibum
1601 3454 1652 3500 et
1678 3445 1879 3500 dulcem
1907 3455 2084 3517 potum
2113 3446 2327 3500 haurire
2354 3446 2652 3518 neglexerit,
2677 3445 2908 3517 judicem
2928 3445 3171 3514 patietur,
3203 3444 3335 3499 sicut
3363 3443 3472 3513 ipse
3497 3440 3586 3494 ait.

632 3531 820 3589 XXVI.
851 3534 964 3591 Etsi
993 3553 1101 3592 non
1129 3552 1198 3593 ex
1224 3538 1472 3594 instituto
1499 3538 1630 3609 (non
1669 3538 1812 3592 enim
1841 3537 2095 3604 occurrit,
2131 3545 2191 3592 ut
2217 3537 2340 3592 data
2371 3552 2535 3607 opera
2575 3552 2639 3591 ea
2683 3536 2752 3590 de
2788 3551 2849 3591 re
2875 3536 3103 3606 ageret),
3132 3544 3187 3591 at
3219 3535 3350 3590 satis
3387 3541 3568 3588 tamen
3594 3528 3858 3584 Maximus

558 3623 798 3678 ostendit
823 3639 944 3695 qua:
961 3641 1057 3682 sua
1080 3636 1225 3683 esset
1250 3628 1319 3684 de
1338 3636 1685 3698 peccatorum
1719 3625 2063 3682 confessione
2106 3621 2393 3680 sententia.
2440 3627 2614 3694 Atque
2660 3625 2749 3679 ille
2793 3624 3012 3694 quidem
3040 3623 3263 3678 hotnilia
3293 3619 3416 3688 115,
3447 3634 3567 3691 pag.
3601 3617 3726 3684 389.,
3758 3631 3857 3671 ne-

559 3717 867 3772 cessitatem
909 3719 1266 3775 confessionis
1312 3720 1553 3776 indicans
1586 3737 1600 3772 :
1635 3719 1820 3772 Omnis
1868 3715 2215 3782 Christianus,
2259 3715 2451 3785 inquit,
2493 3717 2579 3786 qui
2621 3715 2726 3769 vult
2771 3731 2866 3769 sua
2905 3723 3116 3784 peccata
3157 3712 3344 3776 celare,
3395 3711 3479 3764 hic
3513 3707 3858 3774 spiritualiter

564 3807 726 3876 vulpis
748 3817 842 3861 est.
869 3808 1019 3863 Sicut
1041 3810 1178 3863 enim
1200 3810 1363 3880 vulpis
1391 3819 1601 3880 propter
1621 3810 1831 3881 fraudes
1858 3825 1984 3862 suas
2012 3807 2240 3863 latibulis
2268 3807 2585 3870 demoratur,
2608 3807 2681 3859 ita
2701 3814 2749 3859 et
2771 3815 3012 3874 peccator
3040 3813 3214 3858 tacens
3236 3811 3444 3873 propter
3463 3801 3854 3865 conscientiam,

561 3912 770 3952 suorum
793 3907 1116 3968 peccatorum
1136 3901 1295 3970 foveis
1320 3900 1590 3954 delitescit.
1623 3898 1695 3953 Et
1720 3901 1853 3953 sicut
1892 3899 1986 3954 illa
2023 3915 2128 3954 non
2155 3900 2313 3954 audet
2349 3899 2484 3952 inter
2510 3897 2705 3951 medias
2725 3896 2990 3951 hominum
3021 3895 3425 3951 turbasmorum
3448 3911 3658 3950 suorum
3678 3902 3854 3948 osten-

562 3997 677 4042 tare
704 3990 992 4060 fallaciam,
1022 3993 1096 4045 ita
1122 4001 1173 4047 et
1210 3991 1292 4046 hic
1315 3993 1566 4048 erubescit
1592 3994 1647 4048 in
1668 3993 1838 4048 media
1865 3993 2081 4048 ecclesia
2107 3991 2508 4048 conversationis
2537 4006 2646 4046 sua:
2672 3991 2954 4064 nequitiam
2977 3991 3235 4060 confiteri.
3258 3989 3376 4044 Jam
3397 3989 3465 4045 de
3483 3988 3853 4060 resipiscentia

564 4078 740 4149 deque
767 4096 864 4150 spe
893 4082 1234 4152 indulgentia:
1255 4083 1644 4155 consequendte
1671 4085 1940 4140 disserens
1959 4099 2209 4149 sermone
2237 4083 2324 4150 59,
2349 4097 2475 4153 pag.
2501 4081 2596 4137 501
2629 4098 2743 4154 seq.
2780 4086 3026 4148 :Anuou,
3058 4083 3246 4152 inquit,
3279 4083 3560 4139 (tutandum
3587 4083 3733 4138 nobis
3753 4091 3850 4149 est,

563 4169 743 4244 quibus
771 4174 888 4226 novi
915 4175 1148 4244 mysterii
1172 4185 1500 4230 sacramento
1525 4184 1736 4247 peccata
1765 4176 2036 4241 tolluntur,
2067 4176 2247 4231 caelum
2268 4176 2442 4240 datur,
2474 4177 2709 4231 redditur
2734 4177 3009 4248 paradisus
3025 4176 3115 4232 .9...
3148 4177 3339 4232 Omnia
3365 4176 3584 4232 latronis
3613 4183 3853 4230 anteacta

563 4267 759 4322 scelera
787 4269 939 4322 unius
961 4269 1198 4322 meritum
1223 4270 1567 4340 confessionis
1589 4269 1828 4335 absolvit,
1854 4280 1904 4323 et
1929 4267 2176 4342 quidquid
2201 4267 2356 4341 longa
2387 4277 2540 4322 (etate
2567 4268 2869 4340 deliquerat,
2905 4269 3206 4326 brevissimo
3233 4283 3468 4323 sermone
3499 4267 3703 4322 delevit.
3736 4263 3850 4320 Nec

560 4359 821 4416 latrocinii
849 4377 962 4416 eum
992 4363 1072 4416 sui
1100 4361 1241 4433 apud
1273 4362 1434 4416 Deum
1475 4365 1687 4433 sanguis
1734 4361 2019 4426 damnavit,
2058 4361 2178 4432 quia
2220 4359 2412 4414 Christi
2460 4361 2766 4432 sanguinem
2811 4376 3024 4431 regnum
3062 4359 3280 4413 credidit
3323 4376 3454 4425 esse,
3486 4374 3591 4412 non
3623 4373 3845 4428 ptenam.

561 4448 718 4515 Quod
746 4455 960 4524 factum,
993 4455 1272 4520 carissimi,
1324 4456 1561 4510 universo
1602 4456 1866 4509 hominum
1892 4453 2066 4526 generi
2103 4455 2404 4526 profecisse,
2436 4471 2542 4508 non
2573 4453 2781 4508 dubium
2808 4464 2904 4507 est.
2938 4451 3082 4507 Nam
3108 4453 3222 4525 quis
3254 4451 3318 4506 de
3347 4451 3443 4505 Dei
3472 4453 3662 4524 gratia,
3694 4449 3851 4506 abso~

561 4544 672 4598 luto
692 4544 918 4608 latrone,
951 4544 1206 4613 desperet,
1233 4545 1279 4597 si
1301 4554 1469 4599 tamen
1499 4547 1875 4617 supplicantem
1904 4561 2082 4617 preces
2109 4544 2636 4618 latronigcredulitas
2664 4545 3037 4616 subsequatur?
3065 4542 3332 4598 Habemus
3359 4551 3408 4596 et
3434 4542 3579 4598 aliud
3605 4542 3853 4613 magniﬁ-

560 4657 679 4694 cum
725 4640 1001 4694 dominica:
1040 4639 1250 4708 pietatis
1294 4640 1604 4709 exemplum,
1645 4657 1744 4712 quo
1789 4657 1994 4696 omnem
2037 4640 2324 4710 mortiferae
2366 4638 2740 4708 desperationis
2770 4637 3101 4709 formidinem
3137 4637 3466 4708 deponentes,
3497 4635 3562 4690 de
3598 4635 3853 4704 ineffabili

572 4731 929 4804 Redemptoris
954 4732 1120 4787 nostri
1148 4730 1474 4803 indulgentia
1501 4732 1841 4802 confidamus.
1868 4730 1994 4786 Cum
2021 4731 2160 4786 enim
2185 4730 2556 4785 condemnatus
2577 4729 2641 4782 ab
2669 4730 2844 4798 impiis
2865 4728 3108 4799 penderet
3133 4726 3365 4782 Christus
3392 4729 3447 4782 in
3477 4743 3644 4792 cruce,
3679 4728 3855 4797 furor-

563 4839 661 4892 que
687 4823 938 4880 Judaicus
961 4823 1200 4878 illuderet
1224 4821 1504 4893 Cruci/isto,
1537 4824 1934 4890 omnipotentem
1968 4823 2176 4877 Patrem
2214 4821 2624 4893 interfectoribus
2667 4821 2775 4875 suis
2816 4820 2926 4889 ipse
2971 4820 3104 4873 inter
3140 4819 3352 4873 vulnera
3389 4819 3503 4889 pius
3537 4817 3856 4888 suffragator

563 4911 768 4979 orabat,
799 4917 975 4970 dicens
1004 4933 1021 4971 :
1053 4914 1234 4980 Pater,
1269 4913 1468 4968 dimitte
1488 4914 1594 4967 illis
1618 4929 1636 4967 :
1663 4914 1898 4967 nesciunt
1939 4914 2062 4985 quid
2091 4915 2310 4985 faciunt,
2353 4921 2458 4968 etc.
2490 4911 2566 4966 De
2591 4911 2992 4982 pmnitentibus,
3033 4911 3102 4966 de
3143 4911 3335 4964 ltontm
3376 4909 3647 4977 gradibus,
3677 4907 3855 4977 deque

566 5002 691 5057 data
721 5003 850 5073 ipsis
877 5016 1222 5075 peccatorum
1266 5005 1586 5062 remissione
1625 5020 1656 5058 a
1693 5003 2080 5068 sacerdotibus,
2112 5005 2307 5074 quibus
2342 5005 2411 5060 de
2447 5005 2609 5059 rebus
2635 5004 2723 5058 alii
2755 5001 2944 5058 Patres
2969 5002 3259 5066 disserunt,
3290 5001 3554 5057 Maximus
3582 5017 3689 5057 non
3719 5002 3850 5069 agit,

566 5095 712 5167 quod
741 5106 929 5152 sancto
956 5101 1182 5156 antistiti
1209 5099 1484 5156 orationes
1511 5098 1579 5154 ad
1605 5096 1863 5170 populum
1891 5097 2112 5152 habenti
2138 5096 2206 5152 de
2227 5097 2417 5154 iisdem
2441 5095 2750 5168 disputandi
2777 5095 3154 5166 opportunitas
3191 5109 3300 5150 non
3327 5094 3631 5156 obtulisset,
3657 5107 3850 5163 quem-

566 5186 857 5244 admodum
880 5203 947 5244 ne
972 5187 1039 5244 de
1063 5201 1302 5249 extrema
1331 5193 1584 5250 unctione
1611 5191 1847 5262 quidem.

641 5279 850 5336 XXVII.
883 5278 1197 5337 Saccrdotio
1225 5285 1674 5352 quemadmodum
1705 5281 1982 5339 habendus
2009 5281 2079 5336 sit
2112 5283 2308 5346 honos,
2340 5282 2574 5338 ostendit
2602 5281 2866 5336 Maximus
2893 5280 3082 5336 homil.
3115 5277 3201 5348 85,
3229 5273 3360 5351 pag.
3388 5279 3514 5342 285,
3543 5295 3652 5351 quo
3681 5280 3800 5335 loco
3832 5297 3847 5334 :

570 5370 631 5425 Si
658 5371 949 5442 diligenter,
981 5371 1170 5440 inquit,
1202 5374 1420 5427 audistis
1446 5375 1792 5449 evangelicum
1819 5372 2108 5435 lectionem,
2133 5369 2418 5444 intelligere
2445 5372 2680 5441 potestis,
2709 5388 2824 5444 qua:
2843 5373 3094 5428 ministris
3117 5389 3178 5426 ac
3201 5371 3552 5427 sacerdotibus
3585 5370 3679 5426 Dei
3704 5387 3852 5426 reve-

566 5458 738 5518 rentia
763 5461 1026 5516 debeatur.
1070 5460 1202 5516 Nam
1240 5461 1338 5517 hos
1372 5462 1602 5534 Spiritus
1640 5463 1811 5520 sancti
1847 5461 2282 5518 remuneratione
2329 5461 2526 5517 ditatos
2564 5476 2704 5526 esse,
2747 5476 2812 5516 ac
2855 5460 3047 5531 pignus
3074 5461 3305 5533 Spiritus
3344 5463 3614 5533 accepisse
3642 5459 3847 5526 scribit,

566 5548 908 5605 ordinatione
935 5549 1150 5620 quidem
1177 5559 1324 5606 certe
1357 5569 1367 5603 :
1401 5569 1526 5607 nam
1549 5569 1654 5622 qua
1683 5555 1786 5609 alia
1827 5554 2055 5619 ratione,
2099 5568 2166 5608 ne
2194 5553 2454 5623 suspicari
2480 5551 2696 5622 quidem
2745 5566 2985 5622 possum.
3025 5551 3159 5608 Eam
3199 5553 3270 5609 ob
3298 5570 3517 5609 causam
3566 5553 3721 5608 altari
3750 5567 3850 5608 eos

567 5641 792 5709 servire,
815 5641 1211 5708 animadvertit,
1236 5644 1341 5698 hoc
1363 5643 1452 5697 'cst
1478 5653 1765 5712 potestate,
1796 5661 1959 5716 quam
1979 5654 2103 5702 sunt
2130 5644 2427 5709 consecuti,
2451 5659 2566 5700 rem
2593 5643 2827 5699 divinam
2858 5643 3053 5712 facere,
3077 5661 3251 5716 exque
3271 5648 3428 5702 altari
3449 5648 3676 5718 proinde
3703 5648 3851 5717 ipsos

571 5734 750 5792 vivere
777 5741 1048 5803 oportere.
1080 5733 1268 5792 Cibum
1290 5742 1549 5802 masterca
1578 5737 1725 5790 verbi
1756 5738 1850 5793 Dei
1876 5754 1908 5794 a
1935 5737 2304 5796 sacerdotibus
2332 5752 2450 5795 esse
2482 5736 2680 5809 populo
2710 5737 3090 5807 corrigendum
3115 5737 3292 5803 docet.
3327 5737 3385 5815 ῳ
3414 5754 3608 5801 munus
3637 5739 3850 5812 episco-
