4138 6186
238 279 309 338 97
1684 280 1872 337 ΡΒᾸΞΙ

1909 279 2068 337 ᾹΤΙΟ.
3473 296 3543 350 98

236 394 324 463 νίς
348 394 668 466 cumprimis
696 405 1025 468 competere,
1053 397 1248 467 quibus
1272 412 1380 452 non
1404 397 1769 452 docendorum
1810 400 1983 452 solum
2013 398 2353 469 populorum,
2385 400 2481 455 sed
2510 410 2673 457 etiam
2701 402 2937 458 sontium
2973 398 3387 474 puniendorum,
3411 422 3544 479 pro-

234 490 712 560 hibendorumque
738 491 1118 546 communione
1157 506 1452 557 sacrorum,
1504 489 1673 564 [xcu|
1717 489 1806 559 jus
1852 490 2045 556 inesse,
2088 490 2390 547 conﬁrmat.
2430 492 2509 547 Ac
2534 492 2603 547 de
2630 496 2856 563 pignore
2881 495 3098 564 quidem
3123 495 3375 566 Spiritus,
3405 507 3541 561 etc.,

233 582 386 651 quod
412 582 734 637 sacerdotes
761 584 1087 651 acceperint,
1120 581 1295 650 deque
1324 581 1695 638 sacerdotibus
1723 579 1910 634 iisdem
1940 580 2095 635 altari
2125 581 2539 637 inscrvientibus
2568 583 2681 638 haec
2720 584 2809 639 ille
2840 585 3001 639 tradit
3040 586 3226 640 homil.
3262 586 3382 652 us,
3416 600 3541 657 pag.

236 674 347 729 388
376 688 499 743 seq.
527 691 541 726 :
565 672 797 729 Domino
817 682 865 727 et
886 673 995 728 Deo
1025 674 1328 739 militamus,
1361 675 1491 728 sicut
1520 674 1594 727 ait
1621 672 1895 741 Apostolus
1925 689 1943 726 :
1974 671 2142 727 Nemo
2185 673 2416 727 militans
2456 672 2567 728 Deo
2604 676 2833 744 implicat
2859 693 2915 729 se
2940 680 3160 749 negotiis
3188 676 3545 735 sweularibus.

247 765 529 831 Videmur,
557 768 789 837 inquam,
814 782 919 819 non
946 767 1172 819 militare
1191 766 1421 820 remissis
1444 781 1506 818 ac
1534 764 1811 833 fluentibus
1843 764 2051 828 tunicis,
2084 764 2174 817 sed
2210 763 2455 818 habemus
2483 766 2683 819 militia:
2710 774 2904 821 nostra:
2942 768 3221 839 cingulum,
3254 786 3354 841 quo
3382 772 3546 826 casti-

241 860 424 913 monia
464 859 719 912 interiora
748 858 1195 929 constringuntur,
1227 858 1292 910 de
1319 874 1418 929 quo
1449 856 1653 928 cingulo
1682 856 1938 910 Dominus
1972 856 2045 909 ait
2078 855 2149 908 ad
2191 858 2454 926 apostolos
2483 874 2603 912 suos
2625 874 2642 911 :
2668 858 2789 912 Sint
2816 857 2971 912 lumbi
3008 862 3161 914 vestri
3186 865 3472 931 prtecincti,
3496 872 3548 918 et

246 954 487 1007 lucerna:
514 948 757 1003 ardentes
792 950 848 1003 in
881 949 1119 1003 manibus
1154 951 1358 1005 vestris.
1392 948 1587 1003 Milites
1614 950 1773 1019 igitur
1800 948 1990 1004 Christi
2012 964 2207 1013 sumus,
2238 957 2289 1001 et
2317 949 2626 1020 stipendium
2654 951 2718 1004 ab
2758 953 2873 1020 ipso
2897 952 3187 1023 donumque
3214 958 3545 1026 percipimus,

244 1042 387 1093 sicut
417 1040 543 1092 dicit
570 1038 751 1092 beatus
778 1040 1057 1106 Apostolus
1084 1056 1102 1093 :
1136 1038 1237 1104 Qui
1265 1039 1405 1093 dedit
1430 1039 1577 1095 nobis
1607 1040 1791 1109 pignus
1821 1039 2071 1110 Spiritus,
2110 1040 2204 1093 hoc
2240 1050 2335 1104 est,
2365 1041 2452 1111 qui
2499 1039 2729 1112 Spiritus
2775 1046 2946 1098 sancti
2992 1062 3088 1099 nos
3129 1050 3546 1103 remuneratione

242 1130 499 1185 ditavit...
524 1128 822 1185 Catholicus
851 1133 1069 1186 clericus
1090 1132 1189 1185 hac
1215 1133 1471 1186 sententia
1498 1133 1766 1185 retinetur.
1802 1131 1862 1185 Si
1884 1133 2021 1185 enim
2047 1148 2151 1185 non
2181 1140 2447 1185 contentus
2473 1133 2744 1203 stipendiis
2774 1136 2951 1205 fuerit,
2982 1154 3095 1208 qua:
3123 1138 3186 1191 de
3214 1140 3388 1205 altari,
3429 1139 3545 1196 Do-

243 1222 389 1276 mino
404 1222 637 1294 jubente,
671 1224 1032 1295 consequitur;
1055 1224 1146 1276 sed
1175 1232 1376 1277 exercet
1401 1224 1757 1286 mercimonia,
1789 1222 2179 1276 intercessiones
2200 1222 2386 1285 vendit,
2413 1223 2683 1277 viduarum
2709 1242 2923 1280 munera
2962 1228 3177 1282 libenter
3199 1230 3543 1298 amplectitur,

245 1316 331 1370 hic
354 1316 653 1387 negotiator
674 1316 840 1385 magis
856 1323 1021 1383 potest
1042 1314 1202 1367 rideri
1222 1330 1377 1384 quam
1402 1313 1637 1367 clericus.
1661 1310 1779 1366 Jam
1803 1327 1934 1367 vero
1963 1312 2149 1366 homil.
2177 1311 2263 1378 12,
2295 1325 2416 1381 pag.
2447 1312 2542 1366 571
2568 1328 2708 1381 seq.,
2732 1313 2799 1369 de
2821 1315 2979 1371 Verbi
3002 1318 3168 1373 divini
3197 1318 3543 1388 praedicandi,

244 1413 422 1482 deque
443 1411 839 1482 puniendorum
880 1412 1115 1465 sontium
1138 1409 1259 1479 jure
1293 1409 1361 1464 ad
1398 1411 1711 1465 sacerdotes
1738 1416 2037 1479 spectante,
2070 1424 2205 1479 quos
2238 1393 2435 1478 apibus
2476 1418 2773 1480 comparat,
2806 1412 3077 1468 disserens
3109 1432 3122 1467 :
3155 1413 3311 1480 Bene,
3351 1414 3544 1482 inquit,

244 1504 382 1569 dixi,
414 1505 651 1558 examine
677 1504 1037 1568 sacerdotum;
1058 1504 1179 1573 quia
1208 1504 1341 1557 sicut
1360 1520 1481 1573 apes
1503 1504 1568 1557 de
1591 1503 1887 1557 divinarum
1908 1502 2299 1573 Scripturarum
2329 1503 2559 1573 ﬂosculis
2587 1505 2765 1558 suauia
2789 1506 2945 1559 mella
2974 1508 3277 1577 conﬁciunt,
3306 1517 3356 1562 et
3392 1506 3545 1579 quid-

245 1596 371 1666 quid
402 1595 473 1649 ad
501 1596 810 1649 medicinam
831 1597 1050 1665 pertinet
1074 1597 1385 1661 animarum,
1410 1597 1518 1650 oris
1546 1596 1628 1649 sui
1648 1604 1760 1649 arte
1786 1602 2120 1666 componunt.
2152 1592 2310 1647 Recte
2329 1604 2700 1663 comparantur
2727 1596 2909 1665 apibus
2932 1599 3246 1665 sacerdotes,
3270 1601 3391 1672 quia
3413 1601 3544 1653 sicut

245 1705 371 1760 apes
403 1688 691 1741 castitatem
712 1688 946 1757 corporis
974 1688 1277 1758 praeferunt,
1311 1685 1479 1740 cibum
1506 1687 1623 1741 vita:
1645 1688 1863 1741 ccelestis
1891 1684 2150 1751 exhibent,
2175 1684 2407 1737 aculeum
2436 1685 2567 1754 legis
2587 1695 2846 1739 exercent.
2882 1688 3012 1741 Puri
3042 1690 3178 1741 enim
3207 1689 3277 1741 ad
3297 1690 3537 1759 sanctifi-

246 1782 526 1844 cationem,
548 1794 728 1833 suaves
757 1779 829 1832 ad
853 1780 1204 1849 refectionem,
1231 1780 1395 1833 severi
1422 1778 1492 1833 ad
1518 1778 1782 1832 ultionem.
1820 1777 2011 1847 Apibus
2045 1776 2199 1847 plane
2235 1783 2356 1829 sunt
2382 1777 2744 1844 comparandi,
2776 1778 2863 1849 qui
2901 1779 3037 1832 velut
3067 1780 3293 1834 alvcario
3320 1782 3545 1851 quodam

248 1874 426 1943 gratia
463 1872 645 1924 matris
693 1869 944 1925 Ecclesia
984 1870 1332 1935 continentur,
1372 1871 1428 1922 in
1456 1885 1557 1939 qua
1594 1869 1913 1921 diversorum
1940 1868 2242 1920 meritorum
2264 1864 2477 1919 cellulas
2510 1865 2829 1921 dulcissimis
2857 1869 3313 1937 praedicationibus
3342 1887 3544 1940 compo-

248 1971 446 2025 nentes,
471 1960 537 2012 de
554 1976 659 2013 uno
683 1958 977 2015 Saluatoris
999 1960 1239 2013 examine
1258 1958 1670 2014 Christianorum
1690 1958 1935 2012 examina
1964 1957 2127 2011 multa
2145 1955 2503 2025 producunt...
2540 1954 2860 2013 Prtedicatio
2881 1961 3167 2014 sacerdotis
3191 1962 3242 2014 in
3267 1961 3412 2032 plebe
3439 1964 3544 2017 sal-

249 2052 431 2106 randis
458 2061 538 2105 est
570 2052 842 2117 correctio,
882 2061 933 2104 et
975 2052 1285 2105 contestatio
1320 2049 1641 2121 judicandis.
1679 2047 2040 2104 Contestamur
2073 2048 2209 2102 enim
2242 2046 2348 2099 illis
2373 2054 2494 2099 ante
2510 2046 2787 2112 judicium,
2816 2050 2952 2117 quod
2978 2051 3095 2103 illos
3128 2060 3335 2104 maneat
3356 2054 3408 2104 in
3432 2053 3545 2120 ipso

248 2146 471 2218 judicio,
506 2153 614 2202 etc.
645 2144 1108 2212 Quemadmodum
1139 2152 1319 2199 autem
1349 2145 1631 2215 episcopus
1658 2142 1873 2210 docere,
1905 2143 2132 2207 hortari,
2165 2154 2408 2204 monere,
2440 2150 2763 2209 redarguere
2792 2142 2974 2206 etiam,
3007 2143 3051 2195 si
3080 2158 3216 2212 opus
3254 2144 3341 2206 sit,
3373 2158 3543 2213 popu~

253 2239 360 2293 lum
383 2235 604 2301 debeat,
628 2236 853 2305 intelligi
876 2253 943 2291 ex
972 2252 1135 2291 serm.
1169 2235 1388 2291 Maximi
1419 2236 1522 2291 105
1549 2236 1710 2307 plane
1736 2244 1936 2306 potest.
1968 2236 2059 2290 Sic
2086 2250 2216 2290 vero
2245 2232 2335 2288 ille
2373 2234 2523 2297 ibid.,
2560 2247 2683 2304 pag.
2717 2231 2840 2300 659,
2868 2233 3055 2288 scribit
3086 2251 3098 2285 :
3125 2232 3410 2297 Interdum,
3437 2235 3542 2304 fra-

256 2337 375 2393 tres,
408 2345 525 2381 cum
544 2329 907 2398 prtedicamus,
939 2330 1194 2400 plerisque
1220 2344 1388 2382 sermo
1409 2337 1584 2383 noster
1603 2329 1802 2382 videtur
1824 2331 2077 2398 asperior,
2107 2338 2157 2383 et
2179 2347 2241 2384 ea
2268 2348 2385 2400 mue
2418 2329 2699 2385 secundum
2737 2326 2970 2399 regulam
2998 2329 3376 2397 prosequimur,
3408 2330 3484 2381 ita
3509 2344 3543 2380 α

254 2423 519 2478 nonnullis
548 2424 893 2492 accipiuntur,
926 2421 1073 2494 quasi
1094 2430 1289 2476 nostra:
1310 2424 1597 2476 severitatis
1626 2425 1929 2477 austeritate
1957 2433 2282 2494 promantur.
2326 2425 2521 2478 Dicunt
2546 2424 2682 2477 enim
2708 2438 2726 2476 :
2752 2420 2921 2486 Quam
2949 2423 3077 2475 dure
3107 2431 3157 2476 et
3195 2439 3374 2475 amare
3406 2438 3543 2492 pra-

256 2517 438 2573 dicarit
466 2523 755 2592 episcopus,
786 2522 1083 2590 ignorantes
1110 2518 1246 2588 quod
1282 2518 1567 2571 sacerdotis
1591 2520 1870 2571 necessitas
1899 2520 2071 2588 major
2096 2527 2173 2572 est
2195 2536 2347 2589 quam
2372 2519 2627 2573 voluntas.
2662 2515 2982 2581 Necessitas,
3013 2517 3241 2587 inquam,
3274 2516 3446 2585 major
3469 2524 3545 2569 est

255 2609 476 2672 dicendi,
510 2628 614 2664 non
641 2611 777 2683 quod
802 2627 970 2663 rerum
996 2608 1335 2679 prosequendi
1355 2607 1486 2660 desit
1515 2608 1687 2660 volunt
1707 2624 1767 2670 :s,
1799 2606 1892 2661 sed
1910 2610 2032 2677 quia
2057 2608 2259 2661 tacendi
2289 2608 2549 2662 silentium
2578 2608 2755 2661 statuti
2794 2622 2946 2676 paena
2978 2606 3271 2676 depellitur.
3303 2602 3546 2659 Necessi-

258 2712 403 2756 tatem
426 2704 675 2773 patimur,
708 2704 829 2756 dum
862 2704 1114 2764 timemus,
1148 2717 1209 2753 ac
1238 2716 1328 2770 per
1356 2700 1451 2753 hoc
1479 2700 1710 2769 cogimur
1732 2698 1846 2768 plus
1874 2715 2025 2769 posse
2052 2715 2205 2770 quam
2234 2699 2388 2764 velle;
2428 2708 2479 2752 et
2511 2697 2783 2752 metuenda
2811 2698 2930 2752 aliis
2964 2698 3265 2768 ingerimus,
3297 2697 3418 2750 dum
3443 2697 3546 2766 ipsi

256 2793 402 2847 saluti
423 2794 656 2864 prapria:
678 2794 1035 2865 formidamus.
1066 2790 1195 2847 IIazc
1217 2802 1385 2845 autem
1412 2800 1490 2845 est
1517 2790 1744 2844 conditio
1787 2790 2139 2860 prcedicantis,
2170 2799 2227 2843 ut
2256 2807 2359 2845 non
2396 2789 2609 2844 alterius
2647 2798 2859 2861 peccata
2907 2797 3089 2851 taceat,
3121 2790 3167 2842 si
3203 2804 3296 2841 sua
3326 2787 3431 2840 vult
3457 2786 3547 2841 de-

256 2886 448 2940 clinare
475 2894 716 2956 peceata;
745 2895 794 2940 et
823 2884 899 2960 [ρ]
930 2884 1203 2939 emendare
1232 2883 1557 2955 objurganda
1585 2886 1821 2954 fratrem,
1851 2892 1908 2935 ut
1935 2885 1989 2936 in
2019 2899 2073 2935 se
2101 2884 2262 2951 possit
2289 2899 2393 2936 non
2422 2882 2637 2950 perdere
2664 2881 3003 2935 sacerdotem.
3031 2879 3281 2933 Caeterum
3303 2881 3348 2933 si
3370 2878 3546 2933 roluc-

257 2982 321 3033 rit
346 2980 699 3046 dissimulare,
739 2979 909 3045 silere,
942 2979 1142 3044 celare;
1172 2989 1221 3033 et
1249 2979 1395 3033 illum
1426 2978 1643 3034 tacendo
1672 2994 1776 3033 non
1804 2978 2034 3048 corrigit,
2065 2989 2115 3031 et
2143 2994 2197 3033 se
2224 2996 2327 3033 non
2354 2979 2687 3051 prwdicando
2727 2981 3021 3033 contemnit.
3061 2978 3251 3034 Melius
3280 2990 3355 3033 est
3380 2981 3546 3050 igitur

257 3071 573 3141 increpando
595 3070 868 3124 emendare
892 3079 1156 3140 peccatum
1182 3086 1335 3142 quam
1363 3070 1563 3124 silendo
1591 3071 1852 3141 peccantis
1881 3070 2069 3145 delicta
2098 3072 2372 3141 suscipere.
2407 3070 2473 3125 In
2513 3073 2608 3125 hoc
2640 3073 2777 3125 enim
2817 3072 2969 3141 positi
2998 3089 3190 3137 sumus,
3221 3082 3277 3125 ut
3302 3074 3348 3127 si
3378 3071 3547 3125 delin-

258 3159 521 3231 quentibus
544 3175 646 3213 non
672 3176 847 3213 eorum
874 3159 1071 3213 scelera
1099 3160 1403 3221 dixerimus,
1435 3159 1683 3214 scelerum
1702 3161 1931 3229 ipsorum
1954 3162 2111 3214 etiam
2138 3178 2231 3215 nos
2261 3170 2434 3215 reatus
2464 3162 2704 3216 involvat.
2740 3160 2882 3215 Nam
2911 3163 2986 3215 sic
3013 3165 3186 3233 utique
3210 3163 3336 3217 dicit
3364 3161 3547 3216 Domi-

259 3240 350 3303 nus
370 3266 462 3321 per
490 3248 792 3319 prophetam
823 3265 841 3301 :
872 3247 941 3301 Et
970 3256 1043 3315 tu,
1075 3250 1154 3320 ﬁli
1178 3250 1419 3315 hominis,
1447 3252 1822 3321 speculatorem
1850 3250 1969 3305 dedi
2011 3260 2059 3304 te
2091 3252 2266 3305 domui
2298 3252 2487 3318 Israel,
2527 3262 2576 3305 et
2614 3253 2793 3307 audies
2822 3269 2887 3307 ea:
2916 3270 3005 3307 ore
3028 3271 3139 3309 meo
3178 3254 3401 3317 verbum,
3434 3271 3548 3308 cum

260 3338 421 3392 dicam
450 3339 708 3409 peccatori
729 3355 748 3392 :
779 3337 951 3392 Morte
976 3340 1234 3405 morieris,
1257 3349 1307 3394 et
1333 3357 1437 3394 non
1465 3339 1709 3411 loqueris,
1740 3350 1797 3393 ut
1817 3349 1994 3393 caveat
2022 3342 2211 3411 impius
2238 3342 2300 3395 de
2326 3343 2408 3417 via
2431 3359 2547 3406 sua,
2576 3344 2687 3412 ipse
2714 3344 2917 3414 iniquus
2945 3345 2999 3396 in
3025 3346 3295 3414 iniquitate
3314 3362 3406 3399 sna
3435 3361 3551 3399 mo-

260 3432 448 3494 rietur;
489 3430 793 3500 sanguinem
825 3439 995 3483 autem
1029 3430 1138 3500 ejus
1171 3431 1235 3483 de
1258 3448 1414 3485 manu
1441 3438 1529 3485 tua
1556 3432 1834 3504 requiram.
1866 3431 2091 3486 Evidens
2120 3434 2276 3503 plane
2311 3443 2361 3487 et
2394 3434 2675 3504 manifesta
2709 3438 2983 3501 sententia,
3015 3453 3129 3508 qua:
3156 3438 3548 3507 speculatorem,

261 3540 349 3575 cur
373 3524 605 3588 tacuerit,
644 3524 898 3593 sanguine
935 3522 1120 3593 polluit
1146 3525 1442 3588 criminosi;
1473 3541 1565 3578 nec
1596 3532 1838 3578 contenta
1883 3531 1979 3590 est,
2012 3525 2149 3596 quod
2194 3527 2423 3594 iniquum
2462 3526 2678 3579 damnat
2706 3528 2973 3598 iniquitas,
3004 3530 3105 3581 nisi
3131 3538 3181 3581 et
3218 3528 3364 3581 illuni
3403 3545 3549 3583 reum

260 3624 474 3680 statuat,
505 3616 586 3686 qui
607 3615 836 3668 eamdem
861 3616 1182 3686 iniquitatem
1223 3616 1386 3670 noluit
1415 3617 1699 3685 increpare.
1743 3615 1923 3669 Videte
1950 3633 2070 3685 ergo
2100 3625 2345 3687 quantum
2384 3616 2576 3670 malum
2605 3618 2672 3671 sit
2700 3618 3060 3688 delinquentis.
3095 3616 3410 3688 Delinquens
3436 3620 3549 3688 ipse

264 3716 451 3777 peccat,
476 3717 525 3760 et
552 3706 791 3760 sacerdos
821 3708 1071 3777 arguitur.
1108 3705 1230 3776 Ipse
1256 3723 1311 3761 se
1338 3707 1535 3761 delictis
1564 3709 1669 3761 suis
1700 3707 1929 3779 jugulat,
1974 3718 2023 3761 et
2062 3709 2126 3762 de
2160 3726 2316 3762 manu
2362 3711 2588 3779 episcopi
2618 3711 2828 3779 sanguis
2867 3710 3171 3779 exquiritur.
3205 3708 3541 3781 Loquendum

264 3812 338 3855 est
363 3803 520 3872 igitur
546 3812 597 3855 et
624 3803 971 3867 clamandum,
1005 3820 1069 3856 ne
1096 3803 1355 3857 silentium
1386 3810 1617 3855 nostrum
1643 3803 1696 3855 in
1726 3802 1810 3855 die
1829 3800 2015 3872 jndicii
2043 3803 2179 3856 idem
2208 3811 2447 3872 peccator
2474 3810 2711 3865 excuset;
2743 3809 2791 3854 et
2812 3802 2898 3871 qui
2922 3800 3216 3855 dissimulat
3235 3820 3347 3856 esse
3374 3803 3545 3872 parti-

268 3912 378 3964 ceps
408 3896 719 3960 sanctitatis,
750 3906 867 3948 tunc
897 3896 1090 3949 socium
1118 3895 1419 3948 criminetur
1457 3896 1717 3949 erroris...
1763 3894 2072 3965 Speculator
2110 3895 2281 3966 utique
2317 3894 2524 3956 dicitur,
2562 3895 2648 3965 qui
2681 3893 2832 3947 veluti
2860 3896 2914 3947 in
2954 3895 3175 3966 quadam
3204 3894 3408 3949 sublimi
3430 3912 3550 3953 arce

270 3987 545 4038 consistens
572 3984 831 4054 adjacenti
861 3984 1049 4053 populo
1073 3983 1341 4053 prospicit,
1374 4000 1438 4036 ne
1470 3984 1582 4053 quis
1611 3984 1663 4036 in
1693 3999 1807 4036 eum
1848 3983 2016 4037 subito
2062 3983 2220 4036 hostis
2260 3980 2503 4052 obrepat;
2533 3982 2625 4034 sed
2652 3982 2715 4035 de
2752 3982 2843 4036 illo
2883 3983 3099 4037 sollicite
3137 4000 3313 4037 curam
3339 3984 3549 4051 habens,

269 4075 401 4142 plebs
420 4077 563 4147 pacis
584 4074 856 4127 dulcedine
874 4075 1131 4142 potiatur;
1156 4074 1241 4144 qui
1272 4075 1316 4127 si
1344 4072 1539 4141 aliquid
1560 4073 1762 4125 adversi
1789 4081 1996 4142 repente
2025 4073 2365 4142 conspexerit,
2397 4087 2519 4125 mox
2547 4070 2758 4133 indicet,
2790 4083 3085 4126 constanter
3113 4076 3400 4137 annuntiet,
3428 4084 3483 4127 ut
3503 4084 3553 4129 et

272 4168 384 4220 civis
408 4168 478 4218 ad
498 4165 778 4220 cavendum
799 4165 1079 4235 periculum
1108 4165 1176 4217 sit
1197 4171 1431 4234 paratus,
1460 4172 1510 4216 et
1530 4163 1693 4216 hostis
1722 4163 1889 4233 fugiat
1915 4162 2278 4232 deprehensus.
2311 4160 2563 4213 Ca’terum
2585 4162 2649 4225 si,
2674 4172 2887 4231 urgente
2918 4161 3232 4228 adversario,
3263 4163 3553 4231 speculator

272 4263 681 4326 dissimulaverit,
714 4262 946 4326 tacuerit,
976 4260 1289 4330 neglexerit;
1316 4268 1434 4312 tunc
1457 4260 1537 4329 ﬁt,
1560 4268 1616 4311 ut
1635 4258 1932 4327 inapinatus
1955 4266 2339 4328 prwoccupetur
2376 4254 2613 4325 populus,
2645 4264 2693 4306 et
2722 4256 2958 4307 inimicus
2980 4256 3339 4323 superveniens
3364 4254 3552 4309 debac-

274 4358 460 4421 chetur,
486 4366 638 4427 atque
665 4356 783 4409 ideo
813 4356 979 4409 omnis
1004 4354 1155 4424 culpa
1177 4355 1225 4408 ei
1253 4354 1546 4417 ascribitur,
1578 4354 1663 4424 qui
1692 4352 1830 4423 loqui
1861 4352 2044 4415 noluit,
2074 4360 2133 4403 ut
2170 4349 2393 4403 salvaret
2420 4347 2669 4417 plurimos
2685 4362 2703 4409 ;
2730 4344 2821 4398 sed
2850 4354 3019 4396 tacere
3050 4344 3253 4405 maluit,
3276 4352 3333 4396 ut
3358 4347 3553 4412 periret

272 4452 372 4519 ipse
398 4467 516 4503 cum
541 4448 793 4520 pluribus.
831 4448 944 4503 Hos
982 4464 1103 4520 ergo
1133 4448 1479 4518 speculatores
1507 4464 1539 4500 a
1568 4446 1791 4499 Domino
1822 4446 2144 4507 constitutos,
2172 4458 2299 4514 quos
2336 4457 2447 4494 esse
2475 4441 2712 4504 dicimus,
2742 4439 2843 4491 nisi
2888 4437 3207 4492 beatissimos
3235 4438 3549 4503 sacerdotes,

271 4547 351 4616 qui
381 4546 515 4599 velut
540 4546 595 4598 in
624 4545 828 4599 sublimi
858 4544 1083 4616 quadam
1119 4559 1240 4597 arce
1266 4543 1535 4611 sapientiw
1579 4540 1818 4595 collocati
1856 4538 1926 4592 ad
1964 4539 2229 4592 tuitionem
2270 4535 2595 4605 populorum,
2629 4533 3035 4603 supervenientta
3081 4532 3221 4584 mala
3242 4531 3438 4584 eminus
3456 4532 3550 4584 in-

271 4648 494 4703 tuentur,
520 4648 570 4690 et
590 4637 759 4690 adhuc
784 4636 936 4707 longe
962 4636 1117 4706 positi
1140 4634 1553 4703 contemplantur
1578 4633 1753 4703 futura
1784 4630 2058 4701 supplicia,
2088 4644 2191 4681 non
2213 4626 2349 4681 oculi
2371 4624 2603 4678 carnalis
2632 4624 2819 4677 intuitu
2837 4664 2852 4689 ,
2878 4622 2969 4677 sed
2992 4622 3279 4693 prudentia:
3298 4621 3551 4691 spiritalis

271 4738 497 4800 aspectu.
521 4727 590 4783 Et
610 4712 728 4783 ideo
761 4738 928 4782 tacere
948 4745 1049 4782 non
1075 4734 1305 4797 possunt,
1346 4725 1436 4779 sed
1464 4724 1690 4777 clamare
1710 4729 1981 4793 coguntur,
2007 4736 2072 4772 ne
2098 4736 2188 4790 per
2211 4718 2471 4772 silentium
2501 4728 2705 4787 gregem
2734 4713 2925 4769 Christi
2961 4711 3193 4767 diabolus
3224 4713 3382 4766 hos:is
3402 4714 3551 4767 inva-

272 4820 374 4873 dat.
417 4820 698 4875 Consulito
727 4826 986 4889 praeterea
1015 4831 1318 4872 sermonem
1348 4813 1468 4881 104,
1499 4827 1623 4884 pag.
1673 4810 1772 4865 661
1805 4826 1957 4881 seqq.
1988 4810 2063 4864 De
2094 4808 2216 4878 jure
2256 4822 2366 4877 quo
2405 4808 2725 4863 criminosos
2764 4806 3047 4876 episcopus
3075 4804 3241 4873 possit
3269 4805 3555 4873 prohibere

270 4911 587 4981 privareque
616 4911 993 4967 communione
1022 4924 1315 4971 sacrorum,
1347 4906 1552 4977 paucis,
1583 4904 1677 4961 sed
1724 4904 1854 4958 satis
1895 4903 2161 4973 explicate
2202 4902 2311 4971 agit
2351 4899 2612 4956 Maximus
2646 4899 2865 4955 homilia
2894 4898 2981 4959 47,
3030 4909 3152 4966 pag.
3186 4894 3317 4963 146;
3370 4898 3555 4954 scribit

274 5006 410 5059 enim
435 5025 447 5059 :
477 5004 795 5059 Criminosos
823 5004 1047 5075 episcopi
1068 5002 1323 5055 sententia
1353 4999 1537 5071 projici
1560 4998 1622 5051 de
1649 4997 1910 5051 consortio
1936 4994 2256 5048 Christiano.
2291 4992 2372 5047 Ad
2399 5007 2675 5048 sacrorum
2704 4990 2845 5045 enim
2876 4989 3162 5054 antistites,
3193 4988 3388 5059 quibus
3415 5005 3554 5045 onus

274 5105 355 5150 est
383 5095 691 5166 impositum
720 5093 984 5150 tractandi
1011 5089 1303 5159 Evangelii,
1335 5090 1588 5159 pertinet,
1618 5085 1796 5140 sordes
1824 5092 2093 5155 amputare
2120 5081 2461 5153 populorum;
2490 5077 2915 5151 quemadmodum
2954 5078 3023 5131 ad
3049 5079 3245 5149 ferrum
3271 5087 3553 5151 gestantem

274 5190 555 5257 agricolam
578 5196 775 5257 spectat
800 5194 1063 5241 sarmenta
1088 5185 1335 5256 deputare
1366 5184 1658 5246 vinearum;
1688 5176 1909 5234 homilia
1938 5176 2025 5241 '57,
2057 5188 2179 5247 pag.
2213 5174 2334 5228 111.

342 5279 435 5351 [c1]
468 5276 700 5331 XXVIII.
726 5275 803 5331 De
835 5275 1035 5345 nuptiis
1061 5274 1138 5328 sic
1167 5272 1329 5327 habet
1358 5270 1575 5325 homilia
1604 5269 1694 5335 9J5,
1736 5282 1859 5339 pag.
1888 5266 1956 5319 67
1989 5284 2001 5319 :
2043 5265 2203 5320 Vadit
2230 5265 2300 5318 ad
2326 5266 2533 5335 nuptias
2560 5261 2659 5316 Dei
2687 5260 2736 5315 Ρ
2739 5261 2892 5329 ilius,
2922 5272 2979 5317 ut
3015 5281 3141 5337 quas
3184 5266 3376 5319 dudum
3409 5276 3554 5336 pote-

274 5377 405 5421 state
430 5369 714 5431 constituit,
750 5375 869 5419 tunc
897 5366 1187 5436 prtesentiae
1219 5379 1327 5417 sua:
1360 5361 1711 5416 benedictione
1742 5359 2049 5428 sanctiﬁcet.
2084 5357 2151 5411 Et
2181 5357 2369 5412 homil.
2404 5356 2494 5421 17,
2526 5369 2647 5425 pag.
2677 5353 2742 5409 50
2773 5374 2787 5409 :
2821 5352 2933 5410 Nec
2962 5358 3151 5420 minus,
3184 5356 3374 5423 inquit,
3400 5359 3554 5409 etiam

279 5462 416 5514 nobis
446 5459 813 5514 exsultandum
841 5468 937 5523 est,
969 5474 1029 5513 eo
1059 5457 1195 5530 quod
1223 5458 1277 5511 in
1306 5457 1402 5510 hac
1430 5455 1786 5509 sacratissima
1817 5453 1918 5507 aiei
1954 5453 2105 5524 hujus
2138 5450 2497 5524 (Epiphanicc)
2524 5450 2838 5516 celebritate,
2872 5452 3004 5505 sicut
3034 5461 3253 5522 paterna
3283 5438 3559 5503 traditidne

277 5551 594 5614 mstruimur,
625 5550 737 5619 ipse
768 5547 1003 5602 Christus
1034 5544 1286 5601 Dominus
1315 5553 1490 5600 noster
1531 5543 1600 5597 ad
1627 5551 1860 5597 terrenas
1883 5543 2128 5597 invitatus
2152 5544 2363 5611 nuptias
2393 5542 2701 5609 advenerat,
2732 5560 2833 5597 non
2862 5553 2917 5597 ut
2956 5543 3046 5597 illo
3077 5542 3417 5595 delectaretur
3435 5556 3563 5596 con-

278 5644 422 5704 vivio,
467 5642 557 5695 sed
594 5652 651 5695 ut
685 5642 981 5711 nuptiarum
1018 5657 1071 5695 se
1099 5655 1209 5694 esse
1239 5638 1616 5693 demonstraret
1640 5644 1918 5699 auctorem,
1956 5632 2260 5704 easdemque
2289 5649 2660 5690 SANCTIFICANS
2691 5636 2865 5689 divina
2896 5635 3055 5702 ipsius
3094 5632 3431 5687 innotescerct
3462 5632 3563 5684 rir-

283 5738 381 5795 lux.
411 5743 513 5788 etc.

3587 5851 3613 5862 ο-
