4138 6186
593 313 666 371 eo
1921 293 1934 306 “
2053 311 2227 368 ιιιιΑει

2245 311 2436 370 ΓΑἸἸΟ.
3772 311 3879 372 100

663 425 851 482 XXIX.
881 427 1174 485 Ecclesiam
1209 444 1238 484 e
1267 429 1464 484 Christi
1490 427 1796 484 Servatoris
1826 426 1996 480 latere
2034 425 2364 493 salutarique
2392 424 2614 480 vulnere
2643 439 2910 490 manasse,
2942 423 3164 478 Patrum
3194 423 3272 493 (a)
3302 429 3628 478 antemnam
3663 421 3880 481 dicendi

590 519 854 574 rationem
885 520 1139 587 imitatus,
1170 521 1356 576 scribit
1383 520 1646 574 Maximus
1672 519 1858 572 homil.
1895 515 1981 582 55,
2011 531 2133 587 pag.
2168 515 2291 582 172,
2323 525 2380 572 et
2407 532 2568 571 serm.
2601 517 2689 582 51,
2720 531 2840 587 pag.
2875 517 2998 581 486,
3031 516 3122 570 ubi
3157 534 3167 568 :
3200 514 3265 567 In
3299 515 3432 583 ipso,
3465 513 3656 581 inquit,
3695 515 3880 572 nandi

594 613 849 665 nascentis
876 613 1109 677 exordio,
1144 630 1256 669 cum
1290 623 1457 668 mater
1483 615 1575 669 illa
1609 616 1837 668 omnium
1862 615 2137 668 viventium
2164 612 2278 667 Eua
2307 613 2371 667 de
2397 614 2701 667 dormientis
2728 613 2856 668 Ade:
2882 622 3024 667 costa
3056 611 3307 683 producta
3335 618 3444 675 est;
3475 621 3640 664 mater
3667 612 3879 666 univer-

592 714 765 753 surum
794 701 1108 757 credentium
1133 702 1367 758 Ecclesia
1393 721 1458 759 ea:
1478 705 1636 759 latere
1655 703 1850 759 Christi
1869 707 1924 759 in
1944 721 2094 759 cruce
2121 707 2389 760 morientis
2409 705 2792 760 demonstratur
2812 707 3095 760 nuscitura.
3126 703 3256 770 Qua:
3283 703 3499 772 quidem
3523 717 3589 758 eo
3608 712 3874 773 spectant,

593 799 652 844 ut
677 793 936 860 sanguine
963 801 1018 847 et
1045 809 1184 863 aqua
1215 810 1246 866 e
1270 796 1438 850 latere
1466 795 1666 850 Christi
1695 795 2038 850 manantibus
2066 805 2309 851 sanctam
2341 795 2632 851 Ecclesiam
2660 796 2823 851 fuisse
2849 793 3201 864 signiﬁcatam
3223 801 3666 849 commonstrent.
3701 792 3879 864 Atque

592 879 698 934 huc
727 882 1076 938 revolvuntur
1111 899 1230 955 quae
1257 885 1416 940 docet
1444 894 1658 940 sanctus
1688 887 2016 954 Augustinus
2039 902 2290 944 sermone
2319 887 2371 951 5,
2404 888 2538 943 alias
2566 887 2616 952 1,
2647 904 2714 942 ex
2753 887 3162 951 Sirmondianis,
3195 902 3342 941 num.
3376 887 3444 952 5,
3479 893 3608 940 tom.
3643 886 3686 940 V
3717 901 3872 957 oper.

591 970 722 1024 edit.
756 972 1017 1042 Antuerp.
1049 989 1138 1028 an.
1171 975 1325 1030 1700.
1359 975 1512 1042 Nam,
1543 977 1667 1048 quid
1693 978 1945 1048 proﬂuxit
1978 977 2041 1030 de
2068 977 2246 1042 latere,
2281 977 2470 1046 inquit,
2507 979 2607 1032 nisi
2641 986 3021 1033 sacramentum
3049 975 3185 1042 quod
3212 976 3469 1044 accipiunt
3499 975 3718 1045 ﬁdeles?
3751 974 3880 1046 Spi-

592 1058 742 1122 ritus,
774 1064 984 1130 sanguis
1006 1071 1056 1115 et
1080 1079 1330 1134 aqua.....
1363 1064 1442 1120 De
1480 1067 1593 1135 ipso
1621 1068 1874 1136 sanguine
1897 1076 1946 1121 et
1971 1083 2106 1137 aqua
2133 1067 2461 1138 signiﬁcatur
2484 1075 2610 1120 nata
2643 1066 2897 1121 Ecclesia.
2929 1066 2997 1120 Et
3024 1065 3230 1138 quando
3249 1067 3406 1119 exivit
3426 1067 3637 1136 sanguis
3660 1074 3712 1120 et
3738 1083 3878 1137 aqua

591 1147 655 1200 de
681 1149 878 1203 latere?
904 1149 1032 1205 Cum
1048 1153 1163 1223 jam
1192 1154 1440 1208 dormiret
1463 1153 1699 1209 Christus
1722 1157 1778 1209 in
1801 1171 1966 1210 cruce.
2001 1153 2136 1219 Quia
2163 1155 2330 1208 Adam
2352 1157 2405 1208 in
2435 1155 2684 1225 paradiso
2712 1171 2945 1208 somnum
2975 1156 3190 1225 accepit,
3219 1164 3269 1207 et
3287 1154 3362 1208 sic
3381 1153 3471 1208 illo
3492 1153 3555 1206 de
3573 1153 3736 1207 latere
3762 1151 3878 1208 Era

591 1246 842 1314 producta
864 1255 957 1299 est.
987 1245 1098 1299 Cur
1120 1262 1284 1316 porro
1304 1248 1564 1315 sanguine
1584 1257 1640 1302 et
1666 1262 1805 1318 aqua
1829 1247 2158 1316 signiﬁcetur
2183 1246 2442 1311 Ecclesia,
2475 1263 2544 1302 ex
2569 1247 2634 1301 iis
2658 1246 2996 1317 perspicitur,
3027 1261 3148 1314 qua:
3172 1244 3408 1300 Joannes
3433 1245 3873 1316 Chrysostomus,

593 1336 714 1389 loco
745 1337 990 1406 proxime
1011 1337 1264 1402 indicato,
1296 1339 1690 1394 animadvertit.
1721 1337 1898 1408 Atque
1925 1340 1971 1393 is
2002 1357 2015 1392 :
2046 1338 2131 1392 Ex
2153 1339 2265 1404 illa,
2298 1339 2490 1409 inquit,
2519 1355 2674 1410 aqua,
2705 1349 2754 1392 et
2773 1339 3025 1410 sanguine
3053 1345 3159 1391 tota
3188 1346 3393 1390 constat
3419 1335 3677 1391 Ecclesia.
3709 1335 3876 1390 Testis

593 1436 668 1478 est
704 1427 816 1497 ipse
835 1428 1009 1482 dicens
1039 1445 1058 1482 :
1096 1427 1223 1482 Nisi
1250 1431 1338 1498 qui
1379 1437 1590 1484 renatus
1617 1431 1776 1500 fuerit
1803 1445 1869 1484 ea:
1896 1447 2030 1501 aqua
2057 1439 2108 1483 et
2133 1431 2339 1499 spiritu,
2371 1447 2475 1484 non
2507 1439 2674 1499 potest
2703 1431 2916 1483 introire
2942 1431 2997 1483 in
3025 1445 3239 1500 regnum
3267 1429 3624 1483 calorum"...
3667 1426 3738 1481 Et
3771 1444 3873 1482 na-

593 1517 786 1570 scimur
813 1519 1021 1588 quidem
1051 1536 1143 1590 per
1171 1535 1358 1590 aquam
1387 1518 1730 1588 baptismatis,
1757 1522 1946 1576 alimur
1972 1531 2146 1575 autem
2183 1538 2275 1592 per
2307 1524 2632 1594 sanguinem.
2668 1521 2823 1576 Vides
2842 1523 3095 1595 quomodo
3124 1524 3284 1576 simus
3309 1539 3374 1577 ea:
3415 1539 3570 1576 carne
3587 1522 3701 1592 ejus
3733 1533 3784 1576 et
3809 1538 3878 1576 ea:

597 1606 799 1660 ossibus
831 1608 962 1678 ejus,
993 1609 1117 1662 dum
1145 1625 1213 1663 ea:
1238 1611 1494 1680 sanguine
1515 1609 1608 1664 illo
1635 1621 1686 1664 et
1713 1619 1976 1682 aquatum
2004 1611 2288 1676 nascimur,
2316 1619 2420 1663 tum
2458 1610 2680 1664 alimur?
2707 1610 2781 1680 (b)
2809 1609 2879 1662 Et
2899 1610 3326 1682 quemadmodum
3366 1611 3566 1664 Adamo
3591 1609 3880 1664 dormiente

597 1698 782 1752 mulier
801 1709 879 1754 est
907 1700 1138 1767 condita,
1181 1701 1256 1755 sic
1296 1699 1504 1755 Christo
1529 1709 1735 1755 mortuo
1772 1701 1912 1772 facta
1939 1709 2016 1754 est
2043 1699 2279 1753 Ecclesia
2298 1716 2382 1774 ἐκ
2412 1700 2524 1770 ejus
2555 1699 2734 1753 latere.
2767 1696 2985 1753 Scilicet
3011 1699 3105 1768 qui
3133 1698 3426 1753 Ecclesiam
3449 1699 3782 1754 constituunt
3805 1713 3877 1754 ex

597 1805 736 1859 aqua
765 1791 938 1846 renati
961 1800 1107 1859 sunt,
1139 1793 1462 1862 alunturque
1489 1793 1750 1861 sanguine
1769 1791 2092 1847 Servatoris.
2119 1791 2237 1857 Quo
2257 1790 2476 1860 quidem
2495 1788 2743 1844 recidunt
2770 1804 2890 1858 qua:
2915 1789 3180 1844 Maximus
3199 1789 3421 1844 liomilia
3448 1788 3536 1855 55,
3565 1791 3876 1860 complexus

596 1891 680 1936 est
708 1896 830 1951 pag.
863 1883 986 1937 174.
1020 1883 1286 1940 Praeterea
1315 1883 1615 1940 Ecelesiam
1643 1884 1795 1938 navis
1821 1883 1990 1937 instar
2017 1896 2166 1946 esse,
2198 1879 2350 1949 cujus
2379 1879 2546 1949 ﬁgura
2574 1879 2736 1934 fuerit
2769 1895 2895 1934 arca
2925 1879 3142 1946 Noemi,
3174 1878 3463 1948 Scripturis
3505 1879 3878 1950 majorumque

598 1971 873 2027 traditioni
899 1971 1162 2028 Maximus
1191 1974 1462 2039 insistens,
1491 1974 1655 2029 docet
1680 1986 1804 2043 pag.
1837 1970 1964 2036 187,
1996 1978 2053 2025 et
2092 1970 2311 2024 homilia
2341 1967 2428 2036 55,
2459 1982 2582 2039 pag.
2632 1967 2766 2031 174,
2798 1975 2853 2021 et
2879 1981 3129 2022 sermone
3157 1965 3244 2030 94,
3277 1980 3400 2036 pag.
3435 1964 3560 2030 641,
3587 1966 3676 2021 ubi
3703 1984 3716 2020 :
3749 1965 3880 2030 Quae

593 2063 760 2128 navis,
793 2063 981 2133 inquit,
1013 2065 1068 2117 in
1099 2064 1259 2117 altum
1300 2063 1482 2118 swculi
1520 2063 1676 2133 hujus
1713 2063 1791 2116 ita
1829 2070 2010 2124 natat,
2040 2069 2098 2113 ut
2137 2068 2378 2130 pereunte
2405 2057 2619 2123 mundo,
2650 2073 2826 2112 omnes
2863 2073 2988 2128 quos
3029 2058 3243 2127 suscipit
3285 2065 3450 2110 servet
3475 2057 3686 2111 illwsos.
3718 2057 3878 2128 Cujus

594 2151 818 2223 ﬁguram
831 2153 946 2222 jam
969 2153 1022 2206 in
1053 2149 1167 2225 [cn]
1204 2152 1376 2206 Veteri
1404 2152 1633 2206 videmus
1659 2150 2007 2205 Testamento.
2026 2150 2174 2205 Sicut
2202 2150 2339 2203 enim
2361 2147 2480 2204 Noe
2507 2166 2651 2215 arca,
2683 2150 3032 2219 naufragante
3057 2147 3270 2214 mundo,
3290 2158 3520 2212 cunctos,
3552 2167 3676 2221 quos
3704 2167 3880 2204 susce-

595 2250 764 2310 perat,
793 2242 1072 2296 incolumes
1112 2242 1424 2306 reservavit;
1461 2242 1536 2294 ita
1569 2250 1619 2295 et
1659 2239 1806 2294 Petri
1831 2238 2069 2293 Ecclesia
2087 2279 2103 2304 ,
2138 2239 2499 2309 conﬂagrante
2525 2238 2733 2303 saeculo,
2767 2253 2950 2291 omnes
2975 2252 3104 2306 quos
3133 2235 3464 2306 amplectitur
3493 2240 3879 2308 reprwsentabit

592 2334 810 2398 illwsos,
852 2342 901 2386 et
932 2335 1082 2395 sicut,
1125 2342 1248 2386 tunc
1278 2341 1547 2387 transacto
1576 2331 1787 2396 diluvio,
1824 2331 1894 2385 ad
1928 2347 2107 2384 arcam
2136 2327 2255 2384 Noe
2286 2327 2522 2383 columba
2543 2329 2749 2399 signum
2776 2328 2921 2398 pacis
2946 2326 3157 2392 detulit;
3193 2328 3267 2380 ita
3295 2336 3345 2380 et
3374 2337 3634 2382 transacto
3655 2331 3875 2400 judicio,

597 2424 668 2478 ad
697 2422 986 2477 Ecclesium
1015 2422 1160 2476 Petri
1188 2422 1424 2476 Christus
1452 2421 1595 2493 pacis
1621 2421 1868 2492 gaudium
1896 2420 2080 2492 defert.
2113 2421 2291 2491 Atque
2318 2419 2716 2489 Scripturarum
2743 2417 2959 2486 quidem
2986 2417 3308 2472 auctoritate
3336 2419 3547 2475 ostendi
3570 2430 3767 2491 potest,
3799 2438 3880 2487 ar_

597 2529 716 2570 cam
756 2513 944 2568 Noemi
985 2513 1148 2568 fuisse
1175 2512 1430 2568 Ecclesia:
1456 2512 1758 2585 symbolum
1789 2526 1885 2566 seu
1928 2510 2171 2580 ﬁguram.
2205 2513 2338 2566 Vide
2368 2511 2664 2582 Epistolam
2703 2511 2940 2580 priorem
2969 2511 3139 2565 sancti
3171 2509 3334 2576 Petri,
3365 2527 3486 2581 cap.
3520 2529 3611 2578 Ill,
3642 2529 3781 2570 vers.
3809 2513 3880 2569 20

595 2621 711 2676 seq.
739 2605 957 2660 Patrum
985 2614 1188 2673 autem,
1219 2607 1311 2676 qui
1341 2605 1483 2660 idem
1516 2606 1689 2675 ipsum
1718 2603 2106 2668 confirmarint,
2138 2603 2529 2658 vetustissimus
2573 2602 2817 2659 Justinus
2843 2611 3046 2674 martyr
3073 2602 3190 2657 fuit.
3236 2601 3434 2658 Confer
3460 2605 3575 2668 ejus
3600 2604 3880 2678 Dialogum

596 2715 713 2753 cum
745 2699 1016 2771 Tryphone
1044 2715 1189 2754 num.
1219 2698 1308 2764 88,
1337 2712 1461 2769 pag.
1490 2697 1598 2751 242
1624 2697 1752 2753 edit.
1778 2696 1967 2752 Venet.
1997 2712 2085 2750 an.
2119 2693 2276 2750 1747.
2309 2693 2464 2751 llunc
2483 2704 2566 2750 est
2592 2703 2808 2751 secutus
2837 2694 3214 2760 Tertullianus,
3244 2694 3335 2762 qui
3366 2694 3459 2750 lib.
3490 2695 3553 2750 de
3582 2695 3876 2766 Baptismo.

599 2806 718 2862 cap.
749 2793 802 2859 8,
847 2806 967 2862 pag.
999 2791 1103 2845 227
1133 2791 1261 2846 edit.
1296 2790 1514 2845 Venetae
1541 2804 1631 2844 an.
1665 2788 1824 2853 1714,
1859 2785 2322 2853 Quemadmodum,
2355 2788 2557 2858 inquit,
2589 2796 2704 2858 post
2742 2804 2904 2859 aquas
2943 2787 3144 2853 diluvii,
3172 2787 3351 2858 quibus
3385 2789 3632 2862 iniquitas
3660 2793 3878 2863 antiqua

594 2895 819 2953 purgata
859 2892 958 2945 est,
999 2892 1117 2952 post
1157 2882 1468 2952 baptismum
1497 2880 1574 2951 (ut
1603 2881 1677 2934 ita
1707 2879 1950 2950 dixerim)
1982 2880 2180 2946 mundi,
2211 2896 2390 2951 pacem
2428 2880 2645 2935 caelestis
2673 2880 2766 2934 ira:
2787 2895 2955 2951 prteco
2979 2878 3216 2934 columba
3246 2880 3398 2934 terris
3426 2883 3756 2936 annuntiavit
3787 2883 3878 2964 def

595 2975 757 3026 missa
786 2988 851 3027 ex
879 2991 1024 3040 arca,
1057 2981 1106 3027 et
1146 2989 1260 3026 cum
1289 2972 1403 3026 olea
1432 2988 1638 3026 reversa
1666 2987 1684 3026 :
1714 2971 1850 3041 quod
1878 2973 2080 3044 signum
2109 2973 2267 3026 etiam
2296 2972 2436 3044 apud
2463 2973 2700 3027 nationes
2729 2975 2874 3043 pacis
2904 2973 3273 3044 praetenditur;
3316 2975 3496 3030 eadem
3537 2975 3878 3046 dispositione

595 3065 848 3136 spiritalis
877 3065 1109 3135 effectus,
1144 3076 1316 3130 terraz,
1348 3065 1404 3120 id
1427 3077 1505 3121 est
1531 3069 1678 3121 carni
1701 3076 1913 3134 nostraz,
1944 3069 2224 3139 emergenti
2251 3068 2315 3122 de
2343 3069 2569 3133 lavacro,
2601 3074 2716 3137 post
2746 3077 2915 3122 vetera
2943 3067 3154 3134 delicta,
3187 3067 3420 3123 columba
3449 3071 3616 3124 sancti
3646 3070 3878 3142 Spiritus

593 3156 820 3222 advolat,
849 3173 1028 3228 pacem
1049 3156 1148 3212 Dei
1171 3159 1418 3227 a/ferens,
1447 3160 1637 3214 emissa
1664 3160 1728 3214 de
1756 3159 1915 3226 caelis,
1946 3160 2033 3214 ubi
2060 3160 2319 3218 Eccnssu
2343 3178 2440 3218 ns'r
2467 3179 2605 3218 Αιιω
2633 3179 2914 3219 ειοιιιυιι-Α.
2940 3163 3298 3218 Consentium
3327 3171 3543 3219 sanctus
3570 3163 3872 3238 Cyprianus

597 3245 689 3299 lib.
725 3245 790 3300 de
822 3245 1031 3301 Unilate
1068 3247 1340 3316 Ecclesia,
1373 3263 1494 3320 pag.
1525 3249 1628 3305 109
1657 3249 1786 3305 edit.
1815 3249 1988 3306 Oxon.
2027 3267 2114 3306 an.
2142 3252 2298 3319 1682,
2323 3254 2414 3309 ubi
2452 3273 2465 3308 :
2499 3255 2561 3310 Si
2590 3257 2774 3326 potuit,
2807 3255 2996 3324 inquit,
3044 3255 3262 3311 evadere
3286 3259 3578 3331 quisquam,
3608 3261 3693 3332 qui
3721 3269 3875 3312 extra

595 3353 775 3396 arcam
795 3336 926 3393 .Noe
954 3339 1083 3410 fuit;
1117 3349 1166 3393 et
1186 3341 1274 3410 qui
1302 3351 1452 3395 castra
1478 3340 1774 3396 Ecclesium
1802 3344 1933 3413 foris
1962 3345 2137 3415 fuerit,
2168 3345 2372 3399 evadat.
2400 3345 2580 3402 Monet
2607 3347 2883 3411 Dominus,
2914 3358 2964 3401 et
2992 3348 3116 3402 dicit
3141 3366 3159 3402 :
3193 3346 3293 3413 Qui
3322 3368 3428 3407 non
3456 3362 3535 3406 est
3561 3368 3755 3406 mecum
3775 3352 3876 3406 ad-

594 3447 771 3484 versus
801 3448 881 3486 me
908 3441 1004 3498 est,
1037 3441 1085 3485 et
1113 3433 1200 3504 qui
1230 3449 1333 3488 non
1363 3449 1560 3488 mecum
1589 3434 1805 3506 colligit,
1837 3437 2150 3506 spargit.....
2187 3437 2286 3501 Qui
2314 3439 2438 3493 alibi
2467 3448 2654 3508 prater
2694 3438 2985 3494 Ecclesium
3011 3439 3228 3512 colligit,
3260 3445 3478 3514 spargit,
3509 3457 3612 3499 etc.
3644 3443 3875 3498 Sanctus

597 3521 826 3592 Cyrillus
855 3523 1408 3596 llierosolymitanus,
1460 3527 1730 3582 catcchesi
1779 3526 1867 3592 17,
1898 3543 2045 3581 num.
2081 3527 2165 3594 10,
2197 3545 2318 3600 pag.
2347 3528 2452 3582 269
2481 3531 2609 3584 edit.
2642 3528 2811 3585 Paris.
2846 3546 2935 3585 an.
2967 3531 3137 3598 1720;
3169 3542 3388 3589 sanctus
3415 3535 3742 3601 Ambrosius,
3773 3535 3870 3594 lib.

593 3613 657 3667 de
689 3611 803 3667 Noe
831 3618 880 3667 et
907 3614 1062 3680 Arcu,
1094 3629 1214 3684 cap.
1250 3614 1336 3679 15,
1370 3632 1518 3671 num.
1548 3615 1635 3682 25,
1661 3632 1785 3686 pag.
1813 3615 1938 3684 276,
1969 3626 2023 3673 et
2049 3634 2168 3688 cap.
2202 3618 2288 3685 15,
2314 3636 2462 3674 num.
2493 3619 2580 3687 52,
2623 3635 2745 3692 pag.
2777 3621 2899 3687 290,
2932 3631 3062 3677 tom.
3092 3623 3114 3678 1
3153 3625 3281 3679 edit.
3313 3625 3533 3680 Venetzn
3560 3643 3647 3680 an.
3693 3627 3870 3696 1748;

590 3711 809 3758 sanctus
838 3702 1213 3775 Hieronymus,
1245 3706 1406 3774 epist.
1434 3706 1500 3760 ad
1527 3706 1834 3772 Damasum,
1866 3721 1987 3776 qum
2015 3716 2095 3763 est
2124 3707 2263 3762 inter
2291 3708 2640 3766 Damasianas
2667 3709 2765 3778 10,
2796 3727 2942 3766 num.
2974 3709 3027 3776 2,
3061 3725 3179 3780 pag.
3213 3711 3314 3765 546
3344 3713 3472 3767 edit.
3504 3713 3676 3768 Paris.
3727 3715 3875 3772 Cou-

590 3793 774 3849 stantii
802 3808 892 3846 an.
923 3793 1078 3860 1721,
1116 3809 1224 3863 quo
1252 3796 1373 3850 loco
1404 3797 1471 3850 de
1499 3795 1739 3852 Ecclesia
1769 3797 1946 3866 Petri,
1976 3815 2071 3854 seu
2099 3799 2166 3854 de
2191 3799 2434 3855 Romana
2463 3803 2592 3857 sede
2621 3817 2787 3872 agens
2819 3823 2832 3858 :
2867 3803 3182 3876 Quicunque,
3210 3805 3399 3875 inquit,
3427 3817 3577 3860 extra
3615 3809 3752 3861 hanc
3777 3810 3875 3864 do-

592 3901 731 3938 mum
761 3901 951 3955 agnum
981 3885 1278 3949 comederit,
1310 3888 1565 3956 profanus
1587 3897 1683 3941 est.
1719 3887 1780 3942 Si
1805 3891 1918 3960 quis
1947 3891 2005 3944 in
2033 3907 2157 3944 arca
2187 3890 2307 3947 Noe
2328 3908 2432 3947 non
2453 3894 2626 3964 fuerit,
2651 3894 2831 3964 peribit
2853 3903 3105 3966 regnante
3133 3896 3346 3950 diluvio.
3379 3897 3610 3953 Sanctus
3635 3896 3874 3955 Joannes

591 3972 1028 4042 Chrysostomus,
1075 3974 1261 4028 homil.
1294 3977 1349 4028 in
1391 3986 1542 4030 terra:
1590 3986 1785 4032 motum
1823 3987 1872 4033 et
1903 3978 2194 4048 Lazarum,
2226 3999 2374 4037 num.
2411 3983 2468 4050 7,
2502 3992 2631 4038 tom.
2673 3983 2728 4051 l,
2760 4000 2880 4056 pag.
2916 3985 3020 4041 785
3047 3987 3177 4042 edit.
3221 3985 3390 4043 Paris.
3421 4003 3509 4042 an.
3544 3989 3700 4054 1718,
3733 3991 3820 4046 ubi
3855 4008 3868 4044 :

592 4063 844 4134 Mysteria
874 4066 1101 4135 fuerunt,
1135 4064 1326 4135 inquit,
1355 4084 1470 4138 qua:
1497 4079 1800 4136 narrantur,
1830 4079 1880 4124 et
1908 4089 2080 4126 rerum
2106 4075 2397 4144 futurarum
2425 4077 2615 4147 ﬁgura,
2644 4094 2758 4148 qua:
2788 4088 2906 4132 tunc
2945 4068 3158 4149 ﬁebant.
3191 4079 3455 4135 Nimirum
3484 4099 3607 4136 arca
3637 4085 3731 4154 fuit
3761 4082 3870 4136 Ec-

591 4157 766 4222 clesia,
800 4154 918 4211 Noe
937 4156 1196 4227 Christus,
1221 4159 1455 4213 columba
1485 4159 1716 4230 Spiritus
1748 4175 1978 4231 sanctus,
2009 4167 2138 4221 olea:
2167 4168 2349 4238 folium
2376 4167 2475 4222 Dei
2505 4167 2814 4240 benignitas,
2845 4178 2948 4224 etc.
2982 4169 3210 4225 Sanctus
3237 4169 3583 4239 Augustinus,
3609 4173 3700 4228 lib.
3736 4191 3768 4228 ν
3803 4173 3873 4229 de

594 4247 878 4319 Baptismo,
912 4264 1031 4319 cap.
1073 4258 1337 4315 extremo,
1371 4267 1516 4306 num.
1551 4250 1639 4318 59,
1671 4267 1794 4322 pag.
1844 4254 1968 4320 108,
2001 4264 2130 4311 tom.
2162 4256 2234 4310 1X
2261 4271 2521 4328 operum,
2552 4267 2608 4314 et
2650 4260 2742 4314 lib.
2784 4277 2853 4314 xv
2881 4261 2947 4314 de
2986 4261 3094 4316 Civ.
3125 4261 3271 4328 Dei,
3295 4278 3414 4333 cap.
3459 4263 3554 4329 26,
3587 4278 3707 4333 pag.
3742 4265 3867 4331 510,

590 4350 722 4397 ιοιιι.
757 4341 846 4395 Vll
875 4343 998 4397 edit.
1029 4343 1327 4414 Antuerpia:
1354 4363 1444 4399 an.
1475 4346 1628 4412 1700,
1661 4349 1739 4402 sic
1765 4349 1927 4403 habet
1957 4367 1969 4402 :
2005 4347 2154 4413 Quod
2197 4347 2316 4404 Noe
2347 4350 2541 4404 homini
2559 4351 2822 4422 justo.....
2865 4353 3084 4421 imperat
3115 4351 3277 4419 Deus,
3316 4363 3371 4406 ut
3406 4371 3580 4408 arcam
3608 4355 3784 4426 faciat,
3813 4358 3871 4411 in

587 4452 685 4505 qua
707 4451 823 4488 cum
846 4438 973 4501 suis,
999 4437 1054 4490 id
1089 4449 1166 4491 est
1194 4455 1372 4502 uxore,
1397 4439 1523 4509 ﬁliis
1551 4451 1598 4494 et
1619 4443 1853 4507 nuribus,
1883 4453 1932 4497 et
1961 4461 2075 4497 cum
2106 4445 2438 4508 animalibus,
2467 4463 2582 4517 qua:
2608 4446 2678 4499 ad
2699 4447 2845 4500 illum
2872 4464 2937 4502 ea:
2958 4447 3055 4502 Dei
3077 4459 3335 4520 prazcepto
3357 4452 3412 4504 in
3439 4468 3611 4504 arcam
3636 4454 3871 4524 ingressa

588 4539 730 4593 sunt,
761 4526 1106 4582 liberarentur
1131 4546 1162 4582 a
1203 4530 1381 4585 diluvii
1411 4535 1668 4600 vastitate,
1709 4537 1892 4606 procul
1932 4537 2087 4591 dubio
2115 4539 2286 4609 ﬁgura
2318 4548 2395 4592 est
2424 4543 2801 4611 peregrinantis
2827 4543 2881 4596 in
2909 4543 3004 4597 hoc
3048 4545 3237 4598 swculo
3267 4545 3488 4599 civitatis
3519 4545 3634 4612 Dei,
3671 4546 3764 4600 hoc
3793 4559 3873 4602 est

590 4617 875 4679 Ecclesite,
927 4632 1042 4685 quae
1096 4619 1157 4687 ﬁt
1210 4619 1355 4673 salva
1393 4637 1484 4691 per
1539 4622 1772 4693 lignum,
1824 4625 1879 4678 in
1937 4624 2106 4698 [cui]
2156 4644 2254 4698 quo
2295 4630 2536 4698 pependit
2573 4631 2825 4684 mediator
2881 4631 2980 4685 Dei
3031 4643 3080 4686 et
3126 4633 3389 4688 hominum
3435 4636 3584 4690 homo
3635 4636 3870 4691 Christus

587 4705 758 4760 Iesus.
825 4704 961 4762 Hinc
1015 4705 1302 4762 Christiani
1357 4717 1569 4766 veteres
1620 4713 1674 4767 id
1722 4713 1902 4782 ligune
1945 4729 2112 4783 genus
2163 4719 2307 4787 pingi
2363 4719 2601 4790 sculpive
2648 4730 2923 4775 curarunt.
2966 4720 3079 4788 Qua
3129 4723 3195 4778 de
3242 4740 3300 4779 re
3355 4727 3563 4781 consuli
3614 4736 3870 4796 poterunt

591 4798 960 4869 Ciampinius,
1028 4797 1365 4865 Bonarrota,
1429 4800 1710 4870 Maﬂ'eius,
1763 4804 2078 4872 Boldettus,
2128 4808 2218 4861 alii
2273 4825 2504 4877 quorum
2557 4810 2802 4864 meminit
2848 4810 3174 4868 Mamachius
3221 4822 3352 4868 tom.
3403 4814 3460 4880 l,
3511 4830 3631 4884 pag.
3691 4816 3756 4868 78
3813 4825 3872 4870 et

589 4889 713 4953 264,
761 4898 816 4944 et
862 4900 992 4945 tom.
1035 4889 1498 4963 lllAntiquitatum
1541 4893 1973 4964 Christianorum,
2015 4898 2108 4953 11b.
2163 4915 2239 4966 ιιι,
2297 4907 2438 4978 part.
2487 4916 2534 4968 1,
2587 4916 2708 4972 cap.
2762 4901 2815 4968 1,
2861 4903 2888 4974 §
2946 4904 2997 4969 5,
3047 4919 3195 4958 num.
3247 4903 3295 4971 5,
3349 4921 3471 4975 pag.
3519 4906 3580 4960 51
3634 4922 3748 4975 seq.
3791 4907 3870 4962 De

589 4983 714 5036 navi
734 4998 853 5050 qua:
882 4984 1175 5040 Eeclesiam
1206 4986 1335 5040 item
1365 4988 1656 5058 exhibeat,
1687 5006 1912 5063 qumque
1943 4993 2167 5064 proinde
2202 4995 2372 5065 pingi,
2402 4995 2560 5050 incidi
2585 5039 2599 5062 ,
2634 4997 2925 5066 insculpive
2956 4992 3237 5066 lapidibus,
3271 5007 3399 5061 ete.,
3431 4997 3648 5063 soleret,
3681 4998 3870 5052 confer

587 5071 922 5128 Clementem
976 5075 1433 5146 Alexandrinum,
1482 5080 1603 5158 lib.
1636 5099 1690 5137 ιιι
1731 5082 2054 5156 Pazdagogi,
2115 5102 2234 5156 cap.
2294 5087 2395 5154 11,
2462 5103 2564 5158 pag
2609 5087 2714 5142 215
2782 5088 2911 5142 edit.
2970 5087 3134 5142 Paris.
3193 5103 3280 5140 an.
3318 5085 3472 5152 1641,
3529 5095 3583 5142 et
3623 5097 3866 5142 sanctum

590 5162 928 5218 Ambrosium
1000 5167 1056 5218 in
1129 5166 1252 5222 Luc.
1311 5170 1400 5223 lib.
1461 5187 1553 5236 ιν,
1609 5188 1758 5226 ιιιιιιι.
1806 5174 1872 5227 70
1931 5192 2044 5244 seq.
2078 5217 2092 5240 ,
2155 5193 2273 5247 pag.
2346 5180 2494 5246 848,
2573 5190 2700 5235 tom.
2785 5179 2846 5233 ll.
2931 5180 3061 5234 Vide
3115 5187 3372 5249 praeterea
3434 5189 3616 5235 vetera
3673 5199 3863 5237 monu-

584 5262 766 5309 menta
811 5269 932 5323 qua:
979 5257 1208 5313 attulere
1261 5259 1616 5334 Hieronymus
1669 5263 1974 5319 Alexander
2023 5265 2241 5335 Junior,
2293 5269 2493 5337 aliique
2539 5285 2675 5337 quos
2747 5277 2994 5323 recenset
3050 5267 3379 5321 Mamachius
3447 5268 3541 5322 lib.
3602 5268 3860 5334 indicato,

657 5423 733 5506 (a)
767 5423 1160 5506 Videsanctutn
1188 5427 1448 5506 Joann_em
1480 5433 2163 5506 Chrysostomum,_honiil.
2271 5453 2420 5493 num.
2452 5438 2538 5503 10,
2570 5452 2694 5506 pag.
2739 5437 2826 5504 41,
2861 5439 2988 5493 edit.
3022 5439 3192 5495 Paris.
3223 5455 3349 5495 ann.
3385 5441 3542 5497 1720.
3575 5452 3629 5497 et
3654 5444 3865 5500 catech.

657 5453 733 5493 μυ
776 5453 894 5478 nuc
922 5453 1160 5482 salictum
1188 5453 1448 5487 JUIIIIIlcm
1480 5453 1943 5502 unrysuswtnum,
1975 5453 2163 5488 ιιοιιιιι.
2271 5453 2420 5493 ιιιιιη.
2452 5453 2538 5503 ιυ,
2608 5453 2694 5506 ag.
2739 5453 2826 5504 44,
2861 5453 2988 5493 enlt.
3023 5453 3192 5495 l’arts.
3223 5455 3349 5495 ann.
3385 5453 3542 5497 1720.
3575 5453 3629 5497 et
3654 5453 3865 5500 catech.

586 5492 863 5578 dchLaude
902 5495 1141 5578 Maximi2
1159 5516 1313 5578 num.
1349 5503 1400 5564 5,
1435 5517 1554 5572 pag.
1598 5501 1721 5578 215,
1755 5510 1884 5578 tom.
1918 5502 1980 5556 Ill
2013 5519 2162 5578 oper.
2272 5507 2358 5570 15,
2393 5523 2539 5578 n_um.
2569 5453 2655 5572 gl,
2689 5523 2812 5578 pag.
2848 5509 2968 5573 195,
3002 5519 3056 5564 et
3095 5519 3340 5566 sanctum
3378 5513 3736 5578 Ambrosium,
3770 5513 3866 5568 lib.

583 5565 711 5618 edit.
748 5563 920 5652 l’aris.‘
957 5583 1080 5652 ann.
1123 5569 1276 5635 1721,
1311 5580 1365 5625 et
1390 5563 1636 5625 sanc'tum
1666 5563 2018 5641 Augustinum
2046 5563 2166 5629 loco
2270 5593 2303 5630 x
2330 5563 2383 5630 in
2411 5575 2537 5630 Luc.
2872 5563 3021 5652 num.
3048 5563 3736 5652 155,7tem:[ipp—erigit:

582 5635 1152 5729 tttqﬂdeseribendo.‘
1281 5708 1318 5729 Π
1389 5707 1440 5729 Ἦ
1559 5710 1620 5729 w
1752 5635 1802 5729 ἰ
1943 5722 1954 5729 Δ
2031 5716 2042 5729 Ι
2108 5715 2138 5729 _
2269 5656 2409 5729 ngta:
2437 5662 2526 5700 an.
2541 5635 3167 5729 Αᾈὸξςζειξιιιιίιιιιιιιιι,
3197 5635 3301 5729 lib;
3318 5651 3387 5729 _d_e
3418 5635 3866 5729 thtismo,ﬁcap.

653 5705 728 5776 (la)
748 5705 978 5766 Consule
1009 5718 1251 5766 sanctum
1279 5707 1532 5777 Cyrillum
1558 5710 1850 5778 llierosol.,
1874 5716 2084 5770 catech.
2108 5715 2161 5777 5.
2271 5715 2356 5779 15,
2387 5731 2505 5792 pag.
2540 5717 2666 5786 230,
2701 5705 2830 5776 edit.
2868 5705 3199 5786 \"cnct'.e,ah.
3237 5720 3392 5778 1714.
