4138 6186
286 235 393 292 It‘il
1755 242 1920 298 pus:

1955 242 2139 300 ἈΤΙΟ.
2405 265 2418 279 ο
3486 254 3589 311 102

285 362 447 402 unum.
481 347 570 416 52,
602 362 722 418 pag.
749 347 836 402 98.
875 347 991 402 lam
1039 348 1301 405 Maximus
1342 351 1559 406 homilia
1615 350 1704 418 50,
1751 367 1872 422 pag.
1928 353 2055 421 154,
2102 355 2397 424 explicans,
2431 359 2782 426 quamobrem
2814 362 2936 416 navi
2977 362 3205 418 similem
3232 362 3375 418 dicat
3402 364 3588 423 Eccle-

284 438 432 493 siam
458 456 471 492 :
506 438 635 494 Cum
656 456 687 493 a
713 441 905 505 nautis,
939 440 1131 509 inquit,
1162 442 1418 498 scinditur
1438 462 1605 510 mare,
1634 447 1779 516 prius
1805 446 1869 499 ab
1898 448 2029 519 ipsis
2062 448 2286 518 (insutis)
2310 449 2464 505 arbor
2489 454 2724 523 erigitur,
2752 458 2915 511 velum
2944 457 3274 523 distenditur,
3304 468 3359 511 ut
3381 499 3396 525 ,
3439 475 3589 513 cruce

286 532 510 590 Domini
538 535 701 606 facta,
724 550 972 604 aquarum
993 535 1190 602 fluenta
1219 546 1545 606 rumpantur,
1574 545 1623 589 et
1650 538 1745 591 hoc
1774 539 2034 593 dominico
2056 541 2224 594 securi
2249 542 2396 610 signo
2421 554 2625 613 portum
2653 547 2837 602 salutis
2873 557 3072 619 petunt,
3103 552 3385 621 periculum
3404 554 3587 608 nwrtis

286 624 552 689 evadunt;
574 623 747 698 ﬁgura
764 629 900 680 enim
927 628 1238 680 sacramenti
1265 628 1503 698 quaedam
1526 637 1603 682 est
1623 630 1788 682 velum
1818 647 2123 701 suspensum
2152 633 2206 684 in
2227 630 2445 699 arbore,
2468 636 2618 704 quasi
2658 635 2887 692 Christus
2931 639 2999 692 sit
3036 639 3295 693 exaltatus
3322 641 3376 693 in
3402 656 3587 707 cruce;

287 724 449 787 atque
468 715 585 770 ideo
611 716 925 786 conﬁdentia
954 716 1018 769 de
1037 718 1281 787 mysterio
1305 719 1565 783 veniente,
1597 718 1829 773 homines
1878 729 2143 775 ventorum
2169 722 2421 791 procellas
2462 726 2727 796 negligant
2750 767 2764 791 ,
2790 732 3220 800 peregrinationis
3259 739 3377 785 vota
3418 734 3587 785 susci-

291 811 464 878 piunt.
507 805 658 862 Sicut
684 817 856 861 autem
881 806 1121 861 Ecclesia
1144 808 1257 862 sine
1284 824 1433 861 cruce
1460 817 1600 862 stare
1628 825 1731 862 non
1752 818 1947 879 potest,
1980 812 2054 863 ita
2081 822 2132 864 et
2158 813 2270 865 sine
2292 812 2475 867 arbore
2503 817 2646 868 navis
2675 818 2884 885 inﬁrma
2914 829 3009 873 est.
3054 819 3249 875 Statim
3286 823 3424 875 enim
3462 823 3574 876 dia-

292 897 442 952 bolus
469 899 741 969 inquietat,
772 908 821 955 et
856 898 1001 951 illum
1028 907 1206 959 uentus
1232 898 1424 952 allidit.
1468 898 1531 950 At
1572 896 1659 953 ubi
1696 900 1904 969 signum
1950 901 2121 954 crucis
2147 903 2383 974 erigitur,
2415 906 2592 958 statim
2633 916 2681 959 et
2727 906 2918 963 diaboli
2947 910 3195 981 iniquitas
3223 912 3505 983 repellitur,
3536 924 3588 967 et

288 999 561 1043 ventorum
583 989 811 1059 procella
830 991 1051 1059 sopitur.

362 1080 444 1135 Ac
470 1080 539 1135 de
568 1081 828 1151 symbolis
871 1095 1010 1135 arcte
1052 1086 1311 1152 navisque
1357 1081 1638 1136 hactenus.
1693 1081 1845 1137 Nunc
1892 1081 1960 1137 de
2008 1083 2175 1136 vinea:
2230 1083 2478 1153 lunaeque
2515 1087 2917 1156 comparatione
2964 1102 3085 1142 cum
3137 1087 3393 1155 Ecclesia,
3425 1104 3489 1143 ae
3519 1089 3586 1143 de

291 1170 550 1226 Ecclesiae
576 1171 745 1240 ipsius
770 1173 1159 1242 propagatione
1189 1172 1715 1242 ampliﬁcationeque
1762 1173 1832 1228 ob
1881 1174 2317 1243 praedicationem
2350 1175 2507 1231 Verbi
2538 1178 2632 1233 Dei
2657 1220 2672 1243 ,
2724 1180 3008 1250 fusumque
3038 1196 3067 1233 a
3099 1182 3422 1253 martyribus
3452 1198 3582 1237 san-

291 1264 532 1332 guinem,
564 1278 685 1331 qum
712 1270 838 1317 sunt
865 1279 896 1317 a
925 1262 1163 1318 Maximo
1193 1264 1405 1332 tradita,
1439 1266 1718 1335 explicabo
1766 1266 1935 1320 brevi.
1988 1265 2132 1335 Ergo
2180 1268 2445 1325 Maximus
2491 1272 2713 1326 homilia
2761 1272 2847 1334 50,
2901 1288 3024 1342 pag.
3055 1273 3180 1340 478,
3215 1273 3353 1339 Noe,
3387 1275 3580 1343 inquit,

288 1357 368 1410 vir
396 1355 633 1427 agricola
661 1370 777 1406 cum
798 1354 1084 1424 plantasset
1121 1356 1351 1409 vineam.
1372 1395 1386 1409 .
1408 1394 1452 1408 ..
1504 1354 1763 1409 Christum
1792 1357 2121 1426 signiﬁcavit,
2154 1360 2239 1429 qui
2270 1360 2467 1413 vineam
2499 1362 2618 1430 fecit
2647 1360 2958 1414 Ecclesium.
2992 1360 3198 1428 Quotus
3228 1371 3407 1416 autem
3436 1362 3585 1431 quis-

289 1460 397 1514 que
427 1453 532 1509 est,
564 1444 656 1513 qui
685 1461 795 1500 non
845 1459 876 1498 a
924 1442 1172 1499 Patribus
1218 1445 1379 1502 modo
1398 1485 1413 1512 ,
1450 1460 1637 1500 verum
1685 1447 1849 1500 etiam
1878 1460 1909 1499 a
1938 1444 2155 1501 Christo
2185 1447 2303 1517 ipso
2330 1449 2618 1505 Servatore
2648 1450 2701 1503 in
2731 1449 3041 1519 Evangelio,
3089 1452 3383 1509 Ecclesium
3414 1454 3584 1508 vineae

290 1539 458 1593 fuisse
489 1546 876 1608 comparatam,
910 1536 1157 1606 ignoret?
1177 1537 1295 1592 lam
1325 1554 1453 1594 vero
1482 1540 1702 1594 homilia
1732 1539 1855 1605 101,
1885 1555 2006 1611 pag.
2037 1541 2161 1606 558,
2189 1540 2378 1615 Fulget
2401 1542 2651 1609 Ecclesia,
2677 1545 2868 1614 inquit,
2902 1563 3006 1600 non
3033 1563 3146 1613 suo,
3173 1548 3265 1601 sed
3292 1547 3585 1605 Saluatoris

292 1632 508 1696 lumine,
539 1639 589 1683 et
618 1630 793 1684 radiat
820 1645 923 1683 non
953 1630 1165 1699 proprio
1194 1631 1381 1696 nitore,
1412 1630 1504 1685 sed
1532 1629 1732 1695 Patris,
1758 1632 1890 1685 sicut
1916 1632 2193 1703 Apostolus
2223 1635 2317 1698 ait,
2348 1633 2525 1687 dicens
2548 1650 2567 1687 :
2608 1633 2734 1688 Vivo
2783 1642 2951 1688 autem
3004 1635 3109 1698 iam
3155 1652 3257 1689 non
3300 1653 3423 1707 ego;
3463 1639 3585 1693 vivit

290 1739 411 1776 vero
430 1724 485 1775 in
517 1737 597 1774 me
622 1719 858 1774 Christus
882 1735 901 1784 ;
922 1727 971 1773 et
993 1721 1181 1773 iterum
1203 1736 1221 1773 :
1256 1719 1325 1774 Ut
1353 1722 1420 1774 sit
1442 1722 1812 1792 primogenitus
1842 1723 1894 1776 in
1924 1724 2098 1782 multis
2120 1723 2387 1795 fratribus.
2429 1723 2585 1778 Recte
2610 1726 2764 1795 plane
2802 1725 2941 1779 luna:
2965 1735 3298 1798 comparatur
3325 1726 3581 1794 Ecclesia,

290 1816 542 1882 quoniam
565 1822 615 1866 et
633 1814 749 1881 ipsa
779 1827 872 1865 nos
901 1810 1096 1865 lavacri
1117 1827 1234 1865 rore
1253 1812 1536 1883 perfundit,
1568 1821 1616 1867 et
1647 1822 1839 1867 terram
1862 1817 2093 1885 corporis
2123 1818 2288 1869 nostri
2314 1816 2638 1887 baptismatis
2666 1835 2784 1873 rore
2812 1820 3049 1890 viviﬁcat.
3104 1818 3255 1873 Recte
3282 1820 3419 1875 Iunce
3445 1838 3584 1877 com-

290 1915 514 1976 paratur
540 1904 798 1970 Ecclesia,
813 1904 934 1975 quia
959 1912 1009 1958 et
1040 1903 1155 1974 ipsa
1174 1912 1502 1975 augmentum
1529 1906 1768 1977 acquirit,
1792 1908 2082 1977 patiturque
2109 1909 2380 1980 defectum.
2419 1910 2671 1965 Minuitur
2689 1914 2827 1967 enim
2846 1928 3002 1980 swpe,
3028 1914 3319 1984 frequenter
3346 1922 3583 1985 augetur.

292 1998 552 2051 Minuitur
592 1998 1047 2069 persecutionibus,
1092 1997 1549 2067 pradicationibus
1589 2000 1888 2069 ampliatur.
1933 1999 2195 2054 Decrescit
2233 2018 2351 2055 cum
2397 2004 2647 2056 minuitur
2691 2005 2845 2075 ﬁliis,
2888 2007 3070 2058 crescit
3114 2021 3227 2057 cum
3268 2004 3583 2075 martyribus

292 2098 606 2152 coronatur;
635 2099 684 2141 et
706 2087 883 2141 eadem
910 2103 1072 2140 causa
1101 2102 1216 2156 quw
1258 2085 1434 2141 tribuit
1460 2089 1538 2142 illi
1580 2088 1854 2159 defectum,
1875 2089 1993 2155 ipsa
2020 2097 2236 2158 prastat
2263 2100 2593 2161 augmentum
2620 2107 2637 2145 :
2664 2095 2955 2164 frequenter
2980 2095 3116 2147 enim
3144 2110 3270 2164 quos
3298 2093 3435 2148 dolet
3462 2110 3584 2164 per-

291 2189 574 2243 secutores,
606 2180 746 2249 ipsos
774 2179 955 2249 recipit
984 2180 1322 2249 confessores.
1368 2177 1497 2242 Qua:
1516 2194 1642 2232 sane
1670 2176 1891 2231 Patrum
1920 2176 2049 2248 [etv]
2089 2180 2319 2233 omnium
2360 2196 2466 2231 una
2496 2196 2594 2233 vox
2623 2182 2739 2251 fuit.
2778 2179 3017 2236 Justinus
3045 2190 3250 2253 martyr
3279 2182 3332 2236 in
3358 2180 3585 2254 Dialogo

292 2288 407 2324 cum
439 2271 715 2342 Tryphone
738 2311 753 2335 ,
787 2287 932 2326 num.
966 2271 1088 2337 110,
1120 2284 1241 2341 pag.
1274 2269 1381 2323 214
1411 2270 1541 2325 edit.
1573 2285 1800 2339 operum
1827 2269 2044 2325 Veneta:
2084 2285 2173 2324 an.
2220 2270 2380 2325 1747.
2425 2270 2561 2326 Dum
2605 2272 2800 2343 gladio,
2852 2274 3045 2345 inquit,
3094 2277 3428 2344 percutimur,
3462 2277 3586 2329 dum

292 2364 665 2435 crucifigimur,
698 2364 820 2418 dum
851 2366 977 2435 feris
1006 2363 1281 2428 tradimur,
1321 2372 1370 2416 et
1392 2364 1631 2427 vinculis,
1662 2370 1712 2415 et
1752 2363 1881 2432 igni,
1908 2370 1958 2416 et
1997 2362 2233 2416 omnibus
2258 2363 2380 2417 aliis
2411 2365 2700 2431 tormentis,
2730 2380 2762 2416 a
2788 2365 3136 2435 confessione,
3165 2373 3222 2417 ut
3250 2367 3585 2437 manifestum

293 2463 390 2517 est,
413 2471 519 2507 non
542 2454 875 2508 discedimus.
915 2453 1023 2508 Sed
1047 2461 1239 2524 quanto
1267 2454 1435 2524 magis
1458 2453 1584 2506 talia
1610 2451 1756 2506 nobis
1780 2454 2101 2524 inﬂiguntur,
2127 2470 2187 2507 eo
2212 2453 2389 2525 plures
2409 2454 2501 2508 alii
2530 2471 2622 2525 per
2642 2471 2829 2508 nomen
2853 2454 2975 2510 Jesu
2997 2454 3190 2511 Christi
3221 2458 3397 2526 ﬁdeles
3425 2459 3581 2528 ﬁunt.

299 2545 747 2610 Quemadmodum
776 2545 911 2611 vitis,
941 2545 987 2599 si
1013 2546 1128 2616 quis
1156 2551 1332 2615 partes
1372 2543 1491 2597 illas
1519 2550 1749 2614 amputet
1769 2582 1784 2607 ,
1816 2558 1930 2614 qua:
1959 2544 2183 2613 fructum
2213 2545 2408 2614 ferunt,
2448 2546 2524 2597 ita
2553 2544 2781 2614 proﬁcit,
2812 2552 2867 2597 ut
2895 2545 3028 2599 alios
3057 2547 3298 2615 ﬂorentes
3325 2557 3374 2601 et
3402 2547 3586 2619 fructi-

296 2639 433 2707 feros
474 2634 717 2705 palmites
764 2647 943 2686 rursus
986 2633 1238 2702 proferat.
1280 2630 1425 2685 Idem
1467 2630 1615 2685 nobis
1643 2646 1840 2702 quoque
1859 2633 2044 2685 evenit.
2104 2630 2420 2687 Consonant
2447 2632 2533 2687 bis
2561 2648 2681 2702 qua:
2708 2633 2893 2689 scribit
2922 2634 3281 2692 Tertullianus
3309 2639 3364 2693 in
3389 2639 3482 2694 lib.
3515 2636 3588 2692 ad

297 2728 603 2796 Scapulam,
635 2741 753 2794 cap.
780 2724 832 2790 4,
855 2737 978 2794 pag.
1015 2723 1115 2777 72:
1150 2722 1275 2777 Non
1304 2723 1527 2793 deﬁciet,
1560 2723 1751 2791 inquit,
1781 2723 1889 2775 ha'c
1908 2731 2070 2790 secta,
2102 2740 2259 2795 quam
2282 2733 2401 2777 tunc
2428 2725 2597 2796 magis
2619 2725 2872 2796 atdi/icari
2900 2728 3038 2781 scias
3066 2744 3181 2782 cum
3209 2731 3340 2785 caedi
3362 2732 3580 2788 videtur.

296 2816 364 2870 Et
392 2818 717 2889 Apologetici
741 2832 860 2886 cap.
893 2816 1102 2883 ultimo,
1133 2830 1255 2885 pag.
1283 2815 1388 2869 40:
1418 2814 1603 2870 Plures
1644 2816 1909 2885 efficimur,
1952 2817 2150 2886 quoties
2181 2818 2421 2871 metimur
2449 2833 2482 2870 a
2508 2817 2666 2872 vobis.
2705 2818 2893 2880 Semen
2921 2829 2999 2873 est
3017 2823 3227 2893 sanguis
3257 2820 3586 2878 Christiano-

296 2927 432 2962 rum.
485 2908 691 2963 llorum
715 2915 841 2962 sunt
868 2908 1060 2963 similia
1085 2922 1206 2976 qua:
1236 2906 1505 2975 complexi
1550 2914 1673 2961 sunt
1715 2914 1934 2961 sanctus
1986 2904 2218 2976 Cyrillus
2246 2905 2766 2979 Hierosolymitanus
2794 2909 3003 2965 catech.
3035 2909 3123 2975 18,
3150 2928 3297 2965 num.
3339 2910 3427 2976 27,
3461 2927 3583 2982 pag.

296 3001 418 3067 293,
450 3008 671 3055 sanctus
689 2998 980 3067 Gregorius
1008 2997 1372 3053 Nazianzenus
1398 3005 1536 3051 orat.
1560 2996 1648 3062 25,
1684 3010 1807 3066 pag.
1831 2994 1956 3061 414,
1982 3002 2112 3051 tom.
2134 2995 2156 3049 Ι
2179 2997 2306 3051 edit.
2338 2996 2530 3053 Colon.
2563 3014 2653 3053 an.
2676 2997 2832 3067 1690,
2862 3015 2969 3070 quo
2998 3000 3137 3067 loco,
3175 3001 3584 3067 Persecutioues,

297 3095 486 3162 inquit,
520 3092 854 3145 illustnorem
880 3093 1049 3161 ipsum
1078 3088 1409 3162 (Ecclesium)
1440 3087 1938 3159 splendidior-eatque
1965 3102 2058 3158 per
2083 3088 2339 3159 supplicia
2368 3089 2671 3146 reddebant.
2727 3090 2796 3145 Et
2819 3093 3057 3149 carmine
3086 3090 3145 3146 11
3173 3093 3239 3147 ad
3269 3091 3585 3164 Episcopos,

299 3195 428 3242 tom.
455 3185 519 3252 ll,
544 3198 671 3254 pag.
701 3186 792 3249 82,
821 3183 911 3237 ubi
934 3183 1013 3237 sic
1043 3182 1206 3238 habet
1230 3201 1241 3234 :

923 3297 1144 3359 Namque
1170 3299 1314 3346 etiam
1338 3297 1529 3347 hostilis
1550 3295 1699 3358 furor,
1742 3302 1891 3358 atque
1917 3297 2143 3344 immania
2167 3307 2377 3357 quasque

920 3359 1165 3421 Supplicia
1189 3360 1475 3408 addiderant
1496 3361 1668 3408 animis
1694 3372 1813 3406 nova
1841 3362 2015 3421 robora
2037 3359 2231 3421 nostris,

924 3418 1295 3483 l‘ohhentisque
1322 3421 1443 3470 tldcs
1460 3422 1692 3482 gravibus
1716 3433 1857 3480 mage
1885 3419 2000 3468 fulta
2022 3418 2235 3481 vigebat.

291 3543 530 3599 Sanctus
560 3545 873 3599 Ambrosius
892 3544 1051 3614 epist.
1089 3543 1175 3610 72,
1200 3560 1346 3599 num.
1382 3544 1473 3611 14,
1496 3558 1619 3614 pag.
1652 3543 1810 3607 1175,
1837 3550 1972 3598 tom.
1997 3542 2063 3596 III
2089 3558 2240 3611 oper.
2266 3541 2392 3596 edit.
2420 3536 2642 3597 Venetae
2670 3550 2760 3597 an.
2796 3542 2968 3610 1751,
3012 3543 3117 3596 Per
3140 3551 3395 3613 martyres
3416 3560 3589 3598 cumu-

301 3640 481 3704 latam,
514 3640 589 3692 ait
610 3654 749 3703 esse,
783 3654 890 3693 non
921 3639 1174 3691 minutam
1203 3637 1524 3708 religionem.
1558 3636 1787 3691 Sanctus
1826 3634 2063 3690 Joannes
2107 3633 2549 3704 Chrysostomus,
2599 3635 2689 3688 lib.
2724 3634 2982 3689 adversus
3017 3633 3229 3690 Judmos
3257 3642 3312 3689 et
3338 3635 3588 3702 gentiles,

303 3730 454 3795 Quod
476 3732 707 3786 Christus
736 3733 803 3785 sit
825 3730 983 3796 Deus,
1014 3746 1161 3784 num.
1190 3728 1276 3794 12,
1301 3744 1421 3800 pag.
1455 3728 1582 3795 258,
1616 3736 1747 3782 tom.
1778 3727 1817 3781 1.
1852 3726 2419 3793 SanctusAugustinus
2447 3727 2501 3779 in
2522 3726 2655 3795 psal.
2681 3743 2769 3789 XL,
2794 3741 2941 3779 num.
2977 3725 3026 3791 1,
3057 3740 3179 3796 pag.
3207 3726 3332 3795 258,
3366 3736 3497 3783 tom.
3521 3726 3589 3781 IV
3672 3762 3685 3767 ι

299 3821 432 3874 edit.
468 3822 727 3890 Antuerp.
762 3836 847 3874 an.
876 3818 1011 3872 1700
1031 3835 1140 3888 quo
1169 3819 1289 3874 loco
1315 3837 1327 3871 :
1360 3818 1755 3872 Persecutiones
1778 3814 2012 3869 diabolus
2046 3818 2100 3869 in
2134 3814 2417 3868 Ecclesium
2438 3817 2711 3870 concitavit
2740 3817 2809 3869 ad
2823 3815 3137 3887 perdendum
3166 3834 3352 3872 nomen
3381 3816 3591 3882 Christi,

300 3914 528 3982 inquit,.
548 3954 559 3965 .
585 3953 598 3965 .
620 3953 633 3965 .
680 3912 747 3966 Ut
770 3919 1055 3965 moreretur
1082 3913 1266 3964 iterum
1296 3908 1530 3963 Christus
1556 3924 1659 3961 non
1690 3908 1745 3960 in
1773 3909 1963 3977 capite,
1984 3908 2085 3959 'sed
2112 3906 2165 3958 in
2194 3921 2407 3974 corpore
2437 3922 2550 3970 suo,
2577 3907 2731 3960 occisi
2758 3916 2876 3959 sunt
2904 3915 2951 3960 et
2980 3918 3251 3978 martyres.
3300 3907 3383 3960 Ad
3410 3904 3591 3960 multi-
3674 3937 3687 3950 ο

299 4004 600 4075 plicandum
640 4002 927 4057 Ecclesium
974 4002 1133 4055 valuit
1174 4008 1383 4054 sanctus
1428 3999 1641 4069 sanguis
1683 3997 1875 4065 effusus
1915 4013 1932 4050 :
1973 3996 2303 4049 seminationi
2352 3998 2568 4049 accessit
2625 4006 2673 4049 et
2714 4014 2850 4050 mors
2891 4008 3197 4067 martyrum.
3249 3997 3490 4052 Pretiosa
3536 3998 3591 4051 in

303 4109 580 4169 conspectu
605 4096 819 4151 Domini
846 4113 982 4151 mors
1007 4096 1269 4165 justorum
1308 4093 1438 4163 ejus.
1499 4091 1835 4161 Multiplicati
1862 4098 1982 4143 sunt
2006 4090 2174 4159 magis
2204 4089 2466 4159 magisque
2495 4087 2799 4154 Christiani,
2832 4100 2880 4142 et
2910 4106 3012 4143 non
3052 4099 3127 4144 est
3168 4091 3429 4161 impletum
3457 4090 3594 4161 quod

301 4192 546 4242 dixerunt
576 4187 803 4239 inimici.
826 4225 839 4239 .
862 4225 875 4238 .
899 4225 912 4238 .
946 4184 1143 4239 Sedent
1172 4184 1390 4253 pagani,
1418 4189 1468 4235 et
1489 4185 1789 4249 computant
1816 4177 1913 4230 sibi
1935 4194 2125 4243 annos,
2150 4176 2367 4229 audiunt
2394 4178 2650 4247 fanaticos
2680 4193 2800 4230 suos
2846 4178 3093 4243 dicentes,
3138 4180 3415 4250 aliquando
3444 4178 3595 4233 Chri-

302 4283 461 4336 stiani
492 4296 595 4333 non
623 4288 802 4332 erunt.
821 4317 834 4330 .
857 4317 870 4330 .
892 4317 904 4331 .
937 4277 1117 4329 Adhuc
1147 4276 1323 4329 dicunt
1348 4292 1363 4327 :
1398 4271 1619 4337 Quando
1649 4272 1896 4325 morietur
1915 4278 1962 4323 et
1991 4269 2177 4341 peribit
2204 4286 2389 4324 nomen
2412 4269 2543 4338 ejus.
2571 4267 2658 4321 Bis
2687 4270 2825 4332 victi,
2857 4272 2934 4321 vel
2955 4272 3105 4324 tertio
3137 4273 3319 4341 sapite.
3356 4272 3594 4325 Mortuus

301 4383 379 4428 est
407 4372 666 4437 Christus,
695 4387 797 4423 non
827 4370 979 4439 periit
1007 4383 1195 4421 nomen
1220 4366 1371 4435 ejus:
1402 4366 1592 4420 mortui
1620 4373 1738 4418 sunt
1776 4372 2060 4433 martyres,
2092 4361 2436 4432 multiplicata
2464 4368 2539 4413 est
2568 4361 2733 4430 magis
2763 4358 3020 4413 Ecclesia.
3073 4358 3269 4413 Crescit
3298 4378 3388 4430 per
3415 4378 3591 4415 onmes

302 4476 478 4539 gentes
504 4482 689 4520 nomen
730 4462 939 4527 Christi,
972 4462 1058 4533 qui
1098 4461 1160 4514 de
1187 4469 1351 4515 morte
1389 4476 1483 4514 sua
1512 4469 1562 4513 et
1603 4460 1978 4514 resurrectione
2020 4458 2296 4529 praedixit;
2345 4456 2431 4527 qui
2478 4454 2541 4508 de
2588 4456 2835 4509 mortibus
2882 4465 3169 4526 martyrum
3207 4471 3413 4508 suorum
3455 4464 3503 4507 et
3532 4453 3596 4507 de

300 4574 495 4611 corona
518 4555 781 4626 prazdixit.
825 4553 891 4606 Et
919 4567 1171 4607 sermone
1201 4551 1226 4604 1
1264 4552 1316 4606 in
1348 4551 1483 4622 psal.
1517 4568 1661 4615 Lvm,
1697 4567 1842 4603 num.
1878 4550 1944 4616 5,
1991 4564 2111 4618 pag.
2146 4548 2288 4601 418:
2346 4546 2559 4615 Effusas
2597 4556 2674 4601 est
2724 4564 2946 4619 magnus
2990 4557 3039 4601 et
3085 4548 3273 4601 multus
3311 4556 3597 4615 martyrum

300 4652 517 4722 sanguis
543 4691 557 4711 ,
607 4665 706 4720 quo
734 4647 926 4715 effuso,
961 4656 1203 4717 tanquam
1225 4645 1479 4698 seminata
1507 4660 1648 4714 seges
1687 4641 1937 4695 Ecclesia:
1965 4640 2186 4711 fertilius
2218 4648 2377 4692 totum
2406 4638 2683 4703 mundum,
2713 4640 2842 4691 sicut
2885 4653 3019 4691 nunc
3044 4638 3409 4706 conspicimus,
3441 4650 3597 4688 occu-

298 4744 460 4809 parit.
514 4739 583 4793 Et
610 4753 866 4794 sermone
897 4736 966 4791 '52
996 4737 1047 4791 in
1080 4736 1211 4807 psal.
1247 4752 1427 4799 cxvm,
1461 4750 1608 4789 num.
1644 4733 1695 4800 6,
1730 4747 1852 4803 pag.
1888 4732 2048 4786 1621.
2106 4728 2230 4795 Quis
2268 4742 2371 4785 non
2403 4731 2569 4783 videat
2590 4741 2837 4785 quantum
2869 4731 3129 4800 udjuvarit
3156 4729 3447 4783 Ecclesium
3471 4745 3597 4782 san—

301 4837 416 4905 guis
450 4832 558 4906 [ev]
582 4832 871 4887 Ecclesia}?
900 4828 1107 4896 Quanta
1134 4847 1201 4884 ea:
1237 4829 1331 4882 illa
1358 4836 1581 4883 semente
1608 4844 1753 4898 seges
1784 4836 1886 4880 toto
1934 4826 2055 4879 orbe
2095 4823 2415 4877 surrexerit?
2445 4822 2514 4875 Et
2544 4821 2637 4876 lib.
2670 4838 2779 4876 xxn
2811 4820 2873 4873 de
2900 4819 3049 4874 Civit.
3080 4819 3199 4884 Dei,
3233 4835 3352 4888 cap.
3387 4818 3438 4885 6,
3470 4832 3595 4889 pag.

304 4926 425 4990 499,
464 4934 595 4979 tom.
631 4924 721 4978 Vll
750 4943 761 4977 :
795 4926 840 4977 Α
864 4921 1072 4978 Christo
1094 4920 1204 4977 Deo
1230 4937 1336 4975 non
1355 4920 1521 4975 solum
1543 4918 1777 4982 colendo,
1803 4932 1976 4971 verum
1999 4916 2155 4969 etiam
2176 4914 2468 4985 conﬁtendo
2498 4922 2696 4967 tantum
2724 4929 2815 4983 per
2842 4909 3013 4964 orbem
3036 4919 3293 4964 terrarum
3312 4921 3598 4982 martyrum

303 5019 689 5074 multitudinem
715 5026 881 5071 metus
912 5032 1151 5071 revocare
1182 5032 1285 5069 non
1315 5016 1496 5085 potuit,
1530 5030 1633 5066 non
1662 5014 1785 5066 levis
1815 5011 2118 5079 o/fensionis
2143 5011 2436 5063 animorum
2458 5049 2473 5074 ,
2514 5008 2606 5061 sed
2644 5009 3009 5060 immensarum
3038 5006 3397 5077 variarumque
3424 5023 3577 5074 poma

302 5130 438 5177 rum,
470 5120 517 5165 et
544 5111 710 5181 ipsius
732 5111 932 5173 mortis,
965 5124 1080 5178 quw
1116 5108 1229 5179 plus
1259 5109 1459 5162 caeteris
1487 5106 1818 5178 formidatur.
1868 5104 2051 5176 Neque
2097 5112 2217 5157 tunc
2267 5104 2445 5155 civitas
2474 5098 2702 5166 Christi,
2734 5100 2962 5170 quamvis
2990 5100 3159 5153 adhuc
3180 5102 3591 5172 peregrinaretur

302 5206 360 5258 in
390 5206 562 5269 terris,
610 5212 662 5255 et
702 5201 912 5256 haberet
961 5212 1130 5255 tamen
1176 5215 1487 5271 magnorum
1530 5198 1743 5268 agmina
1791 5195 2096 5265 pOpulorum
2121 5233 2136 5259 ,
2179 5193 2422 5246 adversus
2451 5192 2635 5255 impios
2677 5200 3027 5259 persecutores
3055 5208 3173 5245 suos
3198 5209 3294 5263 pro
3327 5192 3598 5260 temporali

303 5298 473 5351 salute
498 5298 778 5368 pugnavit;
827 5295 919 5349 sed
946 5295 1114 5365 potius
1160 5304 1216 5347 ut
1263 5293 1513 5348 obtineret
1543 5301 1810 5354 cateruam,
1857 5305 1959 5342 non
2000 5294 2319 5357 repugnavit.
2368 5281 2715 5356 Ligubantur,
2744 5285 3160 5349 includebantur,
3194 5286 3527 5340 audebantur
3553 5295 3602 5340 et

303 5376 801 5460 multiplicabuntur.
846 5387 1074 5443 Sanctus
1122 5386 1232 5443 Leo
1282 5386 1504 5455 Magnus
1551 5398 1801 5439 sermone
1850 5382 1938 5448 85,
1984 5382 2076 5451 qui
2107 5389 2189 5435 est
2228 5379 2291 5433 de
2344 5374 2527 5432 Natali
2558 5380 2911 5449 apostolorum
2940 5380 3087 5435 Petri
3109 5388 3157 5434 et
3178 5380 3357 5447 Pauli,
3390 5395 3512 5448 cap.
3544 5380 3600 5439 6,

304 5496 428 5551 pag.
462 5481 589 5545 257,
622 5488 752 5534 tom.
787 5478 807 5531 Ι
840 5493 1063 5548 operum
1093 5477 1220 5532 edit.
1255 5475 1439 5529 Romae
1468 5489 1556 5527 an.
1594 5472 1764 5526 1753:
1802 5470 1925 5527 Non
1947 5470 2212 5534 minuitur,
2240 5468 2429 5536 inquit,
2453 5468 2893 5538 perseeutionibus
2924 5467 3177 5533 Ecclesia,
3216 5469 3306 5522 sed
3345 5480 3599 5539 augetur;

304 5564 357 5626 et
381 5589 581 5638 semper
615 5570 917 5625 Dominicus
938 5586 1063 5641 ager
1089 5579 1259 5640 segete
1280 5569 1459 5622 ditiori
1491 5571 1718 5632 vestitur,
1750 5567 1869 5619 dum
1902 5580 2087 5636 gitana,
2121 5578 2234 5632 qua
2274 5562 2482 5633 singula
2510 5562 2720 5629 cadunt,
2754 5562 3098 5632 multiplicata
3127 5570 3432 5617 nascuntur.
3493 5559 3600 5615 llos

312 5662 497 5720 l’atres
529 5671 873 5720 consectatus
902 5661 1165 5719 Maximus
1190 5667 1366 5731 pergit
1394 5661 1628 5718 scribere
1659 5673 1910 5717 sermone
1940 5648 2031 5722 5‘0,
2062 5667 2187 5724 pag.
2222 5652 2367 5709 528:
2420 5653 2654 5710 Vexatur
2690 5652 2927 5710 Ecclesia
2972 5651 3211 5709 munibus
3249 5659 3602 5721 cruentarum,
