  <div class='ocr_page' id='page_1' title='image "/cluster/home/n/w/nwhite01/storage/ocr_20150623/57/hvd.32044054758669/067.png"; bbox 0 0 4138 6186; ppageno 0'>
   <div class='ocr_carea' id='block_1_1' title="bbox 528 309 2162 370">
    <p class='ocr_par' dir='ltr' id='par_1_1' title="bbox 528 309 2162 365">
     <span class='ocr_line' id='line_1_1' title="bbox 528 309 2162 365; baseline 0.001 -2"><span class='ocrx_word' id='word_1_1' title='bbox 528 309 630 364; x_wconf 70' lang='grc' dir='ltr'><strong>ωδ</strong></span> <span class='ocrx_word' id='word_1_2' title='bbox 1728 318 1737 327; x_wconf 92' lang='grc'><strong>·</strong></span> <span class='ocrx_word' id='word_1_3' title='bbox 1984 310 2162 365; x_wconf 62' lang='lat' dir='ltr'><strong>Pii/El</strong></span> 
     </span>
    </p>
   </div>
   <div class='ocr_carea' id='block_1_2' title="bbox 2178 309 3812 370">
    <p class='ocr_par' dir='ltr' id='par_1_2' title="bbox 2178 310 3812 370">
     <span class='ocr_line' id='line_1_2' title="bbox 2178 310 3812 370; baseline 0.003 -6"><span class='ocrx_word' id='word_1_4' title='bbox 2178 310 2369 366; x_wconf 78' lang='lat' dir='ltr'><strong>&#39;ATIO.</strong></span> <span class='ocrx_word' id='word_1_5' title='bbox 3710 315 3812 370; x_wconf 70' lang='grc'><strong>104</strong></span> 
     </span>
    </p>
   </div>
   <div class='ocr_carea' id='block_1_3' title="bbox 525 418 3813 491">
    <p class='ocr_par' dir='ltr' id='par_1_3' title="bbox 525 418 3813 491">
     <span class='ocr_line' id='line_1_3' title="bbox 525 418 3813 491; baseline 0.003 -20"><span class='ocrx_word' id='word_1_6' title='bbox 525 435 628 474; x_wconf 83' lang='lat' dir='ltr'><strong>non</strong></span> <span class='ocrx_word' id='word_1_7' title='bbox 648 428 703 472; x_wconf 89' lang='lat' dir='ltr'><strong>ut</strong></span> <span class='ocrx_word' id='word_1_8' title='bbox 731 419 866 473; x_wconf 90' lang='lat' dir='ltr'><strong>inter</strong></span> <span class='ocrx_word' id='word_1_9' title='bbox 884 421 1137 491; x_wconf 86' lang='lat' dir='ltr'><strong>supplicia</strong></span> <span class='ocrx_word' id='word_1_10' title='bbox 1175 434 1449 490; x_wconf 74' lang='lat' dir='ltr'><strong>poenasque</strong></span> <span class='ocrx_word' id='word_1_11' title='bbox 1482 421 1722 489; x_wconf 82' lang='lat' dir='ltr'><strong>deﬁciat;</strong></span> <span class='ocrx_word' id='word_1_12' title='bbox 1754 418 1844 472; x_wconf 85' lang='lat' dir='ltr'><strong>sed</strong></span> <span class='ocrx_word' id='word_1_13' title='bbox 1863 431 1927 488; x_wconf 85' lang='lat' dir='ltr'><strong>ut</strong></span> <span class='ocrx_word' id='word_1_14' title='bbox 1967 435 2061 489; x_wconf 92' lang='lat' dir='ltr'><strong>per</strong></span> <span class='ocrx_word' id='word_1_15' title='bbox 2088 421 2418 476; x_wconf 86' lang='lat' dir='ltr'><strong>multimodos</strong></span> <span class='ocrx_word' id='word_1_16' title='bbox 2461 424 2792 478; x_wconf 87' lang='lat' dir='ltr'><strong>victoriarum</strong></span> <span class='ocrx_word' id='word_1_17' title='bbox 2835 424 3010 477; x_wconf 88' lang='lat' dir='ltr'><strong>titulos</strong></span> <span class='ocrx_word' id='word_1_18' title='bbox 3044 425 3096 476; x_wconf 90' lang='lat' dir='ltr'><strong>in</strong></span> <span class='ocrx_word' id='word_1_19' title='bbox 3144 439 3348 479; x_wconf 87' lang='lat' dir='ltr'><strong>omnem</strong></span> <span class='ocrx_word' id='word_1_20' title='bbox 3378 423 3813 485; x_wconf 67' lang='lat' dir='ltr'><strong>pulchritudinem</strong></span> 
     </span>
    </p>
   </div>
   <div class='ocr_carea' id='block_1_4' title="bbox 525 511 3348 582">
    <p class='ocr_par' dir='ltr' id='par_1_4' title="bbox 525 511 3348 582">
     <span class='ocr_line' id='line_1_4' title="bbox 525 511 3348 582; baseline 0.002 -18"><span class='ocrx_word' id='word_1_21' title='bbox 525 526 705 565; x_wconf 85' lang='lat' dir='ltr'><strong>cruore</strong></span> <span class='ocrx_word' id='word_1_22' title='bbox 729 513 1152 582; x_wconf 85' lang='lat' dir='ltr'><strong>triumphantium</strong></span> <span class='ocrx_word' id='word_1_23' title='bbox 1174 519 1462 581; x_wconf 75' lang='lat' dir='ltr'><strong>martyrum</strong></span> <span class='ocrx_word' id='word_1_24' title='bbox 1486 511 1779 566; x_wconf 74' lang='lat' dir='ltr'><strong>decoretur.</strong></span> <span class='ocrx_word' id='word_1_25' title='bbox 3335 515 3348 527; x_wconf 84' lang='grc'><strong>“</strong></span> 
     </span>
    </p>
   </div>
   <div class='ocr_carea' id='block_1_5' title="bbox 596 598 3814 676">
    <p class='ocr_par' dir='ltr' id='par_1_5' title="bbox 596 598 3814 676">
     <span class='ocr_line' id='line_1_5' title="bbox 596 598 3814 676; baseline 0.003 -22"><span class='ocrx_word' id='word_1_26' title='bbox 596 600 734 654; x_wconf 88' lang='lat' dir='ltr'><strong>Ante</strong></span> <span class='ocrx_word' id='word_1_27' title='bbox 755 598 1024 653; x_wconf 78' lang='lat' dir='ltr'><strong>Christum</strong></span> <span class='ocrx_word' id='word_1_28' title='bbox 1056 607 1238 654; x_wconf 87' lang='lat' dir='ltr'><strong>uatum</strong></span> <span class='ocrx_word' id='word_1_29' title='bbox 1272 601 1566 656; x_wconf 75' lang='lat' dir='ltr'><strong>Ecclesium</strong></span> <span class='ocrx_word' id='word_1_30' title='bbox 1595 600 1791 655; x_wconf 89' lang='lat' dir='ltr'><strong>Christi</strong></span> <span class='ocrx_word' id='word_1_31' title='bbox 1820 603 2072 669; x_wconf 80' lang='lat' dir='ltr'><strong>viguisse,</strong></span> <span class='ocrx_word' id='word_1_32' title='bbox 2105 601 2368 656; x_wconf 83' lang='lat' dir='ltr'><strong>Maximus</strong></span> <span class='ocrx_word' id='word_1_33' title='bbox 2389 602 2528 656; x_wconf 88' lang='lat' dir='ltr'><strong>idem</strong></span> <span class='ocrx_word' id='word_1_34' title='bbox 2550 602 2928 658; x_wconf 89' lang='lat' dir='ltr'><strong>animadvertit</strong></span> <span class='ocrx_word' id='word_1_35' title='bbox 2949 603 3112 658; x_wconf 89' lang='lat' dir='ltr'><strong>homil</strong></span> <span class='ocrx_word' id='word_1_36' title='bbox 3162 603 3280 671; x_wconf 85' lang='lat' dir='ltr'><strong>lOl,</strong></span> <span class='ocrx_word' id='word_1_37' title='bbox 3306 616 3427 674; x_wconf 77' lang='lat' dir='ltr'><strong>pag.</strong></span> <span class='ocrx_word' id='word_1_38' title='bbox 3459 604 3584 668; x_wconf 76' lang='lat'><strong>3&#39;58.</strong></span> <span class='ocrx_word' id='word_1_39' title='bbox 3612 621 3720 676; x_wconf 88' lang='lat' dir='ltr'><strong>qua</strong></span> <span class='ocrx_word' id='word_1_40' title='bbox 3742 608 3814 663; x_wconf 81' lang='lat' dir='ltr'><strong>de</strong></span> 
     </span>
    </p>
   </div>
   <div class='ocr_carea' id='block_1_6' title="bbox 526 691 3808 767">
    <p class='ocr_par' dir='ltr' id='par_1_6' title="bbox 526 691 3808 767">
     <span class='ocr_line' id='line_1_6' title="bbox 526 691 3808 767; baseline 0.002 -21"><span class='ocrx_word' id='word_1_41' title='bbox 526 691 792 758; x_wconf 84' lang='lat' dir='ltr'><strong>doctrina,</strong></span> <span class='ocrx_word' id='word_1_42' title='bbox 826 698 886 745; x_wconf 91' lang='lat' dir='ltr'><strong>ut</strong></span> <span class='ocrx_word' id='word_1_43' title='bbox 901 698 1124 744; x_wconf 69' lang='lat' dir='ltr'><strong>cazteros</strong></span> <span class='ocrx_word' id='word_1_44' title='bbox 1140 692 1565 757; x_wconf 68' lang='lat' dir='ltr'><strong>prmtermittam,</strong></span> <span class='ocrx_word' id='word_1_45' title='bbox 1588 692 1773 747; x_wconf 82' lang='lat' dir='ltr'><strong>confer</strong></span> <span class='ocrx_word' id='word_1_46' title='bbox 1793 692 2167 761; x_wconf 77' lang='lat' dir='ltr'><strong>Augustinum,</strong></span> <span class='ocrx_word' id='word_1_47' title='bbox 2191 693 2281 749; x_wconf 89' lang='lat' dir='ltr'><strong>lib.</strong></span> <span class='ocrx_word' id='word_1_48' title='bbox 2307 709 2324 747; x_wconf 86' lang='grc' dir='ltr'>ι</span> <span class='ocrx_word' id='word_1_49' title='bbox 2346 693 2412 746; x_wconf 91' lang='lat' dir='ltr'><strong>de</strong></span> <span class='ocrx_word' id='word_1_50' title='bbox 2431 693 2698 764; x_wconf 85' lang='lat' dir='ltr'><strong>Baptismo</strong></span> <span class='ocrx_word' id='word_1_51' title='bbox 2711 703 2898 750; x_wconf 89' lang='lat' dir='ltr'><strong>contra</strong></span> <span class='ocrx_word' id='word_1_52' title='bbox 2918 693 3244 760; x_wconf 87' lang='lat' dir='ltr'><strong>Donatistas,</strong></span> <span class='ocrx_word' id='word_1_53' title='bbox 3267 712 3386 764; x_wconf 90' lang='lat' dir='ltr'><strong>cap.</strong></span> <span class='ocrx_word' id='word_1_54' title='bbox 3410 696 3478 750; x_wconf 79' lang='grc'><strong>15</strong></span> <span class='ocrx_word' id='word_1_55' title='bbox 3496 712 3636 767; x_wconf 89' lang='lat' dir='ltr'><strong>seq.,</strong></span> <span class='ocrx_word' id='word_1_56' title='bbox 3657 714 3808 754; x_wconf 82' lang='lat' dir='ltr'><strong>nutu.</strong></span> 
     </span>
    </p>
   </div>
   <div class='ocr_carea' id='block_1_7' title="bbox 523 781 3813 853">
    <p class='ocr_par' dir='ltr' id='par_1_7' title="bbox 523 781 3813 853">
     <span class='ocr_line' id='line_1_7' title="bbox 523 781 3813 853; baseline 0.002 -18"><span class='ocrx_word' id='word_1_57' title='bbox 523 783 592 835; x_wconf 63' lang='lat' dir='ltr'><strong>2t</strong></span> <span class='ocrx_word' id='word_1_58' title='bbox 613 797 752 852; x_wconf 89' lang='lat' dir='ltr'><strong>seq.,</strong></span> <span class='ocrx_word' id='word_1_59' title='bbox 775 793 907 839; x_wconf 90' lang='lat' dir='ltr'><strong>tom.</strong></span> <span class='ocrx_word' id='word_1_60' title='bbox 935 781 1022 849; x_wconf 76' lang='lat' dir='ltr'><strong>IX,</strong></span> <span class='ocrx_word' id='word_1_61' title='bbox 1047 797 1167 853; x_wconf 78' lang='lat' dir='ltr'><strong>pag.</strong></span> <span class='ocrx_word' id='word_1_62' title='bbox 1194 782 1279 836; x_wconf 86' lang='lat'><strong>62.</strong></span> <span class='ocrx_word' id='word_1_63' title='bbox 1306 783 1480 851; x_wconf 85' lang='lat' dir='ltr'><strong>Atque</strong></span> <span class='ocrx_word' id='word_1_64' title='bbox 1511 799 1628 837; x_wconf 89' lang='lat' dir='ltr'><strong>eam</strong></span> <span class='ocrx_word' id='word_1_65' title='bbox 1665 783 1882 852; x_wconf 87' lang='lat' dir='ltr'><strong>quidem</strong></span> <span class='ocrx_word' id='word_1_66' title='bbox 1914 784 2230 850; x_wconf 84' lang='lat' dir='ltr'><strong>Ecclesiam,</strong></span> <span class='ocrx_word' id='word_1_67' title='bbox 2263 785 2404 840; x_wconf 89' lang='lat' dir='ltr'><strong>idem</strong></span> <span class='ocrx_word' id='word_1_68' title='bbox 2433 785 2594 840; x_wconf 83' lang='lat' dir='ltr'><strong>docet</strong></span> <span class='ocrx_word' id='word_1_69' title='bbox 2623 785 2905 851; x_wconf 81' lang='lat' dir='ltr'><strong>Maximus,</strong></span> <span class='ocrx_word' id='word_1_70' title='bbox 2939 785 3090 850; x_wconf 90' lang='lat' dir='ltr'><strong>ibid.,</strong></span> <span class='ocrx_word' id='word_1_71' title='bbox 3122 794 3368 842; x_wconf 74' lang='lat' dir='ltr'><strong>evertere</strong></span> <span class='ocrx_word' id='word_1_72' title='bbox 3395 787 3558 844; x_wconf 81' lang='lat' dir='ltr'><strong>fuisse</strong></span> <span class='ocrx_word' id='word_1_73' title='bbox 3586 795 3813 843; x_wconf 82' lang='lat' dir='ltr'><strong>conatos</strong></span> 
     </span>
    </p>
   </div>
   <div class='ocr_carea' id='block_1_8' title="bbox 528 873 3810 944">
    <p class='ocr_par' dir='ltr' id='par_1_8' title="bbox 528 873 3810 944">
     <span class='ocr_line' id='line_1_8' title="bbox 528 873 3810 944; baseline 0.001 -16"><span class='ocrx_word' id='word_1_74' title='bbox 528 875 773 930; x_wconf 84' lang='lat' dir='ltr'><strong>Jamnem</strong></span> <span class='ocrx_word' id='word_1_75' title='bbox 803 883 859 930; x_wconf 90' lang='lat' dir='ltr'><strong>et</strong></span> <span class='ocrx_word' id='word_1_76' title='bbox 889 874 1184 928; x_wconf 84' lang='lat' dir='ltr'><strong>Mambrem</strong></span> <span class='ocrx_word' id='word_1_77' title='bbox 1210 913 1226 938; x_wconf 90' lang='lat'><strong>,</strong></span> <span class='ocrx_word' id='word_1_78' title='bbox 1277 889 1398 928; x_wconf 89' lang='lat' dir='ltr'><strong>cum</strong></span> <span class='ocrx_word' id='word_1_79' title='bbox 1429 873 1563 928; x_wconf 86' lang='lat' dir='ltr'><strong>Mosi</strong></span> <span class='ocrx_word' id='word_1_80' title='bbox 1594 875 1862 928; x_wconf 79' lang='lat' dir='ltr'><strong>restitere.</strong></span> <span class='ocrx_word' id='word_1_81' title='bbox 1903 873 2022 928; x_wconf 85' lang='lat' dir='ltr'><strong>Jam</strong></span> <span class='ocrx_word' id='word_1_82' title='bbox 2053 891 2182 930; x_wconf 89' lang='lat' dir='ltr'><strong>vero</strong></span> <span class='ocrx_word' id='word_1_83' title='bbox 2213 883 2341 930; x_wconf 89' lang='lat' dir='ltr'><strong>tunc</strong></span> <span class='ocrx_word' id='word_1_84' title='bbox 2369 882 2526 940; x_wconf 79' lang='lat' dir='ltr'><strong>eam,“</strong></span> <span class='ocrx_word' id='word_1_85' title='bbox 2551 876 2694 944; x_wconf 89' lang='lat' dir='ltr'><strong>quod</strong></span> <span class='ocrx_word' id='word_1_86' title='bbox 2725 874 2919 930; x_wconf 89' lang='lat' dir='ltr'><strong>ﬁnibus</strong></span> <span class='ocrx_word' id='word_1_87' title='bbox 2948 875 3059 930; x_wconf 78' lang='lat' dir='ltr'><strong>fere</strong></span> <span class='ocrx_word' id='word_1_88' title='bbox 3089 873 3387 930; x_wconf 64' lang='lat' dir='ltr'><strong>Palcestina:</strong></span> <span class='ocrx_word' id='word_1_89' title='bbox 3415 876 3810 942; x_wconf 86' lang='lat' dir='ltr'><strong>contineretur,</strong></span> 
     </span>
    </p>
   </div>
   <div class='ocr_carea' id='block_1_9' title="bbox 525 956 3807 1044">
    <p class='ocr_par' dir='ltr' id='par_1_9' title="bbox 525 956 3807 1044">
     <span class='ocr_line' id='line_1_9' title="bbox 525 956 3807 1044; baseline 0.001 -24"><span class='ocrx_word' id='word_1_90' title='bbox 525 976 929 1037; x_wconf 82' lang='lat' dir='ltr'><strong>propagataque</strong></span> <span class='ocrx_word' id='word_1_91' title='bbox 959 967 1026 1022; x_wconf 89' lang='lat' dir='ltr'><strong>ad</strong></span> <span class='ocrx_word' id='word_1_92' title='bbox 1047 956 1284 1036; x_wconf 54' lang='lat' dir='ltr'><strong>&#39;gentiles</strong></span> <span class='ocrx_word' id='word_1_93' title='bbox 1315 983 1421 1021; x_wconf 89' lang='lat' dir='ltr'><strong>non</strong></span> <span class='ocrx_word' id='word_1_94' title='bbox 1453 973 1614 1031; x_wconf 86' lang='lat' dir='ltr'><strong>esset,</strong></span> <span class='ocrx_word' id='word_1_95' title='bbox 1653 966 1812 1022; x_wconf 86' lang='lat' dir='ltr'><strong>fuisse</strong></span> <span class='ocrx_word' id='word_1_96' title='bbox 1841 968 2102 1022; x_wconf 88' lang='lat' dir='ltr'><strong>sterilem.</strong></span> <span class='ocrx_word' id='word_1_97' title='bbox 2144 965 2377 1022; x_wconf 82' lang='lat' dir='ltr'><strong>Humilia</strong></span> <span class='ocrx_word' id='word_1_98' title='bbox 2409 965 2496 1031; x_wconf 80' lang='lat'><strong>95,</strong></span> <span class='ocrx_word' id='word_1_99' title='bbox 2529 980 2652 1038; x_wconf 78' lang='lat' dir='ltr'><strong>pag.</strong></span> <span class='ocrx_word' id='word_1_100' title='bbox 2686 966 2789 1021; x_wconf 77' lang='grc'><strong>555</strong></span> <span class='ocrx_word' id='word_1_101' title='bbox 2818 985 2830 1020; x_wconf 92' lang='lat'><strong>:</strong></span> <span class='ocrx_word' id='word_1_102' title='bbox 2865 966 3227 1044; x_wconf 66' lang='lat' dir='ltr'><strong>Requirgnus,</strong></span> <span class='ocrx_word' id='word_1_103' title='bbox 3259 968 3448 1036; x_wconf 85' lang='lat' dir='ltr'><strong>inquit,</strong></span> <span class='ocrx_word' id='word_1_104' title='bbox 3481 984 3596 1040; x_wconf 64' lang='lat' dir='ltr'><strong>qum</strong></span> <span class='ocrx_word' id='word_1_105' title='bbox 3614 969 3681 1022; x_wconf 89' lang='lat' dir='ltr'><strong>sit</strong></span> <span class='ocrx_word' id='word_1_106' title='bbox 3705 969 3807 1023; x_wconf 91' lang='lat' dir='ltr'><strong>ista</strong></span> 
     </span>
    </p>
   </div>
   <div class='ocr_carea' id='block_1_10' title="bbox 524 1057 3806 1133">
    <p class='ocr_par' dir='ltr' id='par_1_10' title="bbox 524 1057 3806 1133">
     <span class='ocr_line' id='line_1_10' title="bbox 524 1057 3806 1133; baseline -0.001 -19"><span class='ocrx_word' id='word_1_107' title='bbox 524 1064 722 1127; x_wconf 81' lang='lat' dir='ltr'><strong>civitas,</strong></span> <span class='ocrx_word' id='word_1_108' title='bbox 749 1078 863 1133; x_wconf 73' lang='lat' dir='ltr'><strong>qute</strong></span> <span class='ocrx_word' id='word_1_109' title='bbox 889 1063 1161 1115; x_wconf 79' lang='lat' dir='ltr'><strong>sterilitate</strong></span> <span class='ocrx_word' id='word_1_110' title='bbox 1185 1058 1512 1115; x_wconf 89' lang='lat' dir='ltr'><strong>laborubut..</strong></span> <span class='ocrx_word' id='word_1_111' title='bbox 1533 1100 1546 1113; x_wconf 97' lang='lat'><strong>.</strong></span> <span class='ocrx_word' id='word_1_112' title='bbox 1569 1101 1582 1114; x_wconf 93' lang='lat'><strong>.</strong></span> <span class='ocrx_word' id='word_1_113' title='bbox 1626 1058 1865 1131; x_wconf 80' lang='lat' dir='ltr'><strong>Legimus</strong></span> <span class='ocrx_word' id='word_1_114' title='bbox 1894 1062 1948 1114; x_wconf 90' lang='lat' dir='ltr'><strong>in</strong></span> <span class='ocrx_word' id='word_1_115' title='bbox 1983 1060 2160 1114; x_wconf 87' lang='lat' dir='ltr'><strong>eodem</strong></span> <span class='ocrx_word' id='word_1_116' title='bbox 2182 1059 2415 1131; x_wconf 80' lang='lat' dir='ltr'><strong>apostolo</strong></span> <span class='ocrx_word' id='word_1_117' title='bbox 2445 1060 2636 1112; x_wconf 89' lang='lat' dir='ltr'><strong>dictum</strong></span> <span class='ocrx_word' id='word_1_118' title='bbox 2667 1059 2730 1112; x_wconf 90' lang='lat' dir='ltr'><strong>de</strong></span> <span class='ocrx_word' id='word_1_119' title='bbox 2758 1057 2998 1113; x_wconf 79' lang='lat' dir='ltr'><strong>Ecclesia</strong></span> <span class='ocrx_word' id='word_1_120' title='bbox 3022 1074 3039 1111; x_wconf 92' lang='lat'><em>:</em></span> <span class='ocrx_word' id='word_1_121' title='bbox 3074 1057 3296 1125; x_wconf 82' lang='lat' dir='ltr'><strong>Lcetare,</strong></span> <span class='ocrx_word' id='word_1_122' title='bbox 3328 1059 3534 1122; x_wconf 89' lang='lat' dir='ltr'><strong>sterilis,</strong></span> <span class='ocrx_word' id='word_1_123' title='bbox 3564 1076 3680 1130; x_wconf 69' lang='lat' dir='ltr'><strong>quae</strong></span> <span class='ocrx_word' id='word_1_124' title='bbox 3701 1075 3806 1114; x_wconf 90' lang='lat' dir='ltr'><strong>non</strong></span> 
     </span>
    </p>
   </div>
   <div class='ocr_carea' id='block_1_11' title="bbox 523 1150 3804 1225">
    <p class='ocr_par' dir='ltr' id='par_1_11' title="bbox 523 1150 3804 1225">
     <span class='ocr_line' id='line_1_11' title="bbox 523 1150 3804 1225; baseline -0.001 -19"><span class='ocrx_word' id='word_1_125' title='bbox 523 1155 664 1222; x_wconf 88' lang='lat' dir='ltr'><strong>puris</strong></span> <span class='ocrx_word' id='word_1_126' title='bbox 680 1170 698 1217; x_wconf 90' lang='lat'><strong>;</strong></span> <span class='ocrx_word' id='word_1_127' title='bbox 728 1169 956 1219; x_wconf 87' lang='lat' dir='ltr'><strong>erumpe,</strong></span> <span class='ocrx_word' id='word_1_128' title='bbox 983 1163 1032 1206; x_wconf 93' lang='lat' dir='ltr'><strong>et</strong></span> <span class='ocrx_word' id='word_1_129' title='bbox 1059 1154 1314 1218; x_wconf 71' lang='lat' dir='ltr'><strong>exclama,</strong></span> <span class='ocrx_word' id='word_1_130' title='bbox 1340 1169 1454 1225; x_wconf 75' lang='lat' dir='ltr'><strong>qua:</strong></span> <span class='ocrx_word' id='word_1_131' title='bbox 1481 1169 1586 1206; x_wconf 90' lang='lat' dir='ltr'><strong>non</strong></span> <span class='ocrx_word' id='word_1_132' title='bbox 1607 1155 1856 1223; x_wconf 88' lang='lat' dir='ltr'><strong>parturis.</strong></span> <span class='ocrx_word' id='word_1_133' title='bbox 1899 1152 2041 1224; x_wconf 88' lang='lat' dir='ltr'><strong>Ergo</strong></span> <span class='ocrx_word' id='word_1_134' title='bbox 2065 1151 2299 1206; x_wconf 75' lang='lat' dir='ltr'><strong>Ecclesia</strong></span> <span class='ocrx_word' id='word_1_135' title='bbox 2322 1162 2400 1206; x_wconf 88' lang='lat' dir='ltr'><strong>est</strong></span> <span class='ocrx_word' id='word_1_136' title='bbox 2437 1153 2530 1205; x_wconf 86' lang='lat' dir='ltr'><strong>illa</strong></span> <span class='ocrx_word' id='word_1_137' title='bbox 2557 1153 2747 1206; x_wconf 82' lang='lat' dir='ltr'><strong>sterilis</strong></span> <span class='ocrx_word' id='word_1_138' title='bbox 2776 1152 2975 1216; x_wconf 88' lang='lat' dir='ltr'><strong>civitas,</strong></span> <span class='ocrx_word' id='word_1_139' title='bbox 3005 1167 3118 1220; x_wconf 69' lang='lat' dir='ltr'><strong>qua:</strong></span> <span class='ocrx_word' id='word_1_140' title='bbox 3147 1159 3266 1204; x_wconf 83' lang='lat' dir='ltr'><strong>ante</strong></span> <span class='ocrx_word' id='word_1_141' title='bbox 3286 1151 3560 1204; x_wconf 85' lang='lat' dir='ltr'><strong>adventum</strong></span> <span class='ocrx_word' id='word_1_142' title='bbox 3588 1150 3804 1217; x_wconf 77' lang='lat' dir='ltr'><strong>Christi,</strong></span> 
     </span>
    </p>
   </div>
   <div class='ocr_carea' id='block_1_12' title="bbox 521 1246 3802 1319">
    <p class='ocr_par' dir='ltr' id='par_1_12' title="bbox 521 1246 3802 1319">
     <span class='ocr_line' id='line_1_12' title="bbox 521 1246 3802 1319; baseline 0.001 -19"><span class='ocrx_word' id='word_1_143' title='bbox 521 1264 773 1318; x_wconf 89' lang='lat' dir='ltr'><strong>aquarum</strong></span> <span class='ocrx_word' id='word_1_144' title='bbox 800 1249 941 1313; x_wconf 87' lang='lat' dir='ltr'><strong>vitio,</strong></span> <span class='ocrx_word' id='word_1_145' title='bbox 966 1247 1060 1302; x_wconf 89' lang='lat' dir='ltr'><strong>hoc</strong></span> <span class='ocrx_word' id='word_1_146' title='bbox 1081 1249 1456 1319; x_wconf 84' lang='lat' dir='ltr'><strong>estsacrilegio</strong></span> <span class='ocrx_word' id='word_1_147' title='bbox 1483 1247 1750 1319; x_wconf 86' lang='lat' dir='ltr'><strong>gentilium</strong></span> <span class='ocrx_word' id='word_1_148' title='bbox 1780 1248 2105 1318; x_wconf 88' lang='lat' dir='ltr'><strong>populorum,</strong></span> <span class='ocrx_word' id='word_1_149' title='bbox 2134 1247 2456 1302; x_wconf 82' lang='lat' dir='ltr'><strong>sterilitatem</strong></span> <span class='ocrx_word' id='word_1_150' title='bbox 2489 1248 2768 1309; x_wconf 89' lang='lat' dir='ltr'><strong>sustinens,</strong></span> <span class='ocrx_word' id='word_1_151' title='bbox 2800 1246 2901 1300; x_wconf 88' lang='lat' dir='ltr'><strong>Dei</strong></span> <span class='ocrx_word' id='word_1_152' title='bbox 2927 1247 3068 1316; x_wconf 87' lang='lat' dir='ltr'><strong>ﬁlios</strong></span> <span class='ocrx_word' id='word_1_153' title='bbox 3098 1262 3374 1315; x_wconf 82' lang='lat' dir='ltr'><strong>procreare</strong></span> <span class='ocrx_word' id='word_1_154' title='bbox 3399 1262 3503 1301; x_wconf 91' lang='lat' dir='ltr'><strong>non</strong></span> <span class='ocrx_word' id='word_1_155' title='bbox 3533 1249 3802 1317; x_wconf 88' lang='lat' dir='ltr'><strong>potuisset.</strong></span> 
     </span>
    </p>
   </div>
   <div class='ocr_carea' id='block_1_13' title="bbox 525 1335 3807 1409">
    <p class='ocr_par' dir='ltr' id='par_1_13' title="bbox 525 1335 3807 1409">
     <span class='ocr_line' id='line_1_13' title="bbox 525 1335 3807 1409; baseline 0.002 -21"><span class='ocrx_word' id='word_1_156' title='bbox 525 1335 623 1389; x_wconf 84' lang='lat' dir='ltr'><strong>Ubi</strong></span> <span class='ocrx_word' id='word_1_157' title='bbox 645 1339 779 1390; x_wconf 88' lang='lat' dir='ltr'><strong>venit</strong></span> <span class='ocrx_word' id='word_1_158' title='bbox 801 1336 1054 1403; x_wconf 84' lang='lat' dir='ltr'><strong>Christus,</strong></span> <span class='ocrx_word' id='word_1_159' title='bbox 1079 1338 1212 1391; x_wconf 88' lang='lat' dir='ltr'><strong>velut</strong></span> <span class='ocrx_word' id='word_1_160' title='bbox 1234 1355 1324 1391; x_wconf 88' lang='lat' dir='ltr'><strong>vas</strong></span> <span class='ocrx_word' id='word_1_161' title='bbox 1346 1338 1504 1407; x_wconf 87' lang='lat' dir='ltr'><strong>ﬁctile</strong></span> <span class='ocrx_word' id='word_1_162' title='bbox 1526 1354 1792 1392; x_wconf 83' lang='lat' dir='ltr'><strong>assumens</strong></span> <span class='ocrx_word' id='word_1_163' title='bbox 1820 1354 2007 1407; x_wconf 90' lang='lat' dir='ltr'><strong>corpus</strong></span> <span class='ocrx_word' id='word_1_164' title='bbox 2035 1338 2334 1400; x_wconf 87' lang='lat' dir='ltr'><strong>humanum,</strong></span> <span class='ocrx_word' id='word_1_165' title='bbox 2362 1338 2483 1391; x_wconf 86' lang='lat' dir='ltr'><strong>vitia</strong></span> <span class='ocrx_word' id='word_1_166' title='bbox 2513 1339 2718 1391; x_wconf 82' lang='lat' dir='ltr'><strong>sanavit</strong></span> <span class='ocrx_word' id='word_1_167' title='bbox 2737 1354 3005 1406; x_wconf 85' lang='lat' dir='ltr'><strong>aquarum,</strong></span> <span class='ocrx_word' id='word_1_168' title='bbox 3039 1337 3133 1391; x_wconf 89' lang='lat' dir='ltr'><strong>hoc</strong></span> <span class='ocrx_word' id='word_1_169' title='bbox 3158 1346 3233 1390; x_wconf 87' lang='lat' dir='ltr'><strong>est</strong></span> <span class='ocrx_word' id='word_1_170' title='bbox 3256 1339 3501 1390; x_wconf 87' lang='lat' dir='ltr'><strong>resecavit</strong></span> <span class='ocrx_word' id='word_1_171' title='bbox 3527 1338 3807 1409; x_wconf 79' lang='lat' dir='ltr'><strong>sacrilegia</strong></span> 
     </span>
    </p>
   </div>
   <div class='ocr_carea' id='block_1_14' title="bbox 521 1425 3800 1498">
    <p class='ocr_par' dir='ltr' id='par_1_14' title="bbox 521 1425 3800 1498">
     <span class='ocr_line' id='line_1_14' title="bbox 521 1425 3800 1498; baseline 0.001 -18"><span class='ocrx_word' id='word_1_172' title='bbox 521 1430 844 1498; x_wconf 84' lang='lat' dir='ltr'><strong>papulorum.</strong></span> <span class='ocrx_word' id='word_1_173' title='bbox 889 1428 1081 1483; x_wconf 88' lang='lat' dir='ltr'><strong>Statim</strong></span> <span class='ocrx_word' id='word_1_174' title='bbox 1120 1427 1358 1480; x_wconf 85' lang='lat' dir='ltr'><strong>Ecclesia</strong></span> <span class='ocrx_word' id='word_1_175' title='bbox 1378 1466 1392 1490; x_wconf 98' lang='lat'><strong>,</strong></span> <span class='ocrx_word' id='word_1_176' title='bbox 1418 1443 1532 1497; x_wconf 72' lang='lat' dir='ltr'><strong>qua:</strong></span> <span class='ocrx_word' id='word_1_177' title='bbox 1577 1436 1690 1480; x_wconf 91' lang='lat' dir='ltr'><strong>erat</strong></span> <span class='ocrx_word' id='word_1_178' title='bbox 1733 1427 1959 1491; x_wconf 87' lang='lat' dir='ltr'><strong>sterilis,</strong></span> <span class='ocrx_word' id='word_1_179' title='bbox 1989 1427 2140 1498; x_wconf 71' lang='lat' dir='ltr'><strong>coepit</strong></span> <span class='ocrx_word' id='word_1_180' title='bbox 2167 1444 2280 1481; x_wconf 86' lang='lat' dir='ltr'><strong>esse</strong></span> <span class='ocrx_word' id='word_1_181' title='bbox 2301 1427 2542 1498; x_wconf 79' lang='lat' dir='ltr'><strong>fecunda.</strong></span> <span class='ocrx_word' id='word_1_182' title='bbox 2587 1425 3098 1496; x_wconf 80' lang='lat' dir='ltr'><strong>UndeetApostolus</strong></span> <span class='ocrx_word' id='word_1_183' title='bbox 3128 1427 3294 1479; x_wconf 90' lang='lat' dir='ltr'><strong>dicit:</strong></span> <span class='ocrx_word' id='word_1_184' title='bbox 3327 1425 3553 1490; x_wconf 75' lang='lat' dir='ltr'><strong>Laetare,</strong></span> <span class='ocrx_word' id='word_1_185' title='bbox 3584 1429 3800 1484; x_wconf 85' lang='lat' dir='ltr'><strong>sterilis.</strong></span> 
     </span>
    </p>
   </div>
   <div class='ocr_carea' id='block_1_15' title="bbox 522 1513 3802 1589">
    <p class='ocr_par' dir='ltr' id='par_1_15' title="bbox 522 1513 3802 1589">
     <span class='ocr_line' id='line_1_15' title="bbox 522 1513 3802 1589; baseline 0.001 -18"><span class='ocrx_word' id='word_1_186' title='bbox 522 1518 708 1574; x_wconf 84' lang='lat' dir='ltr'><strong>Plures</strong></span> <span class='ocrx_word' id='word_1_187' title='bbox 733 1521 869 1573; x_wconf 89' lang='lat' dir='ltr'><strong>enim</strong></span> <span class='ocrx_word' id='word_1_188' title='bbox 890 1520 1029 1589; x_wconf 88' lang='lat' dir='ltr'><strong>ﬁlios</strong></span> <span class='ocrx_word' id='word_1_189' title='bbox 1057 1536 1123 1572; x_wconf 71' lang='lat' dir='ltr'><strong>ex</strong></span> <span class='ocrx_word' id='word_1_190' title='bbox 1141 1534 1199 1572; x_wconf 89' lang='lat' dir='ltr'><strong>eo</strong></span> <span class='ocrx_word' id='word_1_191' title='bbox 1221 1517 1478 1583; x_wconf 82' lang='lat' dir='ltr'><strong>Ecclesia,</strong></span> <span class='ocrx_word' id='word_1_192' title='bbox 1503 1534 1616 1588; x_wconf 77' lang='lat' dir='ltr'><strong>qua:</strong></span> <span class='ocrx_word' id='word_1_193' title='bbox 1643 1525 1756 1571; x_wconf 88' lang='lat' dir='ltr'><strong>erat</strong></span> <span class='ocrx_word' id='word_1_194' title='bbox 1783 1518 1976 1572; x_wconf 85' lang='lat' dir='ltr'><strong>sterilis</strong></span> <span class='ocrx_word' id='word_1_195' title='bbox 2005 1518 2311 1589; x_wconf 84' lang='lat' dir='ltr'><strong>procreavit,</strong></span> <span class='ocrx_word' id='word_1_196' title='bbox 2341 1533 2495 1589; x_wconf 85' lang='lat' dir='ltr'><strong>quam</strong></span> <span class='ocrx_word' id='word_1_197' title='bbox 2522 1515 2932 1588; x_wconf 63' lang='lat' dir='ltr'><strong>Synugogala),</strong></span> <span class='ocrx_word' id='word_1_198' title='bbox 2965 1533 3078 1588; x_wconf 75' lang='lat' dir='ltr'><strong>qua:</strong></span> <span class='ocrx_word' id='word_1_199' title='bbox 3108 1518 3249 1587; x_wconf 87' lang='lat' dir='ltr'><strong>(cum</strong></span> <span class='ocrx_word' id='word_1_200' title='bbox 3281 1513 3577 1572; x_wconf 68' lang='lat' dir='ltr'><strong>Palwstitue</strong></span> <span class='ocrx_word' id='word_1_201' title='bbox 3606 1516 3802 1575; x_wconf 89' lang='lat' dir='ltr'><strong>ﬁnibus</strong></span> 
     </span>
    </p>
   </div>
   <div class='ocr_carea' id='block_1_16' title="bbox 518 1607 3801 1680">
    <p class='ocr_par' dir='ltr' id='par_1_16' title="bbox 518 1607 3801 1680">
     <span class='ocr_line' id='line_1_16' title="bbox 518 1607 3801 1680; baseline 0.001 -16"><span class='ocrx_word' id='word_1_202' title='bbox 518 1608 907 1678; x_wconf 85' lang='lat' dir='ltr'><strong>contineretur)</strong></span> <span class='ocrx_word' id='word_1_203' title='bbox 939 1617 1050 1662; x_wconf 88' lang='lat' dir='ltr'><strong>erat</strong></span> <span class='ocrx_word' id='word_1_204' title='bbox 1072 1608 1312 1680; x_wconf 84' lang='lat' dir='ltr'><strong>fecunda,</strong></span> <span class='ocrx_word' id='word_1_205' title='bbox 1334 1610 1631 1678; x_wconf 87' lang='lat' dir='ltr'><strong>susceperit.</strong></span> <span class='ocrx_word' id='word_1_206' title='bbox 1686 1607 1824 1664; x_wconf 86' lang='lat' dir='ltr'><strong>Sunt</strong></span> <span class='ocrx_word' id='word_1_207' title='bbox 1852 1610 1968 1664; x_wconf 63' lang='lat' dir='ltr'><strong>haec</strong></span> <span class='ocrx_word' id='word_1_208' title='bbox 1995 1609 2156 1678; x_wconf 88' lang='lat' dir='ltr'><strong>plane</strong></span> <span class='ocrx_word' id='word_1_209' title='bbox 2195 1610 2558 1664; x_wconf 73' lang='lat' dir='ltr'><strong>consentanea</strong></span> <span class='ocrx_word' id='word_1_210' title='bbox 2590 1607 2655 1662; x_wconf 89' lang='lat' dir='ltr'><strong>iis</strong></span> <span class='ocrx_word' id='word_1_211' title='bbox 2683 1622 2802 1677; x_wconf 72' lang='lat' dir='ltr'><strong>qua:</strong></span> <span class='ocrx_word' id='word_1_212' title='bbox 2831 1608 2898 1663; x_wconf 91' lang='lat' dir='ltr'><strong>ab</strong></span> <span class='ocrx_word' id='word_1_213' title='bbox 2923 1608 3133 1663; x_wconf 69' lang='lat' dir='ltr'><strong>caneris</strong></span> <span class='ocrx_word' id='word_1_214' title='bbox 3163 1607 3412 1665; x_wconf 88' lang='lat' dir='ltr'><strong>Patribus</strong></span> <span class='ocrx_word' id='word_1_215' title='bbox 3439 1612 3801 1667; x_wconf 86' lang='lat' dir='ltr'><strong>monumentis</strong></span> 
     </span>
    </p>
   </div>
   <div class='ocr_carea' id='block_1_17' title="bbox 521 1698 3793 1773">
    <p class='ocr_par' dir='ltr' id='par_1_17' title="bbox 521 1698 3793 1773">
     <span class='ocr_line' id='line_1_17' title="bbox 521 1698 3793 1773; baseline 0.002 -21"><span class='ocrx_word' id='word_1_216' title='bbox 521 1700 670 1755; x_wconf 80' lang='lat' dir='ltr'><strong>l‘uere</strong></span> <span class='ocrx_word' id='word_1_217' title='bbox 701 1699 890 1754; x_wconf 89' lang='lat' dir='ltr'><strong>tradita</strong></span> <span class='ocrx_word' id='word_1_218' title='bbox 922 1700 1242 1753; x_wconf 88' lang='lat' dir='ltr'><strong>litterarum.</strong></span> <span class='ocrx_word' id='word_1_219' title='bbox 1283 1698 1760 1768; x_wconf 86' lang='lat' dir='ltr'><strong>Imprimis-autem</strong></span> <span class='ocrx_word' id='word_1_220' title='bbox 1791 1715 1822 1753; x_wconf 90' lang='lat' dir='ltr'><strong>a</strong></span> <span class='ocrx_word' id='word_1_221' title='bbox 1851 1698 2052 1771; x_wconf 86' lang='lat' dir='ltr'><strong>Cyrillo</strong></span> <span class='ocrx_word' id='word_1_222' title='bbox 2081 1698 2573 1771; x_wconf 85' lang='lat' dir='ltr'><strong>llierosolymitano</strong></span> <span class='ocrx_word' id='word_1_223' title='bbox 2600 1700 2867 1756; x_wconf 86' lang='lat' dir='ltr'><strong>catecbesi</strong></span> <span class='ocrx_word' id='word_1_224' title='bbox 2899 1700 2984 1767; x_wconf 88' lang='lat' dir='ltr'><strong>l8,</strong></span> <span class='ocrx_word' id='word_1_225' title='bbox 3018 1715 3162 1754; x_wconf 90' lang='lat' dir='ltr'><strong>num.</strong></span> <span class='ocrx_word' id='word_1_226' title='bbox 3199 1700 3268 1754; x_wconf 91' lang='lat'><strong>26</strong></span> <span class='ocrx_word' id='word_1_227' title='bbox 3295 1715 3469 1771; x_wconf 87' lang='lat' dir='ltr'><strong>seqq.,</strong></span> <span class='ocrx_word' id='word_1_228' title='bbox 3501 1717 3623 1772; x_wconf 74' lang='lat' dir='ltr'><strong>pag.</strong></span> <span class='ocrx_word' id='word_1_229' title='bbox 3656 1705 3793 1773; x_wconf 85' lang='lat'><strong>298;</strong></span> 
     </span>
    </p>
   </div>
   <div class='ocr_carea' id='block_1_18' title="bbox 519 1788 3792 1862">
    <p class='ocr_par' dir='ltr' id='par_1_18' title="bbox 519 1788 3792 1862">
     <span class='ocr_line' id='line_1_18' title="bbox 519 1788 3792 1862; baseline 0.002 -18"><span class='ocrx_word' id='word_1_230' title='bbox 519 1791 588 1845; x_wconf 89' lang='lat' dir='ltr'><strong>a‘b</strong></span> <span class='ocrx_word' id='word_1_231' title='bbox 615 1788 822 1846; x_wconf 85' lang='lat' dir='ltr'><strong>Joanne</strong></span> <span class='ocrx_word' id='word_1_232' title='bbox 851 1790 1236 1862; x_wconf 88' lang='lat' dir='ltr'><strong>Chrysostomo</strong></span> <span class='ocrx_word' id='word_1_233' title='bbox 1265 1791 1318 1843; x_wconf 89' lang='lat' dir='ltr'><strong>in</strong></span> <span class='ocrx_word' id='word_1_234' title='bbox 1365 1790 1526 1845; x_wconf 77' lang='lat' dir='ltr'><strong>Isaia:</strong></span> <span class='ocrx_word' id='word_1_235' title='bbox 1559 1807 1674 1861; x_wconf 86' lang='lat' dir='ltr'><strong>cap.</strong></span> <span class='ocrx_word' id='word_1_236' title='bbox 1719 1807 1775 1852; x_wconf 76' lang='grc' dir='ltr'><strong>ιι,</strong></span> <span class='ocrx_word' id='word_1_237' title='bbox 1809 1806 1954 1844; x_wconf 88' lang='lat' dir='ltr'><strong>num.</strong></span> <span class='ocrx_word' id='word_1_238' title='bbox 1989 1791 2040 1856; x_wconf 77' lang='grc'>5,</span> <span class='ocrx_word' id='word_1_239' title='bbox 2073 1805 2195 1861; x_wconf 83' lang='lat' dir='ltr'><strong>pag.</strong></span> <span class='ocrx_word' id='word_1_240' title='bbox 2228 1790 2290 1844; x_wconf 81' lang='lat' dir='ltr'><strong>2i</strong></span> <span class='ocrx_word' id='word_1_241' title='bbox 2325 1805 2441 1860; x_wconf 87' lang='lat' dir='ltr'><strong>seq.</strong></span> <span class='ocrx_word' id='word_1_242' title='bbox 2468 1829 2484 1856; x_wconf 90' lang='lat'><strong>,</strong></span> <span class='ocrx_word' id='word_1_243' title='bbox 2517 1799 2646 1845; x_wconf 92' lang='lat' dir='ltr'><strong>tom.</strong></span> <span class='ocrx_word' id='word_1_244' title='bbox 2680 1791 2752 1844; x_wconf 77' lang='lat' dir='ltr'><strong>Vl</strong></span> <span class='ocrx_word' id='word_1_245' title='bbox 2791 1799 2847 1845; x_wconf 91' lang='lat' dir='ltr'><strong>et</strong></span> <span class='ocrx_word' id='word_1_246' title='bbox 2883 1791 2937 1845; x_wconf 88' lang='lat' dir='ltr'><strong>in</strong></span> <span class='ocrx_word' id='word_1_247' title='bbox 2975 1807 3096 1862; x_wconf 85' lang='lat' dir='ltr'><strong>cap.</strong></span> <span class='ocrx_word' id='word_1_248' title='bbox 3136 1808 3189 1846; x_wconf 83' lang='grc' dir='ltr'><strong>ιν</strong></span> <span class='ocrx_word' id='word_1_249' title='bbox 3230 1789 3396 1861; x_wconf 85' lang='lat' dir='ltr'><strong>Epist.</strong></span> <span class='ocrx_word' id='word_1_250' title='bbox 3434 1793 3504 1846; x_wconf 88' lang='lat' dir='ltr'><strong>ad</strong></span> <span class='ocrx_word' id='word_1_251' title='bbox 3553 1792 3792 1861; x_wconf 85' lang='lat' dir='ltr'><strong>Galatas,</strong></span> 
     </span>
    </p>
   </div>
   <div class='ocr_carea' id='block_1_19' title="bbox 521 1881 3796 1959">
    <p class='ocr_par' dir='ltr' id='par_1_19' title="bbox 521 1881 3796 1959">
     <span class='ocr_line' id='line_1_19' title="bbox 521 1881 3796 1959; baseline 0.001 -19"><span class='ocrx_word' id='word_1_252' title='bbox 521 1899 666 1940; x_wconf 88' lang='lat' dir='ltr'><strong>num.</strong></span> <span class='ocrx_word' id='word_1_253' title='bbox 701 1884 754 1950; x_wconf 73' lang='grc' dir='ltr'><strong>ιι,</strong></span> <span class='ocrx_word' id='word_1_254' title='bbox 789 1893 917 1939; x_wconf 83' lang='grc' dir='ltr'><strong>ιοιιι.</strong></span> <span class='ocrx_word' id='word_1_255' title='bbox 952 1884 1000 1939; x_wconf 78' lang='grc' dir='ltr'>Χ</span> <span class='ocrx_word' id='word_1_256' title='bbox 1028 1899 1149 1956; x_wconf 82' lang='lat' dir='ltr'><strong>pag.</strong></span> <span class='ocrx_word' id='word_1_257' title='bbox 1185 1883 1452 1952; x_wconf 52' lang='lat' dir='ltr'><strong>710&#39;seq.,</strong></span> <span class='ocrx_word' id='word_1_258' title='bbox 1487 1883 1577 1936; x_wconf 91' lang='lat' dir='ltr'><strong>ubi</strong></span> <span class='ocrx_word' id='word_1_259' title='bbox 1617 1883 1672 1938; x_wconf 92' lang='lat' dir='ltr'><strong>S.</strong></span> <span class='ocrx_word' id='word_1_260' title='bbox 1707 1882 1932 1938; x_wconf 86' lang='lat' dir='ltr'><strong>doctor:</strong></span> <span class='ocrx_word' id='word_1_261' title='bbox 1970 1881 2117 1950; x_wconf 70' lang='lat' dir='ltr'><strong>Qum,</strong></span> <span class='ocrx_word' id='word_1_262' title='bbox 2162 1883 2352 1952; x_wconf 83' lang='lat' dir='ltr'><strong>inquit,</strong></span> <span class='ocrx_word' id='word_1_263' title='bbox 2394 1883 2613 1937; x_wconf 90' lang='lat' dir='ltr'><strong>antehac</strong></span> <span class='ocrx_word' id='word_1_264' title='bbox 2653 1885 2863 1950; x_wconf 73' lang='lat' dir='ltr'><strong>sterilis,</strong></span> <span class='ocrx_word' id='word_1_265' title='bbox 2908 1892 2958 1937; x_wconf 90' lang='lat' dir='ltr'><strong>et</strong></span> <span class='ocrx_word' id='word_1_266' title='bbox 2985 1900 3099 1955; x_wconf 70' lang='lat' dir='ltr'><strong>qua:</strong></span> <span class='ocrx_word' id='word_1_267' title='bbox 3144 1885 3384 1941; x_wconf 81' lang='lat' dir='ltr'><strong>deserta?</strong></span> <span class='ocrx_word' id='word_1_268' title='bbox 3429 1887 3511 1942; x_wconf 82' lang='lat' dir='ltr'><strong>An</strong></span> <span class='ocrx_word' id='word_1_269' title='bbox 3535 1905 3638 1944; x_wconf 89' lang='lat' dir='ltr'><strong>non</strong></span> <span class='ocrx_word' id='word_1_270' title='bbox 3677 1905 3796 1959; x_wconf 82' lang='lat' dir='ltr'><strong>per-</strong></span> 
     </span>
    </p>
   </div>
   <div class='ocr_carea' id='block_1_20' title="bbox 518 1973 3796 2053">
    <p class='ocr_par' dir='ltr' id='par_1_20' title="bbox 518 1973 3796 2053">
     <span class='ocr_line' id='line_1_20' title="bbox 518 1973 3796 2053; baseline 0.002 -22"><span class='ocrx_word' id='word_1_271' title='bbox 518 1982 746 2048; x_wconf 81' lang='lat' dir='ltr'><strong>spicuum</strong></span> <span class='ocrx_word' id='word_1_272' title='bbox 768 1978 891 2050; x_wconf 74' lang='grc' dir='ltr'><strong>[ενι]</strong></span> <span class='ocrx_word' id='word_1_273' title='bbox 915 1989 991 2032; x_wconf 89' lang='lat' dir='ltr'><strong>est</strong></span> <span class='ocrx_word' id='word_1_274' title='bbox 1013 1979 1148 2032; x_wconf 87' lang='lat' dir='ltr'><strong>hanc</strong></span> <span class='ocrx_word' id='word_1_275' title='bbox 1171 1995 1282 2032; x_wconf 90' lang='lat' dir='ltr'><strong>esse</strong></span> <span class='ocrx_word' id='word_1_276' title='bbox 1302 1977 1590 2030; x_wconf 87' lang='lat' dir='ltr'><strong>Ecclesium</strong></span> <span class='ocrx_word' id='word_1_277' title='bbox 1614 1993 1679 2031; x_wconf 82' lang='lat' dir='ltr'><strong>ea:</strong></span> <span class='ocrx_word' id='word_1_278' title='bbox 1708 1978 1958 2048; x_wconf 85' lang='lat' dir='ltr'><strong>gentibus,</strong></span> <span class='ocrx_word' id='word_1_279' title='bbox 1976 1993 2090 2049; x_wconf 72' lang='lat' dir='ltr'><strong>qua:</strong></span> <span class='ocrx_word' id='word_1_280' title='bbox 2111 1976 2327 2030; x_wconf 86' lang='lat' dir='ltr'><strong>antehac</strong></span> <span class='ocrx_word' id='word_1_281' title='bbox 2355 1975 2454 2029; x_wconf 85' lang='lat' dir='ltr'><strong>Dei</strong></span> <span class='ocrx_word' id='word_1_282' title='bbox 2473 1977 2766 2047; x_wconf 84' lang='lat' dir='ltr'><strong>cognitione</strong></span> <span class='ocrx_word' id='word_1_283' title='bbox 2793 1976 2890 2046; x_wconf 78' lang='lat' dir='ltr'><strong>fuit</strong></span> <span class='ocrx_word' id='word_1_284' title='bbox 2908 1976 3146 2045; x_wconf 84' lang='lat' dir='ltr'><strong>privata?</strong></span> <span class='ocrx_word' id='word_1_285' title='bbox 3174 1973 3302 2040; x_wconf 70' lang='lat' dir='ltr'><strong>Quae</strong></span> <span class='ocrx_word' id='word_1_286' title='bbox 3320 1994 3437 2032; x_wconf 85' lang='lat' dir='ltr'><strong>vero</strong></span> <span class='ocrx_word' id='word_1_287' title='bbox 3465 1988 3542 2032; x_wconf 89' lang='lat' dir='ltr'><strong>est</strong></span> <span class='ocrx_word' id='word_1_288' title='bbox 3561 1981 3655 2034; x_wconf 86' lang='lat' dir='ltr'><strong>illa</strong></span> <span class='ocrx_word' id='word_1_289' title='bbox 3679 1997 3796 2053; x_wconf 69' lang='lat' dir='ltr'><strong>quae</strong></span> 
     </span>
    </p>
   </div>
   <div class='ocr_carea' id='block_1_21' title="bbox 523 2066 3792 2142">
    <p class='ocr_par' dir='ltr' id='par_1_21' title="bbox 523 2066 3792 2142">
     <span class='ocr_line' id='line_1_21' title="bbox 523 2066 3792 2142; baseline 0.001 -21"><span class='ocrx_word' id='word_1_290' title='bbox 523 2068 676 2122; x_wconf 81' lang='lat' dir='ltr'><strong>habet</strong></span> <span class='ocrx_word' id='word_1_291' title='bbox 697 2071 897 2124; x_wconf 81' lang='lat' dir='ltr'><strong>virum?</strong></span> <span class='ocrx_word' id='word_1_292' title='bbox 934 2069 1128 2124; x_wconf 87' lang='lat' dir='ltr'><strong>Nonne</strong></span> <span class='ocrx_word' id='word_1_293' title='bbox 1155 2070 1310 2142; x_wconf 87' lang='lat' dir='ltr'><strong>liquet</strong></span> <span class='ocrx_word' id='word_1_294' title='bbox 1349 2069 1484 2122; x_wconf 87' lang='lat' dir='ltr'><strong>hunc</strong></span> <span class='ocrx_word' id='word_1_295' title='bbox 1529 2085 1642 2122; x_wconf 87' lang='lat' dir='ltr'><strong>esse</strong></span> <span class='ocrx_word' id='word_1_296' title='bbox 1675 2068 2050 2138; x_wconf 86' lang='lat' dir='ltr'><strong>Synagogum?</strong></span> <span class='ocrx_word' id='word_1_297' title='bbox 2077 2069 2316 2122; x_wconf 81' lang='lat' dir='ltr'><strong>Attamen</strong></span> <span class='ocrx_word' id='word_1_298' title='bbox 2347 2067 2482 2120; x_wconf 86' lang='lat' dir='ltr'><strong>hanc</strong></span> <span class='ocrx_word' id='word_1_299' title='bbox 2528 2066 2909 2120; x_wconf 83' lang='lat' dir='ltr'><strong>multitudinem</strong></span> <span class='ocrx_word' id='word_1_300' title='bbox 2948 2066 3224 2120; x_wconf 82' lang='lat' dir='ltr'><strong>liberorum</strong></span> <span class='ocrx_word' id='word_1_301' title='bbox 3264 2069 3526 2138; x_wconf 86' lang='lat' dir='ltr'><strong>superavit</strong></span> <span class='ocrx_word' id='word_1_302' title='bbox 3569 2071 3792 2136; x_wconf 85' lang='lat' dir='ltr'><strong>sterilis;</strong></span> 
     </span>
    </p>
   </div>
   <div class='ocr_carea' id='block_1_22' title="bbox 519 2157 3793 2231">
    <p class='ocr_par' dir='ltr' id='par_1_22' title="bbox 519 2157 3793 2231">
     <span class='ocr_line' id='line_1_22' title="bbox 519 2157 3793 2231; baseline 0.002 -19"><span class='ocrx_word' id='word_1_303' title='bbox 519 2160 770 2231; x_wconf 85' lang='lat' dir='ltr'><strong>siquidem</strong></span> <span class='ocrx_word' id='word_1_304' title='bbox 792 2161 902 2215; x_wconf 80' lang='lat' dir='ltr'><strong>hcec</strong></span> <span class='ocrx_word' id='word_1_305' title='bbox 922 2177 1079 2214; x_wconf 89' lang='lat' dir='ltr'><strong>unum</strong></span> <span class='ocrx_word' id='word_1_306' title='bbox 1117 2161 1374 2214; x_wconf 77' lang='lat' dir='ltr'><strong>duntaxat</strong></span> <span class='ocrx_word' id='word_1_307' title='bbox 1413 2159 1630 2213; x_wconf 82' lang='lat' dir='ltr'><strong>habebat</strong></span> <span class='ocrx_word' id='word_1_308' title='bbox 1667 2170 1905 2230; x_wconf 82' lang='lat' dir='ltr'><strong>gentem:</strong></span> <span class='ocrx_word' id='word_1_309' title='bbox 1937 2161 2028 2212; x_wconf 89' lang='lat' dir='ltr'><strong>sed</strong></span> <span class='ocrx_word' id='word_1_310' title='bbox 2046 2157 2300 2215; x_wconf 76' lang='lat' dir='ltr'><strong>Ecclesia:</strong></span> <span class='ocrx_word' id='word_1_311' title='bbox 2328 2159 2426 2230; x_wconf 87' lang='lat' dir='ltr'><strong>ﬁlii</strong></span> <span class='ocrx_word' id='word_1_312' title='bbox 2451 2157 2727 2223; x_wconf 76' lang='lat' dir='ltr'><strong>Grceciam,</strong></span> <span class='ocrx_word' id='word_1_313' title='bbox 2761 2158 3088 2225; x_wconf 85' lang='lat' dir='ltr'><strong>Barbarium,</strong></span> <span class='ocrx_word' id='word_1_314' title='bbox 3113 2168 3324 2230; x_wconf 87' lang='lat' dir='ltr'><strong>terram,</strong></span> <span class='ocrx_word' id='word_1_315' title='bbox 3370 2177 3537 2226; x_wconf 84' lang='lat' dir='ltr'><strong>mare,</strong></span> <span class='ocrx_word' id='word_1_316' title='bbox 3581 2162 3793 2231; x_wconf 79' lang='lat' dir='ltr'><strong>denique</strong></span> 
     </span>
    </p>
   </div>
   <div class='ocr_carea' id='block_1_23' title="bbox 513 2249 1267 2322">
    <p class='ocr_par' dir='ltr' id='par_1_23' title="bbox 513 2249 1267 2322">
     <span class='ocr_line' id='line_1_23' title="bbox 513 2249 1267 2322; baseline -0.001 -18"><span class='ocrx_word' id='word_1_317' title='bbox 513 2249 688 2305; x_wconf 85' lang='lat' dir='ltr'><strong>orbem</strong></span> <span class='ocrx_word' id='word_1_318' title='bbox 715 2253 1005 2306; x_wconf 88' lang='lat' dir='ltr'><strong>universum</strong></span> <span class='ocrx_word' id='word_1_319' title='bbox 1037 2253 1267 2322; x_wconf 88' lang='lat' dir='ltr'><strong>implent.</strong></span> 
     </span>
    </p>
   </div>
   <div class='ocr_carea' id='block_1_24' title="bbox 584 2342 3790 2415">
    <p class='ocr_par' dir='ltr' id='par_1_24' title="bbox 584 2342 3790 2415">
     <span class='ocr_line' id='line_1_24' title="bbox 584 2342 3790 2415; baseline 0.001 -17"><span class='ocrx_word' id='word_1_320' title='bbox 584 2343 746 2399; x_wconf 85' lang='lat' dir='ltr'><strong>Credi</strong></span> <span class='ocrx_word' id='word_1_321' title='bbox 773 2362 936 2415; x_wconf 90' lang='lat' dir='ltr'><strong>porro</strong></span> <span class='ocrx_word' id='word_1_322' title='bbox 968 2345 1263 2400; x_wconf 78' lang='lat' dir='ltr'><strong>Ecclesium</strong></span> <span class='ocrx_word' id='word_1_323' title='bbox 1293 2352 1568 2414; x_wconf 84' lang='lat' dir='ltr'><strong>oportere,</strong></span> <span class='ocrx_word' id='word_1_324' title='bbox 1600 2343 1833 2396; x_wconf 77' lang='lat' dir='ltr'><strong>alﬁrmat</strong></span> <span class='ocrx_word' id='word_1_325' title='bbox 1861 2342 2142 2400; x_wconf 81' lang='lat' dir='ltr'><strong>Maximus.</strong></span> <span class='ocrx_word' id='word_1_326' title='bbox 2175 2344 2636 2412; x_wconf 85' lang='lat' dir='ltr'><strong>Quemadmodum</strong></span> <span class='ocrx_word' id='word_1_327' title='bbox 2667 2356 2848 2399; x_wconf 84' lang='lat' dir='ltr'><strong>autem</strong></span> <span class='ocrx_word' id='word_1_328' title='bbox 2877 2343 3144 2400; x_wconf 86' lang='lat' dir='ltr'><strong>credenda</strong></span> <span class='ocrx_word' id='word_1_329' title='bbox 3174 2344 3263 2410; x_wconf 86' lang='lat' dir='ltr'><strong>sit,</strong></span> <span class='ocrx_word' id='word_1_330' title='bbox 3295 2346 3527 2415; x_wconf 82' lang='lat' dir='ltr'><strong>explicat</strong></span> <span class='ocrx_word' id='word_1_331' title='bbox 3558 2352 3790 2403; x_wconf 85' lang='lat' dir='ltr'><strong>tractatu</strong></span> 
     </span>
    </p>
   </div>
   <div class='ocr_carea' id='block_1_25' title="bbox 510 2434 3789 2508">
    <p class='ocr_par' dir='ltr' id='par_1_25' title="bbox 510 2434 3789 2508">
     <span class='ocr_line' id='line_1_25' title="bbox 510 2434 3789 2508; baseline 0.001 -19"><span class='ocrx_word' id='word_1_332' title='bbox 510 2434 548 2488; x_wconf 86' lang='lat'><strong>2</strong></span> <span class='ocrx_word' id='word_1_333' title='bbox 575 2437 639 2490; x_wconf 88' lang='lat' dir='ltr'><strong>de</strong></span> <span class='ocrx_word' id='word_1_334' title='bbox 661 2437 942 2508; x_wconf 85' lang='lat' dir='ltr'><strong>Baptismo,</strong></span> <span class='ocrx_word' id='word_1_335' title='bbox 973 2450 1097 2506; x_wconf 82' lang='lat' dir='ltr'><strong>pag.</strong></span> <span class='ocrx_word' id='word_1_336' title='bbox 1135 2435 1254 2488; x_wconf 74' lang='lat' dir='ltr'><strong>7M.</strong></span> <span class='ocrx_word' id='word_1_337' title='bbox 1292 2434 1442 2498; x_wconf 80' lang='lat' dir='ltr'><strong>Quod</strong></span> <span class='ocrx_word' id='word_1_338' title='bbox 1461 2435 1906 2504; x_wconf 87' lang='lat' dir='ltr'><strong>interrogavimus,</strong></span> <span class='ocrx_word' id='word_1_339' title='bbox 1931 2435 2125 2504; x_wconf 89' lang='lat' dir='ltr'><strong>inquit,</strong></span> <span class='ocrx_word' id='word_1_340' title='bbox 2150 2437 2318 2490; x_wconf 83' lang='lat' dir='ltr'><strong>credis</strong></span> <span class='ocrx_word' id='word_1_341' title='bbox 2337 2439 2391 2490; x_wconf 90' lang='lat' dir='ltr'><strong>in</strong></span> <span class='ocrx_word' id='word_1_342' title='bbox 2412 2446 2646 2490; x_wconf 89' lang='lat' dir='ltr'><strong>sanctam</strong></span> <span class='ocrx_word' id='word_1_343' title='bbox 2675 2434 2963 2489; x_wconf 80' lang='lat' dir='ltr'><strong>Ecclesium</strong></span> <span class='ocrx_word' id='word_1_344' title='bbox 2985 2445 3039 2489; x_wconf 89' lang='lat' dir='ltr'><strong>et.</strong></span> <span class='ocrx_word' id='word_1_345' title='bbox 3058 2437 3413 2493; x_wconf 85' lang='lat' dir='ltr'><strong>remissionem</strong></span> <span class='ocrx_word' id='word_1_346' title='bbox 3439 2445 3789 2508; x_wconf 87' lang='lat' dir='ltr'><strong>peccatorum,</strong></span> 
     </span>
    </p>
   </div>
   <div class='ocr_carea' id='block_1_26' title="bbox 514 2525 3788 2602">
    <p class='ocr_par' dir='ltr' id='par_1_26' title="bbox 514 2525 3788 2602">
     <span class='ocr_line' id='line_1_26' title="bbox 514 2525 3788 2602; baseline 0.002 -22"><span class='ocrx_word' id='word_1_347' title='bbox 514 2545 616 2582; x_wconf 89' lang='lat' dir='ltr'><strong>non</strong></span> <span class='ocrx_word' id='word_1_348' title='bbox 639 2544 699 2582; x_wconf 91' lang='lat' dir='ltr'><strong>eo</strong></span> <span class='ocrx_word' id='word_1_349' title='bbox 720 2528 872 2582; x_wconf 90' lang='lat' dir='ltr'><strong>modo</strong></span> <span class='ocrx_word' id='word_1_350' title='bbox 894 2528 1340 2598; x_wconf 88' lang='lat' dir='ltr'><strong>interrogavimus,</strong></span> <span class='ocrx_word' id='word_1_351' title='bbox 1379 2536 1435 2579; x_wconf 90' lang='lat' dir='ltr'><strong>ut</strong></span> <span class='ocrx_word' id='word_1_352' title='bbox 1462 2525 1714 2599; x_wconf 89' lang='lat' dir='ltr'><strong>quomodo</strong></span> <span class='ocrx_word' id='word_1_353' title='bbox 1743 2528 1796 2579; x_wconf 89' lang='lat' dir='ltr'><strong>in</strong></span> <span class='ocrx_word' id='word_1_354' title='bbox 1826 2525 1992 2579; x_wconf 89' lang='lat' dir='ltr'><strong>Deum</strong></span> <span class='ocrx_word' id='word_1_355' title='bbox 2012 2527 2259 2592; x_wconf 86' lang='lat' dir='ltr'><strong>creditur,</strong></span> <span class='ocrx_word' id='word_1_356' title='bbox 2305 2529 2381 2581; x_wconf 93' lang='lat' dir='ltr'><strong>sic</strong></span> <span class='ocrx_word' id='word_1_357' title='bbox 2410 2543 2461 2581; x_wconf 77' lang='lat' dir='ltr'><strong>IN</strong></span> <span class='ocrx_word' id='word_1_358' title='bbox 2489 2527 2791 2582; x_wconf 66' lang='lat' dir='ltr'><strong>Eccuzsrsu</strong></span> <span class='ocrx_word' id='word_1_359' title='bbox 2821 2543 3061 2582; x_wconf 63' lang='lat' dir='ltr'><strong>sane!“</strong></span> <span class='ocrx_word' id='word_1_360' title='bbox 3091 2543 3445 2584; x_wconf 71' lang='lat' dir='ltr'><strong>cnuoucsx.</strong></span> <span class='ocrx_word' id='word_1_361' title='bbox 3503 2529 3788 2602; x_wconf 81' lang='lat' dir='ltr'><strong>Propterea</strong></span> 
     </span>
    </p>
   </div>
   <div class='ocr_carea' id='block_1_27' title="bbox 510 2613 3785 2690">
    <p class='ocr_par' dir='ltr' id='par_1_27' title="bbox 510 2613 3785 2690">
     <span class='ocr_line' id='line_1_27' title="bbox 510 2613 3785 2690; baseline 0.002 -20"><span class='ocrx_word' id='word_1_362' title='bbox 510 2627 692 2671; x_wconf 88' lang='lat' dir='ltr'><strong>sancta</strong></span> <span class='ocrx_word' id='word_1_363' title='bbox 720 2626 770 2671; x_wconf 91' lang='lat' dir='ltr'><strong>et</strong></span> <span class='ocrx_word' id='word_1_364' title='bbox 789 2617 1041 2671; x_wconf 89' lang='lat' dir='ltr'><strong>catholica</strong></span> <span class='ocrx_word' id='word_1_365' title='bbox 1060 2627 1156 2682; x_wconf 89' lang='lat' dir='ltr'><strong>est,</strong></span> <span class='ocrx_word' id='word_1_366' title='bbox 1182 2617 1301 2690; x_wconf 87' lang='lat' dir='ltr'><strong>quia</strong></span> <span class='ocrx_word' id='word_1_367' title='bbox 1323 2624 1458 2669; x_wconf 89' lang='lat' dir='ltr'><strong>recte</strong></span> <span class='ocrx_word' id='word_1_368' title='bbox 1478 2614 1640 2669; x_wconf 87' lang='lat' dir='ltr'><strong>credit</strong></span> <span class='ocrx_word' id='word_1_369' title='bbox 1667 2617 1721 2669; x_wconf 92' lang='lat' dir='ltr'><strong>in</strong></span> <span class='ocrx_word' id='word_1_370' title='bbox 1749 2613 1932 2669; x_wconf 85' lang='lat' dir='ltr'><strong>Deum.</strong></span> <span class='ocrx_word' id='word_1_371' title='bbox 1963 2613 2084 2670; x_wconf 89' lang='lat' dir='ltr'><strong>Non</strong></span> <span class='ocrx_word' id='word_1_372' title='bbox 2115 2632 2237 2687; x_wconf 88' lang='lat' dir='ltr'><strong>ergo</strong></span> <span class='ocrx_word' id='word_1_373' title='bbox 2259 2615 2501 2682; x_wconf 70' lang='lat' dir='ltr'><strong>diximus,</strong></span> <span class='ocrx_word' id='word_1_374' title='bbox 2531 2619 2665 2670; x_wconf 89' lang='lat' dir='ltr'><strong>utin</strong></span> <span class='ocrx_word' id='word_1_375' title='bbox 2693 2615 3002 2683; x_wconf 88' lang='lat' dir='ltr'><strong>Ecclesium,</strong></span> <span class='ocrx_word' id='word_1_376' title='bbox 3033 2620 3180 2689; x_wconf 84' lang='lat' dir='ltr'><strong>quasi</strong></span> <span class='ocrx_word' id='word_1_377' title='bbox 3208 2621 3261 2673; x_wconf 90' lang='lat' dir='ltr'><strong>in</strong></span> <span class='ocrx_word' id='word_1_378' title='bbox 3286 2619 3451 2674; x_wconf 89' lang='lat' dir='ltr'><strong>Deum</strong></span> <span class='ocrx_word' id='word_1_379' title='bbox 3479 2621 3785 2686; x_wconf 86' lang='lat' dir='ltr'><strong>crederetis;</strong></span> 
     </span>
    </p>
   </div>
   <div class='ocr_carea' id='block_1_28' title="bbox 509 2704 3786 2784">
    <p class='ocr_par' dir='ltr' id='par_1_28' title="bbox 509 2704 3786 2784">
     <span class='ocr_line' id='line_1_28' title="bbox 509 2704 3786 2784; baseline 0.002 -22"><span class='ocrx_word' id='word_1_380' title='bbox 509 2706 603 2762; x_wconf 84' lang='lat' dir='ltr'><strong>sed</strong></span> <span class='ocrx_word' id='word_1_381' title='bbox 629 2709 901 2780; x_wconf 85' lang='lat' dir='ltr'><strong>intelligite</strong></span> <span class='ocrx_word' id='word_1_382' title='bbox 925 2726 1018 2763; x_wconf 92' lang='lat' dir='ltr'><strong>nos</strong></span> <span class='ocrx_word' id='word_1_383' title='bbox 1043 2710 1231 2774; x_wconf 87' lang='lat' dir='ltr'><strong>dicere,</strong></span> <span class='ocrx_word' id='word_1_384' title='bbox 1263 2717 1311 2763; x_wconf 91' lang='lat' dir='ltr'><strong>et</strong></span> <span class='ocrx_word' id='word_1_385' title='bbox 1333 2709 1561 2763; x_wconf 77' lang='lat' dir='ltr'><strong>dixisse:</strong></span> <span class='ocrx_word' id='word_1_386' title='bbox 1593 2705 1661 2760; x_wconf 90' lang='lat' dir='ltr'><strong>Ut</strong></span> <span class='ocrx_word' id='word_1_387' title='bbox 1682 2707 1735 2760; x_wconf 91' lang='lat' dir='ltr'><strong>in</strong></span> <span class='ocrx_word' id='word_1_388' title='bbox 1757 2704 1994 2760; x_wconf 86' lang='lat' dir='ltr'><strong>Ecclesia</strong></span> <span class='ocrx_word' id='word_1_389' title='bbox 2016 2719 2200 2762; x_wconf 88' lang='lat' dir='ltr'><strong>sancta</strong></span> <span class='ocrx_word' id='word_1_390' title='bbox 2229 2717 2281 2761; x_wconf 86' lang='lat' dir='ltr'><strong>et</strong></span> <span class='ocrx_word' id='word_1_391' title='bbox 2317 2710 2573 2764; x_wconf 89' lang='lat' dir='ltr'><strong>catholica</strong></span> <span class='ocrx_word' id='word_1_392' title='bbox 2593 2721 2974 2780; x_wconf 79' lang='lat' dir='ltr'><strong>conversantes,</strong></span> <span class='ocrx_word' id='word_1_393' title='bbox 3003 2712 3077 2784; x_wconf 87' lang='lat' dir='ltr'><strong>(b)</strong></span> <span class='ocrx_word' id='word_1_394' title='bbox 3109 2713 3163 2766; x_wconf 92' lang='lat' dir='ltr'><strong>in</strong></span> <span class='ocrx_word' id='word_1_395' title='bbox 3189 2711 3353 2767; x_wconf 88' lang='lat' dir='ltr'><strong>Deum</strong></span> <span class='ocrx_word' id='word_1_396' title='bbox 3373 2714 3670 2769; x_wconf 88' lang='lat' dir='ltr'><strong>crederetis.</strong></span> <span class='ocrx_word' id='word_1_397' title='bbox 3715 2714 3786 2770; x_wconf 88' lang='lat' dir='ltr'><strong>Et</strong></span> 
     </span>
    </p>
   </div>
   <div class='ocr_carea' id='block_1_29' title="bbox 511 2799 3786 2878">
    <p class='ocr_par' dir='ltr' id='par_1_29' title="bbox 511 2799 3786 2878">
     <span class='ocr_line' id='line_1_29' title="bbox 511 2799 3786 2878; baseline 0.002 -23"><span class='ocrx_word' id='word_1_398' title='bbox 511 2802 731 2856; x_wconf 75' lang='lat' dir='ltr'><strong>homilia</strong></span> <span class='ocrx_word' id='word_1_399' title='bbox 761 2801 850 2867; x_wconf 82' lang='lat'><strong>83,</strong></span> <span class='ocrx_word' id='word_1_400' title='bbox 884 2816 1006 2872; x_wconf 76' lang='lat' dir='ltr'><strong>pag.</strong></span> <span class='ocrx_word' id='word_1_401' title='bbox 1038 2801 1181 2855; x_wconf 83' lang='lat'><strong>272:</strong></span> <span class='ocrx_word' id='word_1_402' title='bbox 1217 2801 1470 2857; x_wconf 90' lang='lat' dir='ltr'><strong>Sanctum</strong></span> <span class='ocrx_word' id='word_1_403' title='bbox 1499 2800 1811 2854; x_wconf 84' lang='lat' dir='ltr'><strong>Ecclesium.</strong></span> <span class='ocrx_word' id='word_1_404' title='bbox 1847 2799 1978 2854; x_wconf 82' lang='lat' dir='ltr'><strong>Vere</strong></span> <span class='ocrx_word' id='word_1_405' title='bbox 2015 2809 2197 2854; x_wconf 87' lang='lat' dir='ltr'><strong>sancta</strong></span> <span class='ocrx_word' id='word_1_406' title='bbox 2237 2809 2315 2856; x_wconf 90' lang='lat' dir='ltr'><strong>est</strong></span> <span class='ocrx_word' id='word_1_407' title='bbox 2356 2801 2596 2878; x_wconf 83' lang='lat' dir='ltr'><strong>Ecclesia</strong></span> <span class='ocrx_word' id='word_1_408' title='bbox 2636 2804 2951 2874; x_wconf 91' lang='lat' dir='ltr'><strong>conﬁtenda,</strong></span> <span class='ocrx_word' id='word_1_409' title='bbox 2984 2821 3077 2875; x_wconf 89' lang='lat' dir='ltr'><strong>per</strong></span> <span class='ocrx_word' id='word_1_410' title='bbox 3095 2821 3248 2876; x_wconf 87' lang='lat' dir='ltr'><strong>quam</strong></span> <span class='ocrx_word' id='word_1_411' title='bbox 3268 2813 3320 2858; x_wconf 88' lang='lat' dir='ltr'><strong>et</strong></span> <span class='ocrx_word' id='word_1_412' title='bbox 3337 2805 3678 2875; x_wconf 90' lang='lat' dir='ltr'><strong>sanctiﬁcatio</strong></span> <span class='ocrx_word' id='word_1_413' title='bbox 3706 2818 3786 2862; x_wconf 89' lang='lat' dir='ltr'><strong>est</strong></span> 
     </span>
    </p>
   </div>
   <div class='ocr_carea' id='block_1_30' title="bbox 509 2891 3781 2966">
    <p class='ocr_par' dir='ltr' id='par_1_30' title="bbox 509 2891 3781 2966">
     <span class='ocr_line' id='line_1_30' title="bbox 509 2891 3781 2966; baseline 0.003 -21"><span class='ocrx_word' id='word_1_414' title='bbox 509 2892 634 2945; x_wconf 91' lang='lat' dir='ltr'><strong>data</strong></span> <span class='ocrx_word' id='word_1_415' title='bbox 661 2891 984 2957; x_wconf 87' lang='lat' dir='ltr'><strong>mortalibus,</strong></span> <span class='ocrx_word' id='word_1_416' title='bbox 1016 2901 1066 2946; x_wconf 91' lang='lat' dir='ltr'><strong>et</strong></span> <span class='ocrx_word' id='word_1_417' title='bbox 1093 2902 1352 2946; x_wconf 87' lang='lat' dir='ltr'><strong>crescente</strong></span> <span class='ocrx_word' id='word_1_418' title='bbox 1371 2891 1688 2946; x_wconf 86' lang='lat' dir='ltr'><strong>credentium</strong></span> <span class='ocrx_word' id='word_1_419' title='bbox 1711 2907 1926 2945; x_wconf 88' lang='lat' dir='ltr'><strong>numero</strong></span> <span class='ocrx_word' id='word_1_420' title='bbox 1943 2933 1958 2957; x_wconf 93' lang='lat'><strong>,</strong></span> <span class='ocrx_word' id='word_1_421' title='bbox 1990 2893 2219 2947; x_wconf 89' lang='lat' dir='ltr'><strong>omnium</strong></span> <span class='ocrx_word' id='word_1_422' title='bbox 2243 2911 2375 2964; x_wconf 90' lang='lat' dir='ltr'><strong>pene</strong></span> <span class='ocrx_word' id='word_1_423' title='bbox 2401 2896 2590 2966; x_wconf 88' lang='lat' dir='ltr'><strong>linguis</strong></span> <span class='ocrx_word' id='word_1_424' title='bbox 2618 2897 2673 2948; x_wconf 90' lang='lat' dir='ltr'><strong>in</strong></span> <span class='ocrx_word' id='word_1_425' title='bbox 2699 2894 2797 2950; x_wconf 87' lang='lat' dir='ltr'><strong>Dei</strong></span> <span class='ocrx_word' id='word_1_426' title='bbox 2827 2896 3008 2951; x_wconf 85' lang='lat' dir='ltr'><strong>laudes</strong></span> <span class='ocrx_word' id='word_1_427' title='bbox 3033 2899 3264 2952; x_wconf 86' lang='lat' dir='ltr'><strong>sanctior</strong></span> <span class='ocrx_word' id='word_1_428' title='bbox 3289 2899 3509 2953; x_wconf 85' lang='lat' dir='ltr'><strong>mundus</strong></span> <span class='ocrx_word' id='word_1_429' title='bbox 3533 2901 3781 2956; x_wconf 74' lang='lat' dir='ltr'><strong>exsultat.</strong></span> 
     </span>
    </p>
   </div>
   <div class='ocr_carea' id='block_1_31' title="bbox 513 2983 3784 3058">
    <p class='ocr_par' dir='ltr' id='par_1_31' title="bbox 513 2983 3784 3058">
     <span class='ocr_line' id='line_1_31' title="bbox 513 2983 3784 3058; baseline 0.002 -18"><span class='ocrx_word' id='word_1_430' title='bbox 513 2983 716 3040; x_wconf 89' lang='lat' dir='ltr'><strong>Sancta</strong></span> <span class='ocrx_word' id='word_1_431' title='bbox 744 2994 821 3039; x_wconf 90' lang='lat' dir='ltr'><strong>est</strong></span> <span class='ocrx_word' id='word_1_432' title='bbox 847 2983 1105 3050; x_wconf 88' lang='lat' dir='ltr'><strong>Ecclesia,</strong></span> <span class='ocrx_word' id='word_1_433' title='bbox 1135 3000 1249 3057; x_wconf 76' lang='lat' dir='ltr'><strong>qua:</strong></span> <span class='ocrx_word' id='word_1_434' title='bbox 1273 2983 1516 3053; x_wconf 83' lang='lat' dir='ltr'><strong>baptismi</strong></span> <span class='ocrx_word' id='word_1_435' title='bbox 1540 2995 1864 3040; x_wconf 88' lang='lat' dir='ltr'><strong>sacramento</strong></span> <span class='ocrx_word' id='word_1_436' title='bbox 1909 2996 2235 3055; x_wconf 86' lang='lat' dir='ltr'><strong>peccatorum</strong></span> <span class='ocrx_word' id='word_1_437' title='bbox 2283 2989 2588 3058; x_wconf 86' lang='lat' dir='ltr'><strong>contagione</strong></span> <span class='ocrx_word' id='word_1_438' title='bbox 2629 2988 2848 3054; x_wconf 84' lang='lat' dir='ltr'><strong>detersa,</strong></span> <span class='ocrx_word' id='word_1_439' title='bbox 2885 2997 3139 3044; x_wconf 89' lang='lat' dir='ltr'><strong>terrarum</strong></span> <span class='ocrx_word' id='word_1_440' title='bbox 3161 2993 3362 3046; x_wconf 87' lang='lat' dir='ltr'><strong>incolas</strong></span> <span class='ocrx_word' id='word_1_441' title='bbox 3392 2995 3691 3048; x_wconf 89' lang='lat' dir='ltr'><strong>transmittit</strong></span> <span class='ocrx_word' id='word_1_442' title='bbox 3714 2994 3784 3049; x_wconf 90' lang='lat' dir='ltr'><strong>ad</strong></span> 
     </span>
    </p>
   </div>
   <div class='ocr_carea' id='block_1_32' title="bbox 509 3074 3781 3150">
    <p class='ocr_par' dir='ltr' id='par_1_32' title="bbox 509 3074 3781 3150">
     <span class='ocr_line' id='line_1_32' title="bbox 509 3074 3781 3150; baseline 0.002 -21"><span class='ocrx_word' id='word_1_443' title='bbox 509 3075 710 3131; x_wconf 72' lang='lat' dir='ltr'><strong>calum.</strong></span> <span class='ocrx_word' id='word_1_444' title='bbox 761 3074 841 3131; x_wconf 87' lang='lat' dir='ltr'><strong>En</strong></span> <span class='ocrx_word' id='word_1_445' title='bbox 872 3075 1033 3131; x_wconf 86' lang='lat' dir='ltr'><strong>modo</strong></span> <span class='ocrx_word' id='word_1_446' title='bbox 1065 3092 1172 3147; x_wconf 90' lang='lat' dir='ltr'><strong>quo</strong></span> <span class='ocrx_word' id='word_1_447' title='bbox 1201 3083 1444 3131; x_wconf 88' lang='lat' dir='ltr'><strong>sanctam</strong></span> <span class='ocrx_word' id='word_1_448' title='bbox 1473 3075 1754 3144; x_wconf 85' lang='lat' dir='ltr'><strong>intelligat,</strong></span> <span class='ocrx_word' id='word_1_449' title='bbox 1787 3083 1841 3131; x_wconf 89' lang='lat' dir='ltr'><strong>et</strong></span> <span class='ocrx_word' id='word_1_450' title='bbox 1869 3092 1978 3146; x_wconf 90' lang='lat' dir='ltr'><strong>quo</strong></span> <span class='ocrx_word' id='word_1_451' title='bbox 2009 3077 2330 3131; x_wconf 84' lang='lat' dir='ltr'><strong>catholicam</strong></span> <span class='ocrx_word' id='word_1_452' title='bbox 2360 3075 2625 3132; x_wconf 82' lang='lat' dir='ltr'><strong>Maximus</strong></span> <span class='ocrx_word' id='word_1_453' title='bbox 2651 3096 2664 3131; x_wconf 93' lang='lat'>:</span> <span class='ocrx_word' id='word_1_454' title='bbox 2698 3088 2952 3144; x_wconf 89' lang='lat' dir='ltr'><strong>sanctum,</strong></span> <span class='ocrx_word' id='word_1_455' title='bbox 2979 3081 3122 3150; x_wconf 88' lang='lat' dir='ltr'><strong>quod</strong></span> <span class='ocrx_word' id='word_1_456' title='bbox 3143 3090 3287 3135; x_wconf 86' lang='lat' dir='ltr'><strong>recte</strong></span> <span class='ocrx_word' id='word_1_457' title='bbox 3308 3082 3359 3136; x_wconf 91' lang='lat' dir='ltr'><strong>in</strong></span> <span class='ocrx_word' id='word_1_458' title='bbox 3389 3080 3557 3136; x_wconf 88' lang='lat' dir='ltr'><strong>Deum</strong></span> <span class='ocrx_word' id='word_1_459' title='bbox 3585 3084 3781 3150; x_wconf 85' lang='lat' dir='ltr'><strong>credat,</strong></span> 
     </span>
    </p>
   </div>
   <div class='ocr_carea' id='block_1_33' title="bbox 507 3168 3782 3241">
    <p class='ocr_par' dir='ltr' id='par_1_33' title="bbox 507 3168 3782 3241">
     <span class='ocr_line' id='line_1_33' title="bbox 507 3168 3782 3241; baseline 0.002 -17"><span class='ocrx_word' id='word_1_460' title='bbox 507 3169 652 3241; x_wconf 91' lang='lat' dir='ltr'><strong>quod</strong></span> <span class='ocrx_word' id='word_1_461' title='bbox 679 3170 1031 3226; x_wconf 89' lang='lat' dir='ltr'><strong>sanctiﬁcatio</strong></span> <span class='ocrx_word' id='word_1_462' title='bbox 1060 3169 1381 3225; x_wconf 86' lang='lat' dir='ltr'><strong>mortalibus</strong></span> <span class='ocrx_word' id='word_1_463' title='bbox 1410 3169 1536 3224; x_wconf 89' lang='lat' dir='ltr'><strong>data</strong></span> <span class='ocrx_word' id='word_1_464' title='bbox 1566 3183 1666 3238; x_wconf 91' lang='lat' dir='ltr'><strong>per</strong></span> <span class='ocrx_word' id='word_1_465' title='bbox 1693 3183 1812 3223; x_wconf 90' lang='lat' dir='ltr'><strong>eam</strong></span> <span class='ocrx_word' id='word_1_466' title='bbox 1841 3169 1929 3233; x_wconf 90' lang='lat' dir='ltr'><strong>sit,</strong></span> <span class='ocrx_word' id='word_1_467' title='bbox 1960 3168 2212 3238; x_wconf 88' lang='lat' dir='ltr'><strong>quodque</strong></span> <span class='ocrx_word' id='word_1_468' title='bbox 2243 3169 2510 3239; x_wconf 89' lang='lat' dir='ltr'><strong>baptismo</strong></span> <span class='ocrx_word' id='word_1_469' title='bbox 2538 3179 2884 3239; x_wconf 86' lang='lat' dir='ltr'><strong>peccatorum</strong></span> <span class='ocrx_word' id='word_1_470' title='bbox 2914 3172 3234 3240; x_wconf 77' lang='lat' dir='ltr'><strong>contagione</strong></span> <span class='ocrx_word' id='word_1_471' title='bbox 3254 3173 3487 3239; x_wconf 85' lang='lat' dir='ltr'><strong>detersa,</strong></span> <span class='ocrx_word' id='word_1_472' title='bbox 3523 3186 3782 3232; x_wconf 87' lang='lat' dir='ltr'><strong>terrarum</strong></span> 
     </span>
    </p>
   </div>
   <div class='ocr_carea' id='block_1_34' title="bbox 509 3259 3785 3334">
    <p class='ocr_par' dir='ltr' id='par_1_34' title="bbox 509 3259 3785 3334">
     <span class='ocr_line' id='line_1_34' title="bbox 509 3259 3785 3334; baseline 0.002 -17"><span class='ocrx_word' id='word_1_473' title='bbox 509 3263 712 3319; x_wconf 88' lang='lat' dir='ltr'><strong>incolas</strong></span> <span class='ocrx_word' id='word_1_474' title='bbox 742 3264 1075 3323; x_wconf 86' lang='lat' dir='ltr'><strong>transmittat</strong></span> <span class='ocrx_word' id='word_1_475' title='bbox 1105 3262 1175 3316; x_wconf 86' lang='lat' dir='ltr'><strong>ad</strong></span> <span class='ocrx_word' id='word_1_476' title='bbox 1208 3263 1434 3327; x_wconf 65' lang='lat' dir='ltr'><strong>caelum;</strong></span> <span class='ocrx_word' id='word_1_477' title='bbox 1469 3260 1786 3315; x_wconf 83' lang='lat' dir='ltr'><strong>catholicam</strong></span> <span class='ocrx_word' id='word_1_478' title='bbox 1817 3268 2018 3324; x_wconf 89' lang='lat' dir='ltr'><strong>autem,</strong></span> <span class='ocrx_word' id='word_1_479' title='bbox 2067 3259 2211 3329; x_wconf 88' lang='lat' dir='ltr'><strong>quod</strong></span> <span class='ocrx_word' id='word_1_480' title='bbox 2255 3269 2547 3332; x_wconf 81' lang='lat' dir='ltr'><strong>propagata</strong></span> <span class='ocrx_word' id='word_1_481' title='bbox 2581 3261 2840 3318; x_wconf 82' lang='lat' dir='ltr'><strong>latissime</strong></span> <span class='ocrx_word' id='word_1_482' title='bbox 2868 3279 2966 3334; x_wconf 87' lang='lat' dir='ltr'><strong>per</strong></span> <span class='ocrx_word' id='word_1_483' title='bbox 2994 3264 3180 3318; x_wconf 85' lang='lat' dir='ltr'><strong>orbem</strong></span> <span class='ocrx_word' id='word_1_484' title='bbox 3212 3271 3474 3319; x_wconf 87' lang='lat' dir='ltr'><strong>terrarum</strong></span> <span class='ocrx_word' id='word_1_485' title='bbox 3506 3266 3579 3320; x_wconf 82' lang='lat' dir='ltr'><strong>ita</strong></span> <span class='ocrx_word' id='word_1_486' title='bbox 3607 3267 3695 3331; x_wconf 89' lang='lat' dir='ltr'><strong>sit,</strong></span> <span class='ocrx_word' id='word_1_487' title='bbox 3725 3275 3785 3323; x_wconf 90' lang='lat' dir='ltr'><strong>ut</strong></span> 
     </span>
    </p>
   </div>
   <div class='ocr_carea' id='block_1_35' title="bbox 465 3349 3781 3426">
    <p class='ocr_par' dir='ltr' id='par_1_35' title="bbox 465 3349 3781 3426">
     <span class='ocr_line' id='line_1_35' title="bbox 465 3349 3781 3426; baseline 0 -16"><span class='ocrx_word' id='word_1_488' title='bbox 465 3378 468 3380; x_wconf 50' lang='grc' dir='ltr'><strong>ν</strong></span> <span class='ocrx_word' id='word_1_489' title='bbox 505 3356 747 3410; x_wconf 88' lang='lat' dir='ltr'><strong>omnium</strong></span> <span class='ocrx_word' id='word_1_490' title='bbox 795 3369 934 3426; x_wconf 88' lang='lat' dir='ltr'><strong>pene</strong></span> <span class='ocrx_word' id='word_1_491' title='bbox 984 3354 1177 3421; x_wconf 81' lang='lat' dir='ltr'><strong>linguis</strong></span> <span class='ocrx_word' id='word_1_492' title='bbox 1221 3353 1274 3407; x_wconf 90' lang='lat' dir='ltr'><strong>in</strong></span> <span class='ocrx_word' id='word_1_493' title='bbox 1325 3352 1421 3406; x_wconf 86' lang='lat' dir='ltr'><strong>Dei</strong></span> <span class='ocrx_word' id='word_1_494' title='bbox 1471 3350 1659 3405; x_wconf 83' lang='lat' dir='ltr'><strong>laudes</strong></span> <span class='ocrx_word' id='word_1_495' title='bbox 1700 3351 1940 3404; x_wconf 73' lang='lat' dir='ltr'><strong>sanctiOr</strong></span> <span class='ocrx_word' id='word_1_496' title='bbox 1981 3349 2210 3405; x_wconf 88' lang='lat' dir='ltr'><strong>mundus</strong></span> <span class='ocrx_word' id='word_1_497' title='bbox 2257 3351 2508 3406; x_wconf 82' lang='lat' dir='ltr'><strong>exsultet.</strong></span> <span class='ocrx_word' id='word_1_498' title='bbox 2549 3351 2777 3408; x_wconf 82' lang='lat' dir='ltr'><strong>Homilia</strong></span> <span class='ocrx_word' id='word_1_499' title='bbox 2808 3367 3024 3422; x_wconf 88' lang='lat' dir='ltr'><strong>quoque</strong></span> <span class='ocrx_word' id='word_1_500' title='bbox 3053 3352 3104 3419; x_wconf 85' lang='lat'><strong>9,</strong></span> <span class='ocrx_word' id='word_1_501' title='bbox 3136 3367 3258 3423; x_wconf 81' lang='lat' dir='ltr'><strong>pag.</strong></span> <span class='ocrx_word' id='word_1_502' title='bbox 3292 3353 3396 3408; x_wconf 88' lang='lat'><strong>26:</strong></span> <span class='ocrx_word' id='word_1_503' title='bbox 3433 3353 3781 3422; x_wconf 84' lang='lat' dir='ltr'><strong>lneluctabili,</strong></span> 
     </span>
    </p>
   </div>
   <div class='ocr_carea' id='block_1_36' title="bbox 505 3441 3867 3516">
    <p class='ocr_par' dir='ltr' id='par_1_36' title="bbox 505 3441 3867 3516">
     <span class='ocr_line' id='line_1_36' title="bbox 505 3441 3867 3516; baseline 0.001 -18"><span class='ocrx_word' id='word_1_504' title='bbox 505 3445 697 3515; x_wconf 89' lang='lat' dir='ltr'><strong>inquit,</strong></span> <span class='ocrx_word' id='word_1_505' title='bbox 729 3447 833 3516; x_wconf 89' lang='lat' dir='ltr'><strong>ﬁde</strong></span> <span class='ocrx_word' id='word_1_506' title='bbox 852 3463 913 3499; x_wconf 92' lang='lat' dir='ltr'><strong>ac</strong></span> <span class='ocrx_word' id='word_1_507' title='bbox 945 3445 1210 3499; x_wconf 85' lang='lat' dir='ltr'><strong>devotione</strong></span> <span class='ocrx_word' id='word_1_508' title='bbox 1236 3445 1410 3508; x_wconf 87' lang='lat' dir='ltr'><strong>solita,</strong></span> <span class='ocrx_word' id='word_1_509' title='bbox 1442 3441 1724 3497; x_wconf 85' lang='lat' dir='ltr'><strong>sacerdotis</strong></span> <span class='ocrx_word' id='word_1_510' title='bbox 1755 3451 1828 3496; x_wconf 88' lang='lat' dir='ltr'><strong>tot</strong></span> <span class='ocrx_word' id='word_1_511' title='bbox 1847 3459 2048 3512; x_wconf 87' lang='lat' dir='ltr'><strong>semper</strong></span> <span class='ocrx_word' id='word_1_512' title='bbox 2075 3443 2283 3496; x_wconf 89' lang='lat' dir='ltr'><strong>monitis</strong></span> <span class='ocrx_word' id='word_1_513' title='bbox 2316 3442 2624 3497; x_wconf 77' lang='lat' dir='ltr'><strong>inlucrentes</strong></span> <span class='ocrx_word' id='word_1_514' title='bbox 2643 3484 2657 3509; x_wconf 96' lang='lat'><strong>,</strong></span> <span class='ocrx_word' id='word_1_515' title='bbox 2698 3461 2788 3515; x_wconf 91' lang='lat' dir='ltr'><strong>per</strong></span> <span class='ocrx_word' id='word_1_516' title='bbox 2817 3444 3044 3514; x_wconf 86' lang='lat' dir='ltr'><strong>religiosi</strong></span> <span class='ocrx_word' id='word_1_517' title='bbox 3084 3445 3283 3499; x_wconf 86' lang='lat' dir='ltr'><strong>itineris</strong></span> <span class='ocrx_word' id='word_1_518' title='bbox 3321 3445 3430 3499; x_wconf 90' lang='lat' dir='ltr'><strong>vias</strong></span> <span class='ocrx_word' id='word_1_519' title='bbox 3467 3462 3530 3499; x_wconf 87' lang='lat' dir='ltr'><strong>ac</strong></span> <span class='ocrx_word' id='word_1_520' title='bbox 3557 3448 3781 3500; x_wconf 85' lang='lat' dir='ltr'><strong>veritatis</strong></span> <span class='ocrx_word' id='word_1_521' title='bbox 3861 3487 3867 3493; x_wconf 84' lang='lat'><strong>.</strong></span> 
     </span>
    </p>
   </div>
   <div class='ocr_carea' id='block_1_37' title="bbox 502 3533 3780 3609">
    <p class='ocr_par' dir='ltr' id='par_1_37' title="bbox 502 3533 3780 3609">
     <span class='ocr_line' id='line_1_37' title="bbox 502 3533 3780 3609; baseline 0.001 -18"><span class='ocrx_word' id='word_1_522' title='bbox 502 3539 714 3592; x_wconf 90' lang='lat' dir='ltr'><strong>semitas</strong></span> <span class='ocrx_word' id='word_1_523' title='bbox 741 3577 756 3603; x_wconf 95' lang='lat'><strong>,</strong></span> <span class='ocrx_word' id='word_1_524' title='bbox 797 3555 925 3609; x_wconf 86' lang='lat' dir='ltr'><strong>quas</strong></span> <span class='ocrx_word' id='word_1_525' title='bbox 971 3538 1210 3605; x_wconf 85' lang='lat' dir='ltr'><strong>universa</strong></span> <span class='ocrx_word' id='word_1_526' title='bbox 1260 3545 1392 3597; x_wconf 82' lang='lat' dir='ltr'><strong>tenet</strong></span> <span class='ocrx_word' id='word_1_527' title='bbox 1435 3533 1676 3588; x_wconf 83' lang='lat' dir='ltr'><strong>Ecclesia</strong></span> <span class='ocrx_word' id='word_1_528' title='bbox 1719 3533 2038 3602; x_wconf 81' lang='lat' dir='ltr'><strong>gradientes,</strong></span> <span class='ocrx_word' id='word_1_529' title='bbox 2089 3536 2255 3602; x_wconf 83' lang='lat' dir='ltr'><strong>magis</strong></span> <span class='ocrx_word' id='word_1_530' title='bbox 2297 3536 2561 3604; x_wconf 86' lang='lat' dir='ltr'><strong>magisque</strong></span> <span class='ocrx_word' id='word_1_531' title='bbox 2608 3535 2968 3590; x_wconf 76' lang='lat' dir='ltr'><strong>hwreticorum</strong></span> <span class='ocrx_word' id='word_1_532' title='bbox 3021 3537 3169 3590; x_wconf 84' lang='lat' dir='ltr'><strong>devia</strong></span> <span class='ocrx_word' id='word_1_533' title='bbox 3195 3547 3245 3590; x_wconf 91' lang='lat' dir='ltr'><strong>et</strong></span> <span class='ocrx_word' id='word_1_534' title='bbox 3289 3536 3544 3592; x_wconf 84' lang='lat' dir='ltr'><strong>diabolica</strong></span> <span class='ocrx_word' id='word_1_535' title='bbox 3581 3537 3780 3594; x_wconf 87' lang='lat' dir='ltr'><strong>calcate</strong></span> 
     </span>
    </p>
   </div>
   <div class='ocr_carea' id='block_1_38' title="bbox 501 3621 3782 3700">
    <p class='ocr_par' dir='ltr' id='par_1_38' title="bbox 501 3621 3782 3700">
     <span class='ocr_line' id='line_1_38' title="bbox 501 3621 3782 3700; baseline 0 -19"><span class='ocrx_word' id='word_1_536' title='bbox 501 3629 768 3700; x_wconf 89' lang='lat' dir='ltr'><strong>ﬁgmenta.</strong></span> <span class='ocrx_word' id='word_1_537' title='bbox 821 3627 898 3683; x_wconf 83' lang='lat' dir='ltr'><strong>Ac</strong></span> <span class='ocrx_word' id='word_1_538' title='bbox 942 3644 1158 3698; x_wconf 46' lang='lat' dir='ltr'><strong>scn‘iper</strong></span> <span class='ocrx_word' id='word_1_539' title='bbox 1209 3627 1425 3698; x_wconf 85' lang='lat' dir='ltr'><strong>quidem</strong></span> <span class='ocrx_word' id='word_1_540' title='bbox 1475 3639 1655 3681; x_wconf 86' lang='lat' dir='ltr'><strong>veram</strong></span> <span class='ocrx_word' id='word_1_541' title='bbox 1703 3623 2003 3678; x_wconf 84' lang='lat' dir='ltr'><strong>doctrinam</strong></span> <span class='ocrx_word' id='word_1_542' title='bbox 2035 3624 2098 3679; x_wconf 78' lang='lat' dir='ltr'><strong>al.</strong></span> <span class='ocrx_word' id='word_1_543' title='bbox 2132 3621 2370 3678; x_wconf 84' lang='lat' dir='ltr'><strong>Ecclesia</strong></span> <span class='ocrx_word' id='word_1_544' title='bbox 2403 3623 2669 3678; x_wconf 83' lang='lat' dir='ltr'><strong>catholica</strong></span> <span class='ocrx_word' id='word_1_545' title='bbox 2701 3625 2873 3678; x_wconf 88' lang='lat' dir='ltr'><strong>teneri</strong></span> <span class='ocrx_word' id='word_1_546' title='bbox 2920 3632 3083 3693; x_wconf 90' lang='lat' dir='ltr'><strong>atque</strong></span> <span class='ocrx_word' id='word_1_547' title='bbox 3126 3625 3308 3680; x_wconf 84' lang='lat' dir='ltr'><strong>doceri</strong></span> <span class='ocrx_word' id='word_1_548' title='bbox 3346 3625 3486 3680; x_wconf 87' lang='lat' dir='ltr'><strong>idem</strong></span> <span class='ocrx_word' id='word_1_549' title='bbox 3515 3626 3782 3683; x_wconf 77' lang='lat' dir='ltr'><strong>Maximus</strong></span> 
     </span>
    </p>
   </div>
   <div class='ocr_carea' id='block_1_39' title="bbox 500 3715 3784 3788">
    <p class='ocr_par' dir='ltr' id='par_1_39' title="bbox 500 3715 3784 3788">
     <span class='ocr_line' id='line_1_39' title="bbox 500 3715 3784 3788; baseline -0.001 -13"><span class='ocrx_word' id='word_1_550' title='bbox 500 3722 691 3775; x_wconf 88' lang='lat' dir='ltr'><strong>statuit</strong></span> <span class='ocrx_word' id='word_1_551' title='bbox 721 3721 943 3776; x_wconf 87' lang='lat' dir='ltr'><strong>homilia</strong></span> <span class='ocrx_word' id='word_1_552' title='bbox 973 3720 1062 3784; x_wconf 69' lang='grc'><strong>45,</strong></span> <span class='ocrx_word' id='word_1_553' title='bbox 1093 3734 1215 3788; x_wconf 81' lang='lat' dir='ltr'><strong>pag.</strong></span> <span class='ocrx_word' id='word_1_554' title='bbox 1255 3718 1391 3772; x_wconf 72' lang='lat' dir='ltr'><strong>MO:</strong></span> <span class='ocrx_word' id='word_1_555' title='bbox 1425 3715 1658 3783; x_wconf 62' lang='lat' dir='ltr'><strong>Domini,</strong></span> <span class='ocrx_word' id='word_1_556' title='bbox 1691 3716 1881 3784; x_wconf 89' lang='lat' dir='ltr'><strong>inquit,</strong></span> <span class='ocrx_word' id='word_1_557' title='bbox 1913 3715 2170 3785; x_wconf 89' lang='lat' dir='ltr'><strong>sapientia</strong></span> <span class='ocrx_word' id='word_1_558' title='bbox 2199 3731 2302 3769; x_wconf 90' lang='lat' dir='ltr'><strong>non</strong></span> <span class='ocrx_word' id='word_1_559' title='bbox 2323 3723 2522 3769; x_wconf 86' lang='lat' dir='ltr'><strong>asserta</strong></span> <span class='ocrx_word' id='word_1_560' title='bbox 2550 3726 2646 3779; x_wconf 90' lang='lat' dir='ltr'><strong>est,</strong></span> <span class='ocrx_word' id='word_1_561' title='bbox 2677 3731 2781 3770; x_wconf 89' lang='lat' dir='ltr'><strong>non</strong></span> <span class='ocrx_word' id='word_1_562' title='bbox 2810 3717 3055 3787; x_wconf 75' lang='lat' dir='ltr'><strong>quwsita;</strong></span> <span class='ocrx_word' id='word_1_563' title='bbox 3085 3733 3188 3770; x_wconf 90' lang='lat' dir='ltr'><strong>non</strong></span> <span class='ocrx_word' id='word_1_564' title='bbox 3226 3717 3363 3768; x_wconf 89' lang='lat' dir='ltr'><strong>enim</strong></span> <span class='ocrx_word' id='word_1_565' title='bbox 3405 3716 3588 3770; x_wconf 86' lang='lat' dir='ltr'><strong>didicit</strong></span> <span class='ocrx_word' id='word_1_566' title='bbox 3607 3735 3640 3770; x_wconf 93' lang='lat' dir='ltr'><strong>a</strong></span> <span class='ocrx_word' id='word_1_567' title='bbox 3669 3735 3784 3772; x_wconf 85' lang='lat' dir='ltr'><strong>ma-</strong></span> 
     </span>
    </p>
   </div>
   <div class='ocr_carea' id='block_1_40' title="bbox 501 3805 3780 3883">
    <p class='ocr_par' dir='ltr' id='par_1_40' title="bbox 501 3805 3780 3883">
     <span class='ocr_line' id='line_1_40' title="bbox 501 3805 3780 3883; baseline 0 -20"><span class='ocrx_word' id='word_1_568' title='bbox 501 3811 685 3883; x_wconf 88' lang='lat' dir='ltr'><strong>gistro,</strong></span> <span class='ocrx_word' id='word_1_569' title='bbox 708 3812 846 3865; x_wconf 79' lang='lat' dir='ltr'><strong>sicut</strong></span> <span class='ocrx_word' id='word_1_570' title='bbox 875 3812 977 3882; x_wconf 89' lang='lat' dir='ltr'><strong>ipsi</strong></span> <span class='ocrx_word' id='word_1_571' title='bbox 999 3809 1173 3864; x_wconf 78' lang='lat' dir='ltr'><strong>Judwi</strong></span> <span class='ocrx_word' id='word_1_572' title='bbox 1195 3810 1372 3862; x_wconf 89' lang='lat' dir='ltr'><strong>dicunt</strong></span> <span class='ocrx_word' id='word_1_573' title='bbox 1398 3826 1413 3862; x_wconf 90' lang='lat'><em>:</em></span> <span class='ocrx_word' id='word_1_574' title='bbox 1449 3808 1716 3871; x_wconf 81' lang='lat' dir='ltr'><strong>Quomodo</strong></span> <span class='ocrx_word' id='word_1_575' title='bbox 1743 3807 1824 3860; x_wconf 89' lang='lat' dir='ltr'><strong>hic</strong></span> <span class='ocrx_word' id='word_1_576' title='bbox 1853 3808 2054 3861; x_wconf 88' lang='lat' dir='ltr'><strong>litteras</strong></span> <span class='ocrx_word' id='word_1_577' title='bbox 2083 3807 2238 3871; x_wconf 88' lang='lat' dir='ltr'><strong>novit,</strong></span> <span class='ocrx_word' id='word_1_578' title='bbox 2267 3823 2380 3859; x_wconf 87' lang='lat' dir='ltr'><strong>cum</strong></span> <span class='ocrx_word' id='word_1_579' title='bbox 2401 3823 2506 3860; x_wconf 87' lang='lat' dir='ltr'><strong>non</strong></span> <span class='ocrx_word' id='word_1_580' title='bbox 2529 3807 2786 3869; x_wconf 86' lang='lat' dir='ltr'><strong>didicerit,</strong></span> <span class='ocrx_word' id='word_1_581' title='bbox 2821 3815 2877 3859; x_wconf 89' lang='lat' dir='ltr'><strong>et</strong></span> <span class='ocrx_word' id='word_1_582' title='bbox 2905 3807 3020 3874; x_wconf 88' lang='lat' dir='ltr'><strong>ipse</strong></span> <span class='ocrx_word' id='word_1_583' title='bbox 3044 3805 3188 3860; x_wconf 88' lang='lat' dir='ltr'><strong>dicat</strong></span> <span class='ocrx_word' id='word_1_584' title='bbox 3212 3823 3224 3858; x_wconf 91' lang='lat'>:</span> <span class='ocrx_word' id='word_1_585' title='bbox 3259 3805 3384 3860; x_wconf 80' lang='lat' dir='ltr'><strong>Mea</strong></span> <span class='ocrx_word' id='word_1_586' title='bbox 3413 3807 3652 3862; x_wconf 88' lang='lat' dir='ltr'><strong>doctrina</strong></span> <span class='ocrx_word' id='word_1_587' title='bbox 3673 3824 3780 3864; x_wconf 89' lang='lat' dir='ltr'><strong>non</strong></span> 
     </span>
    </p>
   </div>
   <div class='ocr_carea' id='block_1_41' title="bbox 499 3894 3780 3971">
    <p class='ocr_par' dir='ltr' id='par_1_41' title="bbox 499 3894 3780 3971">
     <span class='ocr_line' id='line_1_41' title="bbox 499 3894 3780 3971; baseline 0.001 -19"><span class='ocrx_word' id='word_1_588' title='bbox 499 3910 577 3953; x_wconf 89' lang='lat' dir='ltr'><strong>est</strong></span> <span class='ocrx_word' id='word_1_589' title='bbox 598 3900 661 3953; x_wconf 88' lang='lat' dir='ltr'><strong>de</strong></span> <span class='ocrx_word' id='word_1_590' title='bbox 683 3901 776 3952; x_wconf 90' lang='lat' dir='ltr'><strong>hoc</strong></span> <span class='ocrx_word' id='word_1_591' title='bbox 803 3900 1013 3962; x_wconf 88' lang='lat' dir='ltr'><strong>mundo,</strong></span> <span class='ocrx_word' id='word_1_592' title='bbox 1045 3898 1134 3953; x_wconf 90' lang='lat' dir='ltr'><strong>sed</strong></span> <span class='ocrx_word' id='word_1_593' title='bbox 1154 3899 1264 3969; x_wconf 83' lang='lat' dir='ltr'><strong>ejus</strong></span> <span class='ocrx_word' id='word_1_594' title='bbox 1286 3898 1370 3969; x_wconf 90' lang='lat' dir='ltr'><strong>qui</strong></span> <span class='ocrx_word' id='word_1_595' title='bbox 1400 3898 1538 3950; x_wconf 85' lang='lat' dir='ltr'><strong>misit</strong></span> <span class='ocrx_word' id='word_1_596' title='bbox 1567 3914 1663 3951; x_wconf 92' lang='lat' dir='ltr'><strong>me.</strong></span> <span class='ocrx_word' id='word_1_597' title='bbox 1697 3894 1811 3949; x_wconf 82' lang='lat' dir='ltr'><strong>Hoc</strong></span> <span class='ocrx_word' id='word_1_598' title='bbox 1832 3907 1928 3960; x_wconf 91' lang='lat' dir='ltr'><strong>est,</strong></span> <span class='ocrx_word' id='word_1_599' title='bbox 1955 3896 2090 3967; x_wconf 86' lang='lat' dir='ltr'><strong>quod</strong></span> <span class='ocrx_word' id='word_1_600' title='bbox 2128 3898 2204 3950; x_wconf 88' lang='lat' dir='ltr'><strong>ait</strong></span> <span class='ocrx_word' id='word_1_601' title='bbox 2232 3895 2294 3948; x_wconf 87' lang='lat' dir='ltr'><strong>de</strong></span> <span class='ocrx_word' id='word_1_602' title='bbox 2333 3897 2596 3950; x_wconf 75' lang='lat' dir='ltr'><strong>superiore</strong></span> <span class='ocrx_word' id='word_1_603' title='bbox 2621 3904 2950 3955; x_wconf 76' lang='lat' dir='ltr'><strong>contextum;</strong></span> <span class='ocrx_word' id='word_1_604' title='bbox 2989 3912 3087 3958; x_wconf 82' lang='lat' dir='ltr'><strong>quo</strong></span> <span class='ocrx_word' id='word_1_605' title='bbox 3125 3899 3447 3958; x_wconf 87' lang='lat' dir='ltr'><strong>vestimento.</strong></span> <span class='ocrx_word' id='word_1_606' title='bbox 3488 3899 3568 3954; x_wconf 85' lang='lat' dir='ltr'><strong>vel</strong></span> <span class='ocrx_word' id='word_1_607' title='bbox 3599 3900 3780 3971; x_wconf 80' lang='lat' dir='ltr'><strong>quibus</strong></span> 
     </span>
    </p>
   </div>
   <div class='ocr_carea' id='block_1_42' title="bbox 497 3985 2289 4044">
    <p class='ocr_par' dir='ltr' id='par_1_42' title="bbox 497 3985 2289 4044">
     <span class='ocr_line' id='line_1_42' title="bbox 497 3985 2289 4044; baseline -0.001 -3"><span class='ocrx_word' id='word_1_608' title='bbox 497 3989 732 4043; x_wconf 88' lang='lat' dir='ltr'><strong>omnibus</strong></span> <span class='ocrx_word' id='word_1_609' title='bbox 762 3989 1074 4044; x_wconf 85' lang='lat' dir='ltr'><strong>vestimentis</strong></span> <span class='ocrx_word' id='word_1_610' title='bbox 1097 3985 1358 4042; x_wconf 69' lang='lat' dir='ltr'><strong>Eccassu</strong></span> <span class='ocrx_word' id='word_1_611' title='bbox 1387 4002 1681 4041; x_wconf 68' lang='lat' dir='ltr'><strong>cs&#39;ruoucx</strong></span> <span class='ocrx_word' id='word_1_612' title='bbox 1711 3992 1915 4040; x_wconf 71' lang='lat' dir='ltr'><strong>s’eurun</strong></span> <span class='ocrx_word' id='word_1_613' title='bbox 1948 4002 2145 4040; x_wconf 66' lang='lat' dir='ltr'><strong>AMlCTA</strong></span> <span class='ocrx_word' id='word_1_614' title='bbox 2175 4001 2289 4040; x_wconf 73' lang='lat' dir='ltr'><strong>esr.</strong></span> 
     </span>
    </p>
   </div>
   <div class='ocr_carea' id='block_1_43' title="bbox 642 4075 3778 4156">
    <p class='ocr_par' dir='ltr' id='par_1_43' title="bbox 642 4075 3778 4156">
     <span class='ocr_line' id='line_1_43' title="bbox 642 4075 3778 4156; baseline 0.001 -19"><span class='ocrx_word' id='word_1_615' title='bbox 642 4080 788 4156; x_wconf 74' lang='lat' dir='ltr'><strong>[cvn]</strong></span> <span class='ocrx_word' id='word_1_616' title='bbox 825 4077 993 4135; x_wconf 78' lang='lat' dir='ltr'><strong>XXX.</strong></span> <span class='ocrx_word' id='word_1_617' title='bbox 1017 4079 1131 4148; x_wconf 83' lang='lat' dir='ltr'><strong>Age</strong></span> <span class='ocrx_word' id='word_1_618' title='bbox 1158 4095 1286 4134; x_wconf 80' lang='lat' dir='ltr'><strong>vero</strong></span> <span class='ocrx_word' id='word_1_619' title='bbox 1314 4079 1733 4143; x_wconf 87' lang='lat' dir='ltr'><strong>consideremus,</strong></span> <span class='ocrx_word' id='word_1_620' title='bbox 1758 4077 2206 4147; x_wconf 89' lang='lat' dir='ltr'><strong>quemadmodum</strong></span> <span class='ocrx_word' id='word_1_621' title='bbox 2236 4085 2289 4131; x_wconf 88' lang='lat' dir='ltr'><strong>et</strong></span> <span class='ocrx_word' id='word_1_622' title='bbox 2309 4090 2469 4144; x_wconf 87' lang='lat' dir='ltr'><strong>quam</strong></span> <span class='ocrx_word' id='word_1_623' title='bbox 2491 4075 2560 4130; x_wconf 90' lang='lat' dir='ltr'><strong>ob</strong></span> <span class='ocrx_word' id='word_1_624' title='bbox 2582 4091 2817 4143; x_wconf 86' lang='lat' dir='ltr'><strong>causam,</strong></span> <span class='ocrx_word' id='word_1_625' title='bbox 2843 4075 3139 4132; x_wconf 85' lang='lat' dir='ltr'><strong>Ecclesiam</strong></span> <span class='ocrx_word' id='word_1_626' title='bbox 3168 4078 3489 4135; x_wconf 87' lang='lat' dir='ltr'><strong>catholicam</strong></span> <span class='ocrx_word' id='word_1_627' title='bbox 3517 4079 3778 4139; x_wconf 82' lang='lat' dir='ltr'><strong>Maximus</strong></span> 
     </span>
    </p>
   </div>
   <div class='ocr_carea' id='block_1_44' title="bbox 495 4167 3776 4241">
    <p class='ocr_par' dir='ltr' id='par_1_44' title="bbox 495 4167 3776 4241">
     <span class='ocr_line' id='line_1_44' title="bbox 495 4167 3776 4241; baseline 0.001 -11"><span class='ocrx_word' id='word_1_628' title='bbox 495 4181 553 4230; x_wconf 86' lang='lat' dir='ltr'><strong>et</strong></span> <span class='ocrx_word' id='word_1_629' title='bbox 581 4173 748 4226; x_wconf 88' lang='lat' dir='ltr'><strong>navim</strong></span> <span class='ocrx_word' id='word_1_630' title='bbox 769 4180 825 4227; x_wconf 91' lang='lat' dir='ltr'><strong>et</strong></span> <span class='ocrx_word' id='word_1_631' title='bbox 849 4169 1131 4225; x_wconf 89' lang='lat' dir='ltr'><strong>Ecclesium</strong></span> <span class='ocrx_word' id='word_1_632' title='bbox 1155 4169 1299 4224; x_wconf 87' lang='lat' dir='ltr'><strong>Petri</strong></span> <span class='ocrx_word' id='word_1_633' title='bbox 1330 4179 1506 4224; x_wconf 87' lang='lat' dir='ltr'><strong>vocet.</strong></span> <span class='ocrx_word' id='word_1_634' title='bbox 1538 4169 1737 4225; x_wconf 90' lang='lat' dir='ltr'><strong>Scribit</strong></span> <span class='ocrx_word' id='word_1_635' title='bbox 1761 4169 1904 4224; x_wconf 91' lang='lat' dir='ltr'><strong>enim</strong></span> <span class='ocrx_word' id='word_1_636' title='bbox 1934 4169 2022 4223; x_wconf 90' lang='lat' dir='ltr'><strong>ille</strong></span> <span class='ocrx_word' id='word_1_637' title='bbox 2050 4169 2159 4223; x_wconf 86' lang='lat' dir='ltr'><strong>hoc</strong></span> <span class='ocrx_word' id='word_1_638' title='bbox 2189 4167 2350 4222; x_wconf 90' lang='lat' dir='ltr'><strong>modo</strong></span> <span class='ocrx_word' id='word_1_639' title='bbox 2375 4167 2445 4237; x_wconf 92' lang='lat' dir='ltr'><strong>(c)</strong></span> <span class='ocrx_word' id='word_1_640' title='bbox 2483 4185 2495 4220; x_wconf 90' lang='lat'>:</span> <span class='ocrx_word' id='word_1_641' title='bbox 2541 4167 2818 4222; x_wconf 82' lang='lat' dir='ltr'><strong>Videamus</strong></span> <span class='ocrx_word' id='word_1_642' title='bbox 2840 4209 2854 4234; x_wconf 97' lang='lat'><strong>,</strong></span> <span class='ocrx_word' id='word_1_643' title='bbox 2895 4185 3009 4241; x_wconf 77' lang='lat' dir='ltr'><strong>qua:</strong></span> <span class='ocrx_word' id='word_1_644' title='bbox 3046 4170 3113 4223; x_wconf 86' lang='lat' dir='ltr'><strong>sit</strong></span> <span class='ocrx_word' id='word_1_645' title='bbox 3150 4171 3252 4224; x_wconf 85' lang='lat' dir='ltr'><strong>ista</strong></span> <span class='ocrx_word' id='word_1_646' title='bbox 3279 4173 3517 4228; x_wconf 88' lang='lat' dir='ltr'><strong>navicula</strong></span> <span class='ocrx_word' id='word_1_647' title='bbox 3547 4173 3776 4233; x_wconf 89' lang='lat' dir='ltr'><strong>Simonis</strong></span> 
     </span>
    </p>
   </div>
   <div class='ocr_carea' id='block_1_45' title="bbox 497 4258 3776 4338">
    <p class='ocr_par' dir='ltr' id='par_1_45' title="bbox 497 4258 3776 4338">
     <span class='ocr_line' id='line_1_45' title="bbox 497 4258 3776 4338; baseline 0 -18"><span class='ocrx_word' id='word_1_648' title='bbox 497 4265 662 4331; x_wconf 79' lang='lat' dir='ltr'><strong>Petri,</strong></span> <span class='ocrx_word' id='word_1_649' title='bbox 685 4279 837 4338; x_wconf 83' lang='lat' dir='ltr'><strong>quam</strong></span> <span class='ocrx_word' id='word_1_650' title='bbox 866 4264 936 4318; x_wconf 91' lang='lat' dir='ltr'><strong>ad</strong></span> <span class='ocrx_word' id='word_1_651' title='bbox 963 4261 1247 4319; x_wconf 88' lang='lat' dir='ltr'><strong>docendum</strong></span> <span class='ocrx_word' id='word_1_652' title='bbox 1275 4263 1338 4317; x_wconf 89' lang='lat' dir='ltr'><strong>de</strong></span> <span class='ocrx_word' id='word_1_653' title='bbox 1357 4262 1554 4315; x_wconf 79' lang='lat' dir='ltr'><strong>duabus</strong></span> <span class='ocrx_word' id='word_1_654' title='bbox 1576 4263 1741 4334; x_wconf 90' lang='lat' dir='ltr'><strong>magis</strong></span> <span class='ocrx_word' id='word_1_655' title='bbox 1767 4269 2107 4332; x_wconf 88' lang='lat' dir='ltr'><strong>opportunam</strong></span> <span class='ocrx_word' id='word_1_656' title='bbox 2140 4259 2394 4312; x_wconf 83' lang='lat' dir='ltr'><strong>Dominus</strong></span> <span class='ocrx_word' id='word_1_657' title='bbox 2408 4258 2681 4328; x_wconf 85' lang='lat' dir='ltr'><strong>judicavit,</strong></span> <span class='ocrx_word' id='word_1_658' title='bbox 2713 4274 2826 4330; x_wconf 77' lang='lat' dir='ltr'><strong>qua:</strong></span> <span class='ocrx_word' id='word_1_659' title='bbox 2852 4267 2902 4312; x_wconf 91' lang='lat' dir='ltr'><strong>et</strong></span> <span class='ocrx_word' id='word_1_660' title='bbox 2931 4268 3092 4312; x_wconf 90' lang='lat' dir='ltr'><strong>tutum</strong></span> <span class='ocrx_word' id='word_1_661' title='bbox 3123 4259 3448 4316; x_wconf 90' lang='lat' dir='ltr'><strong>Salvatorem</strong></span> <span class='ocrx_word' id='word_1_662' title='bbox 3473 4274 3684 4331; x_wconf 72' lang='lat' dir='ltr'><strong>prmstet</strong></span> <span class='ocrx_word' id='word_1_663' title='bbox 3709 4266 3776 4321; x_wconf 91' lang='lat' dir='ltr'><strong>ab</strong></span> 
     </span>
    </p>
   </div>
   <div class='ocr_carea' id='block_1_46' title="bbox 494 4346 3776 4429">
    <p class='ocr_par' dir='ltr' id='par_1_46' title="bbox 494 4346 3776 4429">
     <span class='ocr_line' id='line_1_46' title="bbox 494 4346 3776 4429; baseline -0 -18"><span class='ocrx_word' id='word_1_664' title='bbox 494 4357 710 4429; x_wconf 88' lang='lat' dir='ltr'><strong>injuria,</strong></span> <span class='ocrx_word' id='word_1_665' title='bbox 743 4365 794 4410; x_wconf 92' lang='lat' dir='ltr'><strong>et</strong></span> <span class='ocrx_word' id='word_1_666' title='bbox 813 4356 1133 4410; x_wconf 88' lang='lat' dir='ltr'><strong>credulitatis</strong></span> <span class='ocrx_word' id='word_1_667' title='bbox 1155 4352 1443 4408; x_wconf 87' lang='lat' dir='ltr'><strong>hominibus</strong></span> <span class='ocrx_word' id='word_1_668' title='bbox 1465 4354 1720 4424; x_wconf 87' lang='lat' dir='ltr'><strong>largiatur</strong></span> <span class='ocrx_word' id='word_1_669' title='bbox 1740 4351 1962 4422; x_wconf 88' lang='lat' dir='ltr'><strong>eloquia.</strong></span> <span class='ocrx_word' id='word_1_670' title='bbox 1995 4349 2298 4404; x_wconf 83' lang='lat' dir='ltr'><strong>Invenimus</strong></span> <span class='ocrx_word' id='word_1_671' title='bbox 2321 4350 2456 4402; x_wconf 88' lang='lat' dir='ltr'><strong>enim</strong></span> <span class='ocrx_word' id='word_1_672' title='bbox 2477 4347 2590 4418; x_wconf 87' lang='lat' dir='ltr'><strong>jam</strong></span> <span class='ocrx_word' id='word_1_673' title='bbox 2620 4346 2901 4402; x_wconf 89' lang='lat' dir='ltr'><strong>Dominum</strong></span> <span class='ocrx_word' id='word_1_674' title='bbox 2925 4349 3197 4419; x_wconf 78' lang='lat' dir='ltr'><strong>navigasse</strong></span> <span class='ocrx_word' id='word_1_675' title='bbox 3215 4350 3268 4403; x_wconf 90' lang='lat' dir='ltr'><strong>in</strong></span> <span class='ocrx_word' id='word_1_676' title='bbox 3289 4351 3397 4404; x_wconf 88' lang='lat' dir='ltr'><strong>alia</strong></span> <span class='ocrx_word' id='word_1_677' title='bbox 3422 4354 3559 4417; x_wconf 89' lang='lat' dir='ltr'><strong>navi,</strong></span> <span class='ocrx_word' id='word_1_678' title='bbox 3585 4362 3636 4408; x_wconf 89' lang='lat' dir='ltr'><strong>et</strong></span> <span class='ocrx_word' id='word_1_679' title='bbox 3654 4373 3776 4426; x_wconf 86' lang='lat' dir='ltr'><strong>gra-</strong></span> 
     </span>
    </p>
   </div>
   <div class='ocr_carea' id='block_1_47' title="bbox 493 4437 3774 4516">
    <p class='ocr_par' dir='ltr' id='par_1_47' title="bbox 493 4437 3774 4516">
     <span class='ocr_line' id='line_1_47' title="bbox 493 4437 3774 4516; baseline -0 -15"><span class='ocrx_word' id='word_1_680' title='bbox 493 4445 634 4501; x_wconf 88' lang='lat' dir='ltr'><strong>vibus</strong></span> <span class='ocrx_word' id='word_1_681' title='bbox 657 4446 861 4516; x_wconf 89' lang='lat' dir='ltr'><strong>injuriis</strong></span> <span class='ocrx_word' id='word_1_682' title='bbox 882 4445 1196 4498; x_wconf 89' lang='lat' dir='ltr'><strong>lacessitum.</strong></span> <span class='ocrx_word' id='word_1_683' title='bbox 1226 4439 1506 4511; x_wconf 88' lang='lat' dir='ltr'><strong>Navigavit</strong></span> <span class='ocrx_word' id='word_1_684' title='bbox 1533 4442 1671 4494; x_wconf 90' lang='lat' dir='ltr'><strong>enim</strong></span> <span class='ocrx_word' id='word_1_685' title='bbox 1692 4457 1804 4493; x_wconf 89' lang='lat' dir='ltr'><strong>cum</strong></span> <span class='ocrx_word' id='word_1_686' title='bbox 1827 4438 2007 4510; x_wconf 84' lang='lat' dir='ltr'><strong>Moyse</strong></span> <span class='ocrx_word' id='word_1_687' title='bbox 2033 4440 2087 4492; x_wconf 87' lang='lat' dir='ltr'><strong>in</strong></span> <span class='ocrx_word' id='word_1_688' title='bbox 2115 4439 2248 4493; x_wconf 82' lang='lat' dir='ltr'><strong>mari</strong></span> <span class='ocrx_word' id='word_1_689' title='bbox 2279 4437 2472 4502; x_wconf 80' lang='lat' dir='ltr'><strong>Rubro,</strong></span> <span class='ocrx_word' id='word_1_690' title='bbox 2499 4437 2705 4508; x_wconf 86' lang='lat' dir='ltr'><strong>quando</strong></span> <span class='ocrx_word' id='word_1_691' title='bbox 2726 4438 2966 4508; x_wconf 83' lang='lat' dir='ltr'><strong>pupulum</strong></span> <span class='ocrx_word' id='word_1_692' title='bbox 2989 4437 3162 4492; x_wconf 86' lang='lat' dir='ltr'><strong>Israel</strong></span> <span class='ocrx_word' id='word_1_693' title='bbox 3182 4457 3272 4510; x_wconf 87' lang='lat' dir='ltr'><strong>per</strong></span> <span class='ocrx_word' id='word_1_694' title='bbox 3301 4441 3558 4496; x_wconf 89' lang='lat' dir='ltr'><strong>undarum</strong></span> <span class='ocrx_word' id='word_1_695' title='bbox 3577 4445 3774 4512; x_wconf 81' lang='lat' dir='ltr'><strong>ﬂuenta</strong></span> 
     </span>
    </p>
   </div>
   <div class='ocr_carea' id='block_1_48' title="bbox 492 4524 3773 4603">
    <p class='ocr_par' dir='ltr' id='par_1_48' title="bbox 492 4524 3773 4603">
     <span class='ocr_line' id='line_1_48' title="bbox 492 4524 3773 4603; baseline -0.003 -11"><span class='ocrx_word' id='word_1_696' title='bbox 492 4539 804 4601; x_wconf 76' lang='lat' dir='ltr'><strong>transvexit;</strong></span> <span class='ocrx_word' id='word_1_697' title='bbox 831 4534 921 4588; x_wconf 91' lang='lat' dir='ltr'><strong>sed</strong></span> <span class='ocrx_word' id='word_1_698' title='bbox 942 4531 1175 4603; x_wconf 89' lang='lat' dir='ltr'><strong>gravibus</strong></span> <span class='ocrx_word' id='word_1_699' title='bbox 1205 4539 1281 4583; x_wconf 88' lang='lat' dir='ltr'><strong>est</strong></span> <span class='ocrx_word' id='word_1_700' title='bbox 1310 4531 1524 4598; x_wconf 74' lang='lat' dir='ltr'><strong>a/fectus</strong></span> <span class='ocrx_word' id='word_1_701' title='bbox 1552 4530 1780 4600; x_wconf 87' lang='lat' dir='ltr'><strong>injuriis,</strong></span> <span class='ocrx_word' id='word_1_702' title='bbox 1812 4530 1943 4582; x_wconf 87' lang='lat' dir='ltr'><strong>sicut</strong></span> <span class='ocrx_word' id='word_1_703' title='bbox 1965 4529 2073 4598; x_wconf 91' lang='lat' dir='ltr'><strong>ipse</strong></span> <span class='ocrx_word' id='word_1_704' title='bbox 2096 4529 2167 4580; x_wconf 90' lang='lat' dir='ltr'><strong>ait</strong></span> <span class='ocrx_word' id='word_1_705' title='bbox 2197 4527 2249 4580; x_wconf 88' lang='lat' dir='ltr'><strong>in</strong></span> <span class='ocrx_word' id='word_1_706' title='bbox 2273 4524 2560 4597; x_wconf 85' lang='lat' dir='ltr'><strong>Evangelia</strong></span> <span class='ocrx_word' id='word_1_707' title='bbox 2581 4526 2651 4579; x_wconf 90' lang='lat' dir='ltr'><strong>ad</strong></span> <span class='ocrx_word' id='word_1_708' title='bbox 2671 4525 2880 4581; x_wconf 73' lang='lat' dir='ltr'><strong>Judazos</strong></span> <span class='ocrx_word' id='word_1_709' title='bbox 2902 4544 2920 4580; x_wconf 90' lang='lat'><strong><em>:</em></strong></span> <span class='ocrx_word' id='word_1_710' title='bbox 2951 4525 3016 4581; x_wconf 89' lang='lat' dir='ltr'><strong>Si</strong></span> <span class='ocrx_word' id='word_1_711' title='bbox 3042 4529 3319 4582; x_wconf 89' lang='lat' dir='ltr'><strong>crederetis</strong></span> <span class='ocrx_word' id='word_1_712' title='bbox 3357 4530 3546 4601; x_wconf 80' lang='lat' dir='ltr'><strong>Moysi,</strong></span> <span class='ocrx_word' id='word_1_713' title='bbox 3577 4541 3625 4587; x_wconf 88' lang='lat' dir='ltr'><strong>et</strong></span> <span class='ocrx_word' id='word_1_714' title='bbox 3648 4536 3773 4590; x_wconf 77' lang='lat' dir='ltr'><strong>mihi</strong></span> 
     </span>
    </p>
   </div>
   <div class='ocr_carea' id='block_1_49' title="bbox 490 4616 3772 4696">
    <p class='ocr_par' dir='ltr' id='par_1_49' title="bbox 490 4616 3772 4696">
     <span class='ocr_line' id='line_1_49' title="bbox 490 4616 3772 4696; baseline 0 -14"><span class='ocrx_word' id='word_1_715' title='bbox 490 4629 782 4682; x_wconf 88' lang='lat' dir='ltr'><strong>crederetis.</strong></span> <span class='ocrx_word' id='word_1_716' title='bbox 816 4623 1022 4696; x_wconf 85' lang='lat' dir='ltr'><strong>Injuria</strong></span> <span class='ocrx_word' id='word_1_717' title='bbox 1043 4630 1213 4676; x_wconf 90' lang='lat' dir='ltr'><strong>autem</strong></span> <span class='ocrx_word' id='word_1_718' title='bbox 1235 4621 1520 4676; x_wconf 80' lang='lat' dir='ltr'><strong>Saluatoris</strong></span> <span class='ocrx_word' id='word_1_719' title='bbox 1550 4631 1627 4674; x_wconf 88' lang='lat' dir='ltr'><strong>est</strong></span> <span class='ocrx_word' id='word_1_720' title='bbox 1652 4619 1989 4675; x_wconf 87' lang='lat' dir='ltr'><strong>incredulitas</strong></span> <span class='ocrx_word' id='word_1_721' title='bbox 2019 4619 2333 4690; x_wconf 69' lang='lat' dir='ltr'><strong>Synagogat.</strong></span> <span class='ocrx_word' id='word_1_722' title='bbox 2360 4617 2502 4689; x_wconf 89' lang='lat' dir='ltr'><strong>Ergo</strong></span> <span class='ocrx_word' id='word_1_723' title='bbox 2531 4616 2700 4672; x_wconf 74' lang='lat' dir='ltr'><strong>Perm</strong></span> <span class='ocrx_word' id='word_1_724' title='bbox 2728 4635 2903 4674; x_wconf 69' lang='lat' dir='ltr'><strong>Iuven</strong></span> <span class='ocrx_word' id='word_1_725' title='bbox 2934 4619 3106 4688; x_wconf 83' lang='lat' dir='ltr'><strong>elegit,</strong></span> <span class='ocrx_word' id='word_1_726' title='bbox 3137 4619 3307 4692; x_wconf 83' lang='lat' dir='ltr'><strong>Moysi</strong></span> <span class='ocrx_word' id='word_1_727' title='bbox 3336 4624 3557 4691; x_wconf 88' lang='lat' dir='ltr'><strong>deserit;</strong></span> <span class='ocrx_word' id='word_1_728' title='bbox 3580 4627 3676 4682; x_wconf 90' lang='lat' dir='ltr'><strong>hoc</strong></span> <span class='ocrx_word' id='word_1_729' title='bbox 3695 4639 3772 4683; x_wconf 89' lang='lat' dir='ltr'><strong>est</strong></span> 
     </span>
    </p>
   </div>
   <div class='ocr_carea' id='block_1_50' title="bbox 492 4713 3772 4798">
    <p class='ocr_par' dir='ltr' id='par_1_50' title="bbox 492 4713 3772 4798">
     <span class='ocr_line' id='line_1_50' title="bbox 492 4713 3772 4798; baseline 0.001 -23"><span class='ocrx_word' id='word_1_730' title='bbox 492 4722 686 4793; x_wconf 89' lang='lat' dir='ltr'><strong>spernit</strong></span> <span class='ocrx_word' id='word_1_731' title='bbox 720 4719 1055 4792; x_wconf 85' lang='lat' dir='ltr'><strong>Synugogam</strong></span> <span class='ocrx_word' id='word_1_732' title='bbox 1083 4715 1369 4787; x_wconf 87' lang='lat' dir='ltr'><strong>perﬁdam;</strong></span> <span class='ocrx_word' id='word_1_733' title='bbox 1400 4715 1609 4785; x_wconf 88' lang='lat' dir='ltr'><strong>ﬁdelem</strong></span> <span class='ocrx_word' id='word_1_734' title='bbox 1631 4717 1848 4798; x_wconf 80' lang='lat' dir='ltr'><strong>assumit</strong></span> <span class='ocrx_word' id='word_1_735' title='bbox 1867 4714 2176 4769; x_wconf 80' lang='lat' dir='ltr'><strong>Ecclesium.</strong></span> <span class='ocrx_word' id='word_1_736' title='bbox 2201 4713 2334 4768; x_wconf 64' lang='lat' dir='ltr'><strong>Duas</strong></span> <span class='ocrx_word' id='word_1_737' title='bbox 2360 4715 2499 4768; x_wconf 88' lang='lat' dir='ltr'><strong>enim</strong></span> <span class='ocrx_word' id='word_1_738' title='bbox 2526 4716 2674 4785; x_wconf 89' lang='lat' dir='ltr'><strong>quasi</strong></span> <span class='ocrx_word' id='word_1_739' title='bbox 2704 4715 2956 4769; x_wconf 79' lang='lat' dir='ltr'><strong>navicula:</strong></span> <span class='ocrx_word' id='word_1_740' title='bbox 2983 4733 3014 4769; x_wconf 92' lang='lat' dir='ltr'><strong>a</strong></span> <span class='ocrx_word' id='word_1_741' title='bbox 3044 4717 3156 4772; x_wconf 91' lang='lat' dir='ltr'><strong>Deo</strong></span> <span class='ocrx_word' id='word_1_742' title='bbox 3184 4719 3456 4776; x_wconf 74' lang='lat' dir='ltr'><strong>destinata:</strong></span> <span class='ocrx_word' id='word_1_743' title='bbox 3483 4730 3624 4787; x_wconf 89' lang='lat' dir='ltr'><strong>sunt,</strong></span> <span class='ocrx_word' id='word_1_744' title='bbox 3659 4739 3772 4795; x_wconf 76' lang='lat' dir='ltr'><strong>qua!</strong></span> 
     </span>
    </p>
   </div>
   <div class='ocr_carea' id='block_1_51' title="bbox 492 4807 3771 4886">
    <p class='ocr_par' dir='ltr' id='par_1_51' title="bbox 492 4807 3771 4886">
     <span class='ocr_line' id='line_1_51' title="bbox 492 4807 3771 4886; baseline 0 -19"><span class='ocrx_word' id='word_1_745' title='bbox 492 4815 546 4867; x_wconf 87' lang='lat' dir='ltr'><strong>in</strong></span> <span class='ocrx_word' id='word_1_746' title='bbox 576 4815 691 4878; x_wconf 90' lang='lat' dir='ltr'><strong>hoc,</strong></span> <span class='ocrx_word' id='word_1_747' title='bbox 717 4822 960 4886; x_wconf 85' lang='lat' dir='ltr'><strong>tanquam</strong></span> <span class='ocrx_word' id='word_1_748' title='bbox 989 4813 1043 4865; x_wconf 88' lang='lat' dir='ltr'><strong>in</strong></span> <span class='ocrx_word' id='word_1_749' title='bbox 1073 4810 1225 4874; x_wconf 88' lang='lat' dir='ltr'><strong>mari,</strong></span> <span class='ocrx_word' id='word_1_750' title='bbox 1257 4808 1449 4862; x_wconf 89' lang='lat' dir='ltr'><strong>mundo</strong></span> <span class='ocrx_word' id='word_1_751' title='bbox 1479 4809 1696 4861; x_wconf 89' lang='lat' dir='ltr'><strong>salutem</strong></span> <span class='ocrx_word' id='word_1_752' title='bbox 1723 4807 2011 4863; x_wconf 87' lang='lat' dir='ltr'><strong>hominibus</strong></span> <span class='ocrx_word' id='word_1_753' title='bbox 2040 4811 2480 4880; x_wconf 87' lang='lat' dir='ltr'><strong>piscarentur.....</strong></span> <span class='ocrx_word' id='word_1_754' title='bbox 2514 4807 2601 4862; x_wconf 77' lang='lat' dir='ltr'><strong>Ea:</strong></span> <span class='ocrx_word' id='word_1_755' title='bbox 2620 4809 2701 4861; x_wconf 89' lang='lat' dir='ltr'><strong>his</strong></span> <span class='ocrx_word' id='word_1_756' title='bbox 2734 4808 2932 4861; x_wconf 88' lang='lat' dir='ltr'><strong>duabus</strong></span> <span class='ocrx_word' id='word_1_757' title='bbox 2960 4811 3208 4865; x_wconf 84' lang='lat' dir='ltr'><strong>naviculis</strong></span> <span class='ocrx_word' id='word_1_758' title='bbox 3238 4827 3347 4865; x_wconf 89' lang='lat' dir='ltr'><strong>una</strong></span> <span class='ocrx_word' id='word_1_759' title='bbox 3374 4813 3677 4884; x_wconf 88' lang='lat' dir='ltr'><strong>relinquitur</strong></span> <span class='ocrx_word' id='word_1_760' title='bbox 3701 4816 3771 4870; x_wconf 85' lang='lat' dir='ltr'><strong>ad</strong></span> 
     </span>
    </p>
   </div>
   <div class='ocr_carea' id='block_1_52' title="bbox 491 4896 3744 4972">
    <p class='ocr_par' dir='ltr' id='par_1_52' title="bbox 491 4896 3744 4972">
     <span class='ocr_line' id='line_1_52' title="bbox 491 4896 3744 4972; baseline 0 -16"><span class='ocrx_word' id='word_1_761' title='bbox 491 4912 683 4957; x_wconf 90' lang='lat' dir='ltr'><strong>terram</strong></span> <span class='ocrx_word' id='word_1_762' title='bbox 711 4905 881 4958; x_wconf 90' lang='lat' dir='ltr'><strong>inanis</strong></span> <span class='ocrx_word' id='word_1_763' title='bbox 913 4913 962 4958; x_wconf 93' lang='lat' dir='ltr'><strong>et</strong></span> <span class='ocrx_word' id='word_1_764' title='bbox 991 4919 1181 4968; x_wconf 86' lang='lat' dir='ltr'><strong>vacua,</strong></span> <span class='ocrx_word' id='word_1_765' title='bbox 1214 4900 1379 4953; x_wconf 88' lang='lat' dir='ltr'><strong>altera</strong></span> <span class='ocrx_word' id='word_1_766' title='bbox 1406 4897 1705 4969; x_wconf 88' lang='lat' dir='ltr'><strong>producitur</strong></span> <span class='ocrx_word' id='word_1_767' title='bbox 1739 4900 1794 4951; x_wconf 92' lang='lat' dir='ltr'><strong>in</strong></span> <span class='ocrx_word' id='word_1_768' title='bbox 1825 4899 1986 4952; x_wconf 89' lang='lat' dir='ltr'><strong>altum</strong></span> <span class='ocrx_word' id='word_1_769' title='bbox 2014 4909 2200 4953; x_wconf 90' lang='lat' dir='ltr'><strong>onusta</strong></span> <span class='ocrx_word' id='word_1_770' title='bbox 2227 4898 2304 4952; x_wconf 87' lang='lat' dir='ltr'><strong>vel</strong></span> <span class='ocrx_word' id='word_1_771' title='bbox 2331 4898 2502 4967; x_wconf 90' lang='lat' dir='ltr'><strong>plena.</strong></span> <span class='ocrx_word' id='word_1_772' title='bbox 2547 4896 2724 4951; x_wconf 85' lang='lat' dir='ltr'><strong>Vacua</strong></span> <span class='ocrx_word' id='word_1_773' title='bbox 2750 4898 2888 4951; x_wconf 88' lang='lat' dir='ltr'><strong>enim</strong></span> <span class='ocrx_word' id='word_1_774' title='bbox 2917 4897 3198 4971; x_wconf 85' lang='lat' dir='ltr'><strong>Synagoga</strong></span> <span class='ocrx_word' id='word_1_775' title='bbox 3234 4902 3540 4972; x_wconf 84' lang='lat' dir='ltr'><strong>relinquitur</strong></span> <span class='ocrx_word' id='word_1_776' title='bbox 3584 4904 3639 4956; x_wconf 88' lang='lat' dir='ltr'><strong>in</strong></span> <span class='ocrx_word' id='word_1_777' title='bbox 3684 4903 3744 4956; x_wconf 90' lang='lat' dir='ltr'><strong>lit</strong></span> 
     </span>
    </p>
   </div>
   <div class='ocr_carea' id='block_1_53' title="bbox 489 4987 3767 5066">
    <p class='ocr_par' dir='ltr' id='par_1_53' title="bbox 489 4987 3767 5066">
     <span class='ocr_line' id='line_1_53' title="bbox 489 4987 3767 5066; baseline -0 -18"><span class='ocrx_word' id='word_1_778' title='bbox 489 5005 617 5062; x_wconf 87' lang='lat' dir='ltr'><strong>tore,</strong></span> <span class='ocrx_word' id='word_1_779' title='bbox 641 4995 760 5058; x_wconf 87' lang='lat' dir='ltr'><strong>quia</strong></span> <span class='ocrx_word' id='word_1_780' title='bbox 779 4993 1039 5050; x_wconf 83' lang='lat' dir='ltr'><strong>Christum</strong></span> <span class='ocrx_word' id='word_1_781' title='bbox 1060 5012 1176 5050; x_wconf 87' lang='lat' dir='ltr'><strong>cum</strong></span> <span class='ocrx_word' id='word_1_782' title='bbox 1200 4993 1568 5066; x_wconf 81' lang='lat' dir='ltr'><strong>prophetarum</strong></span> <span class='ocrx_word' id='word_1_783' title='bbox 1590 4990 1768 5044; x_wconf 84' lang='lat' dir='ltr'><strong>amisit</strong></span> <span class='ocrx_word' id='word_1_784' title='bbox 1795 4991 2055 5057; x_wconf 85' lang='lat' dir='ltr'><strong>oraculis;</strong></span> <span class='ocrx_word' id='word_1_785' title='bbox 2091 4999 2276 5045; x_wconf 88' lang='lat' dir='ltr'><strong>onusta</strong></span> <span class='ocrx_word' id='word_1_786' title='bbox 2304 4998 2476 5043; x_wconf 88' lang='lat' dir='ltr'><strong>autem</strong></span> <span class='ocrx_word' id='word_1_787' title='bbox 2504 4987 2740 5043; x_wconf 86' lang='lat' dir='ltr'><strong>Ecclesia</strong></span> <span class='ocrx_word' id='word_1_788' title='bbox 2759 4989 2815 5042; x_wconf 91' lang='lat' dir='ltr'><strong>in</strong></span> <span class='ocrx_word' id='word_1_789' title='bbox 2836 4987 2998 5042; x_wconf 91' lang='lat' dir='ltr'><strong>altum</strong></span> <span class='ocrx_word' id='word_1_790' title='bbox 3019 4990 3316 5057; x_wconf 88' lang='lat' dir='ltr'><strong>assumitur,</strong></span> <span class='ocrx_word' id='word_1_791' title='bbox 3341 4993 3462 5061; x_wconf 69' lang='lat' dir='ltr'><strong>quia</strong></span> <span class='ocrx_word' id='word_1_792' title='bbox 3487 4990 3767 5048; x_wconf 83' lang='lat' dir='ltr'><strong>Dominum</strong></span> 
     </span>
    </p>
   </div>
   <div class='ocr_carea' id='block_1_54' title="bbox 565 5161 3766 5238">
    <p class='ocr_par' dir='ltr' id='par_1_54' title="bbox 565 5161 3766 5238">
     <span class='ocr_line' id='line_1_54' title="bbox 565 5161 3766 5238; baseline -0.001 -18"><span class='ocrx_word' id='word_1_793' title='bbox 565 5165 642 5237; x_wconf 90' lang='lat' dir='ltr'><strong>(a)</strong></span> <span class='ocrx_word' id='word_1_794' title='bbox 678 5163 816 5238; x_wconf 81' lang='lat' dir='ltr'><strong>_V_&#39;ide</strong></span> <span class='ocrx_word' id='word_1_795' title='bbox 843 5164 1004 5238; x_wconf 68' lang='lat' dir='ltr'><strong>etiam</strong></span> <span class='ocrx_word' id='word_1_796' title='bbox 1035 5166 1306 5238; x_wconf 76' lang='lat' dir='ltr'><strong>homiliam</strong></span> <span class='ocrx_word' id='word_1_797' title='bbox 1339 5164 1425 5231; x_wconf 77' lang='grc'>18,</span> <span class='ocrx_word' id='word_1_798' title='bbox 1447 5176 1570 5238; x_wconf 82' lang='lat' dir='ltr'><strong>pag.</strong></span> <span class='ocrx_word' id='word_1_799' title='bbox 1604 5161 1690 5217; x_wconf 72' lang='lat'><strong>5!.</strong></span> <span class='ocrx_word' id='word_1_800' title='bbox 1887 5234 1900 5238; x_wconf 92' lang='lat'>_</span> <span class='ocrx_word' id='word_1_801' title='bbox 2174 5166 2480 5238; x_wconf 86' lang='lat' dir='ltr'><strong>minicorum</strong></span> <span class='ocrx_word' id='word_1_802' title='bbox 2506 5169 2730 5238; x_wconf 88' lang='lat' dir='ltr'><strong>_nomine</strong></span> <span class='ocrx_word' id='word_1_803' title='bbox 2759 5166 3027 5238; x_wconf 80' lang='lat' dir='ltr'><strong>honestare</strong></span> <span class='ocrx_word' id='word_1_804' title='bbox 3067 5167 3324 5238; x_wconf 74' lang='lat' dir='ltr'><strong>nituntur)</strong></span> <span class='ocrx_word' id='word_1_805' title='bbox 3343 5207 3357 5228; x_wconf 93' lang='lat'><strong>,</strong></span> <span class='ocrx_word' id='word_1_806' title='bbox 3374 5181 3547 5238; x_wconf 58' lang='lat' dir='ltr'><strong>neque</strong></span> <span class='ocrx_word' id='word_1_807' title='bbox 3573 5165 3766 5238; x_wconf 82' lang='lat' dir='ltr'><strong>ubi__sit</strong></span> 
     </span>
    </p>
   </div>
   <div class='ocr_carea' id='block_1_55' title="bbox 563 5232 3766 5308">
    <p class='ocr_par' dir='ltr' id='par_1_55' title="bbox 563 5232 3766 5308">
     <span class='ocr_line' id='line_1_55' title="bbox 563 5232 3766 5308; baseline -0.001 -18"><span class='ocrx_word' id='word_1_808' title='bbox 563 5232 638 5308; x_wconf 75' lang='grc' dir='ltr'><strong>(ὁ)</strong></span> <span class='ocrx_word' id='word_1_809' title='bbox 676 5235 812 5308; x_wconf 58' lang='lat' dir='ltr'><strong>yide</strong></span> <span class='ocrx_word' id='word_1_810' title='bbox 847 5232 1101 5308; x_wconf 69' lang='lat' dir='ltr'><strong>Cyrillum</strong></span> <span class='ocrx_word' id='word_1_811' title='bbox 1131 5232 1942 5308; x_wconf 45' lang='lat' dir='ltr'><strong>llierosolyuiitauum,catecli.</strong></span> <span class='ocrx_word' id='word_1_812' title='bbox 1979 5233 2065 5308; x_wconf 69' lang='lat' dir='ltr'><strong>l8,</strong></span> <span class='ocrx_word' id='word_1_813' title='bbox 2177 5236 2476 5308; x_wconf 86' lang='lat' dir='ltr'><strong>simpliciter</strong></span> <span class='ocrx_word' id='word_1_814' title='bbox 2496 5234 2761 5308; x_wconf 85' lang='lat' dir='ltr'><strong>Ecclesia;</strong></span> <span class='ocrx_word' id='word_1_815' title='bbox 2783 5237 2873 5290; x_wconf 85' lang='lat' dir='ltr'><strong>sed</strong></span> <span class='ocrx_word' id='word_1_816' title='bbox 2895 5235 2979 5308; x_wconf 84' lang='lat' dir='ltr'><strong>ubi</strong></span> <span class='ocrx_word' id='word_1_817' title='bbox 3000 5237 3066 5308; x_wconf 82' lang='lat' dir='ltr'><strong>sit</strong></span> <span class='ocrx_word' id='word_1_818' title='bbox 3089 5232 3343 5291; x_wconf 86' lang='lat' dir='ltr'><strong>catholica</strong></span> <span class='ocrx_word' id='word_1_819' title='bbox 3364 5232 3618 5290; x_wconf 80' lang='lat' dir='ltr'><strong>Ecclesia.</strong></span> <span class='ocrx_word' id='word_1_820' title='bbox 3649 5234 3766 5289; x_wconf 87' lang='lat' dir='ltr'><strong>Iloc</strong></span> 
     </span>
    </p>
   </div>
   <div class='ocr_carea' id='block_1_56' title="bbox 488 5302 3765 5428">
    <p class='ocr_par' dir='ltr' id='par_1_56' title="bbox 488 5302 3765 5428">
     <span class='ocr_line' id='line_1_56' title="bbox 488 5302 3765 5428; baseline -0.001 -66"><span class='ocrx_word' id='word_1_821' title='bbox 488 5302 637 5363; x_wconf 55' lang='lat' dir='ltr'><strong>num;</strong></span> <span class='ocrx_word' id='word_1_822' title='bbox 670 5305 760 5372; x_wconf 81' lang='lat'><strong>25,</strong></span> <span class='ocrx_word' id='word_1_823' title='bbox 792 5302 918 5428; x_wconf 49' lang='lat' dir='ltr'><strong>pag.</strong></span> <span class='ocrx_word' id='word_1_824' title='bbox 948 5302 1073 5367; x_wconf 79' lang='lat'><strong>297,</strong></span> <span class='ocrx_word' id='word_1_825' title='bbox 1105 5307 1195 5359; x_wconf 85' lang='lat' dir='ltr'><strong>ubi</strong></span> <span class='ocrx_word' id='word_1_826' title='bbox 1225 5302 1408 5374; x_wconf 57' lang='lat' dir='ltr'><strong>leges&#39;:</strong></span> <span class='ocrx_word' id='word_1_827' title='bbox 1445 5304 1558 5361; x_wconf 89' lang='lat' dir='ltr'><strong>Tibi</strong></span> <span class='ocrx_word' id='word_1_828' title='bbox 1588 5305 1802 5359; x_wconf 88' lang='lat' dir='ltr'><strong>tradidit</strong></span> <span class='ocrx_word' id='word_1_829' title='bbox 1830 5304 1959 5376; x_wconf 85' lang='lat' dir='ltr'><strong>ﬁdes</strong></span> <span class='ocrx_word' id='word_1_830' title='bbox 1994 5304 2074 5358; x_wconf 85' lang='lat' dir='ltr'><strong>ita</strong></span> <span class='ocrx_word' id='word_1_831' title='bbox 2172 5302 2308 5359; x_wconf 83' lang='lat' dir='ltr'><strong>enim</strong></span> <span class='ocrx_word' id='word_1_832' title='bbox 2331 5305 2596 5375; x_wconf 88' lang='lat' dir='ltr'><strong>proprium</strong></span> <span class='ocrx_word' id='word_1_833' title='bbox 2625 5323 2809 5362; x_wconf 90' lang='lat' dir='ltr'><strong>nomen</strong></span> <span class='ocrx_word' id='word_1_834' title='bbox 2837 5315 2913 5360; x_wconf 88' lang='lat' dir='ltr'><strong>est</strong></span> <span class='ocrx_word' id='word_1_835' title='bbox 2935 5306 3087 5376; x_wconf 88' lang='lat' dir='ltr'><strong>hujus</strong></span> <span class='ocrx_word' id='word_1_836' title='bbox 3106 5315 3321 5370; x_wconf 58' lang='lat' dir='ltr'><strong>sanctus,</strong></span> <span class='ocrx_word' id='word_1_837' title='bbox 3363 5316 3412 5358; x_wconf 88' lang='lat' dir='ltr'><strong>et</strong></span> <span class='ocrx_word' id='word_1_838' title='bbox 3441 5308 3626 5360; x_wconf 83' lang='lat' dir='ltr'><strong>matris</strong></span> <span class='ocrx_word' id='word_1_839' title='bbox 3654 5322 3765 5359; x_wconf 88' lang='lat' dir='ltr'><strong>om-</strong></span> 
     </span>
     <span class='ocr_line' id='line_1_57' title="bbox 489 5373 3765 5428; baseline 0 0"><span class='ocrx_word' id='word_1_840' title='bbox 489 5378 762 5428; x_wconf 89' lang='lat' dir='ltr'><strong>tenendum</strong></span> <span class='ocrx_word' id='word_1_841' title='bbox 783 5393 800 5428; x_wconf 92' lang='lat'><em>:</em></span> <span class='ocrx_word' id='word_1_842' title='bbox 839 5395 855 5427; x_wconf 86' lang='grc'><em>‹</em></span> <span class='ocrx_word' id='word_1_843' title='bbox 918 5376 1010 5428; x_wconf 91' lang='lat' dir='ltr'><strong>tin</strong></span> <span class='ocrx_word' id='word_1_844' title='bbox 1049 5390 1203 5428; x_wconf 90' lang='lat' dir='ltr'><strong>unum</strong></span> <span class='ocrx_word' id='word_1_845' title='bbox 1234 5385 1472 5428; x_wconf 88' lang='lat' dir='ltr'><strong>sanctam</strong></span> <span class='ocrx_word' id='word_1_846' title='bbox 1536 5376 1824 5428; x_wconf 86' lang='lat' dir='ltr'><strong>Ecclesium</strong></span> <span class='ocrx_word' id='word_1_847' title='bbox 1852 5373 2079 5428; x_wconf 61' lang='lat' dir='ltr'><strong>catholw</strong></span> <span class='ocrx_word' id='word_1_848' title='bbox 2174 5376 2316 5428; x_wconf 91' lang='lat' dir='ltr'><strong>nium</strong></span> <span class='ocrx_word' id='word_1_849' title='bbox 2337 5384 2649 5428; x_wconf 87' lang='lat' dir='ltr'><strong>nostrorum.</strong></span> <span class='ocrx_word' id='word_1_850' title='bbox 2683 5376 2802 5428; x_wconf 89' lang='lat' dir='ltr'><strong>Ouo</strong></span> <span class='ocrx_word' id='word_1_851' title='bbox 2823 5377 2987 5428; x_wconf 83' lang='lat' dir='ltr'><strong>etiam</strong></span> <span class='ocrx_word' id='word_1_852' title='bbox 3009 5384 3272 5428; x_wconf 77' lang='lat' dir='ltr'><strong>spectant.</strong></span> <span class='ocrx_word' id='word_1_853' title='bbox 3304 5390 3426 5428; x_wconf 59' lang='lat' dir='ltr'><strong>uuae</strong></span> <span class='ocrx_word' id='word_1_854' title='bbox 3452 5376 3612 5428; x_wconf 88' lang='lat' dir='ltr'><strong>docet</strong></span> <span class='ocrx_word' id='word_1_855' title='bbox 3640 5390 3765 5428; x_wconf 85' lang='lat' dir='ltr'><strong>san-</strong></span> 
     </span>
    </p>
   </div>
   <div class='ocr_carea' id='block_1_57' title="bbox 489 5373 3766 5445">
    <p class='ocr_par' dir='ltr' id='par_1_57' title="bbox 489 5373 3766 5445">
     <span class='ocr_line' id='line_1_58' title="bbox 489 5373 3766 5445; baseline -0.001 -14"><span class='ocrx_word' id='word_1_856' title='bbox 489 5378 762 5432; x_wconf 88' lang='lat' dir='ltr'><strong>tenendum</strong></span> <span class='ocrx_word' id='word_1_857' title='bbox 783 5373 811 5430; x_wconf 72' lang='grc' dir='ltr'><em>ῐ</em></span> <span class='ocrx_word' id='word_1_858' title='bbox 839 5373 936 5428; x_wconf 70' lang='lat' dir='ltr'><strong>«Et</strong></span> <span class='ocrx_word' id='word_1_859' title='bbox 958 5376 1203 5445; x_wconf 90' lang='lat' dir='ltr'><strong>in_unam</strong></span> <span class='ocrx_word' id='word_1_860' title='bbox 1234 5373 1472 5430; x_wconf 83' lang='lat' dir='ltr'><strong>sanctam</strong></span> <span class='ocrx_word' id='word_1_861' title='bbox 1536 5373 2079 5430; x_wconf 42' lang='lat' dir='ltr'><strong>Ecclesiam&#39;catholw</strong></span> <span class='ocrx_word' id='word_1_862' title='bbox 2174 5373 2649 5431; x_wconf 28' lang='lat' dir='ltr'><strong>nium—nostrorum.</strong></span> <span class='ocrx_word' id='word_1_863' title='bbox 2683 5376 2802 5444; x_wconf 85' lang='lat' dir='ltr'><strong>Quo</strong></span> <span class='ocrx_word' id='word_1_864' title='bbox 2823 5377 2987 5430; x_wconf 85' lang='lat' dir='ltr'><strong>etiam</strong></span> <span class='ocrx_word' id='word_1_865' title='bbox 3001 5373 3272 5445; x_wconf 74' lang='lat' dir='ltr'><strong>spectant,</strong></span> <span class='ocrx_word' id='word_1_866' title='bbox 3304 5390 3426 5445; x_wconf 65' lang='lat' dir='ltr'><strong>quae</strong></span> <span class='ocrx_word' id='word_1_867' title='bbox 3452 5376 3612 5445; x_wconf 87' lang='lat' dir='ltr'><strong>docet</strong></span> <span class='ocrx_word' id='word_1_868' title='bbox 3640 5390 3766 5430; x_wconf 82' lang='lat' dir='ltr'><strong>san-</strong></span> 
     </span>
    </p>
   </div>
   <div class='ocr_carea' id='block_1_58' title="bbox 489 5443 3764 5519">
    <p class='ocr_par' dir='ltr' id='par_1_58' title="bbox 489 5443 3764 5519">
     <span class='ocr_line' id='line_1_59' title="bbox 489 5443 3764 5519; baseline -0.001 -18"><span class='ocrx_word' id='word_1_869' title='bbox 489 5463 622 5513; x_wconf 91' lang='lat' dir='ltr'><strong>cam,</strong></span> <span class='ocrx_word' id='word_1_870' title='bbox 646 5467 664 5499; x_wconf 75' lang='grc' dir='ltr'><strong><em>ι</em></strong></span> <span class='ocrx_word' id='word_1_871' title='bbox 689 5454 744 5500; x_wconf 88' lang='lat' dir='ltr'><strong>ut</strong></span> <span class='ocrx_word' id='word_1_872' title='bbox 773 5462 955 5519; x_wconf 85' lang='lat' dir='ltr'><strong>eorum</strong></span> <span class='ocrx_word' id='word_1_873' title='bbox 985 5443 1586 5519; x_wconf 56' lang='lat' dir='ltr'><strong>abominanddcollegia</strong></span> <span class='ocrx_word' id='word_1_874' title='bbox 1616 5448 1840 5519; x_wconf 73' lang='lat' dir='ltr'><strong>fugiens,</strong></span> <span class='ocrx_word' id='word_1_875' title='bbox 1887 5445 2071 5498; x_wconf 70' lang='lat' dir='ltr'><strong>adhae-</strong></span> <span class='ocrx_word' id='word_1_876' title='bbox 2173 5453 2292 5516; x_wconf 77' lang='lat' dir='ltr'><strong>ctus</strong></span> <span class='ocrx_word' id='word_1_877' title='bbox 2350 5443 2721 5519; x_wconf 51' lang='lat' dir='ltr'><strong>Augustinus</strong></span> <span class='ocrx_word' id='word_1_878' title='bbox 2750 5447 2843 5501; x_wconf 91' lang='lat' dir='ltr'><strong>lib.</strong></span> <span class='ocrx_word' id='word_1_879' title='bbox 2896 5443 3078 5519; x_wconf 71' lang='lat' dir='ltr'><strong>contra</strong></span> <span class='ocrx_word' id='word_1_880' title='bbox 3131 5443 3420 5519; x_wconf 66' lang='lat' dir='ltr'><strong>Epistulam</strong></span> <span class='ocrx_word' id='word_1_881' title='bbox 3483 5444 3764 5519; x_wconf 72' lang='lat' dir='ltr'><strong>Manichuri</strong></span> 
     </span>
    </p>
   </div>
   <div class='ocr_carea' id='block_1_59' title="bbox 489 5512 3761 5588">
    <p class='ocr_par' dir='ltr' id='par_1_59' title="bbox 489 5512 3761 5588">
     <span class='ocr_line' id='line_1_60' title="bbox 489 5512 3761 5588; baseline -0 -18"><span class='ocrx_word' id='word_1_882' title='bbox 489 5534 607 5588; x_wconf 79' lang='lat' dir='ltr'><strong>reas</strong></span> <span class='ocrx_word' id='word_1_883' title='bbox 626 5533 823 5584; x_wconf 87' lang='lat' dir='ltr'><strong>semper</strong></span> <span class='ocrx_word' id='word_1_884' title='bbox 851 5515 1116 5588; x_wconf 83' lang='lat' dir='ltr'><strong>catholica:</strong></span> <span class='ocrx_word' id='word_1_885' title='bbox 1137 5512 1401 5588; x_wconf 73' lang='lat' dir='ltr'><strong>Ecclesia:</strong></span> <span class='ocrx_word' id='word_1_886' title='bbox 1420 5557 1433 5580; x_wconf 96' lang='lat'><strong>,</strong></span> <span class='ocrx_word' id='word_1_887' title='bbox 1465 5512 1520 5570; x_wconf 78' lang='lat' dir='ltr'><strong>in</strong></span> <span class='ocrx_word' id='word_1_888' title='bbox 1547 5512 1647 5587; x_wconf 82' lang='lat' dir='ltr'><strong>qua</strong></span> <span class='ocrx_word' id='word_1_889' title='bbox 1673 5512 1725 5570; x_wconf 69' lang='lat' dir='ltr'><strong>ct</strong></span> <span class='ocrx_word' id='word_1_890' title='bbox 1760 5523 1967 5588; x_wconf 85' lang='lat' dir='ltr'><strong>renatus</strong></span> <span class='ocrx_word' id='word_1_891' title='bbox 1993 5531 2067 5568; x_wconf 88' lang='lat' dir='ltr'><strong>es.</strong></span> <span class='ocrx_word' id='word_1_892' title='bbox 2174 5512 2296 5588; x_wconf 75' lang='lat' dir='ltr'><strong>cap.</strong></span> <span class='ocrx_word' id='word_1_893' title='bbox 2338 5514 2390 5581; x_wconf 71' lang='grc'>4,</span> <span class='ocrx_word' id='word_1_894' title='bbox 2438 5533 2585 5572; x_wconf 88' lang='lat' dir='ltr'><strong>num.</strong></span> <span class='ocrx_word' id='word_1_895' title='bbox 2627 5516 2681 5588; x_wconf 86' lang='lat'><strong>5,</strong></span> <span class='ocrx_word' id='word_1_896' title='bbox 2727 5530 2848 5586; x_wconf 78' lang='lat' dir='ltr'><strong>pag.</strong></span> <span class='ocrx_word' id='word_1_897' title='bbox 2896 5515 3018 5581; x_wconf 84' lang='grc'>110,</span> <span class='ocrx_word' id='word_1_898' title='bbox 3050 5512 3188 5572; x_wconf 81' lang='grc' dir='ltr'><strong>ιυιιι.’</strong></span> <span class='ocrx_word' id='word_1_899' title='bbox 3234 5515 3347 5572; x_wconf 85' lang='lat' dir='ltr'><strong>Vlll</strong></span> <span class='ocrx_word' id='word_1_900' title='bbox 3376 5531 3601 5588; x_wconf 83' lang='lat' dir='ltr'><strong>operum</strong></span> <span class='ocrx_word' id='word_1_901' title='bbox 3629 5513 3761 5570; x_wconf 78' lang='lat' dir='ltr'><strong>edit.</strong></span> 
     </span>
    </p>
   </div>
   <div class='ocr_carea' id='block_1_60' title="bbox 490 5584 2751 5658">
    <p class='ocr_par' dir='ltr' id='par_1_60' title="bbox 490 5584 2751 5658">
     <span class='ocr_line' id='line_1_61' title="bbox 490 5584 2751 5658; baseline 0.001 -18"><span class='ocrx_word' id='word_1_902' title='bbox 490 5586 564 5640; x_wconf 82' lang='lat' dir='ltr'><strong>Et</strong></span> <span class='ocrx_word' id='word_1_903' title='bbox 607 5589 651 5641; x_wconf 90' lang='lat' dir='ltr'><strong>si</strong></span> <span class='ocrx_word' id='word_1_904' title='bbox 697 5587 901 5658; x_wconf 88' lang='lat' dir='ltr'><strong>quando</strong></span> <span class='ocrx_word' id='word_1_905' title='bbox 948 5584 1326 5658; x_wconf 69' lang='lat' dir='ltr'><strong>peregrinatus</strong></span> <span class='ocrx_word' id='word_1_906' title='bbox 1350 5587 1507 5658; x_wconf 78' lang='lat' dir='ltr'><strong>fueris</strong></span> <span class='ocrx_word' id='word_1_907' title='bbox 1557 5584 1613 5640; x_wconf 87' lang='lat' dir='ltr'><strong>in</strong></span> <span class='ocrx_word' id='word_1_908' title='bbox 1644 5585 2068 5658; x_wconf 83' lang='lat' dir='ltr'><strong>civitatibus,ne</strong></span> <span class='ocrx_word' id='word_1_909' title='bbox 2175 5585 2436 5658; x_wconf 57' lang='lat' dir='ltr'><strong>Antueiy.</strong></span> <span class='ocrx_word' id='word_1_910' title='bbox 2468 5601 2556 5640; x_wconf 91' lang='lat' dir='ltr'><strong>an.</strong></span> <span class='ocrx_word' id='word_1_911' title='bbox 2593 5584 2751 5658; x_wconf 51' lang='grc' dir='ltr'><strong>17οίοζ</strong></span> 
     </span>
    </p>
   </div>
   <div class='ocr_carea' id='block_1_61' title="bbox 484 5601 3198 5730">
    <p class='ocr_par' dir='ltr' id='par_1_61' title="bbox 484 5601 3198 5730">
     <span class='ocr_line' id='line_1_62' title="bbox 490 5601 2751 5658; baseline 0.001 -18"><span class='ocrx_word' id='word_1_912' title='bbox 490 5601 564 5640; x_wconf 67' lang='lat' dir='ltr'><strong>[tt</strong></span> <span class='ocrx_word' id='word_1_913' title='bbox 607 5605 651 5641; x_wconf 75' lang='grc' dir='ltr'><strong><em>δι</em></strong></span> <span class='ocrx_word' id='word_1_914' title='bbox 697 5601 901 5658; x_wconf 83' lang='lat' dir='ltr'><strong>quando</strong></span> <span class='ocrx_word' id='word_1_915' title='bbox 948 5601 1303 5656; x_wconf 77' lang='lat' dir='ltr'><strong>peregrinatus</strong></span> <span class='ocrx_word' id='word_1_916' title='bbox 1350 5601 1507 5656; x_wconf 59' lang='lat' dir='ltr'><strong>[ueris</strong></span> <span class='ocrx_word' id='word_1_917' title='bbox 1557 5604 1613 5640; x_wconf 78' lang='lat' dir='ltr'><strong>in</strong></span> <span class='ocrx_word' id='word_1_918' title='bbox 1660 5601 1976 5649; x_wconf 77' lang='lat' dir='ltr'><strong>civitatibus,</strong></span> <span class='ocrx_word' id='word_1_919' title='bbox 2004 5601 2068 5639; x_wconf 87' lang='lat' dir='ltr'><strong>ne</strong></span> <span class='ocrx_word' id='word_1_920' title='bbox 2175 5601 2348 5640; x_wconf 69' lang='lat' dir='ltr'><strong>nntue</strong></span> <span class='ocrx_word' id='word_1_921' title='bbox 2422 5627 2436 5640; x_wconf 92' lang='lat'><strong>.</strong></span> <span class='ocrx_word' id='word_1_922' title='bbox 2468 5601 2556 5640; x_wconf 91' lang='lat' dir='ltr'><strong>an.</strong></span> <span class='ocrx_word' id='word_1_923' title='bbox 2593 5601 2751 5642; x_wconf 82' lang='lat' dir='ltr'><strong>1tUU.</strong></span> 
     </span>
     <span class='ocr_line' id='line_1_63' title="bbox 484 5601 3198 5730; baseline -0.001 -18"><span class='ocrx_word' id='word_1_924' title='bbox 484 5658 791 5721; x_wconf 84' lang='lat' dir='ltr'><strong>simpliciter</strong></span> <span class='ocrx_word' id='word_1_925' title='bbox 827 5659 1055 5730; x_wconf 81' lang='lat' dir='ltr'><strong>requiras</strong></span> <span class='ocrx_word' id='word_1_926' title='bbox 1085 5655 1170 5708; x_wconf 89' lang='lat' dir='ltr'><strong>ubi</strong></span> <span class='ocrx_word' id='word_1_927' title='bbox 1197 5655 1264 5708; x_wconf 85' lang='lat' dir='ltr'><strong>sit</strong></span> <span class='ocrx_word' id='word_1_928' title='bbox 1292 5654 1600 5730; x_wconf 75' lang='lat' dir='ltr'><strong>dominicum</strong></span> <span class='ocrx_word' id='word_1_929' title='bbox 1631 5657 1776 5730; x_wconf 83' lang='lat' dir='ltr'><strong>(nam</strong></span> <span class='ocrx_word' id='word_1_930' title='bbox 1797 5666 1847 5710; x_wconf 90' lang='lat' dir='ltr'><strong>et</strong></span> <span class='ocrx_word' id='word_1_931' title='bbox 1873 5657 2061 5730; x_wconf 78' lang='lat' dir='ltr'><strong>impio-</strong></span> <span class='ocrx_word' id='word_1_932' title='bbox 2241 5654 2314 5726; x_wconf 91' lang='lat' dir='ltr'><strong>(c)</strong></span> <span class='ocrx_word' id='word_1_933' title='bbox 2353 5601 2615 5715; x_wconf 54' lang='lat' dir='ltr'><strong>genuum:</strong></span> <span class='ocrx_word' id='word_1_934' title='bbox 2643 5657 2732 5725; x_wconf 60' lang='lat' dir='ltr'><strong>9b,</strong></span> <span class='ocrx_word' id='word_1_935' title='bbox 2762 5671 2887 5730; x_wconf 73' lang='lat' dir='ltr'><strong>pag.</strong></span> <span class='ocrx_word' id='word_1_936' title='bbox 2919 5655 3023 5712; x_wconf 75' lang='grc'><strong>640</strong></span> <span class='ocrx_word' id='word_1_937' title='bbox 3048 5670 3198 5726; x_wconf 78' lang='lat' dir='ltr'><strong>seqq.</strong></span> 
     </span>
    </p>
   </div>
   <div class='ocr_carea' id='block_1_62' title="bbox 482 5725 2500 5796">
    <p class='ocr_par' dir='ltr' id='par_1_62' title="bbox 482 5725 2500 5796">
     <span class='ocr_line' id='line_1_64' title="bbox 482 5725 2500 5796; baseline 0.001 -18"><span class='ocrx_word' id='word_1_938' title='bbox 482 5742 596 5782; x_wconf 79' lang='lat' dir='ltr'><strong>rum</strong></span> <span class='ocrx_word' id='word_1_939' title='bbox 628 5739 779 5785; x_wconf 83' lang='lat' dir='ltr'><strong>sectte</strong></span> <span class='ocrx_word' id='word_1_940' title='bbox 814 5725 964 5794; x_wconf 78' lang='lat' dir='ltr'><strong>atque</strong></span> <span class='ocrx_word' id='word_1_941' title='bbox 997 5727 1226 5782; x_wconf 81' lang='lat' dir='ltr'><strong>&#39;hwrescs</strong></span> <span class='ocrx_word' id='word_1_942' title='bbox 1263 5740 1384 5780; x_wconf 88' lang='lat' dir='ltr'><strong>suas</strong></span> <span class='ocrx_word' id='word_1_943' title='bbox 1413 5725 1638 5794; x_wconf 89' lang='lat' dir='ltr'><strong>ipsorum</strong></span> <span class='ocrx_word' id='word_1_944' title='bbox 1668 5727 1934 5796; x_wconf 85' lang='lat' dir='ltr'><strong>speluncas</strong></span> <span class='ocrx_word' id='word_1_945' title='bbox 1963 5725 2058 5792; x_wconf 60' lang='lat' dir='ltr'><strong>doc</strong></span> <span class='ocrx_word' id='word_1_946' title='bbox 2296 5725 2301 5726; x_wconf 54' lang='grc'><strong><em>⁷</em></strong></span> <span class='ocrx_word' id='word_1_947' title='bbox 2493 5789 2500 5791; x_wconf 22' lang='grc' dir='ltr'>λλ</span> 
     </span>
    </p>
   </div>
  </div>
