4138 6186
342 332 450 387 1θὸ
1752 334 1976 393 PREFl

1963 335 2134 396 A110.
2364 352 2375 363 '
3495 340 3597 393 106

336 461 458 498 cum
484 444 838 514 apostolorum
864 443 1097 499 doctrina
1125 447 1363 515 suscepit.
1395 446 1696 517 Synagoga,
1726 447 1953 517 inquam,
1982 446 2285 517 relinquitur
2306 460 2374 497 ua
2394 452 2586 508 terras,
2618 446 2765 516 quasi
2797 450 3008 501 terrenis
3048 448 3302 502 inhaerens
3330 453 3594 517 aperanti-

337 536 469 599 bus;
493 532 728 586 Ecclesia
756 544 923 588 autem
944 536 996 589 in
1017 536 1339 590 altitudinem
1366 545 1621 600 evocatur,
1647 545 1887 606 tanquam
1906 537 2145 589 calorum
2173 539 2432 607 profunda
2458 547 2782 591 sacramenta
2802 540 3103 604 discutiens,
3132 542 3186 593 in
3219 540 3365 594 illam
3404 542 3598 595 scilicet

336 624 666 677 altitudinem
690 625 753 678 de
772 642 870 697 qua
898 626 1167 697 Apostolus
1190 630 1301 681 ait:
1326 627 1370 680 0
1397 626 1613 680 altitudo
1636 626 1930 680 divitiarum
1958 628 2226 695 sapientiae
2253 637 2303 681 et
2328 630 2555 682 scientia:
2584 628 2698 682 Dei.
2731 629 3014 698 PrOpterea
3036 630 3221 683 dicitur
3250 630 3407 684 Petro
3439 647 3456 683 :
3486 630 3600 684 Duc

332 717 393 768 in
424 716 603 778 altum,
634 714 730 767 hoc
756 726 831 769 est
859 717 912 768 in
942 717 1252 786 profundam
1279 717 1686 785 disputationum
1718 715 1793 785 (α)
1822 717 2166 785 generationis
2195 718 2397 771 divinat.
2428 716 2564 780 Quid
2582 720 2715 770 enim
2739 728 2839 771 tam
2866 720 3177 788 profundum
3197 737 3347 791 quant
3368 721 3502 791 quod
3522 722 3597 774 ait

343 804 528 857 Petrus
555 804 625 856 ad
652 804 929 858 Dominum
953 821 969 858 :
1003 804 1074 857 Tu
1096 822 1149 859 es
1178 803 1410 858 Christus
1440 802 1485 855 F
1489 804 1607 857 ilius
1636 802 1732 855 Dei
1753 803 1888 856 rivi?
1912 803 2046 869 Quid
2068 813 2173 856 tam
2195 813 2448 857 terrenum
2469 822 2617 875 quam
2641 805 2775 874 quod
2796 805 2857 857 de
2876 804 3097 859 Domino
3126 807 3365 861 dixerunt
3383 807 3555 861 Judtei
3578 824 3596 859 :

342 896 537 950 Nonne
564 898 645 949 hic
672 907 748 951 est
775 898 916 966 ﬁlius
942 896 1134 966 Ioseph
1164 897 1298 968 fabri
1315 898 1426 949 ?....
1461 895 1610 949 Unde
1639 895 1711 948 ait
1743 893 1984 948 Salvator
2011 895 2167 948 Petro
2198 911 2214 948 :
2250 895 2381 961 Quia
2406 912 2507 948 non
2535 913 2654 948 caro
2683 905 2729 947 et
2754 898 2962 965 sanguis
2987 895 3073 949 tibi
3101 897 3193 949 hoc
3222 897 3479 960 revelavit,
3506 897 3599 950 sed

340 989 505 1042 Pater
531 1004 692 1052 meus,
721 989 806 1059 qui
834 989 888 1040 in
919 988 1055 1041 caelis
1076 996 1171 1040 est.
1202 987 1479 1041 Pharisazis
1503 997 1672 1039 autem
1700 986 1824 1039 dicit
1851 1002 1868 1038 :
1901 983 2166 1049 Quomodo
2195 989 2404 1056 potatis
2448 988 2581 1040 bona
2622 987 2796 1055 loqui,
2827 1003 2939 1039 cum
2982 989 3093 1041 sitis
3134 1005 3355 1059 nequam
3375 990 3400 1042 7
3447 988 3600 1042 "anc

337 1082 503 1150 igitur
531 1095 699 1134 SOLAI
722 1079 1000 1135 Eccnssu:
1027 1095 1199 1134 mrsu
1228 1080 1457 1133 ascendit
1476 1077 1749 1143 Dominus,
1780 1094 1832 1132 IN
1861 1093 1962 1140 QUA
1991 1076 2204 1132 Penus
2229 1093 2488 1133 uersum
2522 1094 2619 1132 esr
2663 1092 3022 1132 consrrrurus
3051 1096 3062 1129 :
3095 1094 3318 1132 mceurn
3349 1079 3554 1133 ΒοωΝο
3588 1097 3599 1107 ·

341 1169 514 1239 Super
540 1170 673 1222 hanc
697 1180 894 1240 petram
915 1170 1182 1239 azdiﬁcabo
1209 1169 1497 1223 Ecclesiam
1523 1185 1709 1221 meam.
1745 1166 1872 1231 Quae
1901 1170 2044 1222 navis
2071 1171 2125 1221 in
2151 1171 2312 1222 altum
2339 1172 2516 1223 surculi
2539 1170 2691 1238 hujus
2718 1170 2792 1221 ita
2820 1176 2986 1230 natat,
3019 1178 3092 1232 ut,
3124 1178 3364 1237 pereunte
3385 1170 3597 1233 mundo,

334 1276 521 1314 omnes
544 1277 671 1329 quos
699 1261 910 1330 suscipit
930 1270 1086 1313 servet
1115 1260 1324 1314 illwsos.
1346 1258 1505 1331 Cujus
1533 1260 1754 1330 ﬁguram
1769 1260 1883 1329 jam
1902 1262 1956 1313 in
1991 1259 2159 1314 Veteri
2183 1261 2407 1315 videmus
2440 1261 2780 1314 Testamento.
2808 1259 2955 1314 Sicut
2976 1262 3111 1313 enim
3134 1259 3249 1314 Noe
3276 1278 3400 1314 arca
3420 1303 3435 1327 ,
3470 1280 3605 1317 nau—

338 1352 584 1422 fragante
610 1350 800 1404 mundo
818 1386 834 1412 ,
866 1359 1076 1404 cunctos
1101 1367 1224 1422 quos
1247 1361 1537 1420 susceperat
1559 1342 1842 1406 incolumes
1866 1354 2169 1416 reservavit;
2196 1354 2271 1405 ita
2295 1368 2363 1406 ur
2384 1350 2554 1406 Pn'rm
2580 1349 2858 1415 Eccuzsu,
2892 1353 3242 1423 conﬂagrante
3260 1355 3447 1409 swcnlo
3464 1397 3478 1419 ,
3510 1373 3609 1410 ou-

338 1455 441 1494 ues
469 1454 604 1501 quos
631 1454 1023 1504 AIPLECTI‘I‘UR,
1054 1455 1503 1495 nernmsnura‘mr
1533 1456 1878 1497 11.1.3808..."
1913 1440 2020 1496 Sed
2046 1444 2287 1513 quoniam
2316 1443 2446 1495 hanc
2475 1444 2702 1495 eamdem
2728 1445 3015 1496 naviculam
3043 1443 3186 1497 Petri
3209 1440 3237 1507 ,'
3258 1446 3322 1499 de
3347 1464 3445 1516 qua
3473 1464 3610 1501 nunc

336 1530 601 1583 Dominus
629 1528 843 1582 celestis
864 1528 1115 1582 doctrina:
1141 1545 1251 1583 sate
1274 1540 1600 1585 sacramenta
1627 1531 1898 1600 depromit,
1928 1532 2140 1601 legimus
2160 1534 2213 1585 in
2240 1531 2508 1597 Matthteo,
2537 1532 2821 1586 dormiente
2857 1536 2911 1585 in
2934 1534 3112 1586 eadem
3154 1534 3398 1601 Domino,
3447 1540 3610 1592 ventis

329 1618 724 1688 insurgentibus
751 1616 1119 1687 perturbatam,
1147 1619 1222 1671 ita
1248 1629 1304 1671 ut
1325 1622 1502 1673 cuncti
1523 1622 1745 1691 apostoli
1771 1624 1951 1674 mortis
1979 1622 2259 1691 periculum
2290 1623 2664 1693 formidarent;
2693 1623 2954 1677 videamus
3000 1641 3114 1694 qua:
3141 1641 3297 1679 causa
3330 1627 3493 1699 [cvntl
3533 1641 3612 1683 est

334 1711 485 1781 quod
505 1727 609 1763 una
630 1709 904 1777 eademque
925 1710 1163 1764 navicula
1184 1711 1267 1764 hic
1288 1713 1343 1765 in
1366 1712 1735 1784 tranquillitate
1754 1712 2041 1766 doctrinam
2061 1713 2261 1782 populis
2284 1714 2478 1777 tribuit,
2501 1715 2570 1767 ibi
2592 1716 2648 1767 in
2671 1724 2966 1784 tempestate
2985 1716 3249 1785 discipulis
3272 1729 3459 1773 metum
3478 1737 3610 1775 utor-

338 1806 412 1855 tis
431 1801 630 1865 indicit,
655 1801 941 1869 prtesertim
968 1816 1080 1854 cum
1101 1801 1170 1855 ibi
1190 1803 1347 1855 etiam
1373 1819 1488 1856 cum
1514 1804 1714 1857 steteris
1744 1804 1992 1872 apostolis
2018 1803 2199 1858 Simon
2220 1804 2406 1859 Petrus
2426 1815 2576 1859 esset.
2600 1806 2725 1861 Haec
2745 1816 2820 1861 est
2841 1817 3010 1861 autem
3038 1826 3196 1862 causa
3224 1812 3476 1880 periculi:
3497 1825 3611 1867 erat

334 1893 416 1946 ibi
446 1891 631 1945 Simon
664 1888 851 1943 Petrus
873 1907 890 1953 ;
918 1889 1008 1943 sed
1025 1899 1137 1943 erat
1161 1892 1356 1960 pariter
1383 1901 1432 1944 et
1459 1893 1692 1962 proditor
1715 1892 1902 1946 Judas.
1930 1891 2171 1955 Quamvis
2192 1897 2327 1947 enim
2348 1895 2488 1948 illius
2510 1897 2640 1964 ﬁdes
2664 1897 2906 1967 fundaret
2929 1889 3238 1963 naviculam,
3260 1900 3413 1970 hujus
3436 1912 3607 1957 tamen

330 2000 456 2036 eam
476 1982 695 2052 perﬁdia
718 1978 1073 2034 conturbabat.
1110 1979 1480 2052 Tranquillitas
1507 1990 1601 2046 est,
1638 1982 1712 2052 (b)
1742 1981 1827 2035 ubi
1859 1981 2071 2036 Penus
2100 1998 2259 2037 sows
2284 1998 2541 2047 nmen;
2585 1995 2853 2053 tempestas
2881 1985 2965 2039 ubi
2990 1986 3158 2039 ludas
3193 1989 3607 2059 adjungitur.....

341 2071 688 2127 Metuentibus
716 2072 874 2141 igitur
902 2070 1186 2139 discipulis,
1210 2073 1458 2123 anxiante
1483 2070 1659 2135 Petro,
1689 2071 1975 2125 dormiebat
1999 2072 2272 2125 Dominus.
2300 2072 2491 2125 Mirum
2519 2076 2652 2142 forte
2686 2074 2920 2127 videatur
2944 2076 3079 2145 quod
3096 2116 3111 2141 ,
3152 2079 3400 2129 anxiante
3424 2078 3606 2140 Petro,

333 2163 632 2219 dormiebat
663 2163 931 2216 Dominus.
960 2163 1257 2216 Dormicbat
1286 2162 1461 2225 Petro,
1496 2178 1559 2215 ne
1579 2164 1811 2231 vigilaret
1838 2160 2106 2216 Judat.....
2131 2163 2191 2215 Si
2212 2164 2359 2215 unius
2380 2162 2532 2215 Juda:
2552 2170 2760 2230 peccato
2781 2166 2949 2224 cuncti
2976 2166 3333 2233 periclitantur
3365 2169 3607 2235 apostoli,

342 2258 437 2309 hoc
464 2254 697 2324 exemplo
720 2270 992 2307 caveamus
1023 2252 1292 2322 perﬁdum,
1326 2268 1594 2305 caveamus
1615 2252 1947 2321 proditorem,
1971 2268 2033 2304 ne
2053 2269 2141 2321 per
2160 2268 2316 2304 unum
2344 2253 2550 2321 plurimi
2580 2254 2901 2320 fluctuemus.
2936 2251 3072 2316 Quin
3118 2256 3275 2308 etiam
3314 2256 3608 2325 hujnsmodi

334 2345 648 2414 abjiciamus
679 2342 741 2394 de
761 2342 1016 2403 navicula,
1048 2350 1103 2392 ut
1131 2356 1233 2393 non
1264 2338 1568 2400 obdormiat,
1592 2340 1683 2392 sed
1703 2340 1873 2410 vigilet
1892 2342 1948 2393 in
1968 2339 2111 2393 nobis
2141 2339 2412 2403 Dominus,
2444 2351 2593 2412 atque
2615 2358 2674 2395 eo
2697 2343 2936 2411 vigilante
2963 2344 3107 2396 nulla
3127 2360 3219 2397 nos
3243 2346 3490 2413 spiritalis
3513 2362 3577 2399 ne
3596 2375 3610 2387 -

340 2440 517 2508 quitz'te
536 2436 762 2504 procella
792 2435 1063 2489 concutiat.
1098 2432 1195 2486 Ubi
1222 2434 1358 2486 enim
1386 2432 1516 2502 ﬁdes
1544 2434 1749 2502 integra
1769 2442 1865 2496 est,
1888 2432 1957 2484 ibi
1988 2431 2231 2486 Salvator
2256 2432 2421 2492 docet,
2454 2434 2629 2503 vigilat
2650 2443 2700 2485 et
2724 2434 2980 2507 exsultat;
3008 2434 3080 2486 ibi
3108 2435 3337 2504 requies,
3371 2436 3440 2490 ibi
3462 2447 3610 2493 tran-

338 2530 593 2599 quillitas,
617 2528 685 2578 ibi
708 2532 1005 2577 cunctorum
1029 2532 1105 2576 est
1124 2523 1400 2576 medicina.
1436 2521 1534 2577 Ubi
1555 2531 1728 2576 autem
1750 2523 1873 2592 ﬁdei
1900 2529 1976 2575 est
2000 2522 2234 2575 admixta
2261 2518 2501 2593 perﬁdia,
2542 2522 2611 2576 ibi
2638 2520 2937 2577 Christus...
2977 2524 3258 2589 dormit,...
3304 2528 3374 2579 ibi
3423 2540 3607 2592 metus,

338 2623 415 2674 ibi
438 2628 736 2691 tempestas,
767 2624 870 2670 etc.
898 2614 972 2669 De
997 2612 1237 2668 Ecclesia
1250 2613 1520 2667 catholica
1550 2613 1634 2681 agi
1663 2628 1696 2667 a
1722 2611 1975 2677 Maximo,
2006 2611 2137 2666 nihil
2163 2611 2309 2665 dubii
2330 2621 2432 2665 est.
2463 2610 2590 2665 Nam
2621 2612 2734 2666 hzec
2765 2613 2832 2666 ab
2858 2612 2948 2667 illo
2977 2611 3270 2682 Synagogze
3297 2619 3607 2685 opponitur,

336 2720 507 2781 atque
534 2710 649 2764 Sola
675 2723 796 2763 esse
822 2707 1037 2771 dicitur,
1065 2720 1224 2774 quam
1251 2704 1491 2761 ascendit
1515 2702 1780 2758 Christus.
1810 2702 1928 2758 lam
1948 2718 2096 2768 vero,
2120 2702 2259 2755 hanc
2280 2702 2450 2770 ipsam
2480 2709 2533 2754 et
2554 2703 2743 2765 navim,
2767 2709 2823 2754 et
2844 2700 3126 2754 Ecclesium
3150 2702 3299 2757 Petri
3318 2719 3349 2756 a
3374 2704 3608 2761 Maximo

337 2804 605 2874 appellari
633 2810 741 2855 tam
767 2808 933 2854 estex
955 2798 1069 2866 ejus
1088 2798 1265 2852 verbis
1292 2797 1651 2866 perspicuum,
1676 2803 1734 2849 ut
1754 2795 1847 2864 qui
1874 2794 2101 2857 dubitet,
2126 2810 2234 2848 non
2263 2793 2491 2857 videam,
2522 2809 2618 2847 cur
2646 2809 2751 2847 non
2776 2793 2915 2846 idem
2935 2833 2953 2858 ,
3001 2795 3139 2847 sitne
3177 2795 3290 2858 sol,
3335 2812 3401 2849 an
3433 2800 3608 2853 nullus

342 2899 433 2962 sit,
462 2896 709 2950 dubitare
731 2893 915 2962 possit.
948 2889 1304 2957 Quamobrem
1333 2889 1552 2943 autem?
1581 2886 1799 2942 Scilicet
1826 2885 1951 2954 quia
1975 2886 2028 2938 in
2050 2901 2111 2939 ea
2140 2884 2328 2939 Petrus
2357 2886 2600 2955 magister
2625 2894 2700 2938 est
2729 2885 3054 2938 constitutus.
3091 2883 3240 2939 Unde
3271 2902 3397 2941 vero
3419 2888 3473 2941 id
3493 2905 3607 2942 ma-

336 2991 622 3059 gisterium
653 2986 887 3041 ostendit
908 2984 1092 3038 Petri?
1120 2981 1379 3036 Nimirum
1409 2996 1477 3034 ex
1496 2995 1562 3035 eo
1584 2980 1728 3048 quod
1747 2977 1992 3033 Christus
2011 2978 2206 3032 dixerit
2230 2997 2242 3030 :
2264 2974 2433 3048 Super
2452 2978 2586 3030 hanc
2606 2988 2803 3047 petram
2824 2976 3090 3047 wdiﬁcabo
3112 2977 3397 3033 Ecclesium
3419 2998 3602 3037 meam.

344 3077 532 3132 Navim
564 3090 728 3144 porro
757 3088 853 3127 seu
876 3071 1173 3125 Ecclesiam
1206 3067 1370 3133 Petri,
1396 3083 1490 3121 seu
1518 3069 1572 3120 in
1593 3084 1692 3137 qua
1718 3068 1965 3137 magister
1987 3076 2062 3119 est
2091 3067 2393 3119 constitutus
2436 3065 2641 3130 Petrus,
2674 3067 2760 3119 cui
2788 3065 2986 3119 dictum
3030 3067 3252 3135 proinde
3280 3080 3362 3123 est
3391 3089 3403 3122 :
3439 3072 3608 3141 Super

340 3170 481 3223 hanc
510 3178 710 3238 petram
737 3165 1002 3233 cediﬁcabo
1030 3162 1321 3216 Ecclesium
1341 3178 1525 3225 meam,
1548 3161 1695 3215 velut
1720 3176 1898 3214 arcam
1926 3159 2057 3223 Noe,
2082 3161 2271 3214 illtesos
2300 3175 2514 3215 servare
2532 3176 2714 3214 omnes
2748 3176 2877 3231 quos
2922 3162 3275 3229 complectitur
3292 3204 3306 3228 ,
3347 3163 3609 3219 Maximus

340 3261 535 3323 docet;
568 3259 851 3328 perireque
881 3264 1163 3325 propterea
1192 3254 1312 3307 illos
1339 3252 1430 3321 qui
1459 3259 1609 3305 extra
1637 3252 1807 3320 ipsam
1834 3250 1968 3315 sint,
1996 3251 2163 3304 veluti
2192 3252 2345 3319 aquis
2372 3249 2657 3320 ahsorptos
2700 3251 2903 3305 diluvii.
2947 3252 3106 3306 Addit
3139 3263 3357 3328 sanctus
3394 3259 3609 3326 episco-

342 3371 467 3426 pus,
502 3325 927 3424 tranquillitatem
949 3363 1067 3403 esse
1093 3348 1177 3401 ubi
1206 3346 1344 3400 solus
1368 3344 1553 3397 Petrus
1582 3344 1807 3413 navigat,
1840 3348 2211 3412 tempestatem
2238 3350 2424 3395 contra
2453 3341 2542 3395 ubi
2573 3341 2930 3410 adjunguntur
2946 3342 3191 3397 homines
3212 3325 3360 3399 inda:
3385 3325 3605 3401 similes.

346 3446 488 3512 Quid
515 3452 693 3498 autem
722 3442 824 3496 hoc
848 3450 948 3503 est,
977 3454 1138 3507 quam
1162 3436 1604 3505 tranquillitatem
1650 3448 1769 3489 esse
1812 3433 1903 3488 ubi
1928 3434 2054 3497 sint,
2105 3434 2197 3501 qui
2243 3448 2362 3488 cum
2408 3430 2569 3486 Petro
2599 3432 2665 3486 de
2694 3432 2938 3487 doctrina
2987 3436 3295 3503 pietateque
3340 3439 3605 3502 sentiant;

344 3546 727 3609 tempestatem
757 3542 962 3598 contra,
984 3534 1029 3586 si
1058 3531 1148 3601 qui
1177 3536 1407 3593 exstant,
1430 3528 1522 3596 qui
1552 3543 1583 3581 a
1615 3524 1773 3582 Petro
1801 3526 2134 3581 dissideant?
2160 3525 2290 3579 Nam
2321 3525 2363 3579 si
2393 3524 2545 3592 quies
2565 3531 2664 3586 est,
2697 3524 2787 3577 ubi
2818 3522 3005 3578 Petrus
3023 3534 3107 3579 est
3136 3526 3313 3591 solus;
3356 3528 3446 3594 qui
3487 3543 3608 3583 esse

346 3638 643 3699 tempestas
672 3628 869 3698 poterit
894 3625 984 3679 ubi
1013 3625 1247 3679 omnium
1267 3624 1336 3677 sit
1357 3635 1561 3675 summa
1588 3635 1711 3674 cum
1736 3618 1895 3673 Petro
1923 3619 2252 3673 consensio?
2281 3615 2520 3685 Cumque
2549 3624 2700 3685 petra
2724 3632 2884 3684 supra
2910 3632 3067 3683 qttam
3090 3616 3348 3671 aediﬁcata
3370 3617 3607 3673 Ecclesia

348 3724 439 3787 sit,
473 3718 802 3775 ﬁtudamenti
832 3717 952 3770 loco
979 3715 1270 3780 habeatur;
1309 3713 1436 3766 hinc
1470 3711 1733 3764 Maximus
1774 3707 2171 3775 fundamentum
2205 3705 2455 3760 Ecclesia:
2498 3705 2732 3775 appellat
2778 3704 2991 3758 Petrum
3040 3706 3094 3758 in
3137 3705 3385 3773 capitulis
3427 3705 3605 3761 Evan-

346 3818 613 3885 geliorum
637 3854 652 3879 ,
694 3825 815 3882 pag.
859 3808 961 3862 778
991 3827 1004 3861 :
1039 3808 1229 3862 Pastor
1250 3848 1265 3871 ,
1306 3805 1515 3875 inquit,
1555 3802 1802 3857 Ecclesia!
1832 3802 1946 3871 fuit,
1987 3801 2195 3867 insuper
2232 3807 2282 3851 et
2316 3807 2494 3867 pastor
2531 3798 2721 3867 gregis.
2782 3794 2949 3881 Pasce
2982 3798 3157 3858 enim,
3198 3799 3276 3850 illi
3305 3800 3377 3851 ait
3412 3796 3564 3853 Jesus
3587 3838 3602 3863 ,

351 3925 467 3961 ores
489 3922 646 3959 meas.
676 3902 987 3973 Discipulus,
1027 3910 1076 3952 et
1100 3897 1375 3952 Eccnnsm
1399 3908 1810 3955 ruunsueuruu,
1834 3900 1883 3943 et
1909 3890 2200 3957 apostolus,
2231 3897 2280 3942 et
2300 3897 2517 3958 martyr,
2548 3888 2714 3955 capite
2734 3886 2973 3940 deorsum
2998 3885 3175 3940 Romae
3201 3897 3275 3941 est
3303 3891 3603 3959 cruciﬁxus.

352 4000 431 4053 Ac
458 4009 655 4069 petram
680 3993 914 4063 quidem,
938 3993 1088 4059 cujus
1107 3990 1351 4044 Christus
1371 3986 1586 4041 Petrum
1627 3985 1904 4051 alloquens
1942 3980 2204 4042 meminit,
2244 3976 2464 4032 Petrum
2503 3978 2675 4046 ipsum
2716 3989 2863 4041 esse,
2904 3975 3042 4029 idem
3078 3984 3301 4030 testatur
3344 3976 3604 4031 Maximus

352 4065 486 4165 {cui
511 4088 727 4143 humilia
750 4084 839 4149 54,
866 4098 986 4153 pag.
1013 4079 1115 4135 169
1142 4100 1155 4134 :
1184 4079 1449 4150 Tanquam
1487 4079 1647 4131 bonus
1687 4085 1884 4165 pastor,
1912 4072 2103 4165 inquit,
2129 4084 2379 4165 unusnon
2402 4083 2612 4123 ceuceu
2642 4066 2867 4165 accepit,
2893 4076 2949 4117 ut
2985 4066 3070 4134 qui
3098 4065 3196 4119 sibi
3222 4074 3342 4120 ante
3370 4068 3605 4135 inﬁrmus

352 4159 540 4247 fuerat,
573 4178 719 4247 ﬁeret
744 4188 964 4229 ouutnus
991 4182 1398 4231 riuus-surum;
1427 4175 1477 4220 et
1500 4167 1585 4237 qui
1613 4165 1722 4235 ipse
1747 4160 2166 4231 interrogationis
2187 4159 2470 4211 tentatione
2506 4163 2790 4218 nutaverat,
2816 4167 3066 4207 cunnos
3091 4169 3228 4207 nos:
3257 4170 3602 4209 summurn

348 4242 655 4327 ruunsnur.
686 4268 916 4340 Denique
965 4283 1058 4337 pro
1102 4264 1361 4318 soliditate
1388 4260 1667 4315 devotionis
1696 4257 2062 4310 Eccnesunuu
2106 4267 2274 4305 PETRA
2304 4251 2512 4340 dicitur,
2539 4248 2669 4340 sicut
2696 4247 2769 4340 ait
2801 4242 3088 4340 Dominus:
3321 4245 3525 4340 Petrus,
3555 4258 3606 4299 et

353 4381 507 4432 super
536 4364 668 4415 hanc
686 4333 883 4432 petram
903 4333 1169 4427 aediﬁcabo
1192 4351 1476 4406 Ecclesium
1504 4366 1687 4403 meam.
1726 4347 1885 4401 Petra
1904 4346 2040 4398 enim
2054 4343 2259 4405 dicitur,
2286 4357 2348 4393 eo
2376 4337 2512 4409 quod
2520 4338 2715 4405 primus
2741 4336 2795 4388 in
2817 4333 3107 4387 nationibus
3126 4336 3264 4432 ﬁdei
3264 4336 3600 4432 fundamenta

354 4426 603 4523 posuerit,
636 4426 702 4506 n7
728 4465 970 4512 nucum
1003 4426 1172 4502 sixuu
1198 4458 1444 4499 IIIIOBILE
1478 4456 1666 4496 rorws
1695 4454 1878 4494 OPERIS
1919 4450 2213 4491 cums'mut
2255 4445 2532 4487 courtceu
2562 4442 2842 4489 nonumque
2876 4442 3190 4523 coartatur.
3223 4426 3413 4480 Pastor
3441 4428 3602 4494 igitur

350 4517 539 4595 ovium
560 4538 755 4592 Christi
780 4536 987 4596 Petrus,
1013 4522 1259 4602 idemque
1281 4532 1659 4601 ﬁrmamentum
1686 4526 1938 4589 omnibus,
1963 4540 2026 4579 ac
2053 4532 2197 4593 petra
2226 4521 2573 4574 Ecclesian
2602 4520 2787 4589 factus,
2808 4525 2941 4571 teste
2967 4517 3210 4594 Maximo,
3240 4528 3446 4571 razteros
3474 4518 3600 4586 ﬁdei

354 4628 637 4684 stabilitate
663 4626 911 4698 fundavit,
930 4633 987 4677 ut
1007 4624 1095 4691 qui
1121 4629 1174 4676 et
1201 4630 1345 4691 petra
1369 4620 1437 4671 sit
1451 4618 1787 4679 constitutus,
1813 4625 1868 4669 et
1890 4625 2132 4684 tanquam
2150 4628 2333 4666 saxum
2353 4608 2608 4663 immobile
2629 4610 2781 4698 totius
2807 4607 3081 4662 Christiani
3110 4610 3276 4678 operis
3306 4625 3602 4679 compagem

352 4719 643 4787 molemque
662 4695 939 4769 contineat.
968 4712 1023 4765 Id
1048 4726 1175 4765 vero
1199 4710 1386 4763 Petrus
1407 4714 1726 4763 consecutus
1746 4704 2030 4759 devotione
2071 4709 2171 4763 est,
2195 4700 2336 4768 quod
2360 4700 2554 4752 virtute
2601 4706 2682 4751 est
2707 4695 2967 4752 Christus.
2996 4698 3140 4750 Sicut
3186 4699 3259 4748 ait
3286 4698 3557 4764 Apostolus
3579 4716 3599 4754 :

358 4808 611 4862 Bibebant
637 4816 806 4858 autent
836 4804 899 4857 de
926 4801 1179 4872 spirituali
1210 4806 1542 4869 consequente
1564 4812 1648 4850 eos
1670 4802 1852 4865 petra:
1883 4803 2029 4864 petra
2056 4801 2225 4845 autem
2264 4800 2374 4843 erat
2401 4788 2649 4843 Christus.
2684 4788 2837 4841 Recte
2863 4788 3173 4840 consortium
3195 4796 3412 4838 metetur
3433 4790 3600 4841 amni-

356 4899 461 4960 nis,
486 4896 567 4965 qui
597 4904 921 4948 coxsonrwu
949 4904 1195 4944 aeneum
1213 4904 1279 4941 ετ
1301 4901 1500 4951 ornats,
1524 4893 1625 4939 etc.
1654 4881 1924 4936 Pastorem
1948 4890 2125 4935 autem
2149 4881 2325 4934 ovium
2349 4879 2545 4933 dictum
2584 4893 2703 4932 esse
2726 4876 2958 4939 Petrum,
2984 4875 3264 4944 propterea
3285 4874 3430 4942 quod
3454 4892 3604 4931 ALIOS

358 5004 631 5045 uicanos
655 5001 970 5050 accursum,
998 4983 1254 5035 Maximus
1279 4982 1388 5049 ipse
1412 4979 1571 5033 docet
1592 4976 1806 5031 homilia
1831 4972 1918 5039 53,
1943 4986 2062 5043 pag.
2090 4972 2209 5025 168.
2234 4971 2352 5026 Jam
2374 4979 2579 5041 petram
2602 4968 2815 5023 Petrmn
2839 4969 2997 5021 fuisse
3017 4966 3362 5020 constitutum
3387 4968 3455 5022 ob
3478 4984 3609 5022 con-

360 5083 649 5135 fessionem
674 5077 963 5131 divinitatis
984 5073 1198 5135 Cbristi,
1230 5072 1407 5126 claves
1431 5070 1578 5136 regni
1601 5068 1855 5122 caelorum
1885 5063 2175 5132 accepisse,
2216 5069 2673 5128 consecutumque
2698 5057 2966 5127 judicandi
2999 5065 3340 5125 potestatem,
3367 5056 3602 5123 Maximi,

361 5183 420 5228 ut
446 5179 761 5226 cmterorum
782 5168 941 5221 etiam
967 5163 1203 5226 Patrum,
1228 5169 1478 5217 constans
1499 5158 1739 5213 doctrina
1761 5163 1863 5209 est.
1888 5156 2059 5223 Atque
2084 5155 2126 5207 is
2150 5154 2364 5207 homilia
2389 5152 2456 5206 68
2473 5193 2487 5217 ,
2514 5166 2634 5221 pag.
2662 5150 2726 5201 17
2749 5163 2919 5216 seqq:
2950 5148 3016 5202 Ut
3041 5150 3373 5218 confessionis
3393 5148 3607 5220 (Petri),

352 5262 554 5333 inquit,
583 5246 776 5331 quanta
804 5268 933 5311 esset
964 5253 1260 5324 magnitudo
1290 5250 1530 5306 Salvator
1555 5247 1891 5311 ostenderet;
1941 5246 2016 5298 ait
2043 5246 2093 5297 ei
2122 5263 2134 5296 :
2165 5243 2350 5297 Beatus
2394 5259 2469 5311 es,
2499 5241 2679 5296 Simon
2712 5236 3002 5294 Bar-Jona.
3025 5240 3142 5308 quia
3171 5254 3297 5333 caro
3326 5248 3373 5290 et
3401 5241 3612 5307 sanguis

352 5328 465 5409 non
496 5328 731 5405 rerelavit
762 5347 869 5410 tibi,
888 5347 977 5401 sed
1006 5346 1166 5401 Pater
1190 5359 1328 5396 meus
1356 5343 1441 5411 qui
1468 5344 1522 5396 in
1547 5342 1683 5395 caelis
1709 5348 1785 5394 est
1814 5354 1831 5391 :
1861 5348 1911 5391 et
1950 5337 2040 5390 tibi
2072 5337 2203 5390 dabo
2225 5337 2389 5389 claves
2433 5335 2575 5403 regni
2604 5332 2932 5385 cazlorum....
2969 5329 3083 5382 Hoc
3122 5328 3198 5383 illi
3232 5330 3489 5399 confessio
3520 5330 3613 5382 de-

348 5449 454 5510 dit,
490 5451 543 5496 ut
560 5450 684 5495 ante
704 5442 867 5495 claves
895 5439 1038 5510 regni
1062 5437 1303 5491 caelorum
1326 5438 1601 5506 acciperet,
1627 5449 1779 5505 quam
1805 5432 1917 5486 cteli
1929 5432 2123 5502 januas
2144 5430 2441 5483 introiret...
2472 5425 2638 5480 Clavis
2666 5424 2776 5478 caeli
2803 5424 2979 5494 lingua
3004 5431 3078 5476 est
3103 5420 3269 5486 Petri,
3300 5422 3421 5493 quia
3446 5424 3620 5492 singu.

431 5576 513 5645 (a)
553 5573 687 5645 Vide
706 5580 959 5645 prazterea
981 5584 1140 5645 serra.
1165 5566 1250 5645 95,
1274 5581 1394 5645 pag.
1420 5565 1541 5619 644.
1559 5563 1756 5645 Confer
1775 5564 1934 5618 etiam
2115 5560 2511 5645 (b)nh‘deundus
2538 5568 2756 5616 sanctus
2791 5557 3122 5637 Ambrosius,
3159 5553 3316 5622 ibid.,
3344 5570 3492 5609 num.
3527 5554 3616 5621 70,

354 5630 608 5703 saticium
635 5630 986 5703 Ambrosium,
1013 5638 1103 5691 lib.
1129 5654 1181 5692 Iv
1207 5630 1501 5704 iit-Lucam,
1530 5651 1671 5691 num.
1700 5633 1786 5699 7|,
1810 5645 1931 5703 pag.
2044 5630 2313 5701 pag.'848.

357 5716 491 5779 δεδι,
525 5723 655 5765 tum.
689 5710 729 5763 ll
756 5710 884 5763 edit.
914 5708 1133 5762 Venetae
1161 5723 1251 5761 an.
1286 5704 1443 5760 1748.

646 5806 915 5864 Parant.
974 5803 1149 5861 LYll.
3180 5794 3215 5842 ι
