4138 6186
537 317 629 368 l't7
1965 305 2349 362 PRAEFATIO.
3692 298 3798 352 103

526 428 692 480 larunt
720 428 901 481 merita
931 426 1200 491 censendo,
1232 424 1505 496 Apostolus
1535 419 1808 488 unicuique
1834 433 2039 487 regnum
2069 417 2305 470 caelorum
2337 426 2423 467 aut
2462 416 2672 478 claudit,
2704 424 2794 469 aut
2841 416 3025 486 aperit.
3059 411 3180 466 Non
3223 419 3299 465 est
3339 425 3457 480 ergo
3497 405 3660 461 claris
3693 409 3797 461 ista

527 520 762 573 mortalis
790 520 1004 588 artiﬁcis
1023 529 1201 589 aptata
1230 533 1408 580 manu,
1438 513 1528 569 sed
1555 529 1695 567 una
1718 526 1750 564 Α
1774 508 2008 564 Cnmsro
2033 523 2300 562 roresus
2326 524 2422 562 usr
2443 523 2830 563 JUDICANDI...”
2858 507 2958 560 Hic
2987 515 3062 560 est
3091 505 3276 560 Petrus
3313 505 3394 557 cui
3419 501 3650 556 Christus
3679 500 3796 554 Do-

526 612 696 664 minus
718 612 1122 664 communionem
1143 610 1220 662 sui
1250 608 1472 661 nominis
1501 605 1713 658 libenter
1742 601 1975 655 indulsit.
2000 598 2065 652 Ut
2093 599 2248 662 enim,
2271 599 2399 651 sicut
2421 600 2684 668 apostolus
2711 597 2908 652 Paulus
2938 597 3158 664 edocuit,
3183 611 3352 650 PETRA
3375 603 3486 648 erat
3503 592 3795 656 Cumsrrs,

526 707 599 758 ita
621 719 710 773 per
735 700 987 754 Christum
1013 699 1226 752 Pernus
1248 711 1450 751 uerus
1472 710 1568 750 esr
1594 708 1785 756 PETRA,
1810 690 2009 744 dicente
2035 690 2082 742 ei
2103 688 2328 742 Domino
2360 687 2468 757 (a):
2501 687 2576 742 Tu
2598 706 2650 744 es
2676 688 2876 754 Petrus,
2899 700 2947 742 et
2967 705 3118 760 super
3147 689 3280 741 hanc
3301 695 3501 757 petram
3522 685 3794 753 aediﬁcabo

528 791 816 846 Ecclesium
843 805 1026 842 meam.
1063 785 1224 851 Nam,
1247 788 1377 840 sicut
1427 787 1481 838 in
1519 784 1738 846 deserto,
1771 780 2029 834 dominico
2057 779 2252 832 sitienti
2291 779 2478 848 populo
2507 795 2638 848 aqua
2667 779 2819 847 [luxit
2847 795 2875 831 e
2902 787 3078 848 petra;
3100 779 3174 830 ita
3208 777 3442 830 universo
3471 774 3660 828 mundo
3681 775 3794 826 ari-

527 880 689 935 ditate
709 880 918 942 lassalo,
949 877 1010 929 de
1037 892 1124 929 ore
1150 875 1295 929 Petri
1335 875 1452 946 fons
1481 871 1764 941 salutifera:
1789 869 2132 940 confessionis
2159 869 2384 922 emersit.
2419 867 2522 922 Hic
2560 877 2635 922 est
2658 868 2863 931 Petrus,
2906 870 2987 922 cui
3008 868 3240 922 Christus
3269 881 3575 920 ascensurus
3595 865 3664 916 ad
3685 864 3794 919 Pa-

530 981 679 1034 trem,
709 968 994 1040 pascendos
1025 967 1250 1021 oviculas
1298 981 1418 1018 suas
1462 980 1722 1035 agnosque
1749 960 2090 1025 commendat,
2134 971 2191 1013 ut
2210 977 2334 1032 quos
2361 960 2448 1014 ille
2473 963 2675 1031 pietatis
2720 963 3047 1015 miseratione
3074 961 3362 1025 redimeret,
3393 960 3475 1013 hic
3512 975 3652 1014 non
3679 975 3794 1014 sua

529 1077 766 1116 vmrurn
788 1075 1078 1114 saeuam.
1114 1057 1182 1110 Et
1212 1066 1344 1111 recte
1367 1073 1493 1110 sane
1531 1057 1575 1109 ei
1611 1053 1803 1108 arbiter
1850 1055 2165 1108 occultorum
2187 1052 2285 1107 Dei
2315 1051 2485 1108 Filius
2522 1070 2817 1109 pascemus
2856 1069 2987 1110 oves
3027 1069 3366 1116 rusnnssoue
3412 1066 3682 1112 conuxsn,
3712 1051 3798 1104 cui

538 1160 767 1216 noverat,
797 1152 850 1203 in
877 1148 1148 1203 nutriendo
1173 1163 1324 1219 grege
1353 1146 1629 1210 dominico,
1654 1161 1744 1198 nec
1763 1144 1986 1198 studium
2011 1143 2204 1208 deesse,
2239 1159 2332 1194 nec
2352 1142 2525 1212 ﬁdem.
2555 1142 2622 1195 Et
2645 1143 2829 1197 homil.
2860 1144 2943 1208 70,
2970 1157 3090 1212 pag.
3122 1141 3225 1194 224
3257 1159 3271 1193 :
3301 1139 3515 1195 Petrum
3537 1139 3599 1191 de
3622 1141 3798 1208 pisca-

533 1253 643 1299 tore
670 1245 929 1298 doctorem
946 1245 1156 1313 factum,
1190 1239 1450 1293 Maximus
1473 1238 1566 1300 ait,
1593 1238 1736 1308 cujus
1765 1235 1910 1289 Petri
1939 1234 2214 1288 credulitas
2257 1233 2506 1286 doctrina:
2529 1234 2595 1286 sit
2631 1235 3041 1304 fundamentum.
3075 1231 3325 1300 Adjungit
3359 1232 3481 1286 inde
3503 1245 3622 1302 pag.
3647 1229 3754 1285 225
3779 1249 3798 1285 :

538 1335 651 1410 [cx]
683 1334 874 1398 Quanti
903 1335 1062 1405 igitur
1090 1332 1258 1385 meriti
1280 1331 1418 1401 apud
1450 1329 1617 1383 Deum
1660 1345 1807 1383 suum
1827 1327 2014 1381 Petrus
2042 1335 2174 1393 erat,
2197 1336 2253 1380 ut
2281 1327 2326 1380 ei
2347 1336 2461 1396 post
2499 1327 2752 1382 n‘aviculw
2778 1344 2949 1398 parrae
2987 1329 3253 1398 remigium
3294 1342 3482 1382 'l‘O'I'IUS
3515 1325 3797 1382 Eccnssm

530 1441 902 1482 suscenseam
936 1439 1320 1478 rmonnnnrua
1335 1422 1424 1475 ?...
1457 1418 1593 1484 Quid
1609 1420 1672 1473 de
1690 1419 1848 1472 Petro
1875 1420 2112 1488 referam,
2138 1420 2282 1488 cujus
2305 1427 2453 1472 tanta
2480 1426 2555 1472 est
2583 1435 2615 1470 a
2644 1417 2754 1473 Deo
2783 1422 3065 1489 approbata
3088 1420 3322 1489 justitia,
3357 1428 3596 1490 tantaque
3626 1419 3672 1472 ei
3703 1432 3794 1472 ro‘

532 1534 732 1572 'IESTAS
759 1531 1060 1570 ATTRIBUTA
1088 1529 1386 1576 JUDICANDI,
1417 1527 1485 1566 UT
1517 1527 1568 1566 IN
1597 1525 1842 1565 ABBITRIO
1870 1525 1994 1564 EJUS
2023 1525 2166 1562 PONEI

2167 1525 2337 1563 serua
2367 1524 2626 1564 εαῖιεετε
2668 1512 2941 1565 tuntcwu?
2969 1509 3253 1579 Perspicite
3296 1526 3416 1580 ergo
3453 1519 3502 1563 et
3547 1509 3801 1563 wstimatc

530 1617 720 1678 quanto
744 1604 889 1658 nobis
925 1605 990 1658 sit
1013 1605 1198 1656 Petrus
1222 1602 1483 1674 apostolus
1503 1602 1696 1655 honore
1723 1601 2046 1664 reverendus,
2075 1616 2231 1656 cuws
2254 1616 2590 1655 summumst
2627 1617 2677 1654 tn
2708 1617 2896 1656 renuis
2935 1617 3213 1656 ηοω-μη
3257 1617 3575 1656 summanr
3613 1617 3800 1656 JL‘DICII

535 1713 771 1761 moerus
818 1711 916 1750 non
957 1709 1239 1748 neruur.
1271 1691 1341 1744 Et
1370 1691 1483 1746 ideo
1513 1692 1782 1763 diligenter
1802 1691 2067 1756 intendite,
2092 1707 2204 1762 quae
2225 1693 2288 1745 sit
2316 1692 2426 1761 ejus
2453 1693 2633 1762 gloria:
2660 1693 2978 1763 magnitudo,
3009 1695 3089 1746 cui
3123 1709 3229 1747 non
3257 1709 3455 1748 cuvns
3493 1709 3648 1748 necui
3675 1711 3803 1750 cou-

531 1804 840 1843 nrrrusrun
860 1788 1058 1850 aeterni,
1089 1785 1268 1839 caelum
1288 1784 1363 1838 illi
1380 1784 1615 1838 claudere
1633 1793 1682 1837 et
1708 1783 1910 1853 aperire
1931 1784 2238 1853 permissum
2263 1790 2360 1835 est.
2384 1779 2524 1847 Quin
2546 1782 2708 1836 etiam
2753 1781 2937 1836 homil.
2994 1782 3078 1848 72,
3132 1796 3252 1852 pag.
3291 1781 3416 1847 251,
3457 1782 3524 1836 de
3549 1781 3709 1837 Petro
3733 1800 3799 1838 ac

531 1877 697 1930 Paulo
720 1876 984 1930 disserens
1010 1893 1023 1927 :
1049 1875 1230 1937 Ambo,
1259 1873 1448 1942 inquit,
1474 1875 1636 1927 claves
1665 1890 1698 1926 a
1724 1873 1946 1927 Domino
1975 1881 2343 1943 perceperunt,
2366 1889 2620 1930 scmurm
2644 1888 2762 1928 ISTE
2785 1872 3048 1944 (Paulus),
3075 1873 3162 1927 ille
3187 1872 3422 1944 (Petrus)
3450 1889 3798 1929 noramus...

532 1969 677 2039 Ergo
702 1967 834 2020 beati
857 1966 1045 2021 Petrus
1091 1977 1140 2021 et
1188 1965 1378 2020 Paulus
1403 1968 1629 2020 eminent
1651 1967 1785 2019 inter
1811 1966 2075 2018 universos
2117 1965 2423 2033 apostolos,
2452 1973 2502 2017 et
2547 1963 2795 2034 peculiari
2824 1963 3047 2034 quadam
3093 1963 3432 2033 prwrogatiua
3479 1963 3800 2032 praecellunt.

529 2061 727 2116 Confer
750 2067 1007 2129 pnnterea
1033 2059 1217 2112 homil.
1245 2058 1368 2126 107,
1393 2071 1515 2128 pag.
1543 2055 1663 2122 554,
1689 2073 1798 2125 quo
1829 2057 1950 2111 loco
1977 2075 1989 2109 :
2019 2055 2295 2128 Implebat,
2318 2055 2508 2124 inquit,
2534 2055 2778 2110 bonitatis
2803 2062 2850 2106 et
2880 2053 3169 2122 disciplina:
3195 2067 3322 2122 apus
3353 2051 3674 2106 beatissimus
3697 2052 3801 2107 Pe-

531 2165 657 2216 trus,
683 2169 797 2205 cum
836 2160 885 2205 et
914 2160 1158 2222 tanquam
1185 2167 1297 2204 rere
1325 2149 1485 2204 bonus
1514 2149 1741 2202 medicus
1771 2148 1970 2202 oblatos
2007 2149 2104 2202 sibi
2134 2165 2165 2200 c.

2165 2159 2333 2201 uraret
2374 2148 2630 2217 inﬁrmos,
2664 2153 2713 2199 et
2746 2160 2814 2200 υτ
2843 2159 3144 2198 mscwutu:
3173 2158 3446 2198 C(IZLISTIS
3482 2158 3756 2198 ruunuon
3777 2166 3799 2193 σ

529 2261 686 2300 tuen
728 2259 952 2298 romam
981 2257 1207 2297 ULTIONB
1238 2256 1530 2304 uenoscss,
1560 2241 1822 2292 Anartium
1870 2239 2076 2294 scilicet
2096 2247 2151 2292 et
2191 2238 2488 2309 Saphyram
2519 2255 2536 2292 :
2566 2249 2622 2292 et
2643 2252 2803 2292 serm.
2832 2236 2920 2300 37,
2953 2249 3075 2304 pag.
3102 2234 3226 2299 498,
3258 2236 3346 2289 ubi
3376 2233 3589 2290 Petrum
3612 2239 3802 2306 praeci-

532 2353 687 2406 puum
713 2341 873 2389 vocat
902 2333 1270 2404 apostolorum.
1305 2330 1370 2385 Et
1392 2346 1552 2386 serm.
1581 2329 1667 2395 66,
1693 2343 1814 2400 pag.
1849 2328 1949 2382 567
1971 2344 2110 2398 scq.,
2135 2345 2244 2399 quo
2291 2330 2412 2384 loco
2454 2329 2611 2383 Petro
2636 2328 2858 2400 quidem,
2883 2327 3083 2395 inquit,
3117 2327 3265 2396 regni
3296 2327 3377 2380 sui
3404 2328 3599 2392 claues,
3631 2327 3800 2383 Paulo

531 2427 668 2481 uerbi
697 2427 1006 2492 sapientiam
1037 2425 1194 2479 dedit.
1229 2421 1341 2475 Nec
1367 2420 1667 2476 incredibile
1695 2422 1810 2483 hoc,
1843 2421 2090 2491 quoniam
2116 2421 2203 2492 qui
2241 2437 2428 2492 aquam
2474 2419 2718 2491 produxit
2748 2435 2776 2472 e
2802 2429 2967 2489 petra.
3009 2417 3308 2472 Eccmsuu
3333 2433 3592 2474 runosvn
3622 2434 3672 2473 1N
3699 2419 3800 2474 Pe-

535 2530 753 2568 τηου...
779 2512 1043 2566 Doctrina?
1071 2512 1242 2582 gratia
1272 2509 1468 2565 malum
1498 2508 1696 2562 Paulus
1726 2508 2043 2579 ingreditur;
2075 2511 2420 2578 simplicitatis
2441 2511 2621 2563 merito
2636 2509 2900 2578 aperiendi
2923 2509 3032 2562 caeli
3059 2507 3246 2562 Petrus
3267 2511 3453 2579 accipit
3479 2518 3798 2579 potestatem.

534 2609 774 2678 Denique
797 2624 1046 2663 sermone
1069 2605 1160 2671 69,
1183 2620 1304 2676 pag.
1331 2603 1434 2658 577
1456 2619 1593 2675 seq.,
1619 2604 1688 2659 de
1728 2603 1889 2659 Petro
1918 2620 2128 2659 rursum
2157 2604 2330 2673 deque
2357 2605 2522 2659 Paulo
2561 2620 2726 2673 agens
2768 2606 3027 2661 Maximus
3053 2624 3064 2658 :
3098 2605 3336 2660 Diximus
3366 2607 3678 2676 frequenter,
3719 2607 3800 2660 in-

530 2703 667 2771 quit,
693 2702 859 2771 ipsum
883 2699 1095 2754 Petrum
1122 2715 1332 2754 rerum
1361 2715 1392 2752 a
1415 2697 1640 2752 Domino
1670 2707 2042 2768 nuncupatum,
2067 2701 2199 2751 sicut
2228 2700 2301 2751 ait
2325 2701 2470 2766 ipse:
2504 2697 2578 2750 Tu
2598 2715 2650 2753 es
2681 2699 2885 2765 Petrus,
2917 2706 3022 2752 etc.
3056 2697 3116 2752 Si
3143 2715 3263 2769 ergo
3287 2697 3469 2752 Petrus
3499 2713 3669 2752 PETBA
3699 2714 3802 2754 nsr

537 2810 697 2848 sum
721 2807 858 2853 orsu
881 2806 1211 2846 annexum
1235 2788 1512 2854 Eccmsu,
1537 2799 1672 2842 recte
1699 2790 1842 2858 prius
1868 2789 2022 2859 pedes
2046 2797 2198 2842 sanat
2228 2789 2468 2859 (claudi),
2498 2799 2555 2842 ut
2581 2791 2710 2843 sicut
2731 2806 2780 2844 tu
2803 2789 3064 2845 Eccuasu
3094 2806 3233 2844 nos!
3262 2805 3569 2848 FUNDAMEN'I
3583 2806 3652 2846 tm
3679 2806 3809 2847 cort-

535 2900 712 2950 'l‘lNB’l',
736 2887 809 2938 ita
835 2895 884 2939 et
913 2888 967 2939 in
995 2886 1199 2939 homine
1229 2879 1568 2938 membrorum
1596 2878 1934 2956 fundamenta
1964 2881 2306 2954 conﬁrmet...
2337 2879 2535 2939 Paulus
2563 2899 2596 2938 tt
2624 2880 2845 2940 Domino
2874 2899 2960 2939 uas
2997 2885 3258 2939 electionis
3284 2893 3361 2938 est
3389 2887 3800 2938 nominatus.....

537 2980 746 3048 Optima
769 2979 1113 3048 apostolorum
1143 2979 1356 3031 nomina
1377 2993 1569 3042 peras,
1601 2986 1648 3030 et
1678 2977 1937 3031 vasculum
1954 2980 2242 3032 necessaria
2261 2979 2437 3033 domui
2458 2979 2766 3036 Saluatoris.
2794 2979 2990 3036 Domus
3016 2981 3151 3057 enim
3194 2990 3457 3052 petrarum
3496 2980 3804 3051 fortitudine

536 3069 864 3132 construitur,
897 3066 1119 3119 utilitate
1143 3068 1279 3119 vasis
1309 3076 1543 3122 ornatur.
1570 3065 1752 3122 Peras
1775 3069 1845 3121 ad
1874 3085 2225 3134 rmnmrnu,
2256 3087 2318 3124 ne
2341 3070 2597 3134 labantur,
2625 3080 2876 3125 sustentat
2902 3073 3148 3144 populos;
3180 3089 3270 3126 vas
3307 3073 3376 3125 ad
3403 3072 3706 3137 custodiam,
3736 3089 3804 3126 ne

537 3165 813 3219 tententur,
845 3156 1010 3225 operit
1039 3151 1382 3208 Christianos.
1413 3155 1488 3208 De
1513 3163 1777 3224 potestate
1795 3155 2068 3224 judicandi
2091 3158 2282 3212 collata
2307 3158 2562 3212 divinitus
2604 3157 2786 3223 Petro,
2811 3159 2878 3213 de
2921 3160 3174 3226 clavibus,
3201 3161 3267 3215 de
3310 3159 3431 3228 jure
3473 3159 3669 3228 ligandi
3691 3160 3800 3214 sol-

538 3245 818 3314 vendique,
845 3244 911 3298 de
934 3245 1233 3314 principatu
1264 3245 1408 3299 Petri
1434 3245 1692 3314 ejusdem,
1718 3246 1892 3315 deque
1944 3244 2103 3302 Petro
2127 3249 2246 3318 ipso
2287 3259 2462 3319 petra,
2487 3250 2735 3306 columna
2777 3260 2833 3306 et
2874 3251 3218 3306 fundamento
3259 3253 3533 3318 doctrinm,
3558 3269 3651 3308 seu
3677 3253 3800 3308 fidei

540 3343 787 3399 Ecclesiae
809 3341 949 3410 quod
973 3341 1155 3396 scribit
1176 3341 1458 3407 Maximus,
1483 3341 1547 3396 iis
1587 3349 1670 3397 est
1711 3341 1871 3411 plane
1895 3343 2172 3398 cohaerens
2213 3353 2269 3398 et
2291 3354 2741 3411 consentaneum,
2767 3360 2886 3414 quae
2921 3346 3061 3400 dicta
3095 3344 3242 3401 fuere
3275 3348 3328 3400 in
3361 3345 3629 3416 Ephesina
3651 3363 3799 3402 (ecu-

539 3437 743 3492 menica
767 3434 990 3504 synodo,
1021 3433 1234 3487 Patrum
1253 3433 1478 3488 nemine
1519 3441 1872 3504 repugnante,
1905 3435 2103 3488 action.
2131 3434 2182 3499 5,
2209 3443 2339 3489 tom.
2366 3435 2387 3488 1
2410 3434 2698 3491 Concilior.
2732 3435 2862 3489 edit.
2905 3435 3076 3492 Paris.
3119 3453 3208 3490 an.
3254 3435 3415 3503 1714,
3441 3445 3562 3506 pag.
3613 3435 3747 3490 1478
3774 3455 3791 3491 :

539 3525 689 3581 Nulli
711 3525 919 3578 dubium
949 3534 1044 3586 est,
1092 3526 1198 3578 imo
1224 3523 1426 3578 saeculis
1448 3523 1679 3578 omnibus
1701 3533 1879 3578 notum
1897 3533 1991 3586 est,
2016 3525 2151 3595 quod
2169 3536 2378 3579 sanctus
2408 3527 2827 3596 beatissimusque
2851 3526 3035 3581 Petrus
3083 3528 3430 3598 apostolorum
3457 3531 3714 3599 princeps,
3744 3538 3797 3582 et

535 3626 707 3686 caput,
733 3615 951 3686 ﬁdeique
978 3616 1238 3680 columna,
1267 3624 1316 3667 et
1343 3612 1594 3668 Ecclesiae
1620 3613 1888 3667 catholica:
1917 3613 2309 3684 fundamentum
2337 3633 2368 3667 a
2400 3614 2621 3670 Domino
2664 3625 2841 3670 nostra
2867 3615 2994 3669 Iesu
3041 3616 3244 3671 Christo
3279 3617 3538 3672 salvatore
3582 3617 3798 3670 humani

537 3709 734 3780 generis
763 3723 825 3760 ac
853 3705 1170 3776 redemptore
1197 3707 1361 3760 claves
1383 3708 1528 3778 regni
1551 3707 1766 3776 accepit,
1799 3705 1928 3780 [cxi]
1951 3706 2276 3776 sptuendique
2296 3723 2357 3759 ac
2379 3707 2577 3778 ligandi
2615 3716 2843 3778 potestas
2882 3707 2979 3776 ipsi
3007 3707 3131 3759 data
3158 3716 3253 3768 est,
3293 3709 3378 3777 qui
3405 3707 3474 3758 ad
3520 3705 3614 3758 hoc
3640 3721 3801 3778 usque

543 3810 738 3868 tempus
767 3806 814 3850 et
841 3811 1038 3865 semper
1058 3797 1112 3848 in
1135 3797 1242 3848 suis
1265 3797 1637 3850 successoribus
1660 3798 1798 3856 vii-it,
1830 3801 1910 3850 καὶ
1937 3796 2150 3861 δικάζει,

2181 3811 2250 3850 ετ
2277 3811 2492 3850 tunicu
2517 3813 2602 3850 seu
2625 3799 2713 3866 jus
2742 3797 2885 3848 dicit.
2912 3795 2978 3848 Et
2999 3794 3196 3848 action.
3223 3793 3275 3858 2,
3314 3807 3434 3862 pag.
3463 3792 3593 3845 1471
3627 3811 3639 3846 z
3669 3792 3796 3847 Non

543 3893 754 3961 ignorat
781 3898 948 3940 vestra
977 3886 1234 3940 beatitudo
1253 3887 1408 3940 totius
1427 3885 1569 3955 ﬁdei,
1594 3887 1671 3940 uel
1692 3887 1845 3941 etiam
1868 3887 2219 3956 apostolorum
2258 3894 2410 3956 caput
2445 3885 2785 3938 esse‘beatum
2805 3885 3094 3955 apostolum
3137 3883 3370 3938 Petrum.
3393 3883 3590 3938 Eadem
3614 3893 3794 3940 autem

539 3979 776 4032 omnium
807 3975 1043 4040 Patrum,
1065 3975 1176 4043 jam
1199 3990 1367 4044 usque
1389 3976 1455 4030 ab
1486 3976 1638 4030 initio
1660 3975 1758 4030 fuit
1780 3992 1844 4030 ex
1874 3976 2162 4046 Evangelio
2185 3975 2342 4030 ducta
2371 3975 2632 4040 doctrina,
2673 3975 2819 4030 velut
2839 3983 3112 4030 ostensum
3141 3990 3169 4028 a
3198 3976 3395 4029 nostris
3423 3976 3791 4044 scriptoribus,

538 4070 1068 4133 demonstratumque
1091 4071 1198 4118 tam
1226 4079 1352 4119 vere
1373 4066 1761 4135 perspicueque
1802 4075 1903 4132 est,
1937 4075 1994 4121 ut
2023 4067 2092 4122 ad
2133 4065 2275 4121 idem
2321 4081 2532 4120 rursum
2571 4065 3043 4121 demonstrandum
3089 4082 3196 4121 non
3224 4067 3292 4121 sit
3320 4067 3564 4122 oratione
3611 4077 3794 4124 nostra

537 4175 690 4226 opus.
715 4156 922 4211 luterca
946 4157 1146 4210 consuli
1174 4155 1498 4210 Mamachius
1527 4157 1728 4226 poterit
1751 4166 1880 4212 tom.
1915 4157 1982 4225 V,
2008 4166 2144 4228 part.
2172 4157 2197 4210 1
2231 4157 2609 4228 Antiquitatum
2639 4157 3071 4223 Christianarum,
3104 4171 3226 4227 pag.
3275 4157 3343 4210 92
3370 4173 3546 4226 seqq.,
3579 4167 3635 4214 et
3663 4173 3789 4230 pag.

541 4249 635 4301 151
667 4264 845 4318 seqq.,
878 4256 934 4304 et
956 4262 1074 4317 pag.
1098 4246 1204 4301 286
1226 4264 1402 4318 seqq.,
1432 4255 1486 4303 et
1515 4263 1634 4318 pag.
1667 4246 1772 4302 405
1797 4264 1949 4320 seqq.
1983 4249 2186 4303 Rursus
2207 4249 2350 4317 quod
2373 4249 2440 4303 de
2463 4247 2643 4315 Petro,
2668 4249 2758 4304 cui
2798 4249 2994 4304 tradita
3043 4249 3190 4304 fuere
3221 4249 3385 4304 totius
3413 4248 3665 4305 Ecclesia:
3691 4265 3793 4319 gu-

538 4340 846 4402 bernacula,
872 4340 1068 4409 quique
1092 4340 1346 4408 petentia:
1367 4339 1559 4393 clavim
1582 4340 1810 4409 accepit,
1835 4353 1956 4393 cum
1981 4337 2179 4395 Paulus
2197 4339 2468 4409 acceperit
2493 4339 2685 4394 clavim
2727 4339 2996 4407 scientite;
3027 4340 3190 4410 quod,
3236 4341 3473 4410 inquam,
3519 4342 3587 4397 de
3629 4340 3793 4397 Petro

538 4432 592 4486 in
616 4432 753 4485 hanc
773 4429 1089 4483 sententiam
1105 4427 1364 4482 Maximus
1393 4429 1585 4482 litteris
1613 4428 1900 4492 commisit,
1922 4427 2176 4482 doctrinae
2201 4429 2462 4497 majorum
2486 4428 2708 4483 miriﬁce
2735 4429 2996 4497 congruit,
3021 4430 3112 4498 qui
3135 4445 3241 4484 non
3269 4431 3442 4486 solum
3461 4431 3575 4486 hinc
3601 4431 3794 4486 eadem

536 4523 817 4591 scripsere,
840 4532 1025 4571 verum
1047 4518 1206 4570 etiam
1237 4517 1594 4570 monumentis
1625 4517 1780 4570 aereis
1822 4525 2220 4584 expresserunt.
2245 4517 2434 4571 Exstat
2468 4518 2522 4571 in
2551 4533 2736 4572 museo
2759 4519 3059 4574 archiducis
3091 4521 3268 4589 magni
3301 4519 3451 4576 ducis
3476 4520 3790 4576 Florentino

537 4613 756 4681 insignis
776 4607 1146 4666 caemcterialis
1171 4622 1310 4661 amca
1335 4607 1571 4673 lucerna,
1599 4623 1719 4676 qua:
1739 4623 1849 4677 prae
1881 4623 1940 4663 se
1966 4609 2116 4662 navis
2144 4608 2246 4663 fert
2288 4610 2528 4677 ligurum,
2551 4624 2615 4664 ac
2644 4607 2860 4664 Petrum
2888 4609 2954 4662 ad
2977 4610 3194 4678 puppim
3223 4609 3499 4664 sedentem
3523 4619 3577 4664 et
3597 4610 3792 4679 guber-

537 4700 784 4753 naculum
809 4696 1206 4759 moderantem;
1236 4693 1458 4749 Paulum
1503 4711 1630 4749 vero
1658 4696 1724 4750 ad
1756 4712 1971 4765 proram
2016 4705 2246 4752 stantem
2278 4698 2764 4766 pnedicantcmque
2805 4697 3043 4752 exhibet.
3088 4698 3164 4753 De
3191 4713 3293 4766 qua
3316 4699 3530 4767 quidem
3575 4698 3792 4755 lucerna

536 4798 658 4857 post
680 4791 829 4852 alios,
863 4802 998 4856 quos
1021 4787 1279 4853 nominat,
1311 4787 1418 4854 egit
1459 4785 1786 4841 Mamacliius
1816 4788 1957 4843 idem
1994 4797 2124 4844 tom.
2151 4789 2217 4843 ιιι
2246 4791 2620 4860 Antiquitatum
2649 4787 3084 4852 Christianarum,
3110 4802 3233 4857 pag.
3264 4787 3332 4841 99
3354 4803 3492 4858 seq.,
3517 4797 3570 4843 et
3593 4796 3704 4842 tom
3724 4788 3794 4857 ν,

537 4892 658 4948 pag.
684 4877 780 4931 291
815 4894 966 4948 seqq.
1001 4877 1240 4948 Longum
1261 4887 1343 4933 est
1365 4878 1467 4932 iter
1487 4878 1553 4932 ad
1583 4876 1769 4933 Patres
1788 4894 1998 4945 omnes,
2032 4896 2260 4948 quorum
2283 4883 2476 4936 seriem
2504 4881 2722 4936 exhibet
2755 4879 3084 4933 Mamachius
3114 4887 3244 4934 tom.
3280 4877 3340 4944 V,
3365 4891 3485 4947 pag.
3513 4877 3617 4932 410
3637 4892 3791 4948 seqq.

541 4967 844 5036 Pet-paucos
863 4986 1048 5024 eorum
1071 4970 1524 5035 commemorabo,
1557 4985 1785 5038 quorum
1813 4975 1924 5022 tam
1966 4969 2063 5024 fuit
2091 4971 2192 5027 hac
2212 4972 2279 5026 de
2308 4987 2367 5028 rc
2389 4973 2496 5027 late
2526 4979 2818 5043 propagata
2844 4977 3202 5039 constansque
3223 4970 3507 5035 sententia,
3540 4977 3598 5024 ut
3627 4985 3658 5023 ν
3688 4984 3791 5024 sae-

538 5056 660 5112 culo
701 5055 1044 5111 Bonifaciusl
1069 5059 1118 5112 id
1159 5059 1454 5123 allirmarit,
1483 5057 1628 5128 quod
1650 5073 1768 5113 esse
1813 5059 2060 5114 omnibus
2089 5060 2372 5128 probatum
2414 5061 2578 5116 sciret
2606 5079 2618 5114 :
2647 5060 2712 5114 In
2749 5059 2906 5114 Petro
2934 5067 3170 5115 constare
3196 5059 3502 5112 universalis
3543 5056 3792 5113 Ecclesia

537 5147 765 5218 regimen
798 5151 847 5198 et
886 5160 1150 5214 summam,
1181 5151 1336 5220 epist.
1372 5149 1455 5216 14,
1484 5163 1603 5220 pag.
1631 5149 1786 5214 1057,
1817 5156 1946 5204 tom.
1971 5149 1992 5204 ἰ
2017 5149 2306 5220 Epistolar.
2354 5150 2716 5206 Romanorum
2758 5146 3098 5218 pontiﬁcum,
3144 5147 3272 5202 edit.
3307 5146 3627 5202 Constantii.
3658 5144 3793 5202 Pru-

537 5233 752 5287 dentius
793 5241 972 5286 autem
1017 5234 1068 5286 in
1109 5235 1243 5290 libro
1293 5245 1408 5312 Περὶ
1453 5243 1720 5314 Στεφάνων,
1764 5240 1963 5311 hymno
2003 5238 2057 5302 2,
2087 5239 2171 5308 qui

2165 5239 2283 5293 iest
2311 5240 2380 5293 de
2419 5247 2606 5294 sancto
2636 5237 2922 5293 Laurentio
2951 5253 3093 5294 vers.
3125 5235 3228 5292 460
3245 5251 3420 5306 seqq.,
3451 5236 3518 5292 de
3547 5234 3706 5293 Petro
3728 5250 3794 5295 ac

543 5321 730 5390 Paulo,
757 5323 943 5381 scribit
976 5342 988 5375 :

1520 5442 1608 5491 Hic
1626 5455 1801 5504 nempe
1817 5442 1912 5503 jam
1932 5446 2140 5502 regnant
2159 5439 2255 5488 duo

1526 5504 1860 5564 Apostolorum
1889 5504 2158 5564 principes;

1527 5563 1665 5612 Alter
1687 5571 1883 5614 vocatur
1905 5567 2146 5624 gentium,

624 5679 695 5745 (ιι)
727 5679 861 5738 Vide
882 5689 936 5738 et
957 5681 1140 5736 homil.
1170 5680 1288 5747 H5,
1320 5695 1442 5750 pag.
1471 5681 1591 5748 375,
1620 5695 1672 5738 et
1694 5703 1853 5741 serm.
1879 5687 1970 5755 27,
1995 5701 2114 5756 pag.
2142 5685 2258 5750 467,

1471 5681 1591 5748 375,
1620 5695 1672 5738 et
1694 5703 1853 5741 serm.
1879 5687 1970 5755 27,
1995 5701 2114 5756 pag.
2142 5685 2262 5750 467,
2295 5694 2348 5740 et
2378 5700 2535 5740 serm.
2569 5685 2656 5746 57.
2683 5695 2803 5753 pag.
2843 5683 2942 5735 497
2965 5698 3080 5753 seq.
