  <div class='ocr_page' id='page_1' title='image "/cluster/home/n/w/nwhite01/storage/ocr_20150623/57/hvd.32044054758669/070.png"; bbox 0 0 4138 6186; ppageno 0'>
   <div class='ocr_carea' id='block_1_1' title="bbox 334 264 1968 366">
    <p class='ocr_par' dir='ltr' id='par_1_1' title="bbox 334 309 1968 365">
     <span class='ocr_line' id='line_1_1' title="bbox 334 309 1968 365; baseline -0.001 0"><span class='ocrx_word' id='word_1_1' title='bbox 334 314 435 365; x_wconf 65' lang='lat' dir='ltr'><strong>i&#39;d‘i</strong></span> <span class='ocrx_word' id='word_1_2' title='bbox 1776 309 1968 365; x_wconf 71' lang='grc' dir='ltr'><strong>ΡΒᾹΕἘ</strong></span> 
     </span>
    </p>
   </div>
   <div class='ocr_carea' id='block_1_2' title="bbox 1968 264 3602 366">
    <p class='ocr_par' dir='ltr' id='par_1_2' title="bbox 1968 264 3602 366">
     <span class='ocr_line' id='line_1_2' title="bbox 1968 264 3602 366; baseline -0.006 -3"><span class='ocrx_word' id='word_1_3' title='bbox 1968 305 2159 366; x_wconf 65' lang='grc' dir='ltr'><strong>πΛΠΟ.</strong></span> <span class='ocrx_word' id='word_1_4' title='bbox 3494 301 3511 351; x_wconf 83' lang='lat' dir='ltr'><strong>l</strong></span> <span class='ocrx_word' id='word_1_5' title='bbox 3535 264 3602 353; x_wconf 72' lang='lat' dir='ltr'><strong>to</strong></span> 
     </span>
    </p>
   </div>
   <div class='ocr_carea' id='block_1_3' title="bbox 1330 425 2041 486">
    <p class='ocr_par' dir='ltr' id='par_1_3' title="bbox 1330 425 2041 486">
     <span class='ocr_line' id='line_1_3' title="bbox 1330 425 2041 486; baseline -0.008 -9"><span class='ocrx_word' id='word_1_6' title='bbox 1330 429 1468 477; x_wconf 74' lang='lat' dir='ltr'><strong>Alter</strong></span> <span class='ocrx_word' id='word_1_7' title='bbox 1490 426 1767 476; x_wconf 75' lang='lat' dir='ltr'><strong>cathedram</strong></span> <span class='ocrx_word' id='word_1_8' title='bbox 1787 425 2041 486; x_wconf 86' lang='lat' dir='ltr'><strong>possidens</strong></span> 
     </span>
    </p>
   </div>
   <div class='ocr_carea' id='block_1_4' title="bbox 1333 485 2041 549">
    <p class='ocr_par' dir='ltr' id='par_1_4' title="bbox 1333 485 2041 549">
     <span class='ocr_line' id='line_1_4' title="bbox 1333 485 2041 549; baseline -0.008 -12"><span class='ocrx_word' id='word_1_9' title='bbox 1333 490 1561 549; x_wconf 81' lang='lat' dir='ltr'><strong>Primam,</strong></span> <span class='ocrx_word' id='word_1_10' title='bbox 1590 485 1802 535; x_wconf 75' lang='lat' dir='ltr'><strong>recludit</strong></span> <span class='ocrx_word' id='word_1_11' title='bbox 1828 487 2041 534; x_wconf 85' lang='lat' dir='ltr'><strong>creditas</strong></span> 
     </span>
    </p>
   </div>
   <div class='ocr_carea' id='block_1_5' title="bbox 1330 549 1835 609">
    <p class='ocr_par' dir='ltr' id='par_1_5' title="bbox 1330 549 1835 609">
     <span class='ocr_line' id='line_1_5' title="bbox 1330 549 1835 609; baseline -0.008 -11"><span class='ocrx_word' id='word_1_12' title='bbox 1330 549 1630 599; x_wconf 62' lang='lat' dir='ltr'><strong>Eteruitatis</strong></span> <span class='ocrx_word' id='word_1_13' title='bbox 1646 550 1835 609; x_wconf 84' lang='lat' dir='ltr'><strong>januas.</strong></span> 
     </span>
    </p>
   </div>
   <div class='ocr_carea' id='block_1_6' title="bbox 329 660 3600 749">
    <p class='ocr_par' dir='ltr' id='par_1_6' title="bbox 329 660 3600 749">
     <span class='ocr_line' id='line_1_6' title="bbox 329 660 3600 749; baseline -0.007 -12"><span class='ocrx_word' id='word_1_14' title='bbox 329 681 533 737; x_wconf 67' lang='grc' dir='ltr'><strong>ιωωτ</strong></span> <span class='ocrx_word' id='word_1_15' title='bbox 553 686 838 749; x_wconf 63' lang='grc' dir='ltr'><strong>μνεία-οτι,</strong></span> <span class='ocrx_word' id='word_1_16' title='bbox 866 676 1042 730; x_wconf 76' lang='lat' dir='ltr'><strong>saeculi</strong></span> <span class='ocrx_word' id='word_1_17' title='bbox 1074 692 1120 729; x_wconf 73' lang='lat' dir='ltr'><strong>ri</strong></span> <span class='ocrx_word' id='word_1_18' title='bbox 1145 676 1394 744; x_wconf 73' lang='lat' dir='ltr'><strong>scriptor,</strong></span> <span class='ocrx_word' id='word_1_19' title='bbox 1421 674 1509 726; x_wconf 83' lang='lat' dir='ltr'><strong>lib.</strong></span> <span class='ocrx_word' id='word_1_20' title='bbox 1538 689 1553 727; x_wconf 89' lang='grc' dir='ltr'><strong>ι</strong></span> <span class='ocrx_word' id='word_1_21' title='bbox 1582 672 1832 725; x_wconf 74' lang='lat' dir='ltr'><strong>Historiae</strong></span> <span class='ocrx_word' id='word_1_22' title='bbox 1861 671 2180 741; x_wconf 72' lang='lat' dir='ltr'><strong>apostolicis,</strong></span> <span class='ocrx_word' id='word_1_23' title='bbox 2206 679 2329 737; x_wconf 83' lang='lat' dir='ltr'><strong>pag.</strong></span> <span class='ocrx_word' id='word_1_24' title='bbox 2354 662 2475 730; x_wconf 67' lang='lat'><strong>426,</strong></span> <span class='ocrx_word' id='word_1_25' title='bbox 2507 671 2637 719; x_wconf 91' lang='lat' dir='ltr'><strong>tom.</strong></span> <span class='ocrx_word' id='word_1_26' title='bbox 2669 660 2718 715; x_wconf 79' lang='grc' dir='ltr'><strong>Χ</strong></span> <span class='ocrx_word' id='word_1_27' title='bbox 2748 662 2996 716; x_wconf 84' lang='lat' dir='ltr'><strong>Biblioth.</strong></span> <span class='ocrx_word' id='word_1_28' title='bbox 3043 660 3263 717; x_wconf 83' lang='lat' dir='ltr'><strong>Patrum</strong></span> <span class='ocrx_word' id='word_1_29' title='bbox 3302 662 3430 717; x_wconf 85' lang='lat' dir='ltr'><strong>cdit.</strong></span> <span class='ocrx_word' id='word_1_30' title='bbox 3460 662 3600 735; x_wconf 69' lang='lat' dir='ltr'><strong>Lug-</strong></span> 
     </span>
    </p>
   </div>
   <div class='ocr_carea' id='block_1_7' title="bbox 328 766 946 825">
    <p class='ocr_par' dir='ltr' id='par_1_7' title="bbox 328 766 946 825">
     <span class='ocr_line' id='line_1_7' title="bbox 328 766 946 825; baseline -0.013 -1"><span class='ocrx_word' id='word_1_31' title='bbox 328 770 457 825; x_wconf 85' lang='lat' dir='ltr'><strong>duu.</strong></span> <span class='ocrx_word' id='word_1_32' title='bbox 484 767 551 822; x_wconf 88' lang='lat' dir='ltr'><strong>de</strong></span> <span class='ocrx_word' id='word_1_33' title='bbox 575 766 736 821; x_wconf 79' lang='lat' dir='ltr'><strong>Petro</strong></span> <span class='ocrx_word' id='word_1_34' title='bbox 761 766 905 820; x_wconf 84' lang='lat' dir='ltr'><strong>canit</strong></span> <span class='ocrx_word' id='word_1_35' title='bbox 935 783 946 815; x_wconf 95' lang='lat'>:</span> 
     </span>
    </p>
   </div>
   <div class='ocr_carea' id='block_1_8' title="bbox 1080 850 2217 913">
    <p class='ocr_par' dir='ltr' id='par_1_8' title="bbox 1080 850 2217 913">
     <span class='ocr_line' id='line_1_8' title="bbox 1080 850 2217 913; baseline -0.007 -12"><span class='ocrx_word' id='word_1_36' title='bbox 1080 854 1267 901; x_wconf 84' lang='lat' dir='ltr'><strong>Primus</strong></span> <span class='ocrx_word' id='word_1_37' title='bbox 1282 851 1544 911; x_wconf 83' lang='lat' dir='ltr'><strong>apostolico</strong></span> <span class='ocrx_word' id='word_1_38' title='bbox 1570 861 1713 913; x_wconf 83' lang='lat' dir='ltr'><strong>parva</strong></span> <span class='ocrx_word' id='word_1_39' title='bbox 1744 850 1811 898; x_wconf 92' lang='lat' dir='ltr'><strong>de</strong></span> <span class='ocrx_word' id='word_1_40' title='bbox 1834 860 1994 911; x_wconf 85' lang='lat' dir='ltr'><strong>puppe</strong></span> <span class='ocrx_word' id='word_1_41' title='bbox 2017 851 2217 895; x_wconf 82' lang='lat' dir='ltr'><strong>vocatus</strong></span> 
     </span>
    </p>
   </div>
   <div class='ocr_carea' id='block_1_9' title="bbox 1083 907 2461 972">
    <p class='ocr_par' dir='ltr' id='par_1_9' title="bbox 1083 907 2461 972">
     <span class='ocr_line' id='line_1_9' title="bbox 1083 907 2461 972; baseline -0.007 -9"><span class='ocrx_word' id='word_1_42' title='bbox 1083 916 1293 972; x_wconf 76' lang='lat' dir='ltr'><strong>Agmine</strong></span> <span class='ocrx_word' id='word_1_43' title='bbox 1314 907 1489 962; x_wconf 82' lang='lat' dir='ltr'><strong>Petrus</strong></span> <span class='ocrx_word' id='word_1_44' title='bbox 1513 907 1638 972; x_wconf 72' lang='lat' dir='ltr'><strong>erat,</strong></span> <span class='ocrx_word' id='word_1_45' title='bbox 1658 907 1850 972; x_wconf 55' lang='lat' dir='ltr'><strong>cujus&quot;:</strong></span> <span class='ocrx_word' id='word_1_46' title='bbox 1877 923 1987 971; x_wconf 65' lang='lat' dir='ltr'><strong>qua</strong></span> <span class='ocrx_word' id='word_1_47' title='bbox 2005 914 2231 972; x_wconf 68' lang='lat' dir='ltr'><strong>gesserat</strong></span> <span class='ocrx_word' id='word_1_48' title='bbox 2252 907 2461 968; x_wconf 82' lang='lat' dir='ltr'><strong>hamum,</strong></span> 
     </span>
    </p>
   </div>
   <div class='ocr_carea' id='block_1_10' title="bbox 1084 927 2354 1029">
    <p class='ocr_par' dir='ltr' id='par_1_10' title="bbox 1084 927 2354 1029">
     <span class='ocr_line' id='line_1_10' title="bbox 1084 927 2354 972; baseline -0.008 -9"><span class='ocrx_word' id='word_1_49' title='bbox 1084 927 1125 963; x_wconf 77' lang='grc' dir='ltr'><strong>Α</strong></span> <span class='ocrx_word' id='word_1_50' title='bbox 1164 927 1293 963; x_wconf 80' lang='lat' dir='ltr'><strong>mine</strong></span> <span class='ocrx_word' id='word_1_51' title='bbox 1316 927 1489 962; x_wconf 71' lang='lat' dir='ltr'><strong>vetrus</strong></span> <span class='ocrx_word' id='word_1_52' title='bbox 1513 927 1638 972; x_wconf 79' lang='lat' dir='ltr'><strong>erat,</strong></span> <span class='ocrx_word' id='word_1_53' title='bbox 1658 927 1850 972; x_wconf 72' lang='lat' dir='ltr'><strong>cujus...</strong></span> <span class='ocrx_word' id='word_1_54' title='bbox 1877 927 1987 971; x_wconf 61' lang='lat' dir='ltr'><strong>qua</strong></span> <span class='ocrx_word' id='word_1_55' title='bbox 2005 927 2231 970; x_wconf 63' lang='lat' dir='ltr'><strong>senserat</strong></span> <span class='ocrx_word' id='word_1_56' title='bbox 2252 927 2354 955; x_wconf 77' lang='lat' dir='ltr'><strong>naui</strong></span> 
     </span>
     <span class='ocr_line' id='line_1_11' title="bbox 1084 927 2354 1029; baseline -0.006 -6"><span class='ocrx_word' id='word_1_57' title='bbox 1084 927 1159 1023; x_wconf 57' lang='lat' dir='ltr'><strong>Ag</strong></span> <span class='ocrx_word' id='word_1_58' title='bbox 1180 976 1350 1024; x_wconf 74' lang='lat' dir='ltr'><strong>clavim</strong></span> <span class='ocrx_word' id='word_1_59' title='bbox 1375 973 1600 1022; x_wconf 76' lang='lat' dir='ltr'><strong>translata</strong></span> <span class='ocrx_word' id='word_1_60' title='bbox 1626 985 1852 1020; x_wconf 79' lang='lat' dir='ltr'><strong>manus...</strong></span> <span class='ocrx_word' id='word_1_61' title='bbox 1869 973 1944 1019; x_wconf 90' lang='lat' dir='ltr'><strong>cui</strong></span> <span class='ocrx_word' id='word_1_62' title='bbox 1971 970 2162 1019; x_wconf 86' lang='lat' dir='ltr'><strong>tradidit</strong></span> <span class='ocrx_word' id='word_1_63' title='bbox 2185 968 2354 1029; x_wconf 76' lang='lat' dir='ltr'><strong>Agnus</strong></span> 
     </span>
    </p>
   </div>
   <div class='ocr_carea' id='block_1_11' title="bbox 1084 1031 2368 1096">
    <p class='ocr_par' dir='ltr' id='par_1_11' title="bbox 1084 1031 2368 1096">
     <span class='ocr_line' id='line_1_12' title="bbox 1084 1031 2368 1096; baseline -0.007 -12"><span class='ocrx_word' id='word_1_64' title='bbox 1084 1038 1213 1093; x_wconf 77' lang='lat' dir='ltr'><strong>Quas</strong></span> <span class='ocrx_word' id='word_1_65' title='bbox 1235 1048 1403 1096; x_wconf 83' lang='lat' dir='ltr'><strong>passus</strong></span> <span class='ocrx_word' id='word_1_66' title='bbox 1423 1035 1620 1083; x_wconf 81' lang='lat' dir='ltr'><strong>salvavit</strong></span> <span class='ocrx_word' id='word_1_67' title='bbox 1643 1046 1781 1093; x_wconf 83' lang='lat' dir='ltr'><strong>oves,</strong></span> <span class='ocrx_word' id='word_1_68' title='bbox 1812 1040 2063 1092; x_wconf 87' lang='lat' dir='ltr'><strong>totumque</strong></span> <span class='ocrx_word' id='word_1_69' title='bbox 2088 1042 2175 1089; x_wconf 85' lang='lat' dir='ltr'><strong>per</strong></span> <span class='ocrx_word' id='word_1_70' title='bbox 2198 1031 2368 1076; x_wconf 85' lang='lat' dir='ltr'><strong>urbem</strong></span> 
     </span>
    </p>
   </div>
   <div class='ocr_carea' id='block_1_12' title="bbox 1077 1097 2433 1157">
    <p class='ocr_par' dir='ltr' id='par_1_12' title="bbox 1077 1097 2433 1157">
     <span class='ocr_line' id='line_1_13' title="bbox 1077 1097 2433 1157; baseline -0.007 -12"><span class='ocrx_word' id='word_1_71' title='bbox 1077 1098 1185 1145; x_wconf 69' lang='lat' dir='ltr'><strong>Hoc</strong></span> <span class='ocrx_word' id='word_1_72' title='bbox 1206 1104 1361 1157; x_wconf 72' lang='lat' dir='ltr'><strong>auget</strong></span> <span class='ocrx_word' id='word_1_73' title='bbox 1387 1097 1589 1146; x_wconf 79' lang='lat' dir='ltr'><strong>Pastore</strong></span> <span class='ocrx_word' id='word_1_74' title='bbox 1613 1107 1845 1157; x_wconf 72' lang='lat' dir='ltr'><strong>gregem,</strong></span> <span class='ocrx_word' id='word_1_75' title='bbox 1864 1105 1963 1154; x_wconf 92' lang='lat' dir='ltr'><strong>quo</strong></span> <span class='ocrx_word' id='word_1_76' title='bbox 1986 1104 2193 1141; x_wconf 89' lang='lat' dir='ltr'><strong>munere</strong></span> <span class='ocrx_word' id='word_1_77' title='bbox 2216 1102 2433 1139; x_wconf 85' lang='lat' dir='ltr'><strong>summus</strong></span> 
     </span>
    </p>
   </div>
   <div class='ocr_carea' id='block_1_13' title="bbox 1082 1159 1393 1221">
    <p class='ocr_par' dir='ltr' id='par_1_13' title="bbox 1082 1159 1393 1221">
     <span class='ocr_line' id='line_1_14' title="bbox 1082 1159 1393 1221; baseline 0.006 -16"><span class='ocrx_word' id='word_1_78' title='bbox 1082 1159 1268 1221; x_wconf 84' lang='lat' dir='ltr'><strong>Surgit,</strong></span> <span class='ocrx_word' id='word_1_79' title='bbox 1298 1165 1393 1207; x_wconf 85' lang='lat' dir='ltr'><strong>etc.</strong></span> 
     </span>
    </p>
   </div>
   <div class='ocr_carea' id='block_1_14' title="bbox 335 1288 3611 1367">
    <p class='ocr_par' dir='ltr' id='par_1_14' title="bbox 335 1288 3611 1367">
     <span class='ocr_line' id='line_1_15' title="bbox 335 1288 3611 1367; baseline -0.003 -13"><span class='ocrx_word' id='word_1_80' title='bbox 335 1300 481 1366; x_wconf 74' lang='lat' dir='ltr'><strong>Quin</strong></span> <span class='ocrx_word' id='word_1_81' title='bbox 504 1300 665 1353; x_wconf 86' lang='lat' dir='ltr'><strong>etiam</strong></span> <span class='ocrx_word' id='word_1_82' title='bbox 694 1298 839 1366; x_wconf 90' lang='lat' dir='ltr'><strong>quod</strong></span> <span class='ocrx_word' id='word_1_83' title='bbox 881 1297 1139 1350; x_wconf 75' lang='lat' dir='ltr'><strong>Maximus</strong></span> <span class='ocrx_word' id='word_1_84' title='bbox 1165 1296 1323 1351; x_wconf 85' lang='lat' dir='ltr'><strong>ducet</strong></span> <span class='ocrx_word' id='word_1_85' title='bbox 1349 1312 1463 1350; x_wconf 87' lang='lat' dir='ltr'><strong>eum</strong></span> <span class='ocrx_word' id='word_1_86' title='bbox 1502 1296 1589 1367; x_wconf 97' lang='lat' dir='ltr'><strong>qui</strong></span> <span class='ocrx_word' id='word_1_87' title='bbox 1625 1311 1811 1365; x_wconf 85' lang='lat' dir='ltr'><strong>aquam</strong></span> <span class='ocrx_word' id='word_1_88' title='bbox 1839 1295 1894 1347; x_wconf 91' lang='lat' dir='ltr'><strong>in</strong></span> <span class='ocrx_word' id='word_1_89' title='bbox 1934 1294 2131 1347; x_wconf 86' lang='lat' dir='ltr'><strong>deserto</strong></span> <span class='ocrx_word' id='word_1_90' title='bbox 2154 1292 2331 1345; x_wconf 64' lang='lat' dir='ltr'><strong>eduxit</strong></span> <span class='ocrx_word' id='word_1_91' title='bbox 2359 1290 2522 1345; x_wconf 85' lang='lat' dir='ltr'><strong>Musis</strong></span> <span class='ocrx_word' id='word_1_92' title='bbox 2556 1288 2855 1344; x_wconf 88' lang='lat' dir='ltr'><strong>ministerio</strong></span> <span class='ocrx_word' id='word_1_93' title='bbox 2885 1304 2950 1344; x_wconf 85' lang='lat' dir='ltr'><strong>ex</strong></span> <span class='ocrx_word' id='word_1_94' title='bbox 2975 1300 3138 1360; x_wconf 82' lang='lat' dir='ltr'><strong>petra,</strong></span> <span class='ocrx_word' id='word_1_95' title='bbox 3170 1289 3459 1345; x_wconf 80' lang='lat' dir='ltr'><strong>Ecclesium</strong></span> <span class='ocrx_word' id='word_1_96' title='bbox 3490 1293 3611 1362; x_wconf 79' lang='lat' dir='ltr'><strong>{un-</strong></span> 
     </span>
    </p>
   </div>
   <div class='ocr_carea' id='block_1_15' title="bbox 331 1380 3611 1461">
    <p class='ocr_par' dir='ltr' id='par_1_15' title="bbox 331 1380 3611 1461">
     <span class='ocr_line' id='line_1_16' title="bbox 331 1380 3611 1461; baseline -0.003 -16"><span class='ocrx_word' id='word_1_97' title='bbox 331 1395 500 1445; x_wconf 75' lang='lat' dir='ltr'><strong>dasse</strong></span> <span class='ocrx_word' id='word_1_98' title='bbox 526 1394 579 1445; x_wconf 90' lang='lat' dir='ltr'><strong>in</strong></span> <span class='ocrx_word' id='word_1_99' title='bbox 622 1390 808 1452; x_wconf 87' lang='lat' dir='ltr'><strong>Petro,</strong></span> <span class='ocrx_word' id='word_1_100' title='bbox 839 1405 870 1442; x_wconf 87' lang='lat' dir='ltr'><strong>e</strong></span> <span class='ocrx_word' id='word_1_101' title='bbox 892 1388 1042 1457; x_wconf 88' lang='lat' dir='ltr'><strong>cujus</strong></span> <span class='ocrx_word' id='word_1_102' title='bbox 1071 1405 1160 1442; x_wconf 88' lang='lat' dir='ltr'><strong>ore</strong></span> <span class='ocrx_word' id='word_1_103' title='bbox 1189 1391 1302 1457; x_wconf 75' lang='lat' dir='ltr'><strong>fons</strong></span> <span class='ocrx_word' id='word_1_104' title='bbox 1325 1385 1474 1461; x_wconf 67' lang='grc' dir='ltr'><strong>[ειη]</strong></span> <span class='ocrx_word' id='word_1_105' title='bbox 1499 1388 1784 1456; x_wconf 63' lang='lat' dir='ltr'><strong>salutifera</strong></span> <span class='ocrx_word' id='word_1_106' title='bbox 1811 1386 2151 1455; x_wconf 67' lang='lat' dir='ltr'><strong>confessionis</strong></span> <span class='ocrx_word' id='word_1_107' title='bbox 2172 1382 2453 1445; x_wconf 75' lang='lat' dir='ltr'><strong>merserit,</strong></span> <span class='ocrx_word' id='word_1_108' title='bbox 2488 1389 2595 1435; x_wconf 88' lang='lat' dir='ltr'><strong>tam</strong></span> <span class='ocrx_word' id='word_1_109' title='bbox 2638 1381 2820 1434; x_wconf 84' lang='lat' dir='ltr'><strong>tritum</strong></span> <span class='ocrx_word' id='word_1_110' title='bbox 2863 1380 3126 1449; x_wconf 80' lang='lat' dir='ltr'><strong>majorum</strong></span> <span class='ocrx_word' id='word_1_111' title='bbox 3160 1388 3467 1434; x_wconf 87' lang='lat' dir='ltr'><strong>nostrorum</strong></span> <span class='ocrx_word' id='word_1_112' title='bbox 3490 1395 3611 1436; x_wconf 84' lang='lat' dir='ltr'><strong>ser-</strong></span> 
     </span>
    </p>
   </div>
   <div class='ocr_carea' id='block_1_16' title="bbox 346 1470 3617 1550">
    <p class='ocr_par' dir='ltr' id='par_1_16' title="bbox 346 1470 3617 1550">
     <span class='ocr_line' id='line_1_17' title="bbox 346 1470 3617 1550; baseline -0.004 -13"><span class='ocrx_word' id='word_1_113' title='bbox 346 1498 529 1547; x_wconf 86' lang='lat' dir='ltr'><strong>mone,</strong></span> <span class='ocrx_word' id='word_1_114' title='bbox 558 1490 774 1550; x_wconf 90' lang='lat' dir='ltr'><strong>tamque</strong></span> <span class='ocrx_word' id='word_1_115' title='bbox 798 1487 1050 1534; x_wconf 73' lang='lat' dir='ltr'><strong>testatum</strong></span> <span class='ocrx_word' id='word_1_116' title='bbox 1075 1495 1137 1533; x_wconf 90' lang='lat' dir='ltr'><strong>ac</strong></span> <span class='ocrx_word' id='word_1_117' title='bbox 1165 1479 1535 1548; x_wconf 81' lang='lat' dir='ltr'><strong>pervulgatum</strong></span> <span class='ocrx_word' id='word_1_118' title='bbox 1565 1478 1689 1530; x_wconf 88' lang='lat' dir='ltr'><strong>olim</strong></span> <span class='ocrx_word' id='word_1_119' title='bbox 1719 1478 1882 1531; x_wconf 88' lang='lat' dir='ltr'><strong>etiam</strong></span> <span class='ocrx_word' id='word_1_120' title='bbox 1910 1476 2026 1541; x_wconf 83' lang='lat' dir='ltr'><strong>fuit,</strong></span> <span class='ocrx_word' id='word_1_121' title='bbox 2058 1484 2117 1527; x_wconf 88' lang='lat' dir='ltr'><strong>ut</strong></span> <span class='ocrx_word' id='word_1_122' title='bbox 2144 1490 2249 1528; x_wconf 90' lang='lat' dir='ltr'><strong>non</strong></span> <span class='ocrx_word' id='word_1_123' title='bbox 2275 1474 2436 1529; x_wconf 92' lang='lat' dir='ltr'><strong>modo</strong></span> <span class='ocrx_word' id='word_1_124' title='bbox 2464 1472 2597 1527; x_wconf 89' lang='lat' dir='ltr'><strong>Mosi</strong></span> <span class='ocrx_word' id='word_1_125' title='bbox 2628 1470 2847 1525; x_wconf 86' lang='lat' dir='ltr'><strong>Petrum</strong></span> <span class='ocrx_word' id='word_1_126' title='bbox 2888 1472 3279 1542; x_wconf 88' lang='lat' dir='ltr'><strong>compararint,</strong></span> <span class='ocrx_word' id='word_1_127' title='bbox 3324 1470 3468 1540; x_wconf 82' lang='lat' dir='ltr'><strong>quod</strong></span> <span class='ocrx_word' id='word_1_128' title='bbox 3490 1470 3617 1525; x_wconf 71' lang='lat' dir='ltr'><strong>fecit</strong></span> 
     </span>
    </p>
   </div>
   <div class='ocr_carea' id='block_1_17' title="bbox 344 1561 3615 1642">
    <p class='ocr_par' dir='ltr' id='par_1_17' title="bbox 344 1561 3615 1642">
     <span class='ocr_line' id='line_1_18' title="bbox 344 1561 3615 1642; baseline -0.004 -15"><span class='ocrx_word' id='word_1_129' title='bbox 344 1574 707 1642; x_wconf 72' lang='lat' dir='ltr'><strong>Hieronymus</strong></span> <span class='ocrx_word' id='word_1_130' title='bbox 754 1571 910 1638; x_wconf 86' lang='lat' dir='ltr'><strong>epist.</strong></span> <span class='ocrx_word' id='word_1_131' title='bbox 958 1567 1028 1620; x_wconf 80' lang='lat'><strong>95</strong></span> <span class='ocrx_word' id='word_1_132' title='bbox 1066 1568 1132 1621; x_wconf 90' lang='lat' dir='ltr'><strong>ad</strong></span> <span class='ocrx_word' id='word_1_133' title='bbox 1176 1568 1450 1622; x_wconf 79' lang='lat' dir='ltr'><strong>Rusticum</strong></span> <span class='ocrx_word' id='word_1_134' title='bbox 1491 1567 1837 1629; x_wconf 81' lang='lat' dir='ltr'><strong>monachum,</strong></span> <span class='ocrx_word' id='word_1_135' title='bbox 1884 1579 2006 1635; x_wconf 90' lang='lat' dir='ltr'><strong>pag.</strong></span> <span class='ocrx_word' id='word_1_136' title='bbox 2065 1565 2353 1629; x_wconf 80' lang='lat' dir='ltr'><strong>772,tom.</strong></span> <span class='ocrx_word' id='word_1_137' title='bbox 2392 1564 2466 1618; x_wconf 78' lang='grc' dir='ltr'><strong><em>Ν</em></strong></span> <span class='ocrx_word' id='word_1_138' title='bbox 2509 1578 2758 1632; x_wconf 88' lang='lat' dir='ltr'><strong>operum,</strong></span> <span class='ocrx_word' id='word_1_139' title='bbox 2798 1570 2939 1632; x_wconf 88' lang='lat' dir='ltr'><strong>part.</strong></span> <span class='ocrx_word' id='word_1_140' title='bbox 2990 1579 3026 1617; x_wconf 75' lang='grc' dir='ltr'><strong>ιι</strong></span> <span class='ocrx_word' id='word_1_141' title='bbox 3071 1562 3196 1617; x_wconf 83' lang='lat' dir='ltr'><strong>edit.</strong></span> <span class='ocrx_word' id='word_1_142' title='bbox 3248 1561 3415 1616; x_wconf 84' lang='lat' dir='ltr'><strong>Paris.</strong></span> <span class='ocrx_word' id='word_1_143' title='bbox 3472 1562 3615 1615; x_wconf 79' lang='lat' dir='ltr'><strong>Mar-</strong></span> 
     </span>
    </p>
   </div>
   <div class='ocr_carea' id='block_1_18' title="bbox 256 1644 3617 1729">
    <p class='ocr_par' dir='ltr' id='par_1_18' title="bbox 256 1644 3617 1729">
     <span class='ocr_line' id='line_1_19' title="bbox 256 1644 3617 1729; baseline -0.005 -9"><span class='ocrx_word' id='word_1_144' title='bbox 256 1649 264 1655; x_wconf 56' lang='grc'><strong>’</strong></span> <span class='ocrx_word' id='word_1_145' title='bbox 347 1666 563 1728; x_wconf 72' lang='lat' dir='ltr'><strong>tianzci;</strong></span> <span class='ocrx_word' id='word_1_146' title='bbox 616 1662 971 1729; x_wconf 87' lang='lat' dir='ltr'><strong>eumdcmque</strong></span> <span class='ocrx_word' id='word_1_147' title='bbox 1021 1658 1262 1723; x_wconf 86' lang='lat' dir='ltr'><strong>Petrum,</strong></span> <span class='ocrx_word' id='word_1_148' title='bbox 1296 1660 1363 1713; x_wconf 88' lang='lat' dir='ltr'><strong>ab</strong></span> <span class='ocrx_word' id='word_1_149' title='bbox 1403 1662 1520 1728; x_wconf 88' lang='lat' dir='ltr'><strong>ipso</strong></span> <span class='ocrx_word' id='word_1_150' title='bbox 1543 1644 1923 1713; x_wconf 70' lang='lat' dir='ltr'><strong>charismatum</strong></span> <span class='ocrx_word' id='word_1_151' title='bbox 1945 1656 2092 1712; x_wconf 76' lang='lat' dir='ltr'><strong>fonte</strong></span> <span class='ocrx_word' id='word_1_152' title='bbox 2120 1666 2231 1712; x_wconf 86' lang='lat' dir='ltr'><strong>tam</strong></span> <span class='ocrx_word' id='word_1_153' title='bbox 2260 1656 2494 1727; x_wconf 86' lang='lat' dir='ltr'><strong>copiosis</strong></span> <span class='ocrx_word' id='word_1_154' title='bbox 2517 1656 2677 1710; x_wconf 78' lang='lat' dir='ltr'><strong>fuisse</strong></span> <span class='ocrx_word' id='word_1_155' title='bbox 2709 1656 3105 1725; x_wconf 80' lang='lat' dir='ltr'><strong>irrigationibus</strong></span> <span class='ocrx_word' id='word_1_156' title='bbox 3129 1654 3447 1709; x_wconf 88' lang='lat' dir='ltr'><strong>inundatum</strong></span> <span class='ocrx_word' id='word_1_157' title='bbox 3472 1653 3617 1708; x_wconf 79' lang='lat' dir='ltr'><strong>dixc—</strong></span> 
     </span>
    </p>
   </div>
   <div class='ocr_carea' id='block_1_19' title="bbox 342 1746 3667 1825">
    <p class='ocr_par' dir='ltr' id='par_1_19' title="bbox 342 1746 3667 1825">
     <span class='ocr_line' id='line_1_20' title="bbox 342 1746 3667 1825; baseline -0.004 -15"><span class='ocrx_word' id='word_1_158' title='bbox 342 1755 463 1810; x_wconf 69' lang='lat' dir='ltr'><strong>rint</strong></span> <span class='ocrx_word' id='word_1_159' title='bbox 492 1755 593 1825; x_wconf 92' lang='lat' dir='ltr'><strong>(a),</strong></span> <span class='ocrx_word' id='word_1_160' title='bbox 625 1760 700 1816; x_wconf 88' lang='lat' dir='ltr'><strong>ut,</strong></span> <span class='ocrx_word' id='word_1_161' title='bbox 726 1768 840 1805; x_wconf 77' lang='lat' dir='ltr'><strong>cum</strong></span> <span class='ocrx_word' id='word_1_162' title='bbox 861 1751 1021 1804; x_wconf 79' lang='lat' dir='ltr'><strong>multa</strong></span> <span class='ocrx_word' id='word_1_163' title='bbox 1050 1751 1189 1804; x_wconf 86' lang='lat' dir='ltr'><strong>solus</strong></span> <span class='ocrx_word' id='word_1_164' title='bbox 1219 1751 1487 1818; x_wconf 83' lang='lat' dir='ltr'><strong>acceperit,</strong></span> <span class='ocrx_word' id='word_1_165' title='bbox 1521 1750 1650 1803; x_wconf 80' lang='lat' dir='ltr'><strong>nihil</strong></span> <span class='ocrx_word' id='word_1_166' title='bbox 1678 1752 1729 1802; x_wconf 88' lang='lat' dir='ltr'><strong>in</strong></span> <span class='ocrx_word' id='word_1_167' title='bbox 1777 1766 2073 1820; x_wconf 78' lang='lat' dir='ltr'><strong>quamquam</strong></span> <span class='ocrx_word' id='word_1_168' title='bbox 2103 1751 2214 1803; x_wconf 89' lang='lat' dir='ltr'><strong>sine</strong></span> <span class='ocrx_word' id='word_1_169' title='bbox 2235 1750 2376 1803; x_wconf 88' lang='lat' dir='ltr'><strong>illius</strong></span> <span class='ocrx_word' id='word_1_170' title='bbox 2401 1750 2797 1819; x_wconf 85' lang='lat' dir='ltr'><strong>participatione</strong></span> <span class='ocrx_word' id='word_1_171' title='bbox 2826 1747 3201 1801; x_wconf 88' lang='lat' dir='ltr'><strong>transierit.....</strong></span> <span class='ocrx_word' id='word_1_172' title='bbox 3233 1754 3283 1799; x_wconf 85' lang='lat' dir='ltr'><strong>et</strong></span> <span class='ocrx_word' id='word_1_173' title='bbox 3308 1746 3534 1818; x_wconf 76' lang='lat' dir='ltr'><strong>quamvis</strong></span> <span class='ocrx_word' id='word_1_174' title='bbox 3564 1746 3613 1796; x_wconf 83' lang='lat' dir='ltr'><strong>in</strong></span> <span class='ocrx_word' id='word_1_175' title='bbox 3658 1780 3667 1783; x_wconf 90' lang='lat'><em>-</em></span> 
     </span>
    </p>
   </div>
   <div class='ocr_carea' id='block_1_20' title="bbox 348 1837 3618 1919">
    <p class='ocr_par' dir='ltr' id='par_1_20' title="bbox 348 1837 3618 1919">
     <span class='ocr_line' id='line_1_21' title="bbox 348 1837 3618 1919; baseline -0.004 -18"><span class='ocrx_word' id='word_1_176' title='bbox 348 1848 542 1919; x_wconf 83' lang='lat' dir='ltr'><strong>papula</strong></span> <span class='ocrx_word' id='word_1_177' title='bbox 564 1845 664 1899; x_wconf 88' lang='lat' dir='ltr'><strong>Dei</strong></span> <span class='ocrx_word' id='word_1_178' title='bbox 701 1843 849 1898; x_wconf 83' lang='lat' dir='ltr'><strong>multi</strong></span> <span class='ocrx_word' id='word_1_179' title='bbox 870 1843 1160 1897; x_wconf 74' lang='lat' dir='ltr'><strong>sacerdotes</strong></span> <span class='ocrx_word' id='word_1_180' title='bbox 1183 1845 1285 1895; x_wconf 89' lang='lat' dir='ltr'><strong>sint</strong></span> <span class='ocrx_word' id='word_1_181' title='bbox 1306 1843 1549 1910; x_wconf 76' lang='lat' dir='ltr'><strong>multique</strong></span> <span class='ocrx_word' id='word_1_182' title='bbox 1569 1850 1819 1909; x_wconf 82' lang='lat' dir='ltr'><strong>pastores,</strong></span> <span class='ocrx_word' id='word_1_183' title='bbox 1843 1857 2017 1894; x_wconf 90' lang='lat' dir='ltr'><strong>omnes</strong></span> <span class='ocrx_word' id='word_1_184' title='bbox 2038 1851 2205 1894; x_wconf 89' lang='lat' dir='ltr'><strong>tamen</strong></span> <span class='ocrx_word' id='word_1_185' title='bbox 2230 1843 2434 1909; x_wconf 88' lang='lat' dir='ltr'><strong>proprie</strong></span> <span class='ocrx_word' id='word_1_186' title='bbox 2449 1848 2594 1911; x_wconf 78' lang='lat' dir='ltr'><strong>regat</strong></span> <span class='ocrx_word' id='word_1_187' title='bbox 2618 1839 2822 1904; x_wconf 84' lang='lat' dir='ltr'><strong>Petrus,</strong></span> <span class='ocrx_word' id='word_1_188' title='bbox 2848 1855 2973 1909; x_wconf 87' lang='lat' dir='ltr'><strong>quos</strong></span> <span class='ocrx_word' id='word_1_189' title='bbox 3002 1839 3360 1908; x_wconf 86' lang='lat' dir='ltr'><strong>principaliter</strong></span> <span class='ocrx_word' id='word_1_190' title='bbox 3389 1837 3541 1907; x_wconf 86' lang='lat' dir='ltr'><strong>regit,</strong></span> <span class='ocrx_word' id='word_1_191' title='bbox 3570 1844 3618 1888; x_wconf 73' lang='lat' dir='ltr'><strong>et</strong></span> 
     </span>
    </p>
   </div>
   <div class='ocr_carea' id='block_1_21' title="bbox 338 1924 3613 2001">
    <p class='ocr_par' dir='ltr' id='par_1_21' title="bbox 338 1924 3613 2001">
     <span class='ocr_line' id='line_1_22' title="bbox 338 1924 3613 2001; baseline -0.005 -9"><span class='ocrx_word' id='word_1_192' title='bbox 338 1938 613 2001; x_wconf 71' lang='lat' dir='ltr'><strong>Christus,</strong></span> <span class='ocrx_word' id='word_1_193' title='bbox 640 1944 769 1996; x_wconf 87' lang='lat' dir='ltr'><strong>etc.,</strong></span> <span class='ocrx_word' id='word_1_194' title='bbox 801 1948 987 1987; x_wconf 79' lang='lat' dir='ltr'><strong>verum</strong></span> <span class='ocrx_word' id='word_1_195' title='bbox 1028 1934 1191 1987; x_wconf 91' lang='lat' dir='ltr'><strong>etiam</strong></span> <span class='ocrx_word' id='word_1_196' title='bbox 1243 1933 1293 1985; x_wconf 93' lang='lat' dir='ltr'><strong>in</strong></span> <span class='ocrx_word' id='word_1_197' title='bbox 1336 1933 1487 1986; x_wconf 78' lang='lat' dir='ltr'><strong>vitris</strong></span> <span class='ocrx_word' id='word_1_198' title='bbox 1515 1932 1643 1999; x_wconf 85' lang='lat' dir='ltr'><strong>ipsis</strong></span> <span class='ocrx_word' id='word_1_199' title='bbox 1686 1931 2134 1985; x_wconf 80' lang='lat' dir='ltr'><strong>cmmeterialibus</strong></span> <span class='ocrx_word' id='word_1_200' title='bbox 2181 1928 2400 1983; x_wconf 77' lang='lat' dir='ltr'><strong>Petrum</strong></span> <span class='ocrx_word' id='word_1_201' title='bbox 2424 1928 2671 1983; x_wconf 90' lang='lat' dir='ltr'><strong>eumdem</strong></span> <span class='ocrx_word' id='word_1_202' title='bbox 2714 1927 2875 1981; x_wconf 82' lang='lat' dir='ltr'><strong>Musis</strong></span> <span class='ocrx_word' id='word_1_203' title='bbox 2898 1925 3243 1981; x_wconf 72' lang='lat' dir='ltr'><strong>Hebrmorum</strong></span> <span class='ocrx_word' id='word_1_204' title='bbox 3267 1925 3417 1980; x_wconf 86' lang='lat' dir='ltr'><strong>ducis</strong></span> <span class='ocrx_word' id='word_1_205' title='bbox 3444 1924 3613 1992; x_wconf 75' lang='lat' dir='ltr'><strong>ﬁgura</strong></span> 
     </span>
    </p>
   </div>
   <div class='ocr_carea' id='block_1_22' title="bbox 346 2013 3617 2098">
    <p class='ocr_par' dir='ltr' id='par_1_22' title="bbox 346 2013 3617 2098">
     <span class='ocr_line' id='line_1_23' title="bbox 346 2013 3617 2098; baseline -0.005 -14"><span class='ocrx_word' id='word_1_206' title='bbox 346 2027 745 2098; x_wconf 83' lang='lat' dir='ltr'><strong>expresserim,</strong></span> <span class='ocrx_word' id='word_1_207' title='bbox 773 2040 965 2093; x_wconf 88' lang='lat' dir='ltr'><strong>aquam</strong></span> <span class='ocrx_word' id='word_1_208' title='bbox 1008 2040 1038 2078; x_wconf 88' lang='lat' dir='ltr'><strong>e</strong></span> <span class='ocrx_word' id='word_1_209' title='bbox 1066 2031 1218 2093; x_wconf 87' lang='lat' dir='ltr'><strong>petra</strong></span> <span class='ocrx_word' id='word_1_210' title='bbox 1266 2023 1561 2077; x_wconf 82' lang='lat' dir='ltr'><strong>educentis.</strong></span> <span class='ocrx_word' id='word_1_211' title='bbox 1585 2022 1787 2075; x_wconf 76' lang='lat' dir='ltr'><strong>Confer</strong></span> <span class='ocrx_word' id='word_1_212' title='bbox 1830 2022 2178 2075; x_wconf 76' lang='lat' dir='ltr'><strong>Mamaclrium</strong></span> <span class='ocrx_word' id='word_1_213' title='bbox 2229 2030 2361 2075; x_wconf 91' lang='lat' dir='ltr'><strong>tom.</strong></span> <span class='ocrx_word' id='word_1_214' title='bbox 2390 2020 2431 2074; x_wconf 83' lang='lat' dir='ltr'><strong>V</strong></span> <span class='ocrx_word' id='word_1_215' title='bbox 2452 2021 2830 2088; x_wconf 83' lang='lat' dir='ltr'><strong>Antiquitatmn</strong></span> <span class='ocrx_word' id='word_1_216' title='bbox 2872 2018 3305 2082; x_wconf 84' lang='lat' dir='ltr'><strong>Christianarum,</strong></span> <span class='ocrx_word' id='word_1_217' title='bbox 3344 2030 3465 2085; x_wconf 88' lang='lat' dir='ltr'><strong>pag.</strong></span> <span class='ocrx_word' id='word_1_218' title='bbox 3491 2013 3617 2068; x_wconf 80' lang='lat'><strong>296.</strong></span> 
     </span>
    </p>
   </div>
   <div class='ocr_carea' id='block_1_23' title="bbox 342 2104 3620 2186">
    <p class='ocr_par' dir='ltr' id='par_1_23' title="bbox 342 2104 3620 2186">
     <span class='ocr_line' id='line_1_24' title="bbox 342 2104 3620 2186; baseline -0.005 -14"><span class='ocrx_word' id='word_1_219' title='bbox 342 2119 633 2174; x_wconf 74' lang='lat' dir='ltr'><strong>Postremo</strong></span> <span class='ocrx_word' id='word_1_220' title='bbox 655 2132 773 2186; x_wconf 61' lang='lat' dir='ltr'><strong>quae</strong></span> <span class='ocrx_word' id='word_1_221' title='bbox 796 2115 1071 2185; x_wconf 86' lang='lat' dir='ltr'><strong>proposita</strong></span> <span class='ocrx_word' id='word_1_222' title='bbox 1096 2122 1256 2183; x_wconf 86' lang='lat' dir='ltr'><strong>atque</strong></span> <span class='ocrx_word' id='word_1_223' title='bbox 1284 2113 1545 2182; x_wconf 85' lang='lat' dir='ltr'><strong>explicata</strong></span> <span class='ocrx_word' id='word_1_224' title='bbox 1575 2128 1604 2165; x_wconf 90' lang='lat' dir='ltr'><strong>a</strong></span> <span class='ocrx_word' id='word_1_225' title='bbox 1643 2111 1875 2165; x_wconf 81' lang='lat' dir='ltr'><strong>Maximo</strong></span> <span class='ocrx_word' id='word_1_226' title='bbox 1903 2111 1969 2165; x_wconf 88' lang='lat' dir='ltr'><strong>de</strong></span> <span class='ocrx_word' id='word_1_227' title='bbox 1992 2110 2231 2165; x_wconf 85' lang='lat' dir='ltr'><strong>clavibus</strong></span> <span class='ocrx_word' id='word_1_228' title='bbox 2250 2117 2374 2163; x_wconf 89' lang='lat' dir='ltr'><strong>sunt</strong></span> <span class='ocrx_word' id='word_1_229' title='bbox 2397 2124 2429 2162; x_wconf 88' lang='lat' dir='ltr'><strong>a</strong></span> <span class='ocrx_word' id='word_1_230' title='bbox 2455 2107 2670 2163; x_wconf 86' lang='lat' dir='ltr'><strong>Christo</strong></span> <span class='ocrx_word' id='word_1_231' title='bbox 2702 2108 2910 2163; x_wconf 81' lang='lat' dir='ltr'><strong>collatis</strong></span> <span class='ocrx_word' id='word_1_232' title='bbox 2937 2106 3129 2172; x_wconf 81' lang='lat' dir='ltr'><strong>Petro,</strong></span> <span class='ocrx_word' id='word_1_233' title='bbox 3159 2105 3340 2174; x_wconf 83' lang='lat' dir='ltr'><strong>deque</strong></span> <span class='ocrx_word' id='word_1_234' title='bbox 3362 2104 3620 2159; x_wconf 73' lang='lat' dir='ltr'><strong>doctrinm</strong></span> 
     </span>
    </p>
   </div>
   <div class='ocr_carea' id='block_1_24' title="bbox 348 2192 3619 2275">
    <p class='ocr_par' dir='ltr' id='par_1_24' title="bbox 348 2192 3619 2275">
     <span class='ocr_line' id='line_1_25' title="bbox 348 2192 3619 2275; baseline -0.003 -14"><span class='ocrx_word' id='word_1_235' title='bbox 348 2209 475 2264; x_wconf 85' lang='lat' dir='ltr'><strong>ﬁdei</strong></span> <span class='ocrx_word' id='word_1_236' title='bbox 520 2207 889 2271; x_wconf 81' lang='lat' dir='ltr'><strong>fundamento,</strong></span> <span class='ocrx_word' id='word_1_237' title='bbox 916 2204 1060 2275; x_wconf 89' lang='lat' dir='ltr'><strong>quod</strong></span> <span class='ocrx_word' id='word_1_238' title='bbox 1108 2204 1296 2259; x_wconf 81' lang='lat' dir='ltr'><strong>Petrus</strong></span> <span class='ocrx_word' id='word_1_239' title='bbox 1327 2205 1439 2273; x_wconf 91' lang='lat' dir='ltr'><strong>ipse</strong></span> <span class='ocrx_word' id='word_1_240' title='bbox 1478 2201 1737 2257; x_wconf 80' lang='lat' dir='ltr'><strong>beneﬁcio</strong></span> <span class='ocrx_word' id='word_1_241' title='bbox 1765 2202 1961 2256; x_wconf 88' lang='lat' dir='ltr'><strong>Christi</strong></span> <span class='ocrx_word' id='word_1_242' title='bbox 2006 2202 2298 2263; x_wconf 89' lang='lat' dir='ltr'><strong>contineat,</strong></span> <span class='ocrx_word' id='word_1_243' title='bbox 2332 2200 2519 2255; x_wconf 89' lang='lat' dir='ltr'><strong>eadem</strong></span> <span class='ocrx_word' id='word_1_244' title='bbox 2549 2207 2672 2254; x_wconf 87' lang='lat' dir='ltr'><strong>sunt</strong></span> <span class='ocrx_word' id='word_1_245' title='bbox 2694 2215 2727 2253; x_wconf 90' lang='lat' dir='ltr'><strong>a</strong></span> <span class='ocrx_word' id='word_1_246' title='bbox 2769 2192 3016 2255; x_wconf 82' lang='lat' dir='ltr'><strong>Patrihus</strong></span> <span class='ocrx_word' id='word_1_247' title='bbox 3045 2200 3257 2254; x_wconf 63' lang='lat' dir='ltr'><strong>caeteris</strong></span> <span class='ocrx_word' id='word_1_248' title='bbox 3290 2214 3395 2253; x_wconf 88' lang='lat' dir='ltr'><strong>non</strong></span> <span class='ocrx_word' id='word_1_249' title='bbox 3425 2197 3619 2252; x_wconf 87' lang='lat' dir='ltr'><strong>tradita</strong></span> 
     </span>
    </p>
   </div>
   <div class='ocr_carea' id='block_1_25' title="bbox 344 2290 3620 2368">
    <p class='ocr_par' dir='ltr' id='par_1_25' title="bbox 344 2290 3620 2368">
     <span class='ocr_line' id='line_1_26' title="bbox 344 2290 3620 2368; baseline -0.004 -14"><span class='ocrx_word' id='word_1_250' title='bbox 344 2300 513 2354; x_wconf 86' lang='lat' dir='ltr'><strong>modo</strong></span> <span class='ocrx_word' id='word_1_251' title='bbox 534 2316 599 2353; x_wconf 88' lang='lat' dir='ltr'><strong>ac</strong></span> <span class='ocrx_word' id='word_1_252' title='bbox 627 2306 982 2368; x_wconf 86' lang='lat' dir='ltr'><strong>propugnata,</strong></span> <span class='ocrx_word' id='word_1_253' title='bbox 1027 2296 1121 2351; x_wconf 87' lang='lat' dir='ltr'><strong>sed</strong></span> <span class='ocrx_word' id='word_1_254' title='bbox 1153 2303 1335 2350; x_wconf 81' lang='lat' dir='ltr'><strong>notata</strong></span> <span class='ocrx_word' id='word_1_255' title='bbox 1379 2294 1539 2349; x_wconf 88' lang='lat' dir='ltr'><strong>etiam</strong></span> <span class='ocrx_word' id='word_1_256' title='bbox 1570 2294 2035 2360; x_wconf 80' lang='lat' dir='ltr'><strong>monumentisque</strong></span> <span class='ocrx_word' id='word_1_257' title='bbox 2082 2293 2268 2357; x_wconf 90' lang='lat' dir='ltr'><strong>incisa,</strong></span> <span class='ocrx_word' id='word_1_258' title='bbox 2294 2290 2435 2361; x_wconf 89' lang='lat' dir='ltr'><strong>quod</strong></span> <span class='ocrx_word' id='word_1_259' title='bbox 2477 2300 2531 2345; x_wconf 91' lang='lat' dir='ltr'><strong>et</strong></span> <span class='ocrx_word' id='word_1_260' title='bbox 2552 2305 2619 2345; x_wconf 90' lang='lat' dir='ltr'><strong>ex</strong></span> <span class='ocrx_word' id='word_1_261' title='bbox 2649 2291 2971 2345; x_wconf 87' lang='lat' dir='ltr'><strong>testimoniis</strong></span> <span class='ocrx_word' id='word_1_262' title='bbox 3000 2291 3210 2345; x_wconf 89' lang='lat' dir='ltr'><strong>illorum</strong></span> <span class='ocrx_word' id='word_1_263' title='bbox 3242 2298 3473 2353; x_wconf 83' lang='lat' dir='ltr'><strong>constat,</strong></span> <span class='ocrx_word' id='word_1_264' title='bbox 3499 2305 3620 2358; x_wconf 73' lang='lat' dir='ltr'><strong>qua:</strong></span> 
     </span>
    </p>
   </div>
   <div class='ocr_carea' id='block_1_26' title="bbox 347 2382 3621 2453">
    <p class='ocr_par' dir='ltr' id='par_1_26' title="bbox 347 2382 3621 2453">
     <span class='ocr_line' id='line_1_27' title="bbox 347 2382 3621 2453; baseline -0.003 -8"><span class='ocrx_word' id='word_1_265' title='bbox 347 2407 382 2445; x_wconf 82' lang='lat' dir='ltr'><strong>a</strong></span> <span class='ocrx_word' id='word_1_266' title='bbox 404 2390 668 2453; x_wconf 87' lang='lat' dir='ltr'><strong>Sandero,</strong></span> <span class='ocrx_word' id='word_1_267' title='bbox 696 2405 725 2442; x_wconf 91' lang='lat' dir='ltr'><strong>a</strong></span> <span class='ocrx_word' id='word_1_268' title='bbox 753 2388 1097 2450; x_wconf 86' lang='lat' dir='ltr'><strong>Bellarmino,</strong></span> <span class='ocrx_word' id='word_1_269' title='bbox 1123 2402 1152 2440; x_wconf 92' lang='lat' dir='ltr'><strong>a</strong></span> <span class='ocrx_word' id='word_1_270' title='bbox 1180 2386 1470 2449; x_wconf 83' lang='lat' dir='ltr'><strong>Mauclero,</strong></span> <span class='ocrx_word' id='word_1_271' title='bbox 1497 2394 1623 2449; x_wconf 89' lang='lat' dir='ltr'><strong>etc.,</strong></span> <span class='ocrx_word' id='word_1_272' title='bbox 1652 2400 1715 2438; x_wconf 89' lang='lat' dir='ltr'><strong>ac</strong></span> <span class='ocrx_word' id='word_1_273' title='bbox 1738 2384 2036 2437; x_wconf 89' lang='lat' dir='ltr'><strong>recentiore</strong></span> <span class='ocrx_word' id='word_1_274' title='bbox 2059 2383 2317 2437; x_wconf 89' lang='lat' dir='ltr'><strong>memoria</strong></span> <span class='ocrx_word' id='word_1_275' title='bbox 2352 2397 2381 2435; x_wconf 83' lang='lat' dir='ltr'><strong>a</strong></span> <span class='ocrx_word' id='word_1_276' title='bbox 2424 2382 2723 2437; x_wconf 86' lang='lat' dir='ltr'><strong>Mamachio</strong></span> <span class='ocrx_word' id='word_1_277' title='bbox 2746 2382 2821 2453; x_wconf 65' lang='grc' dir='ltr'><strong>(ὁ)</strong></span> <span class='ocrx_word' id='word_1_278' title='bbox 2846 2383 3069 2437; x_wconf 83' lang='lat' dir='ltr'><strong>collecta</strong></span> <span class='ocrx_word' id='word_1_279' title='bbox 3112 2389 3167 2436; x_wconf 88' lang='lat' dir='ltr'><strong>et</strong></span> <span class='ocrx_word' id='word_1_280' title='bbox 3188 2383 3357 2436; x_wconf 87' lang='lat' dir='ltr'><strong>relata</strong></span> <span class='ocrx_word' id='word_1_281' title='bbox 3390 2383 3440 2436; x_wconf 91' lang='lat' dir='ltr'><strong>in</strong></span> <span class='ocrx_word' id='word_1_282' title='bbox 3471 2398 3621 2438; x_wconf 79' lang='lat' dir='ltr'><strong>com-</strong></span> 
     </span>
    </p>
   </div>
   <div class='ocr_carea' id='block_1_27' title="bbox 348 2473 3619 2546">
    <p class='ocr_par' dir='ltr' id='par_1_27' title="bbox 348 2473 3619 2546">
     <span class='ocr_line' id='line_1_28' title="bbox 348 2473 3619 2546; baseline -0.002 -11"><span class='ocrx_word' id='word_1_283' title='bbox 348 2483 649 2537; x_wconf 84' lang='lat' dir='ltr'><strong>mentarios</strong></span> <span class='ocrx_word' id='word_1_284' title='bbox 669 2487 821 2545; x_wconf 87' lang='lat' dir='ltr'><strong>sunt;</strong></span> <span class='ocrx_word' id='word_1_285' title='bbox 847 2487 903 2534; x_wconf 88' lang='lat' dir='ltr'><strong>et</strong></span> <span class='ocrx_word' id='word_1_286' title='bbox 924 2494 990 2533; x_wconf 92' lang='lat' dir='ltr'><strong>ex</strong></span> <span class='ocrx_word' id='word_1_287' title='bbox 1012 2493 1138 2533; x_wconf 75' lang='lat' dir='ltr'><strong>vase</strong></span> <span class='ocrx_word' id='word_1_288' title='bbox 1168 2486 1426 2546; x_wconf 85' lang='lat' dir='ltr'><strong>argenteo</strong></span> <span class='ocrx_word' id='word_1_289' title='bbox 1450 2490 1624 2544; x_wconf 81' lang='lat' dir='ltr'><strong>exque</strong></span> <span class='ocrx_word' id='word_1_290' title='bbox 1650 2475 1996 2543; x_wconf 86' lang='lat' dir='ltr'><strong>sarcophagis</strong></span> <span class='ocrx_word' id='word_1_291' title='bbox 2018 2483 2260 2528; x_wconf 81' lang='lat' dir='ltr'><strong>veterum</strong></span> <span class='ocrx_word' id='word_1_292' title='bbox 2289 2473 2719 2530; x_wconf 85' lang='lat' dir='ltr'><strong>Christianorum</strong></span> <span class='ocrx_word' id='word_1_293' title='bbox 2755 2476 2806 2529; x_wconf 92' lang='lat' dir='ltr'><strong>in</strong></span> <span class='ocrx_word' id='word_1_294' title='bbox 2835 2476 3157 2531; x_wconf 77' lang='lat' dir='ltr'><strong>cmmeteriis</strong></span> <span class='ocrx_word' id='word_1_295' title='bbox 3184 2476 3411 2546; x_wconf 86' lang='lat' dir='ltr'><strong>repertis</strong></span> <span class='ocrx_word' id='word_1_296' title='bbox 3434 2478 3619 2546; x_wconf 82' lang='lat' dir='ltr'><strong>liquet,</strong></span> 
     </span>
    </p>
   </div>
   <div class='ocr_carea' id='block_1_28' title="bbox 350 2566 3620 2641">
    <p class='ocr_par' dir='ltr' id='par_1_28' title="bbox 350 2566 3620 2641">
     <span class='ocr_line' id='line_1_29' title="bbox 350 2566 3620 2641; baseline -0.001 -12"><span class='ocrx_word' id='word_1_297' title='bbox 350 2576 410 2630; x_wconf 88' lang='lat' dir='ltr'><strong>in</strong></span> <span class='ocrx_word' id='word_1_298' title='bbox 432 2573 629 2641; x_wconf 86' lang='lat' dir='ltr'><strong>quibus</strong></span> <span class='ocrx_word' id='word_1_299' title='bbox 660 2573 823 2639; x_wconf 85' lang='lat' dir='ltr'><strong>ligura</strong></span> <span class='ocrx_word' id='word_1_300' title='bbox 871 2569 1111 2625; x_wconf 88' lang='lat' dir='ltr'><strong>cernitur</strong></span> <span class='ocrx_word' id='word_1_301' title='bbox 1150 2567 1453 2622; x_wconf 89' lang='lat' dir='ltr'><strong>Servatoris</strong></span> <span class='ocrx_word' id='word_1_302' title='bbox 1494 2566 1672 2621; x_wconf 87' lang='lat' dir='ltr'><strong>claves</strong></span> <span class='ocrx_word' id='word_1_303' title='bbox 1700 2582 1765 2621; x_wconf 88' lang='lat' dir='ltr'><strong>ac</strong></span> <span class='ocrx_word' id='word_1_304' title='bbox 1787 2567 1983 2620; x_wconf 85' lang='lat' dir='ltr'><strong>librum</strong></span> <span class='ocrx_word' id='word_1_305' title='bbox 2006 2566 2375 2635; x_wconf 85' lang='lat' dir='ltr'><strong>apostolorum</strong></span> <span class='ocrx_word' id='word_1_306' title='bbox 2416 2567 2641 2637; x_wconf 90' lang='lat' dir='ltr'><strong>principi</strong></span> <span class='ocrx_word' id='word_1_307' title='bbox 2681 2568 3024 2636; x_wconf 79' lang='lat' dir='ltr'><strong>porrigentis.</strong></span> <span class='ocrx_word' id='word_1_308' title='bbox 3057 2568 3174 2633; x_wconf 85' lang='lat' dir='ltr'><strong>Quo</strong></span> <span class='ocrx_word' id='word_1_309' title='bbox 3197 2568 3265 2623; x_wconf 90' lang='lat' dir='ltr'><strong>de</strong></span> <span class='ocrx_word' id='word_1_310' title='bbox 3286 2584 3413 2625; x_wconf 86' lang='lat' dir='ltr'><strong>vase</strong></span> <span class='ocrx_word' id='word_1_311' title='bbox 3435 2568 3620 2626; x_wconf 76' lang='lat' dir='ltr'><strong>confes</strong></span> 
     </span>
    </p>
   </div>
   <div class='ocr_carea' id='block_1_29' title="bbox 340 2662 3619 2738">
    <p class='ocr_par' dir='ltr' id='par_1_29' title="bbox 340 2662 3619 2738">
     <span class='ocr_line' id='line_1_30' title="bbox 340 2662 3619 2738; baseline -0.001 -18"><span class='ocrx_word' id='word_1_312' title='bbox 340 2682 474 2736; x_wconf 75' lang='lat' dir='ltr'><strong>qua:</strong></span> <span class='ocrx_word' id='word_1_313' title='bbox 514 2675 638 2735; x_wconf 86' lang='lat' dir='ltr'><strong>post</strong></span> <span class='ocrx_word' id='word_1_314' title='bbox 681 2666 976 2719; x_wconf 87' lang='lat' dir='ltr'><strong>Bottarium</strong></span> <span class='ocrx_word' id='word_1_315' title='bbox 1018 2664 1216 2734; x_wconf 88' lang='lat' dir='ltr'><strong>scripta</strong></span> <span class='ocrx_word' id='word_1_316' title='bbox 1260 2662 1757 2718; x_wconf 85' lang='lat' dir='ltr'><strong>suntaMamachio</strong></span> <span class='ocrx_word' id='word_1_317' title='bbox 1804 2671 1938 2718; x_wconf 83' lang='lat' dir='ltr'><strong>tum.</strong></span> <span class='ocrx_word' id='word_1_318' title='bbox 1984 2663 2105 2717; x_wconf 92' lang='lat' dir='ltr'><strong>eod.</strong></span> <span class='ocrx_word' id='word_1_319' title='bbox 2134 2663 2197 2729; x_wconf 86' lang='lat' dir='ltr'><strong>V,</strong></span> <span class='ocrx_word' id='word_1_320' title='bbox 2223 2672 2361 2733; x_wconf 90' lang='lat' dir='ltr'><strong>part.</strong></span> <span class='ocrx_word' id='word_1_321' title='bbox 2395 2680 2432 2726; x_wconf 82' lang='grc' dir='ltr'>ι,</span> <span class='ocrx_word' id='word_1_322' title='bbox 2484 2679 2605 2733; x_wconf 85' lang='lat' dir='ltr'><strong>pag.</strong></span> <span class='ocrx_word' id='word_1_323' title='bbox 2660 2664 2761 2719; x_wconf 81' lang='grc'><strong>518</strong></span> <span class='ocrx_word' id='word_1_324' title='bbox 2799 2682 2915 2737; x_wconf 89' lang='lat' dir='ltr'><strong>seq.</strong></span> <span class='ocrx_word' id='word_1_325' title='bbox 2943 2666 3019 2721; x_wconf 88' lang='lat' dir='ltr'><strong>De</strong></span> <span class='ocrx_word' id='word_1_326' title='bbox 3062 2668 3619 2738; x_wconf 60' lang='lat' dir='ltr'><strong>sarcophagis‘porro,</strong></span> 
     </span>
    </p>
   </div>
   <div class='ocr_carea' id='block_1_30' title="bbox 344 2752 3510 2827">
    <p class='ocr_par' dir='ltr' id='par_1_30' title="bbox 344 2752 3510 2827">
     <span class='ocr_line' id='line_1_31' title="bbox 344 2752 3510 2827; baseline 0 -18"><span class='ocrx_word' id='word_1_327' title='bbox 344 2757 602 2826; x_wconf 67' lang='lat' dir='ltr'><strong>picturis,</strong></span> <span class='ocrx_word' id='word_1_328' title='bbox 629 2757 881 2823; x_wconf 83' lang='lat' dir='ltr'><strong>musivis,</strong></span> <span class='ocrx_word' id='word_1_329' title='bbox 906 2764 1034 2820; x_wconf 88' lang='lat' dir='ltr'><strong>etc.,</strong></span> <span class='ocrx_word' id='word_1_330' title='bbox 1060 2754 1277 2809; x_wconf 84' lang='lat' dir='ltr'><strong>consule</strong></span> <span class='ocrx_word' id='word_1_331' title='bbox 1300 2770 1418 2822; x_wconf 75' lang='lat' dir='ltr'><strong>qua:</strong></span> <span class='ocrx_word' id='word_1_332' title='bbox 1447 2752 1587 2807; x_wconf 88' lang='lat' dir='ltr'><strong>idem</strong></span> <span class='ocrx_word' id='word_1_333' title='bbox 1611 2754 1927 2823; x_wconf 79' lang='lat' dir='ltr'><strong>complexus</strong></span> <span class='ocrx_word' id='word_1_334' title='bbox 1948 2762 2031 2808; x_wconf 90' lang='lat' dir='ltr'><strong>est</strong></span> <span class='ocrx_word' id='word_1_335' title='bbox 2058 2754 2209 2818; x_wconf 83' lang='lat' dir='ltr'><strong>ibid.,</strong></span> <span class='ocrx_word' id='word_1_336' title='bbox 2236 2769 2358 2825; x_wconf 85' lang='lat' dir='ltr'><strong>pag.</strong></span> <span class='ocrx_word' id='word_1_337' title='bbox 2384 2754 2508 2821; x_wconf 70' lang='lat'><strong>291,</strong></span> <span class='ocrx_word' id='word_1_338' title='bbox 2534 2764 2588 2810; x_wconf 91' lang='lat' dir='ltr'><strong>et</strong></span> <span class='ocrx_word' id='word_1_339' title='bbox 2611 2770 2731 2825; x_wconf 90' lang='lat' dir='ltr'><strong>pag.</strong></span> <span class='ocrx_word' id='word_1_340' title='bbox 2764 2755 2968 2823; x_wconf 79' lang='lat' dir='ltr'><strong>519,-et</strong></span> <span class='ocrx_word' id='word_1_341' title='bbox 2991 2766 3127 2811; x_wconf 82' lang='lat' dir='ltr'><strong>tom.</strong></span> <span class='ocrx_word' id='word_1_342' title='bbox 3160 2757 3209 2823; x_wconf 90' lang='grc'>1,</span> <span class='ocrx_word' id='word_1_343' title='bbox 3239 2770 3358 2827; x_wconf 87' lang='lat' dir='ltr'><strong>pag.</strong></span> <span class='ocrx_word' id='word_1_344' title='bbox 3385 2756 3510 2809; x_wconf 88' lang='lat'><strong>282.</strong></span> 
     </span>
    </p>
   </div>
   <div class='ocr_carea' id='block_1_31' title="bbox 422 2843 3622 2918">
    <p class='ocr_par' dir='ltr' id='par_1_31' title="bbox 422 2843 3622 2918">
     <span class='ocr_line' id='line_1_32' title="bbox 422 2843 3622 2918; baseline 0 -18"><span class='ocrx_word' id='word_1_345' title='bbox 422 2845 620 2900; x_wconf 77' lang='lat' dir='ltr'><strong>XXXI.</strong></span> <span class='ocrx_word' id='word_1_346' title='bbox 644 2844 752 2899; x_wconf 90' lang='lat' dir='ltr'><strong>Cur</strong></span> <span class='ocrx_word' id='word_1_347' title='bbox 774 2860 936 2914; x_wconf 85' lang='lat' dir='ltr'><strong>porro</strong></span> <span class='ocrx_word' id='word_1_348' title='bbox 966 2843 1155 2899; x_wconf 84' lang='lat' dir='ltr'><strong>Petrus</strong></span> <span class='ocrx_word' id='word_1_349' title='bbox 1183 2860 1246 2901; x_wconf 89' lang='lat' dir='ltr'><strong>ac</strong></span> <span class='ocrx_word' id='word_1_350' title='bbox 1269 2846 1465 2900; x_wconf 86' lang='lat' dir='ltr'><strong>Paulus</strong></span> <span class='ocrx_word' id='word_1_351' title='bbox 1489 2854 1750 2916; x_wconf 86' lang='lat' dir='ltr'><strong>martyres</strong></span> <span class='ocrx_word' id='word_1_352' title='bbox 1791 2846 2025 2900; x_wconf 90' lang='lat' dir='ltr'><strong>obierint</strong></span> <span class='ocrx_word' id='word_1_353' title='bbox 2055 2845 2261 2913; x_wconf 66' lang='lat' dir='ltr'><strong>Romae,</strong></span> <span class='ocrx_word' id='word_1_354' title='bbox 2295 2850 2517 2917; x_wconf 81' lang='lat' dir='ltr'><strong>exponit</strong></span> <span class='ocrx_word' id='word_1_355' title='bbox 2558 2848 2822 2904; x_wconf 83' lang='lat' dir='ltr'><strong>Maximus</strong></span> <span class='ocrx_word' id='word_1_356' title='bbox 2845 2849 3069 2903; x_wconf 82' lang='lat' dir='ltr'><strong>humilia</strong></span> <span class='ocrx_word' id='word_1_357' title='bbox 3095 2848 3182 2912; x_wconf 86' lang='lat'><strong>69,</strong></span> <span class='ocrx_word' id='word_1_358' title='bbox 3209 2862 3329 2918; x_wconf 88' lang='lat' dir='ltr'><strong>pag.</strong></span> <span class='ocrx_word' id='word_1_359' title='bbox 3358 2847 3455 2900; x_wconf 79' lang='lat'><strong>221</strong></span> <span class='ocrx_word' id='word_1_360' title='bbox 3482 2862 3622 2915; x_wconf 90' lang='lat' dir='ltr'><strong>seq.,</strong></span> 
     </span>
    </p>
   </div>
   <div class='ocr_carea' id='block_1_32' title="bbox 346 2936 3621 3014">
    <p class='ocr_par' dir='ltr' id='par_1_32' title="bbox 346 2936 3621 3014">
     <span class='ocr_line' id='line_1_33' title="bbox 346 2936 3621 3014; baseline -0.001 -19"><span class='ocrx_word' id='word_1_361' title='bbox 346 2940 469 3003; x_wconf 84' lang='lat' dir='ltr'><strong>ubi,</strong></span> <span class='ocrx_word' id='word_1_362' title='bbox 500 2937 572 2991; x_wconf 80' lang='lat' dir='ltr'><strong>Hi</strong></span> <span class='ocrx_word' id='word_1_363' title='bbox 592 2946 728 3000; x_wconf 86' lang='lat' dir='ltr'><strong>sunt,</strong></span> <span class='ocrx_word' id='word_1_364' title='bbox 762 2937 950 3005; x_wconf 86' lang='lat' dir='ltr'><strong>inquit,</strong></span> <span class='ocrx_word' id='word_1_365' title='bbox 970 2936 1255 2991; x_wconf 82' lang='lat' dir='ltr'><strong>beatissimi</strong></span> <span class='ocrx_word' id='word_1_366' title='bbox 1282 2937 1469 2992; x_wconf 85' lang='lat' dir='ltr'><strong>Petrus</strong></span> <span class='ocrx_word' id='word_1_367' title='bbox 1508 2948 1555 2991; x_wconf 90' lang='lat' dir='ltr'><strong>et</strong></span> <span class='ocrx_word' id='word_1_368' title='bbox 1595 2938 1810 3003; x_wconf 85' lang='lat' dir='ltr'><strong>Paulus,</strong></span> <span class='ocrx_word' id='word_1_369' title='bbox 1846 2941 1931 3010; x_wconf 87' lang='lat' dir='ltr'><strong>qui</strong></span> <span class='ocrx_word' id='word_1_370' title='bbox 1958 2950 2339 2995; x_wconf 79' lang='lat' dir='ltr'><strong>sacramentum</strong></span> <span class='ocrx_word' id='word_1_371' title='bbox 2365 2943 2580 2997; x_wconf 74' lang='lat' dir='ltr'><strong>cmlestis</strong></span> <span class='ocrx_word' id='word_1_372' title='bbox 2622 2944 2767 3013; x_wconf 88' lang='lat' dir='ltr'><strong>regni</strong></span> <span class='ocrx_word' id='word_1_373' title='bbox 2804 2960 2908 2997; x_wconf 89' lang='lat' dir='ltr'><strong>uno</strong></span> <span class='ocrx_word' id='word_1_374' title='bbox 2936 2944 3121 3014; x_wconf 85' lang='lat' dir='ltr'><strong>spiritu</strong></span> <span class='ocrx_word' id='word_1_375' title='bbox 3147 2943 3508 3014; x_wconf 74' lang='lat' dir='ltr'><strong>pratdicanles,</strong></span> <span class='ocrx_word' id='word_1_376' title='bbox 3532 2938 3621 2993; x_wconf 89' lang='lat' dir='ltr'><strong>sub</strong></span> 
     </span>
    </p>
   </div>
   <div class='ocr_carea' id='block_1_33' title="bbox 346 3029 3624 3106">
    <p class='ocr_par' dir='ltr' id='par_1_33' title="bbox 346 3029 3624 3106">
     <span class='ocr_line' id='line_1_34' title="bbox 346 3029 3624 3106; baseline 0 -22"><span class='ocrx_word' id='word_1_377' title='bbox 346 3033 508 3085; x_wconf 71' lang='lat' dir='ltr'><strong>utrius</strong></span> <span class='ocrx_word' id='word_1_378' title='bbox 537 3032 778 3099; x_wconf 81' lang='lat' dir='ltr'><strong>passione</strong></span> <span class='ocrx_word' id='word_1_379' title='bbox 803 3030 907 3083; x_wconf 84' lang='lat' dir='ltr'><strong>diei</strong></span> <span class='ocrx_word' id='word_1_380' title='bbox 927 3029 1213 3083; x_wconf 84' lang='lat' dir='ltr'><strong>doctrinam</strong></span> <span class='ocrx_word' id='word_1_381' title='bbox 1241 3048 1387 3084; x_wconf 85' lang='lat' dir='ltr'><strong>suam</strong></span> <span class='ocrx_word' id='word_1_382' title='bbox 1414 3032 1499 3101; x_wconf 90' lang='lat' dir='ltr'><strong>pio</strong></span> <span class='ocrx_word' id='word_1_383' title='bbox 1530 3032 1785 3102; x_wconf 83' lang='lat' dir='ltr'><strong>sanguine</strong></span> <span class='ocrx_word' id='word_1_384' title='bbox 1824 3041 1874 3086; x_wconf 91' lang='lat' dir='ltr'><strong>et</strong></span> <span class='ocrx_word' id='word_1_385' title='bbox 1901 3041 2063 3087; x_wconf 88' lang='lat' dir='ltr'><strong>morte</strong></span> <span class='ocrx_word' id='word_1_386' title='bbox 2085 3035 2367 3105; x_wconf 76' lang='lat' dir='ltr'><strong>fortissima</strong></span> <span class='ocrx_word' id='word_1_387' title='bbox 2389 3043 2778 3099; x_wconf 77' lang='lat' dir='ltr'><strong>consecrarunt;</strong></span> <span class='ocrx_word' id='word_1_388' title='bbox 2798 3037 2893 3105; x_wconf 86' lang='lat' dir='ltr'><strong>qui</strong></span> <span class='ocrx_word' id='word_1_389' title='bbox 2919 3036 3074 3089; x_wconf 88' lang='lat' dir='ltr'><strong>etiam</strong></span> <span class='ocrx_word' id='word_1_390' title='bbox 3099 3043 3340 3106; x_wconf 83' lang='lat' dir='ltr'><strong>tauquam</strong></span> <span class='ocrx_word' id='word_1_391' title='bbox 3369 3030 3624 3085; x_wconf 82' lang='lat' dir='ltr'><strong>Ecclesia-</strong></span> 
     </span>
    </p>
   </div>
   <div class='ocr_carea' id='block_1_34' title="bbox 348 3121 3623 3198">
    <p class='ocr_par' dir='ltr' id='par_1_34' title="bbox 348 3121 3623 3198">
     <span class='ocr_line' id='line_1_35' title="bbox 348 3121 3623 3198; baseline 0 -26"><span class='ocrx_word' id='word_1_392' title='bbox 348 3138 474 3173; x_wconf 71' lang='grc' dir='ltr'><strong>παπ</strong></span> <span class='ocrx_word' id='word_1_393' title='bbox 494 3123 725 3175; x_wconf 80' lang='lat' dir='ltr'><strong>omnium</strong></span> <span class='ocrx_word' id='word_1_394' title='bbox 751 3122 1009 3190; x_wconf 87' lang='lat' dir='ltr'><strong>principes</strong></span> <span class='ocrx_word' id='word_1_395' title='bbox 1041 3123 1183 3191; x_wconf 80' lang='lat' dir='ltr'><strong>facti,</strong></span> <span class='ocrx_word' id='word_1_396' title='bbox 1217 3122 1601 3190; x_wconf 85' lang='lat' dir='ltr'><strong>dispensatione</strong></span> <span class='ocrx_word' id='word_1_397' title='bbox 1620 3122 1809 3176; x_wconf 73' lang='lat' dir='ltr'><strong>cmlesti</strong></span> <span class='ocrx_word' id='word_1_398' title='bbox 1832 3121 2049 3177; x_wconf 84' lang='lat' dir='ltr'><strong>Romam</strong></span> <span class='ocrx_word' id='word_1_399' title='bbox 2089 3133 2333 3193; x_wconf 84' lang='lat' dir='ltr'><strong>petentes,</strong></span> <span class='ocrx_word' id='word_1_400' title='bbox 2364 3127 2718 3180; x_wconf 79' lang='lat' dir='ltr'><strong>sacratissima</strong></span> <span class='ocrx_word' id='word_1_401' title='bbox 2747 3144 2839 3180; x_wconf 89' lang='lat' dir='ltr'><strong>sua</strong></span> <span class='ocrx_word' id='word_1_402' title='bbox 2865 3143 3089 3198; x_wconf 87' lang='lat' dir='ltr'><strong>corpora</strong></span> <span class='ocrx_word' id='word_1_403' title='bbox 3118 3128 3169 3180; x_wconf 91' lang='lat' dir='ltr'><strong>in</strong></span> <span class='ocrx_word' id='word_1_404' title='bbox 3193 3125 3329 3180; x_wconf 86' lang='lat' dir='ltr'><strong>illius</strong></span> <span class='ocrx_word' id='word_1_405' title='bbox 3350 3122 3487 3177; x_wconf 88' lang='lat' dir='ltr'><strong>urbis</strong></span> <span class='ocrx_word' id='word_1_406' title='bbox 3509 3137 3623 3175; x_wconf 76' lang='lat' dir='ltr'><strong>arce</strong></span> 
     </span>
    </p>
   </div>
   <div class='ocr_carea' id='block_1_35' title="bbox 348 3215 3626 3288">
    <p class='ocr_par' dir='ltr' id='par_1_35' title="bbox 348 3215 3626 3288">
     <span class='ocr_line' id='line_1_36' title="bbox 348 3215 3626 3288; baseline -0.001 -19"><span class='ocrx_word' id='word_1_407' title='bbox 348 3216 715 3279; x_wconf 72' lang='lat' dir='ltr'><strong>reconderem,</strong></span> <span class='ocrx_word' id='word_1_408' title='bbox 751 3231 867 3286; x_wconf 70' lang='lat' dir='ltr'><strong>quae</strong></span> <span class='ocrx_word' id='word_1_409' title='bbox 903 3217 1057 3269; x_wconf 82' lang='lat' dir='ltr'><strong>totius</strong></span> <span class='ocrx_word' id='word_1_410' title='bbox 1085 3215 1224 3269; x_wconf 83' lang='lat' dir='ltr'><strong>orbis</strong></span> <span class='ocrx_word' id='word_1_411' title='bbox 1270 3217 1559 3270; x_wconf 88' lang='lat' dir='ltr'><strong>obtinuerat</strong></span> <span class='ocrx_word' id='word_1_412' title='bbox 1603 3218 1969 3286; x_wconf 80' lang='lat' dir='ltr'><strong>principatum,</strong></span> <span class='ocrx_word' id='word_1_413' title='bbox 1999 3228 2249 3288; x_wconf 85' lang='lat' dir='ltr'><strong>quatenus</strong></span> <span class='ocrx_word' id='word_1_414' title='bbox 2284 3221 2563 3288; x_wconf 86' lang='lat' dir='ltr'><strong>potentiam</strong></span> <span class='ocrx_word' id='word_1_415' title='bbox 2594 3220 2793 3272; x_wconf 77' lang='lat' dir='ltr'><strong>virtutis</strong></span> <span class='ocrx_word' id='word_1_416' title='bbox 2820 3235 2928 3273; x_wconf 74' lang='lat' dir='ltr'><strong>sua:</strong></span> <span class='ocrx_word' id='word_1_417' title='bbox 2964 3218 3194 3272; x_wconf 72' lang='lat' dir='ltr'><strong>Christus</strong></span> <span class='ocrx_word' id='word_1_418' title='bbox 3221 3217 3512 3281; x_wconf 88' lang='lat' dir='ltr'><strong>ostendens,</strong></span> <span class='ocrx_word' id='word_1_419' title='bbox 3543 3215 3626 3267; x_wconf 89' lang='lat' dir='ltr'><strong>ubi</strong></span> 
     </span>
    </p>
   </div>
   <div class='ocr_carea' id='block_1_36' title="bbox 348 3292 3627 3380">
    <p class='ocr_par' dir='ltr' id='par_1_36' title="bbox 348 3292 3627 3380">
     <span class='ocr_line' id='line_1_37' title="bbox 348 3292 3627 3380; baseline -0.002 -18"><span class='ocrx_word' id='word_1_420' title='bbox 348 3310 583 3362; x_wconf 80' lang='lat' dir='ltr'><strong>mundus</strong></span> <span class='ocrx_word' id='word_1_421' title='bbox 613 3317 764 3377; x_wconf 84' lang='lat' dir='ltr'><strong>caput</strong></span> <span class='ocrx_word' id='word_1_422' title='bbox 810 3308 1025 3361; x_wconf 82' lang='lat' dir='ltr'><strong>habebat</strong></span> <span class='ocrx_word' id='word_1_423' title='bbox 1062 3309 1286 3378; x_wconf 86' lang='lat' dir='ltr'><strong>imperii,</strong></span> <span class='ocrx_word' id='word_1_424' title='bbox 1315 3308 1385 3363; x_wconf 50' lang='lat' dir='ltr'><strong>ibi</strong></span> <span class='ocrx_word' id='word_1_425' title='bbox 1413 3311 1560 3380; x_wconf 85' lang='lat' dir='ltr'><strong>regni</strong></span> <span class='ocrx_word' id='word_1_426' title='bbox 1596 3309 1677 3361; x_wconf 85' lang='lat' dir='ltr'><strong>sui</strong></span> <span class='ocrx_word' id='word_1_427' title='bbox 1699 3309 1953 3379; x_wconf 83' lang='lat' dir='ltr'><strong>principes</strong></span> <span class='ocrx_word' id='word_1_428' title='bbox 2000 3292 2297 3362; x_wconf 74' lang='lat' dir='ltr'><strong>collocaret.</strong></span> <span class='ocrx_word' id='word_1_429' title='bbox 2328 3307 2395 3361; x_wconf 90' lang='lat' dir='ltr'><strong>Et</strong></span> <span class='ocrx_word' id='word_1_430' title='bbox 2421 3308 2643 3378; x_wconf 82' lang='lat' dir='ltr'><strong>humilia</strong></span> <span class='ocrx_word' id='word_1_431' title='bbox 2670 3307 2754 3373; x_wconf 80' lang='lat'><strong>72,</strong></span> <span class='ocrx_word' id='word_1_432' title='bbox 2786 3321 2906 3378; x_wconf 81' lang='lat' dir='ltr'><strong>pag.</strong></span> <span class='ocrx_word' id='word_1_433' title='bbox 2944 3308 3039 3362; x_wconf 74' lang='lat'><strong>231</strong></span> <span class='ocrx_word' id='word_1_434' title='bbox 3073 3327 3084 3360; x_wconf 91' lang='lat'>:</span> <span class='ocrx_word' id='word_1_435' title='bbox 3118 3307 3307 3362; x_wconf 88' lang='lat' dir='ltr'><strong>Petrus</strong></span> <span class='ocrx_word' id='word_1_436' title='bbox 3339 3315 3388 3361; x_wconf 87' lang='lat' dir='ltr'><strong>et</strong></span> <span class='ocrx_word' id='word_1_437' title='bbox 3430 3306 3627 3360; x_wconf 85' lang='lat' dir='ltr'><strong>Paulus</strong></span> 
     </span>
    </p>
   </div>
   <div class='ocr_carea' id='block_1_37' title="bbox 346 3400 3626 3474">
    <p class='ocr_par' dir='ltr' id='par_1_37' title="bbox 346 3400 3626 3474">
     <span class='ocr_line' id='line_1_38' title="bbox 346 3400 3626 3474; baseline -0.001 -18"><span class='ocrx_word' id='word_1_438' title='bbox 346 3402 586 3456; x_wconf 67' lang='lat' dir='ltr'><strong>eminent</strong></span> <span class='ocrx_word' id='word_1_439' title='bbox 613 3402 747 3453; x_wconf 86' lang='lat' dir='ltr'><strong>inter</strong></span> <span class='ocrx_word' id='word_1_440' title='bbox 760 3400 1023 3453; x_wconf 79' lang='lat' dir='ltr'><strong>universos</strong></span> <span class='ocrx_word' id='word_1_441' title='bbox 1052 3400 1333 3469; x_wconf 85' lang='lat' dir='ltr'><strong>apostolos,</strong></span> <span class='ocrx_word' id='word_1_442' title='bbox 1361 3410 1411 3454; x_wconf 94' lang='lat' dir='ltr'><strong>et</strong></span> <span class='ocrx_word' id='word_1_443' title='bbox 1438 3400 1687 3471; x_wconf 86' lang='lat' dir='ltr'><strong>peculiari</strong></span> <span class='ocrx_word' id='word_1_444' title='bbox 1708 3402 1932 3471; x_wconf 86' lang='lat' dir='ltr'><strong>quadam</strong></span> <span class='ocrx_word' id='word_1_445' title='bbox 1958 3405 2303 3474; x_wconf 74' lang='lat' dir='ltr'><strong>prwrogativa</strong></span> <span class='ocrx_word' id='word_1_446' title='bbox 2331 3403 2651 3472; x_wconf 62' lang='lat' dir='ltr'><strong>praecellunt.</strong></span> <span class='ocrx_word' id='word_1_447' title='bbox 2694 3404 3043 3457; x_wconf 82' lang='lat' dir='ltr'><strong>Verum&#39;inter</strong></span> <span class='ocrx_word' id='word_1_448' title='bbox 3080 3405 3220 3469; x_wconf 86' lang='lat' dir='ltr'><strong>ipsos</strong></span> <span class='ocrx_word' id='word_1_449' title='bbox 3250 3404 3362 3471; x_wconf 88' lang='lat' dir='ltr'><strong>quis</strong></span> <span class='ocrx_word' id='word_1_450' title='bbox 3389 3403 3470 3456; x_wconf 91' lang='lat' dir='ltr'><strong>cui</strong></span> <span class='ocrx_word' id='word_1_451' title='bbox 3492 3416 3626 3471; x_wconf 75' lang='lat' dir='ltr'><strong>prte-</strong></span> 
     </span>
    </p>
   </div>
   <div class='ocr_carea' id='block_1_38' title="bbox 358 3492 3626 3567">
    <p class='ocr_par' dir='ltr' id='par_1_38' title="bbox 358 3492 3626 3567">
     <span class='ocr_line' id='line_1_39' title="bbox 358 3492 3626 3567; baseline -0 -22"><span class='ocrx_word' id='word_1_452' title='bbox 358 3500 604 3563; x_wconf 80' lang='lat' dir='ltr'><strong>ponatur,</strong></span> <span class='ocrx_word' id='word_1_453' title='bbox 629 3493 875 3546; x_wconf 83' lang='lat' dir='ltr'><strong>incertum</strong></span> <span class='ocrx_word' id='word_1_454' title='bbox 894 3502 991 3546; x_wconf 89' lang='lat' dir='ltr'><strong>est.</strong></span> <span class='ocrx_word' id='word_1_455' title='bbox 1026 3492 1160 3545; x_wconf 86' lang='lat' dir='ltr'><strong>Puto</strong></span> <span class='ocrx_word' id='word_1_456' title='bbox 1179 3494 1315 3547; x_wconf 89' lang='lat' dir='ltr'><strong>enim</strong></span> <span class='ocrx_word' id='word_1_457' title='bbox 1342 3493 1464 3548; x_wconf 82' lang='lat' dir='ltr'><strong>illos</strong></span> <span class='ocrx_word' id='word_1_458' title='bbox 1489 3494 1713 3565; x_wconf 59' lang='lat' dir='ltr'><strong>aequales</strong></span> <span class='ocrx_word' id='word_1_459' title='bbox 1740 3510 1851 3548; x_wconf 86' lang='lat' dir='ltr'><strong>esse</strong></span> <span class='ocrx_word' id='word_1_460' title='bbox 1869 3495 2084 3560; x_wconf 87' lang='lat' dir='ltr'><strong>meritis,</strong></span> <span class='ocrx_word' id='word_1_461' title='bbox 2116 3496 2235 3565; x_wconf 85' lang='lat' dir='ltr'><strong>quia</strong></span> <span class='ocrx_word' id='word_1_462' title='bbox 2258 3495 2477 3567; x_wconf 68' lang='lat' dir='ltr'><strong>atquales</strong></span> <span class='ocrx_word' id='word_1_463' title='bbox 2505 3506 2625 3548; x_wconf 90' lang='lat' dir='ltr'><strong>sunt</strong></span> <span class='ocrx_word' id='word_1_464' title='bbox 2652 3496 2909 3565; x_wconf 86' lang='lat' dir='ltr'><strong>passione,</strong></span> <span class='ocrx_word' id='word_1_465' title='bbox 2933 3504 2982 3548; x_wconf 89' lang='lat' dir='ltr'><strong>et</strong></span> <span class='ocrx_word' id='word_1_466' title='bbox 3006 3495 3197 3548; x_wconf 86' lang='lat' dir='ltr'><strong>similes</strong></span> <span class='ocrx_word' id='word_1_467' title='bbox 3218 3510 3302 3547; x_wconf 89' lang='lat' dir='ltr'><strong>eos</strong></span> <span class='ocrx_word' id='word_1_468' title='bbox 3322 3493 3447 3562; x_wconf 83' lang='lat' dir='ltr'><strong>ﬁdei</strong></span> <span class='ocrx_word' id='word_1_469' title='bbox 3472 3492 3626 3545; x_wconf 79' lang='lat' dir='ltr'><strong>dero-</strong></span> 
     </span>
    </p>
   </div>
   <div class='ocr_carea' id='block_1_39' title="bbox 361 3580 3628 3656">
    <p class='ocr_par' dir='ltr' id='par_1_39' title="bbox 361 3580 3628 3656">
     <span class='ocr_line' id='line_1_40' title="bbox 361 3580 3628 3656; baseline -0.002 -18"><span class='ocrx_word' id='word_1_470' title='bbox 361 3585 501 3638; x_wconf 81' lang='lat' dir='ltr'><strong>ts&#39;one</strong></span> <span class='ocrx_word' id='word_1_471' title='bbox 524 3586 733 3648; x_wconf 71' lang='lat' dir='ltr'><strong>uixisse,</strong></span> <span class='ocrx_word' id='word_1_472' title='bbox 764 3599 887 3654; x_wconf 89' lang='lat' dir='ltr'><strong>quos</strong></span> <span class='ocrx_word' id='word_1_473' title='bbox 918 3585 1070 3638; x_wconf 85' lang='lat' dir='ltr'><strong>simul</strong></span> <span class='ocrx_word' id='word_1_474' title='bbox 1109 3584 1332 3638; x_wconf 78' lang='lat' dir='ltr'><strong>ridemus</strong></span> <span class='ocrx_word' id='word_1_475' title='bbox 1380 3585 1447 3637; x_wconf 87' lang='lat' dir='ltr'><strong>ad</strong></span> <span class='ocrx_word' id='word_1_476' title='bbox 1475 3587 1712 3655; x_wconf 82' lang='lat' dir='ltr'><strong>martyrii</strong></span> <span class='ocrx_word' id='word_1_477' title='bbox 1741 3585 1961 3656; x_wconf 76' lang='lat' dir='ltr'><strong>gloriam</strong></span> <span class='ocrx_word' id='word_1_478' title='bbox 1995 3588 2300 3655; x_wconf 83' lang='lat' dir='ltr'><strong>pervenisse.</strong></span> <span class='ocrx_word' id='word_1_479' title='bbox 2328 3583 2448 3639; x_wconf 80' lang='lat' dir='ltr'><strong>Non</strong></span> <span class='ocrx_word' id='word_1_480' title='bbox 2476 3586 2611 3639; x_wconf 90' lang='lat' dir='ltr'><strong>enim</strong></span> <span class='ocrx_word' id='word_1_481' title='bbox 2647 3586 2759 3638; x_wconf 86' lang='lat' dir='ltr'><strong>sine</strong></span> <span class='ocrx_word' id='word_1_482' title='bbox 2798 3601 2954 3637; x_wconf 88' lang='lat' dir='ltr'><strong>causa</strong></span> <span class='ocrx_word' id='word_1_483' title='bbox 2996 3586 3189 3655; x_wconf 78' lang='lat' dir='ltr'><strong>factum</strong></span> <span class='ocrx_word' id='word_1_484' title='bbox 3214 3591 3466 3652; x_wconf 86' lang='lat' dir='ltr'><strong>putemus,</strong></span> <span class='ocrx_word' id='word_1_485' title='bbox 3492 3580 3628 3650; x_wconf 79' lang='lat' dir='ltr'><strong>quod</strong></span> 
     </span>
    </p>
   </div>
   <div class='ocr_carea' id='block_1_40' title="bbox 352 3673 3625 3745">
    <p class='ocr_par' dir='ltr' id='par_1_40' title="bbox 352 3673 3625 3745">
     <span class='ocr_line' id='line_1_41' title="bbox 352 3673 3625 3745; baseline -0 -20"><span class='ocrx_word' id='word_1_486' title='bbox 352 3691 469 3726; x_wconf 69' lang='lat' dir='ltr'><strong>una</strong></span> <span class='ocrx_word' id='word_1_487' title='bbox 496 3674 597 3734; x_wconf 89' lang='lat' dir='ltr'><strong>die,</strong></span> <span class='ocrx_word' id='word_1_488' title='bbox 622 3690 726 3727; x_wconf 88' lang='lat' dir='ltr'><strong>uno</strong></span> <span class='ocrx_word' id='word_1_489' title='bbox 749 3675 803 3726; x_wconf 89' lang='lat' dir='ltr'><strong>in</strong></span> <span class='ocrx_word' id='word_1_490' title='bbox 849 3674 979 3736; x_wconf 84' lang='lat' dir='ltr'><strong>loco,</strong></span> <span class='ocrx_word' id='word_1_491' title='bbox 1008 3674 1158 3727; x_wconf 88' lang='lat' dir='ltr'><strong>unius</strong></span> <span class='ocrx_word' id='word_1_492' title='bbox 1187 3674 1394 3743; x_wconf 84' lang='lat' dir='ltr'><strong>tyranni</strong></span> <span class='ocrx_word' id='word_1_493' title='bbox 1432 3674 1708 3727; x_wconf 73' lang='lat' dir='ltr'><strong>toleravere</strong></span> <span class='ocrx_word' id='word_1_494' title='bbox 1749 3676 2074 3727; x_wconf 85' lang='lat' dir='ltr'><strong>sententiam.</strong></span> <span class='ocrx_word' id='word_1_495' title='bbox 2121 3674 2236 3728; x_wconf 88' lang='lat' dir='ltr'><strong>Una</strong></span> <span class='ocrx_word' id='word_1_496' title='bbox 2262 3674 2347 3728; x_wconf 87' lang='lat' dir='ltr'><strong>die</strong></span> <span class='ocrx_word' id='word_1_497' title='bbox 2365 3676 2505 3745; x_wconf 87' lang='lat' dir='ltr'><strong>passi</strong></span> <span class='ocrx_word' id='word_1_498' title='bbox 2532 3683 2683 3739; x_wconf 88' lang='lat' dir='ltr'><strong>sunt,</strong></span> <span class='ocrx_word' id='word_1_499' title='bbox 2717 3683 2773 3727; x_wconf 89' lang='lat' dir='ltr'><strong>ut</strong></span> <span class='ocrx_word' id='word_1_500' title='bbox 2819 3674 2887 3727; x_wconf 92' lang='lat' dir='ltr'><strong>ad</strong></span> <span class='ocrx_word' id='word_1_501' title='bbox 2926 3674 3184 3728; x_wconf 87' lang='lat' dir='ltr'><strong>Christum</strong></span> <span class='ocrx_word' id='word_1_502' title='bbox 3231 3673 3424 3743; x_wconf 89' lang='lat' dir='ltr'><strong>pariter</strong></span> <span class='ocrx_word' id='word_1_503' title='bbox 3449 3688 3625 3742; x_wconf 85' lang='lat' dir='ltr'><strong>perve-</strong></span> 
     </span>
    </p>
   </div>
   <div class='ocr_carea' id='block_1_41' title="bbox 360 3759 3626 3835">
    <p class='ocr_par' dir='ltr' id='par_1_41' title="bbox 360 3759 3626 3835">
     <span class='ocr_line' id='line_1_42' title="bbox 360 3759 3626 3835; baseline 0 -22"><span class='ocrx_word' id='word_1_504' title='bbox 360 3764 566 3826; x_wconf 74' lang='lat' dir='ltr'><strong>nirent;</strong></span> <span class='ocrx_word' id='word_1_505' title='bbox 595 3779 700 3816; x_wconf 84' lang='lat' dir='ltr'><strong>uno</strong></span> <span class='ocrx_word' id='word_1_506' title='bbox 722 3764 777 3815; x_wconf 90' lang='lat' dir='ltr'><strong>in</strong></span> <span class='ocrx_word' id='word_1_507' title='bbox 805 3762 935 3827; x_wconf 86' lang='lat' dir='ltr'><strong>loco,</strong></span> <span class='ocrx_word' id='word_1_508' title='bbox 968 3778 1034 3815; x_wconf 89' lang='lat' dir='ltr'><strong>ne</strong></span> <span class='ocrx_word' id='word_1_509' title='bbox 1054 3762 1203 3815; x_wconf 89' lang='lat' dir='ltr'><strong>alteri</strong></span> <span class='ocrx_word' id='word_1_510' title='bbox 1233 3761 1397 3815; x_wconf 86' lang='lat' dir='ltr'><strong>Roma</strong></span> <span class='ocrx_word' id='word_1_511' title='bbox 1427 3763 1649 3825; x_wconf 82' lang='lat' dir='ltr'><strong>deesset;</strong></span> <span class='ocrx_word' id='word_1_512' title='bbox 1677 3764 1769 3816; x_wconf 87' lang='lat' dir='ltr'><strong>sub</strong></span> <span class='ocrx_word' id='word_1_513' title='bbox 1789 3779 1891 3817; x_wconf 89' lang='lat' dir='ltr'><strong>uno</strong></span> <span class='ocrx_word' id='word_1_514' title='bbox 1921 3773 2257 3832; x_wconf 83' lang='lat' dir='ltr'><strong>persecutore,</strong></span> <span class='ocrx_word' id='word_1_515' title='bbox 2302 3772 2358 3815; x_wconf 88' lang='lat' dir='ltr'><strong>ut</strong></span> <span class='ocrx_word' id='word_1_516' title='bbox 2397 3766 2607 3834; x_wconf 65' lang='lat' dir='ltr'><strong>aqualis</strong></span> <span class='ocrx_word' id='word_1_517' title='bbox 2654 3764 2930 3818; x_wconf 83' lang='lat' dir='ltr'><strong>crudelitas</strong></span> <span class='ocrx_word' id='word_1_518' title='bbox 2972 3772 3236 3832; x_wconf 82' lang='lat' dir='ltr'><strong>utrumque</strong></span> <span class='ocrx_word' id='word_1_519' title='bbox 3284 3759 3454 3835; x_wconf 82' lang='lat' dir='ltr'><strong>[cxtn]</strong></span> <span class='ocrx_word' id='word_1_520' title='bbox 3502 3777 3626 3814; x_wconf 89' lang='lat' dir='ltr'><strong>con-</strong></span> 
     </span>
    </p>
   </div>
   <div class='ocr_carea' id='block_1_42' title="bbox 354 3851 3631 3925">
    <p class='ocr_par' dir='ltr' id='par_1_42' title="bbox 354 3851 3631 3925">
     <span class='ocr_line' id='line_1_43' title="bbox 354 3851 3631 3925; baseline -0.002 -18"><span class='ocrx_word' id='word_1_521' title='bbox 354 3858 654 3925; x_wconf 77' lang='lat' dir='ltr'><strong>stringeret.</strong></span> <span class='ocrx_word' id='word_1_522' title='bbox 700 3852 823 3908; x_wconf 85' lang='lat' dir='ltr'><strong>Dies</strong></span> <span class='ocrx_word' id='word_1_523' title='bbox 861 3870 981 3923; x_wconf 86' lang='lat' dir='ltr'><strong>ergo</strong></span> <span class='ocrx_word' id='word_1_524' title='bbox 1009 3862 1127 3921; x_wconf 87' lang='lat' dir='ltr'><strong>puto</strong></span> <span class='ocrx_word' id='word_1_525' title='bbox 1158 3870 1250 3921; x_wconf 85' lang='lat' dir='ltr'><strong>pro</strong></span> <span class='ocrx_word' id='word_1_526' title='bbox 1291 3854 1500 3916; x_wconf 86' lang='lat' dir='ltr'><strong>merito,</strong></span> <span class='ocrx_word' id='word_1_527' title='bbox 1528 3852 1665 3906; x_wconf 88' lang='lat' dir='ltr'><strong>locus</strong></span> <span class='ocrx_word' id='word_1_528' title='bbox 1710 3870 1802 3922; x_wconf 89' lang='lat' dir='ltr'><strong>pro</strong></span> <span class='ocrx_word' id='word_1_529' title='bbox 1852 3854 2051 3923; x_wconf 86' lang='lat' dir='ltr'><strong>gloria,</strong></span> <span class='ocrx_word' id='word_1_530' title='bbox 2084 3864 2374 3920; x_wconf 86' lang='lat' dir='ltr'><strong>persecutor</strong></span> <span class='ocrx_word' id='word_1_531' title='bbox 2415 3854 2645 3907; x_wconf 88' lang='lat' dir='ltr'><strong>decretus</strong></span> <span class='ocrx_word' id='word_1_532' title='bbox 2673 3864 2749 3907; x_wconf 89' lang='lat' dir='ltr'><strong>est</strong></span> <span class='ocrx_word' id='word_1_533' title='bbox 2774 3869 2867 3924; x_wconf 90' lang='lat' dir='ltr'><strong>pro</strong></span> <span class='ocrx_word' id='word_1_534' title='bbox 2910 3855 3108 3906; x_wconf 86' lang='lat' dir='ltr'><strong>uirtute.</strong></span> <span class='ocrx_word' id='word_1_535' title='bbox 3159 3851 3226 3905; x_wconf 76' lang='lat' dir='ltr'><strong>At</strong></span> <span class='ocrx_word' id='word_1_536' title='bbox 3271 3852 3325 3905; x_wconf 86' lang='lat' dir='ltr'><strong>in</strong></span> <span class='ocrx_word' id='word_1_537' title='bbox 3365 3868 3462 3923; x_wconf 89' lang='lat' dir='ltr'><strong>quo</strong></span> <span class='ocrx_word' id='word_1_538' title='bbox 3515 3861 3631 3903; x_wconf 85' lang='lat' dir='ltr'><strong>tan-</strong></span> 
     </span>
    </p>
   </div>
   <div class='ocr_carea' id='block_1_43' title="bbox 358 3940 3630 4012">
    <p class='ocr_par' dir='ltr' id='par_1_43' title="bbox 358 3940 3630 4012">
     <span class='ocr_line' id='line_1_44' title="bbox 358 3940 3630 4012; baseline -0.002 -14"><span class='ocrx_word' id='word_1_539' title='bbox 358 3948 480 3998; x_wconf 86' lang='lat' dir='ltr'><strong>dem</strong></span> <span class='ocrx_word' id='word_1_540' title='bbox 508 3947 621 3999; x_wconf 90' lang='lat' dir='ltr'><strong>loco</strong></span> <span class='ocrx_word' id='word_1_541' title='bbox 647 3944 951 4012; x_wconf 78' lang='lat' dir='ltr'><strong>martyrium</strong></span> <span class='ocrx_word' id='word_1_542' title='bbox 987 3942 1338 4011; x_wconf 85' lang='lat' dir='ltr'><strong>pertulerunt?</strong></span> <span class='ocrx_word' id='word_1_543' title='bbox 1370 3941 1433 3994; x_wconf 80' lang='lat' dir='ltr'><strong>In</strong></span> <span class='ocrx_word' id='word_1_544' title='bbox 1477 3941 1599 3995; x_wconf 87' lang='lat' dir='ltr'><strong>urbe</strong></span> <span class='ocrx_word' id='word_1_545' title='bbox 1631 3941 1826 4004; x_wconf 83' lang='lat' dir='ltr'><strong>Roma,</strong></span> <span class='ocrx_word' id='word_1_546' title='bbox 1858 3957 1972 4011; x_wconf 71' lang='lat' dir='ltr'><strong>quis</strong></span> <span class='ocrx_word' id='word_1_547' title='bbox 1999 3943 2347 4011; x_wconf 88' lang='lat' dir='ltr'><strong>principatum</strong></span> <span class='ocrx_word' id='word_1_548' title='bbox 2375 3950 2422 3994; x_wconf 90' lang='lat' dir='ltr'><strong>et</strong></span> <span class='ocrx_word' id='word_1_549' title='bbox 2460 3953 2613 4011; x_wconf 84' lang='lat' dir='ltr'><strong>caput</strong></span> <span class='ocrx_word' id='word_1_550' title='bbox 2644 3941 2836 3997; x_wconf 82' lang='lat' dir='ltr'><strong>obtinet</strong></span> <span class='ocrx_word' id='word_1_551' title='bbox 2882 3942 3178 4004; x_wconf 89' lang='lat' dir='ltr'><strong>nationum,</strong></span> <span class='ocrx_word' id='word_1_552' title='bbox 3211 3941 3405 3994; x_wconf 82' lang='lat' dir='ltr'><strong>scilicet</strong></span> <span class='ocrx_word' id='word_1_553' title='bbox 3446 3948 3503 3992; x_wconf 88' lang='lat' dir='ltr'><strong>ut</strong></span> <span class='ocrx_word' id='word_1_554' title='bbox 3544 3940 3630 3992; x_wconf 86' lang='lat' dir='ltr'><strong>ubi</strong></span> 
     </span>
    </p>
   </div>
   <div class='ocr_carea' id='block_1_44' title="bbox 360 4020 3644 4103">
    <p class='ocr_par' dir='ltr' id='par_1_44' title="bbox 360 4020 3644 4103">
     <span class='ocr_line' id='line_1_45' title="bbox 360 4020 3644 4103; baseline -0.001 -17"><span class='ocrx_word' id='word_1_555' title='bbox 360 4042 522 4103; x_wconf 83' lang='lat' dir='ltr'><strong>caput</strong></span> <span class='ocrx_word' id='word_1_556' title='bbox 549 4032 928 4101; x_wconf 83' lang='lat' dir='ltr'><strong>superstitionis</strong></span> <span class='ocrx_word' id='word_1_557' title='bbox 961 4038 1071 4083; x_wconf 90' lang='lat' dir='ltr'><strong>erat</strong></span> <span class='ocrx_word' id='word_1_558' title='bbox 1094 4070 1108 4095; x_wconf 92' lang='lat'><strong>,</strong></span> <span class='ocrx_word' id='word_1_559' title='bbox 1161 4030 1269 4083; x_wconf 81' lang='lat' dir='ltr'><strong>illic</strong></span> <span class='ocrx_word' id='word_1_560' title='bbox 1308 4039 1461 4099; x_wconf 88' lang='lat' dir='ltr'><strong>caput</strong></span> <span class='ocrx_word' id='word_1_561' title='bbox 1507 4032 1783 4099; x_wconf 79' lang='lat' dir='ltr'><strong>quiesceret</strong></span> <span class='ocrx_word' id='word_1_562' title='bbox 1807 4032 2098 4084; x_wconf 84' lang='lat' dir='ltr'><strong>sanctitatis</strong></span> <span class='ocrx_word' id='word_1_563' title='bbox 2124 4048 2141 4095; x_wconf 89' lang='lat'><strong>;</strong></span> <span class='ocrx_word' id='word_1_564' title='bbox 2181 4039 2229 4083; x_wconf 89' lang='lat' dir='ltr'><strong>et</strong></span> <span class='ocrx_word' id='word_1_565' title='bbox 2263 4031 2348 4084; x_wconf 85' lang='lat' dir='ltr'><strong>ubi</strong></span> <span class='ocrx_word' id='word_1_566' title='bbox 2378 4032 2641 4101; x_wconf 82' lang='lat' dir='ltr'><strong>gentilium</strong></span> <span class='ocrx_word' id='word_1_567' title='bbox 2668 4034 2924 4102; x_wconf 88' lang='lat' dir='ltr'><strong>principes</strong></span> <span class='ocrx_word' id='word_1_568' title='bbox 2955 4031 3285 4096; x_wconf 81' lang='lat' dir='ltr'><strong>habitabant,</strong></span> <span class='ocrx_word' id='word_1_569' title='bbox 3310 4030 3415 4084; x_wconf 89' lang='lat' dir='ltr'><strong>illic</strong></span> <span class='ocrx_word' id='word_1_570' title='bbox 3448 4020 3644 4083; x_wconf 39' lang='lat' dir='ltr'><strong>Eccle-&#39;</strong></span> 
     </span>
    </p>
   </div>
   <div class='ocr_carea' id='block_1_45' title="bbox 362 4117 3631 4189">
    <p class='ocr_par' dir='ltr' id='par_1_45' title="bbox 362 4117 3631 4189">
     <span class='ocr_line' id='line_1_46' title="bbox 362 4117 3631 4189; baseline -0.001 -15"><span class='ocrx_word' id='word_1_571' title='bbox 362 4124 563 4175; x_wconf 87' lang='lat' dir='ltr'><strong>siarum</strong></span> <span class='ocrx_word' id='word_1_572' title='bbox 603 4121 858 4188; x_wconf 85' lang='lat' dir='ltr'><strong>principes</strong></span> <span class='ocrx_word' id='word_1_573' title='bbox 892 4128 1232 4172; x_wconf 84' lang='lat' dir='ltr'><strong>morarentur.</strong></span> <span class='ocrx_word' id='word_1_574' title='bbox 1276 4117 1390 4171; x_wconf 86' lang='lat' dir='ltr'><strong>Non</strong></span> <span class='ocrx_word' id='word_1_575' title='bbox 1439 4117 1745 4187; x_wconf 86' lang='lat' dir='ltr'><strong>discrepant</strong></span> <span class='ocrx_word' id='word_1_576' title='bbox 1784 4134 1901 4187; x_wconf 73' lang='lat' dir='ltr'><strong>quae</strong></span> <span class='ocrx_word' id='word_1_577' title='bbox 1928 4120 2139 4189; x_wconf 89' lang='lat' dir='ltr'><strong>scripsit</strong></span> <span class='ocrx_word' id='word_1_578' title='bbox 2168 4120 2383 4173; x_wconf 89' lang='lat' dir='ltr'><strong>humilia</strong></span> <span class='ocrx_word' id='word_1_579' title='bbox 2416 4120 2509 4184; x_wconf 82' lang='lat'><strong>75,</strong></span> <span class='ocrx_word' id='word_1_580' title='bbox 2542 4133 2661 4189; x_wconf 85' lang='lat' dir='ltr'><strong>pag.</strong></span> <span class='ocrx_word' id='word_1_581' title='bbox 2693 4119 2814 4172; x_wconf 78' lang='lat'><strong>2&#39;56.</strong></span> <span class='ocrx_word' id='word_1_582' title='bbox 2857 4119 2992 4173; x_wconf 90' lang='lat' dir='ltr'><strong>Sunt</strong></span> <span class='ocrx_word' id='word_1_583' title='bbox 3019 4127 3195 4174; x_wconf 89' lang='lat' dir='ltr'><strong>autem</strong></span> <span class='ocrx_word' id='word_1_584' title='bbox 3226 4120 3289 4173; x_wconf 88' lang='lat' dir='ltr'><strong>iis</strong></span> <span class='ocrx_word' id='word_1_585' title='bbox 3318 4120 3474 4188; x_wconf 87' lang='lat' dir='ltr'><strong>plane</strong></span> <span class='ocrx_word' id='word_1_586' title='bbox 3502 4134 3631 4174; x_wconf 85' lang='lat' dir='ltr'><strong>con-</strong></span> 
     </span>
    </p>
   </div>
   <div class='ocr_carea' id='block_1_46' title="bbox 363 4206 3631 4278">
    <p class='ocr_par' dir='ltr' id='par_1_46' title="bbox 363 4206 3631 4278">
     <span class='ocr_line' id='line_1_47' title="bbox 363 4206 3631 4278; baseline 0 -17"><span class='ocrx_word' id='word_1_587' title='bbox 363 4217 624 4263; x_wconf 78' lang='lat' dir='ltr'><strong>sentanea</strong></span> <span class='ocrx_word' id='word_1_588' title='bbox 652 4222 773 4276; x_wconf 73' lang='lat' dir='ltr'><strong>qua:</strong></span> <span class='ocrx_word' id='word_1_589' title='bbox 798 4214 1013 4261; x_wconf 87' lang='lat' dir='ltr'><strong>sanctus</strong></span> <span class='ocrx_word' id='word_1_590' title='bbox 1033 4206 1141 4261; x_wconf 84' lang='lat' dir='ltr'><strong>Leo</strong></span> <span class='ocrx_word' id='word_1_591' title='bbox 1172 4206 1389 4275; x_wconf 80' lang='lat' dir='ltr'><strong>Magnus</strong></span> <span class='ocrx_word' id='word_1_592' title='bbox 1409 4222 1656 4262; x_wconf 90' lang='lat' dir='ltr'><strong>sermone</strong></span> <span class='ocrx_word' id='word_1_593' title='bbox 1684 4206 1771 4272; x_wconf 89' lang='lat'><strong>82,</strong></span> <span class='ocrx_word' id='word_1_594' title='bbox 1803 4209 1870 4261; x_wconf 89' lang='lat' dir='ltr'><strong>al.</strong></span> <span class='ocrx_word' id='word_1_595' title='bbox 1904 4207 1992 4272; x_wconf 92' lang='lat'><strong>80,</strong></span> <span class='ocrx_word' id='word_1_596' title='bbox 2018 4224 2136 4277; x_wconf 86' lang='lat' dir='ltr'><strong>cap.</strong></span> <span class='ocrx_word' id='word_1_597' title='bbox 2168 4207 2220 4273; x_wconf 76' lang='grc'>4,</span> <span class='ocrx_word' id='word_1_598' title='bbox 2250 4222 2370 4277; x_wconf 88' lang='lat' dir='ltr'><strong>pag.</strong></span> <span class='ocrx_word' id='word_1_599' title='bbox 2401 4207 2508 4262; x_wconf 77' lang='lat'><strong>2&#39;55</strong></span> <span class='ocrx_word' id='word_1_600' title='bbox 2528 4222 2643 4276; x_wconf 90' lang='lat' dir='ltr'><strong>seq.</strong></span> <span class='ocrx_word' id='word_1_601' title='bbox 2673 4208 2800 4262; x_wconf 88' lang='lat' dir='ltr'><strong>edit.</strong></span> <span class='ocrx_word' id='word_1_602' title='bbox 2828 4209 2981 4262; x_wconf 81' lang='lat' dir='ltr'><strong>Rom.</strong></span> <span class='ocrx_word' id='word_1_603' title='bbox 3015 4224 3103 4262; x_wconf 87' lang='lat' dir='ltr'><strong>an.</strong></span> <span class='ocrx_word' id='word_1_604' title='bbox 3130 4209 3287 4272; x_wconf 77' lang='grc'>1755,</span> <span class='ocrx_word' id='word_1_605' title='bbox 3322 4210 3631 4278; x_wconf 68' lang='lat' dir='ltr'><strong>complexus</strong></span> 
     </span>
    </p>
   </div>
   <div class='ocr_carea' id='block_1_47' title="bbox 366 4289 3632 4370">
    <p class='ocr_par' dir='ltr' id='par_1_47' title="bbox 366 4289 3632 4370">
     <span class='ocr_line' id='line_1_48' title="bbox 366 4289 3632 4370; baseline 0 -19"><span class='ocrx_word' id='word_1_606' title='bbox 366 4306 473 4351; x_wconf 84' lang='lat' dir='ltr'><strong>est.</strong></span> <span class='ocrx_word' id='word_1_607' title='bbox 504 4296 644 4352; x_wconf 88' lang='lat' dir='ltr'><strong>Sunt</strong></span> <span class='ocrx_word' id='word_1_608' title='bbox 671 4305 851 4353; x_wconf 82' lang='lat' dir='ltr'><strong>autem</strong></span> <span class='ocrx_word' id='word_1_609' title='bbox 875 4289 1209 4366; x_wconf 70' lang='lat' dir='ltr'><strong>huiusmodi:</strong></span> <span class='ocrx_word' id='word_1_610' title='bbox 1240 4298 1319 4351; x_wconf 78' lang='lat' dir='ltr'><strong>Ad</strong></span> <span class='ocrx_word' id='word_1_611' title='bbox 1347 4300 1480 4353; x_wconf 87' lang='lat' dir='ltr'><strong>hanc</strong></span> <span class='ocrx_word' id='word_1_612' title='bbox 1503 4315 1625 4369; x_wconf 87' lang='lat' dir='ltr'><strong>ergo</strong></span> <span class='ocrx_word' id='word_1_613' title='bbox 1653 4299 1829 4352; x_wconf 81' lang='lat' dir='ltr'><strong>urbem</strong></span> <span class='ocrx_word' id='word_1_614' title='bbox 1855 4308 1926 4363; x_wconf 89' lang='lat' dir='ltr'><strong>tu,</strong></span> <span class='ocrx_word' id='word_1_615' title='bbox 1958 4300 2248 4354; x_wconf 88' lang='lat' dir='ltr'><strong>beatissime</strong></span> <span class='ocrx_word' id='word_1_616' title='bbox 2273 4300 2422 4354; x_wconf 89' lang='lat' dir='ltr'><strong>Petre</strong></span> <span class='ocrx_word' id='word_1_617' title='bbox 2445 4300 2707 4370; x_wconf 85' lang='lat' dir='ltr'><strong>apostole,</strong></span> <span class='ocrx_word' id='word_1_618' title='bbox 2750 4301 2920 4354; x_wconf 83' lang='lat' dir='ltr'><strong>venire</strong></span> <span class='ocrx_word' id='word_1_619' title='bbox 2946 4316 3049 4353; x_wconf 88' lang='lat' dir='ltr'><strong>non</strong></span> <span class='ocrx_word' id='word_1_620' title='bbox 3078 4302 3280 4364; x_wconf 88' lang='lat' dir='ltr'><strong>metuis,</strong></span> <span class='ocrx_word' id='word_1_621' title='bbox 3322 4310 3369 4353; x_wconf 89' lang='lat' dir='ltr'><strong>et</strong></span> <span class='ocrx_word' id='word_1_622' title='bbox 3399 4308 3632 4353; x_wconf 85' lang='lat' dir='ltr'><strong>consorte</strong></span> 
     </span>
    </p>
   </div>
   <div class='ocr_carea' id='block_1_48' title="bbox 367 4386 3629 4459">
    <p class='ocr_par' dir='ltr' id='par_1_48' title="bbox 367 4386 3629 4459">
     <span class='ocr_line' id='line_1_49' title="bbox 367 4386 3629 4459; baseline -0.001 -19"><span class='ocrx_word' id='word_1_623' title='bbox 367 4388 551 4458; x_wconf 67' lang='lat' dir='ltr'><strong>glorias</strong></span> <span class='ocrx_word' id='word_1_624' title='bbox 600 4396 703 4442; x_wconf 67' lang='lat' dir='ltr'><strong>tuas</strong></span> <span class='ocrx_word' id='word_1_625' title='bbox 749 4386 916 4441; x_wconf 84' lang='lat' dir='ltr'><strong>Paulo</strong></span> <span class='ocrx_word' id='word_1_626' title='bbox 964 4388 1234 4458; x_wconf 85' lang='lat' dir='ltr'><strong>apostolo,</strong></span> <span class='ocrx_word' id='word_1_627' title='bbox 1277 4388 1497 4441; x_wconf 85' lang='lat' dir='ltr'><strong>aliarum</strong></span> <span class='ocrx_word' id='word_1_628' title='bbox 1544 4388 1711 4440; x_wconf 86' lang='lat' dir='ltr'><strong>adhuc</strong></span> <span class='ocrx_word' id='word_1_629' title='bbox 1752 4386 2102 4442; x_wconf 88' lang='lat' dir='ltr'><strong>Ecclesiarum</strong></span> <span class='ocrx_word' id='word_1_630' title='bbox 2137 4387 2550 4443; x_wconf 86' lang='lat' dir='ltr'><strong>ordinationibus</strong></span> <span class='ocrx_word' id='word_1_631' title='bbox 2589 4396 2864 4457; x_wconf 88' lang='lat' dir='ltr'><strong>occupato,</strong></span> <span class='ocrx_word' id='word_1_632' title='bbox 2914 4388 3094 4441; x_wconf 85' lang='lat' dir='ltr'><strong>silvam</strong></span> <span class='ocrx_word' id='word_1_633' title='bbox 3122 4390 3275 4441; x_wconf 85' lang='lat' dir='ltr'><strong>istam</strong></span> <span class='ocrx_word' id='word_1_634' title='bbox 3306 4389 3629 4459; x_wconf 73' lang='lat' dir='ltr'><strong>frementium</strong></span> 
     </span>
    </p>
   </div>
   <div class='ocr_carea' id='block_1_49' title="bbox 371 4477 3629 4551">
    <p class='ocr_par' dir='ltr' id='par_1_49' title="bbox 371 4477 3629 4551">
     <span class='ocr_line' id='line_1_50' title="bbox 371 4477 3629 4551; baseline 0 -22"><span class='ocrx_word' id='word_1_635' title='bbox 371 4479 671 4543; x_wconf 84' lang='lat' dir='ltr'><strong>bestiarum,</strong></span> <span class='ocrx_word' id='word_1_636' title='bbox 704 4488 751 4531; x_wconf 92' lang='lat' dir='ltr'><strong>et</strong></span> <span class='ocrx_word' id='word_1_637' title='bbox 774 4477 1221 4532; x_wconf 70' lang='lat' dir='ltr'><strong>turbulentissimae</strong></span> <span class='ocrx_word' id='word_1_638' title='bbox 1249 4478 1618 4549; x_wconf 73' lang='lat' dir='ltr'><strong>profunditatis</strong></span> <span class='ocrx_word' id='word_1_639' title='bbox 1640 4494 1907 4541; x_wconf 86' lang='lat' dir='ltr'><strong>oceanum,</strong></span> <span class='ocrx_word' id='word_1_640' title='bbox 1938 4482 2272 4545; x_wconf 88' lang='lat' dir='ltr'><strong>constantior,</strong></span> <span class='ocrx_word' id='word_1_641' title='bbox 2304 4496 2455 4550; x_wconf 85' lang='lat' dir='ltr'><strong>quam</strong></span> <span class='ocrx_word' id='word_1_642' title='bbox 2476 4496 2595 4533; x_wconf 89' lang='lat' dir='ltr'><strong>cum</strong></span> <span class='ocrx_word' id='word_1_643' title='bbox 2620 4497 2777 4550; x_wconf 90' lang='lat' dir='ltr'><strong>supra</strong></span> <span class='ocrx_word' id='word_1_644' title='bbox 2805 4496 2947 4534; x_wconf 89' lang='lat' dir='ltr'><strong>mare</strong></span> <span class='ocrx_word' id='word_1_645' title='bbox 2974 4480 3263 4551; x_wconf 86' lang='lat' dir='ltr'><strong>gradereris</strong></span> <span class='ocrx_word' id='word_1_646' title='bbox 3282 4519 3295 4541; x_wconf 88' lang='lat'><strong>,</strong></span> <span class='ocrx_word' id='word_1_647' title='bbox 3326 4478 3629 4550; x_wconf 86' lang='lat' dir='ltr'><strong>ingrederis.</strong></span> 
     </span>
    </p>
   </div>
   <div class='ocr_carea' id='block_1_50' title="bbox 376 4567 3633 4641">
    <p class='ocr_par' dir='ltr' id='par_1_50' title="bbox 376 4567 3633 4641">
     <span class='ocr_line' id='line_1_51' title="bbox 376 4567 3633 4641; baseline 0.001 -20"><span class='ocrx_word' id='word_1_648' title='bbox 376 4567 491 4623; x_wconf 75' lang='lat' dir='ltr'><strong>Nec</strong></span> <span class='ocrx_word' id='word_1_649' title='bbox 519 4570 696 4624; x_wconf 90' lang='lat' dir='ltr'><strong>mundi</strong></span> <span class='ocrx_word' id='word_1_650' title='bbox 724 4570 987 4623; x_wconf 86' lang='lat' dir='ltr'><strong>dominum</strong></span> <span class='ocrx_word' id='word_1_651' title='bbox 1013 4572 1159 4623; x_wconf 80' lang='lat' dir='ltr'><strong>times</strong></span> <span class='ocrx_word' id='word_1_652' title='bbox 1201 4568 1444 4622; x_wconf 84' lang='lat' dir='ltr'><strong>Romam.</strong></span> <span class='ocrx_word' id='word_1_653' title='bbox 1467 4608 1479 4620; x_wconf 91' lang='lat'><strong>.</strong></span> <span class='ocrx_word' id='word_1_654' title='bbox 1505 4609 1516 4621; x_wconf 95' lang='lat'><strong>.</strong></span> <span class='ocrx_word' id='word_1_655' title='bbox 1541 4608 1553 4621; x_wconf 90' lang='lat'><strong>.</strong></span> <span class='ocrx_word' id='word_1_656' title='bbox 1597 4568 1718 4621; x_wconf 85' lang='lat' dir='ltr'><strong>Jam</strong></span> <span class='ocrx_word' id='word_1_657' title='bbox 1759 4570 1972 4639; x_wconf 87' lang='lat' dir='ltr'><strong>populos</strong></span> <span class='ocrx_word' id='word_1_658' title='bbox 1995 4611 2010 4634; x_wconf 97' lang='lat'><strong>,</strong></span> <span class='ocrx_word' id='word_1_659' title='bbox 2061 4572 2146 4641; x_wconf 90' lang='lat' dir='ltr'><strong>qui</strong></span> <span class='ocrx_word' id='word_1_660' title='bbox 2175 4588 2239 4625; x_wconf 74' lang='lat' dir='ltr'><strong>es:</strong></span> <span class='ocrx_word' id='word_1_661' title='bbox 2267 4573 2655 4627; x_wconf 87' lang='lat' dir='ltr'><strong>circumcisione</strong></span> <span class='ocrx_word' id='word_1_662' title='bbox 2688 4573 3041 4637; x_wconf 87' lang='lat' dir='ltr'><strong>crediderant,</strong></span> <span class='ocrx_word' id='word_1_663' title='bbox 3071 4573 3335 4626; x_wconf 87' lang='lat' dir='ltr'><strong>erudieras</strong></span> <span class='ocrx_word' id='word_1_664' title='bbox 3354 4611 3366 4623; x_wconf 93' lang='lat'><strong>.</strong></span> <span class='ocrx_word' id='word_1_665' title='bbox 3389 4611 3402 4623; x_wconf 95' lang='lat'><strong>.</strong></span> <span class='ocrx_word' id='word_1_666' title='bbox 3424 4611 3436 4623; x_wconf 91' lang='lat'><strong>.</strong></span> <span class='ocrx_word' id='word_1_667' title='bbox 3457 4610 3469 4622; x_wconf 93' lang='lat'><strong>.</strong></span> <span class='ocrx_word' id='word_1_668' title='bbox 3514 4569 3633 4623; x_wconf 75' lang='lat' dir='ltr'><strong>Jan:</strong></span> 
     </span>
    </p>
   </div>
   <div class='ocr_carea' id='block_1_51' title="bbox 381 4655 3633 4735">
    <p class='ocr_par' dir='ltr' id='par_1_51' title="bbox 381 4655 3633 4735">
     <span class='ocr_line' id='line_1_52' title="bbox 381 4655 3633 4735; baseline 0.002 -28"><span class='ocrx_word' id='word_1_669' title='bbox 381 4655 634 4721; x_wconf 84' lang='lat' dir='ltr'><strong>Pontum,</strong></span> <span class='ocrx_word' id='word_1_670' title='bbox 667 4657 927 4713; x_wconf 83' lang='lat' dir='ltr'><strong>Galatiam</strong></span> <span class='ocrx_word' id='word_1_671' title='bbox 948 4698 966 4723; x_wconf 89' lang='lat'><strong>,</strong></span> <span class='ocrx_word' id='word_1_672' title='bbox 1015 4657 1397 4729; x_wconf 88' lang='lat' dir='ltr'><strong>Cappadociam</strong></span> <span class='ocrx_word' id='word_1_673' title='bbox 1420 4700 1434 4723; x_wconf 95' lang='lat'><strong>,</strong></span> <span class='ocrx_word' id='word_1_674' title='bbox 1478 4659 1655 4712; x_wconf 84' lang='lat' dir='ltr'><strong>Asiam</strong></span> <span class='ocrx_word' id='word_1_675' title='bbox 1685 4669 1836 4729; x_wconf 88' lang='lat' dir='ltr'><strong>atque</strong></span> <span class='ocrx_word' id='word_1_676' title='bbox 1864 4659 2161 4730; x_wconf 84' lang='lat' dir='ltr'><strong>Bithyniam</strong></span> <span class='ocrx_word' id='word_1_677' title='bbox 2201 4662 2395 4732; x_wconf 82' lang='lat' dir='ltr'><strong>legibus</strong></span> <span class='ocrx_word' id='word_1_678' title='bbox 2438 4664 2743 4734; x_wconf 74' lang='lat' dir='ltr'><strong>evangelica:</strong></span> <span class='ocrx_word' id='word_1_679' title='bbox 2771 4665 3156 4735; x_wconf 72' lang='lat' dir='ltr'><strong>prtedicationis</strong></span> <span class='ocrx_word' id='word_1_680' title='bbox 3189 4663 3519 4733; x_wconf 80' lang='lat' dir='ltr'><strong>impleveras;</strong></span> <span class='ocrx_word' id='word_1_681' title='bbox 3545 4677 3633 4715; x_wconf 82' lang='lat' dir='ltr'><strong>nec</strong></span> 
     </span>
    </p>
   </div>
   <div class='ocr_carea' id='block_1_52' title="bbox 372 4750 3632 4827">
    <p class='ocr_par' dir='ltr' id='par_1_52' title="bbox 372 4750 3632 4827">
     <span class='ocr_line' id='line_1_53' title="bbox 372 4750 3632 4827; baseline 0.002 -26"><span class='ocrx_word' id='word_1_682' title='bbox 372 4750 563 4803; x_wconf 86' lang='lat' dir='ltr'><strong>dubius</strong></span> <span class='ocrx_word' id='word_1_683' title='bbox 583 4752 648 4803; x_wconf 89' lang='lat' dir='ltr'><strong>de</strong></span> <span class='ocrx_word' id='word_1_684' title='bbox 674 4760 909 4821; x_wconf 80' lang='lat' dir='ltr'><strong>provectu</strong></span> <span class='ocrx_word' id='word_1_685' title='bbox 938 4753 1105 4822; x_wconf 89' lang='lat' dir='ltr'><strong>operis</strong></span> <span class='ocrx_word' id='word_1_686' title='bbox 1125 4791 1136 4803; x_wconf 93' lang='lat'><strong>.</strong></span> <span class='ocrx_word' id='word_1_687' title='bbox 1156 4791 1169 4804; x_wconf 92' lang='lat'><strong>.</strong></span> <span class='ocrx_word' id='word_1_688' title='bbox 1190 4792 1201 4805; x_wconf 96' lang='lat'><strong>.</strong></span> <span class='ocrx_word' id='word_1_689' title='bbox 1225 4792 1237 4804; x_wconf 92' lang='lat'><strong>.</strong></span> <span class='ocrx_word' id='word_1_690' title='bbox 1265 4752 1542 4821; x_wconf 69' lang='lat' dir='ltr'><strong>traphazum</strong></span> <span class='ocrx_word' id='word_1_691' title='bbox 1567 4753 1734 4806; x_wconf 88' lang='lat' dir='ltr'><strong>crucis</strong></span> <span class='ocrx_word' id='word_1_692' title='bbox 1757 4750 1949 4804; x_wconf 87' lang='lat' dir='ltr'><strong>Christi</strong></span> <span class='ocrx_word' id='word_1_693' title='bbox 1974 4752 2222 4807; x_wconf 82' lang='lat' dir='ltr'><strong>Romanis</strong></span> <span class='ocrx_word' id='word_1_694' title='bbox 2252 4754 2454 4808; x_wconf 90' lang='lat' dir='ltr'><strong>arcibus</strong></span> <span class='ocrx_word' id='word_1_695' title='bbox 2476 4754 2755 4825; x_wconf 79' lang='lat' dir='ltr'><strong>inferebas,</strong></span> <span class='ocrx_word' id='word_1_696' title='bbox 2780 4772 2876 4827; x_wconf 89' lang='lat' dir='ltr'><strong>quo</strong></span> <span class='ocrx_word' id='word_1_697' title='bbox 2900 4765 2946 4809; x_wconf 89' lang='lat' dir='ltr'><strong>te</strong></span> <span class='ocrx_word' id='word_1_698' title='bbox 2974 4755 3157 4808; x_wconf 87' lang='lat' dir='ltr'><strong>divinis</strong></span> <span class='ocrx_word' id='word_1_699' title='bbox 3183 4751 3632 4822; x_wconf 60' lang='lat' dir='ltr'><strong>praedicationibus</strong></span> 
     </span>
    </p>
   </div>
   <div class='ocr_carea' id='block_1_53' title="bbox 372 4842 3643 4920">
    <p class='ocr_par' dir='ltr' id='par_1_53' title="bbox 372 4842 3643 4920">
     <span class='ocr_line' id='line_1_54' title="bbox 372 4842 3643 4920; baseline 0.002 -27"><span class='ocrx_word' id='word_1_700' title='bbox 372 4842 607 4896; x_wconf 83' lang='lat' dir='ltr'><strong>anteibat</strong></span> <span class='ocrx_word' id='word_1_701' title='bbox 632 4852 681 4896; x_wconf 91' lang='lat' dir='ltr'><strong>et</strong></span> <span class='ocrx_word' id='word_1_702' title='bbox 714 4844 878 4897; x_wconf 86' lang='lat' dir='ltr'><strong>honor</strong></span> <span class='ocrx_word' id='word_1_703' title='bbox 914 4845 1210 4912; x_wconf 85' lang='lat' dir='ltr'><strong>potestatis,</strong></span> <span class='ocrx_word' id='word_1_704' title='bbox 1260 4853 1307 4897; x_wconf 90' lang='lat' dir='ltr'><strong>et</strong></span> <span class='ocrx_word' id='word_1_705' title='bbox 1334 4844 1502 4915; x_wconf 86' lang='lat' dir='ltr'><strong>gloria</strong></span> <span class='ocrx_word' id='word_1_706' title='bbox 1528 4845 1806 4913; x_wconf 86' lang='lat' dir='ltr'><strong>passionis.</strong></span> <span class='ocrx_word' id='word_1_707' title='bbox 1854 4844 1987 4913; x_wconf 87' lang='lat' dir='ltr'><strong>Cap.</strong></span> <span class='ocrx_word' id='word_1_708' title='bbox 2019 4844 2071 4908; x_wconf 85' lang='lat'><strong>6,</strong></span> <span class='ocrx_word' id='word_1_709' title='bbox 2103 4860 2223 4916; x_wconf 85' lang='lat' dir='ltr'><strong>pag.</strong></span> <span class='ocrx_word' id='word_1_710' title='bbox 2256 4846 2361 4900; x_wconf 79' lang='lat'><strong>23&#39;!</strong></span> <span class='ocrx_word' id='word_1_711' title='bbox 2389 4865 2401 4900; x_wconf 88' lang='lat'><strong>:</strong></span> <span class='ocrx_word' id='word_1_712' title='bbox 2436 4848 2515 4901; x_wconf 80' lang='lat' dir='ltr'><strong>Ad</strong></span> <span class='ocrx_word' id='word_1_713' title='bbox 2542 4865 2694 4920; x_wconf 88' lang='lat' dir='ltr'><strong>quam</strong></span> <span class='ocrx_word' id='word_1_714' title='bbox 2719 4847 2895 4901; x_wconf 89' lang='lat' dir='ltr'><strong>beatus</strong></span> <span class='ocrx_word' id='word_1_715' title='bbox 2923 4845 3243 4916; x_wconf 86' lang='lat' dir='ltr'><strong>coapostolus</strong></span> <span class='ocrx_word' id='word_1_716' title='bbox 3273 4853 3388 4899; x_wconf 87' lang='lat' dir='ltr'><strong>tuus</strong></span> <span class='ocrx_word' id='word_1_717' title='bbox 3417 4862 3504 4899; x_wconf 78' lang='lat' dir='ltr'><strong>vas</strong></span> <span class='ocrx_word' id='word_1_718' title='bbox 3542 4845 3643 4900; x_wconf 87' lang='lat' dir='ltr'><strong>ele-</strong></span> 
     </span>
    </p>
   </div>
   <div class='ocr_carea' id='block_1_54' title="bbox 375 4934 3630 5007">
    <p class='ocr_par' dir='ltr' id='par_1_54' title="bbox 375 4934 3630 5007">
     <span class='ocr_line' id='line_1_55' title="bbox 375 4934 3630 5007; baseline 0 -19"><span class='ocrx_word' id='word_1_719' title='bbox 375 4936 623 4989; x_wconf 81' lang='lat' dir='ltr'><strong>ctionis..</strong></span> <span class='ocrx_word' id='word_1_720' title='bbox 645 4974 658 4987; x_wconf 93' lang='lat'><strong>.</strong></span> <span class='ocrx_word' id='word_1_721' title='bbox 680 4974 694 4987; x_wconf 93' lang='lat'><strong>.</strong></span> <span class='ocrx_word' id='word_1_722' title='bbox 750 4934 942 4988; x_wconf 90' lang='lat' dir='ltr'><strong>Paulus</strong></span> <span class='ocrx_word' id='word_1_723' title='bbox 971 4950 1240 4988; x_wconf 86' lang='lat' dir='ltr'><strong>occurrens</strong></span> <span class='ocrx_word' id='word_1_724' title='bbox 1261 4974 1278 4998; x_wconf 94' lang='lat'><strong>,</strong></span> <span class='ocrx_word' id='word_1_725' title='bbox 1317 4936 1493 4989; x_wconf 86' lang='lat' dir='ltr'><strong>eodem</strong></span> <span class='ocrx_word' id='word_1_726' title='bbox 1528 4936 1619 4988; x_wconf 86' lang='lat' dir='ltr'><strong>tibi</strong></span> <span class='ocrx_word' id='word_1_727' title='bbox 1652 4936 1975 4989; x_wconf 87' lang='lat' dir='ltr'><strong>consociatus</strong></span> <span class='ocrx_word' id='word_1_728' title='bbox 2004 4945 2080 4988; x_wconf 88' lang='lat' dir='ltr'><strong>est</strong></span> <span class='ocrx_word' id='word_1_729' title='bbox 2123 4945 2375 5007; x_wconf 87' lang='lat' dir='ltr'><strong>tempore,</strong></span> <span class='ocrx_word' id='word_1_730' title='bbox 2407 4953 2504 5006; x_wconf 88' lang='lat' dir='ltr'><strong>quo</strong></span> <span class='ocrx_word' id='word_1_731' title='bbox 2542 4937 2657 5007; x_wconf 81' lang='lat' dir='ltr'><strong>jam</strong></span> <span class='ocrx_word' id='word_1_732' title='bbox 2695 4938 2861 4989; x_wconf 87' lang='lat' dir='ltr'><strong>omnis</strong></span> <span class='ocrx_word' id='word_1_733' title='bbox 2884 4935 3217 4999; x_wconf 83' lang='lat' dir='ltr'><strong>innocentia,</strong></span> <span class='ocrx_word' id='word_1_734' title='bbox 3254 4937 3421 4988; x_wconf 89' lang='lat' dir='ltr'><strong>omnis</strong></span> <span class='ocrx_word' id='word_1_735' title='bbox 3446 4936 3630 5006; x_wconf 86' lang='lat' dir='ltr'><strong>pudor,</strong></span> 
     </span>
    </p>
   </div>
   <div class='ocr_carea' id='block_1_55' title="bbox 379 5025 3636 5098">
    <p class='ocr_par' dir='ltr' id='par_1_55' title="bbox 379 5025 3636 5098">
     <span class='ocr_line' id='line_1_56' title="bbox 379 5025 3636 5098; baseline -0.002 -12"><span class='ocrx_word' id='word_1_736' title='bbox 379 5032 645 5093; x_wconf 69' lang='lat' dir='ltr'><strong>omnisque</strong></span> <span class='ocrx_word' id='word_1_737' title='bbox 671 5029 879 5081; x_wconf 87' lang='lat' dir='ltr'><strong>libertas</strong></span> <span class='ocrx_word' id='word_1_738' title='bbox 907 5029 996 5081; x_wconf 86' lang='lat' dir='ltr'><strong>sub</strong></span> <span class='ocrx_word' id='word_1_739' title='bbox 1026 5026 1250 5080; x_wconf 90' lang='lat' dir='ltr'><strong>Neronis</strong></span> <span class='ocrx_word' id='word_1_740' title='bbox 1276 5028 1543 5081; x_wconf 83' lang='lat' dir='ltr'><strong>laborabat</strong></span> <span class='ocrx_word' id='word_1_741' title='bbox 1571 5030 1783 5097; x_wconf 89' lang='lat' dir='ltr'><strong>imperio</strong></span> <span class='ocrx_word' id='word_1_742' title='bbox 1804 5068 1815 5080; x_wconf 92' lang='lat'><strong>.</strong></span> <span class='ocrx_word' id='word_1_743' title='bbox 1839 5068 1851 5080; x_wconf 94' lang='lat'><strong>.</strong></span> <span class='ocrx_word' id='word_1_744' title='bbox 1873 5068 1885 5081; x_wconf 94' lang='lat'><strong>.</strong></span> <span class='ocrx_word' id='word_1_745' title='bbox 1903 5067 1915 5080; x_wconf 94' lang='lat'><strong>.</strong></span> <span class='ocrx_word' id='word_1_746' title='bbox 1963 5025 2029 5079; x_wconf 86' lang='lat' dir='ltr'><strong>In</strong></span> <span class='ocrx_word' id='word_1_747' title='bbox 2056 5028 2235 5081; x_wconf 84' lang='lat' dir='ltr'><strong>horum</strong></span> <span class='ocrx_word' id='word_1_748' title='bbox 2268 5029 2572 5082; x_wconf 75' lang='lat' dir='ltr'><strong>excellentia</strong></span> <span class='ocrx_word' id='word_1_749' title='bbox 2602 5028 2818 5081; x_wconf 89' lang='lat' dir='ltr'><strong>Patrum</strong></span> <span class='ocrx_word' id='word_1_750' title='bbox 2845 5027 3026 5080; x_wconf 86' lang='lat' dir='ltr'><strong>merito</strong></span> <span class='ocrx_word' id='word_1_751' title='bbox 3054 5035 3129 5080; x_wconf 85' lang='lat' dir='ltr'><strong>est</strong></span> <span class='ocrx_word' id='word_1_752' title='bbox 3157 5027 3498 5081; x_wconf 76' lang='lat' dir='ltr'><strong>exsultantius</strong></span> <span class='ocrx_word' id='word_1_753' title='bbox 3521 5030 3636 5098; x_wconf 87' lang='lat' dir='ltr'><strong>glo-</strong></span> 
     </span>
    </p>
   </div>
   <div class='ocr_carea' id='block_1_56' title="bbox 377 5117 3637 5191">
    <p class='ocr_par' dir='ltr' id='par_1_56' title="bbox 377 5117 3637 5191">
     <span class='ocr_line' id='line_1_57' title="bbox 377 5117 3637 5191; baseline -0.001 -16"><span class='ocrx_word' id='word_1_754' title='bbox 377 5120 643 5184; x_wconf 85' lang='lat' dir='ltr'><strong>riandum,</strong></span> <span class='ocrx_word' id='word_1_755' title='bbox 675 5136 802 5189; x_wconf 80' lang='lat' dir='ltr'><strong>quos</strong></span> <span class='ocrx_word' id='word_1_756' title='bbox 825 5122 993 5190; x_wconf 88' lang='lat' dir='ltr'><strong>gratia</strong></span> <span class='ocrx_word' id='word_1_757' title='bbox 1022 5117 1120 5172; x_wconf 88' lang='lat' dir='ltr'><strong>Dei</strong></span> <span class='ocrx_word' id='word_1_758' title='bbox 1144 5120 1197 5171; x_wconf 91' lang='lat' dir='ltr'><strong>in</strong></span> <span class='ocrx_word' id='word_1_759' title='bbox 1222 5128 1417 5172; x_wconf 88' lang='lat' dir='ltr'><strong>tantum</strong></span> <span class='ocrx_word' id='word_1_760' title='bbox 1442 5120 1635 5188; x_wconf 84' lang='lat' dir='ltr'><strong>apicem</strong></span> <span class='ocrx_word' id='word_1_761' title='bbox 1662 5120 1795 5172; x_wconf 87' lang='lat' dir='ltr'><strong>inter</strong></span> <span class='ocrx_word' id='word_1_762' title='bbox 1821 5120 1994 5173; x_wconf 87' lang='lat' dir='ltr'><strong>omnia</strong></span> <span class='ocrx_word' id='word_1_763' title='bbox 2024 5120 2270 5174; x_wconf 74' lang='lat' dir='ltr'><strong>Ecclesiae</strong></span> <span class='ocrx_word' id='word_1_764' title='bbox 2297 5120 2521 5174; x_wconf 85' lang='lat' dir='ltr'><strong>membra</strong></span> <span class='ocrx_word' id='word_1_765' title='bbox 2550 5122 2808 5191; x_wconf 71' lang='lat' dir='ltr'><strong>prouexit,</strong></span> <span class='ocrx_word' id='word_1_766' title='bbox 2839 5127 2895 5171; x_wconf 88' lang='lat' dir='ltr'><strong>ut</strong></span> <span class='ocrx_word' id='word_1_767' title='bbox 2920 5135 3005 5173; x_wconf 88' lang='lat' dir='ltr'><strong>eos</strong></span> <span class='ocrx_word' id='word_1_768' title='bbox 3034 5120 3087 5174; x_wconf 90' lang='lat' dir='ltr'><strong>in</strong></span> <span class='ocrx_word' id='word_1_769' title='bbox 3117 5137 3347 5191; x_wconf 89' lang='lat' dir='ltr'><strong>corpore,</strong></span> <span class='ocrx_word' id='word_1_770' title='bbox 3376 5120 3457 5174; x_wconf 89' lang='lat' dir='ltr'><strong>cui</strong></span> <span class='ocrx_word' id='word_1_771' title='bbox 3487 5131 3637 5191; x_wconf 82' lang='lat' dir='ltr'><strong>caput</strong></span> 
     </span>
    </p>
   </div>
   <div class='ocr_carea' id='block_1_57' title="bbox 372 5207 3637 5283">
    <p class='ocr_par' dir='ltr' id='par_1_57' title="bbox 372 5207 3637 5283">
     <span class='ocr_line' id='line_1_58' title="bbox 372 5207 3637 5283; baseline 0.001 -21"><span class='ocrx_word' id='word_1_772' title='bbox 372 5220 454 5263; x_wconf 83' lang='lat' dir='ltr'><strong>est</strong></span> <span class='ocrx_word' id='word_1_773' title='bbox 477 5208 714 5262; x_wconf 81' lang='lat' dir='ltr'><strong>Christus</strong></span> <span class='ocrx_word' id='word_1_774' title='bbox 737 5250 751 5272; x_wconf 93' lang='lat'><strong>,</strong></span> <span class='ocrx_word' id='word_1_775' title='bbox 804 5211 951 5280; x_wconf 85' lang='lat' dir='ltr'><strong>quasi</strong></span> <span class='ocrx_word' id='word_1_776' title='bbox 999 5210 1255 5280; x_wconf 79' lang='lat' dir='ltr'><strong>geminant</strong></span> <span class='ocrx_word' id='word_1_777' title='bbox 1291 5209 1612 5262; x_wconf 76' lang='lat' dir='ltr'><strong>constituerit</strong></span> <span class='ocrx_word' id='word_1_778' title='bbox 1645 5208 1826 5262; x_wconf 82' lang='lat' dir='ltr'><strong>lumen</strong></span> <span class='ocrx_word' id='word_1_779' title='bbox 1864 5209 2154 5263; x_wconf 72' lang='lat' dir='ltr'><strong>oculorum.</strong></span> <span class='ocrx_word' id='word_1_780' title='bbox 2206 5209 2285 5262; x_wconf 88' lang='lat' dir='ltr'><strong>De</strong></span> <span class='ocrx_word' id='word_1_781' title='bbox 2324 5226 2535 5281; x_wconf 79' lang='lat' dir='ltr'><strong>quorum</strong></span> <span class='ocrx_word' id='word_1_782' title='bbox 2575 5207 2769 5262; x_wconf 72' lang='lat' dir='ltr'><strong>meriﬁs</strong></span> <span class='ocrx_word' id='word_1_783' title='bbox 2794 5218 2944 5280; x_wconf 88' lang='lat' dir='ltr'><strong>atque</strong></span> <span class='ocrx_word' id='word_1_784' title='bbox 2970 5211 3254 5277; x_wconf 81' lang='lat' dir='ltr'><strong>virtutibus,</strong></span> <span class='ocrx_word' id='word_1_785' title='bbox 3282 5226 3396 5283; x_wconf 75' lang='lat' dir='ltr'><strong>qua!</strong></span> <span class='ocrx_word' id='word_1_786' title='bbox 3415 5213 3637 5266; x_wconf 84' lang='lat' dir='ltr'><strong>onmium</strong></span> 
     </span>
    </p>
   </div>
   <div class='ocr_carea' id='block_1_58' title="bbox 375 5296 3638 5370">
    <p class='ocr_par' dir='ltr' id='par_1_58' title="bbox 375 5296 3638 5370">
     <span class='ocr_line' id='line_1_59' title="bbox 375 5296 3638 5370; baseline -0 -18"><span class='ocrx_word' id='word_1_787' title='bbox 375 5300 622 5369; x_wconf 79' lang='lat' dir='ltr'><strong>loquendi</strong></span> <span class='ocrx_word' id='word_1_788' title='bbox 652 5307 894 5369; x_wconf 88' lang='lat' dir='ltr'><strong>superant</strong></span> <span class='ocrx_word' id='word_1_789' title='bbox 923 5300 1238 5370; x_wconf 68' lang='lat' dir='ltr'><strong>facultatem,</strong></span> <span class='ocrx_word' id='word_1_790' title='bbox 1269 5299 1397 5353; x_wconf 90' lang='lat' dir='ltr'><strong>nihil</strong></span> <span class='ocrx_word' id='word_1_791' title='bbox 1426 5300 1696 5363; x_wconf 77' lang='lat' dir='ltr'><strong>diversum,</strong></span> <span class='ocrx_word' id='word_1_792' title='bbox 1729 5298 1857 5352; x_wconf 87' lang='lat' dir='ltr'><strong>nihil</strong></span> <span class='ocrx_word' id='word_1_793' title='bbox 1885 5296 2124 5352; x_wconf 85' lang='lat' dir='ltr'><strong>debemus</strong></span> <span class='ocrx_word' id='word_1_794' title='bbox 2152 5299 2339 5352; x_wconf 87' lang='lat' dir='ltr'><strong>sentire</strong></span> <span class='ocrx_word' id='word_1_795' title='bbox 2367 5298 2639 5352; x_wconf 85' lang='lat' dir='ltr'><strong>discretum</strong></span> <span class='ocrx_word' id='word_1_796' title='bbox 2663 5336 2677 5361; x_wconf 90' lang='lat'><strong>,</strong></span> <span class='ocrx_word' id='word_1_797' title='bbox 2718 5299 2839 5369; x_wconf 86' lang='lat' dir='ltr'><strong>quia</strong></span> <span class='ocrx_word' id='word_1_798' title='bbox 2866 5297 2986 5354; x_wconf 87' lang='lat' dir='ltr'><strong>illos</strong></span> <span class='ocrx_word' id='word_1_799' title='bbox 3013 5299 3190 5355; x_wconf 76' lang='lat' dir='ltr'><strong>electio</strong></span> <span class='ocrx_word' id='word_1_800' title='bbox 3220 5314 3389 5369; x_wconf 83' lang='lat' dir='ltr'><strong>pares,</strong></span> <span class='ocrx_word' id='word_1_801' title='bbox 3420 5308 3469 5352; x_wconf 85' lang='lat' dir='ltr'><strong>et</strong></span> <span class='ocrx_word' id='word_1_802' title='bbox 3497 5298 3638 5352; x_wconf 75' lang='lat' dir='ltr'><strong>labor</strong></span> 
     </span>
    </p>
   </div>
   <div class='ocr_carea' id='block_1_59' title="bbox 377 5384 3643 5461">
    <p class='ocr_par' dir='ltr' id='par_1_59' title="bbox 377 5384 3643 5461">
     <span class='ocr_line' id='line_1_60' title="bbox 377 5384 3643 5461; baseline -0.002 -14"><span class='ocrx_word' id='word_1_803' title='bbox 377 5390 596 5455; x_wconf 69' lang='lat' dir='ltr'><strong>similes,</strong></span> <span class='ocrx_word' id='word_1_804' title='bbox 628 5401 677 5443; x_wconf 88' lang='lat' dir='ltr'><strong>et</strong></span> <span class='ocrx_word' id='word_1_805' title='bbox 702 5390 825 5458; x_wconf 79' lang='lat' dir='ltr'><strong>ﬁnis</strong></span> <span class='ocrx_word' id='word_1_806' title='bbox 855 5391 973 5461; x_wconf 72' lang='lat' dir='ltr'><strong>fecit</strong></span> <span class='ocrx_word' id='word_1_807' title='bbox 1000 5390 1238 5459; x_wconf 75' lang='lat' dir='ltr'><strong>azquales.</strong></span> <span class='ocrx_word' id='word_1_808' title='bbox 1281 5387 1433 5454; x_wconf 85' lang='lat' dir='ltr'><strong>Quod</strong></span> <span class='ocrx_word' id='word_1_809' title='bbox 1463 5398 1639 5444; x_wconf 87' lang='lat' dir='ltr'><strong>autem</strong></span> <span class='ocrx_word' id='word_1_810' title='bbox 1669 5388 1780 5443; x_wconf 86' lang='lat' dir='ltr'><strong>Leo</strong></span> <span class='ocrx_word' id='word_1_811' title='bbox 1808 5402 1869 5441; x_wconf 85' lang='lat' dir='ltr'><strong>ac</strong></span> <span class='ocrx_word' id='word_1_812' title='bbox 1894 5386 2154 5442; x_wconf 81' lang='lat' dir='ltr'><strong>Maximus</strong></span> <span class='ocrx_word' id='word_1_813' title='bbox 2183 5386 2397 5442; x_wconf 87' lang='lat' dir='ltr'><strong>Petrum</strong></span> <span class='ocrx_word' id='word_1_814' title='bbox 2427 5400 2491 5440; x_wconf 87' lang='lat' dir='ltr'><strong>ac</strong></span> <span class='ocrx_word' id='word_1_815' title='bbox 2514 5384 2735 5439; x_wconf 87' lang='lat' dir='ltr'><strong>Paulum</strong></span> <span class='ocrx_word' id='word_1_816' title='bbox 2764 5402 2943 5457; x_wconf 87' lang='lat' dir='ltr'><strong>pares,</strong></span> <span class='ocrx_word' id='word_1_817' title='bbox 2975 5390 3196 5456; x_wconf 86' lang='lat' dir='ltr'><strong>similes,</strong></span> <span class='ocrx_word' id='word_1_818' title='bbox 3226 5390 3459 5459; x_wconf 72' lang='lat' dir='ltr'><strong>mquales</strong></span> <span class='ocrx_word' id='word_1_819' title='bbox 3480 5385 3643 5443; x_wconf 75' lang='lat' dir='ltr'><strong>fuisse</strong></span> 
     </span>
    </p>
   </div>
   <div class='ocr_carea' id='block_1_60' title="bbox 441 5587 3068 5728">
    <p class='ocr_par' dir='ltr' id='par_1_60' title="bbox 441 5587 3068 5728">
     <span class='ocr_line' id='line_1_61' title="bbox 441 5587 3068 5728; baseline -0.001 -81"><span class='ocrx_word' id='word_1_820' title='bbox 441 5592 538 5728; x_wconf 42' lang='grc' dir='ltr'><strong>ἐξ</strong></span> <span class='ocrx_word' id='word_1_821' title='bbox 572 5592 708 5649; x_wconf 78' lang='lat' dir='ltr'><strong>Vide</strong></span> <span class='ocrx_word' id='word_1_822' title='bbox 734 5592 992 5649; x_wconf 83' lang='lat' dir='ltr'><strong>Sanctum</strong></span> <span class='ocrx_word' id='word_1_823' title='bbox 1016 5592 1436 5675; x_wconf 73' lang='lat' dir='ltr'><strong>Leonemserm.</strong></span> <span class='ocrx_word' id='word_1_824' title='bbox 1470 5592 1522 5652; x_wconf 87' lang='grc'>5,</span> <span class='ocrx_word' id='word_1_825' title='bbox 1549 5608 1666 5674; x_wconf 82' lang='lat' dir='ltr'><strong>cap.</strong></span> <span class='ocrx_word' id='word_1_826' title='bbox 1694 5591 1748 5655; x_wconf 89' lang='lat'><strong>2,</strong></span> <span class='ocrx_word' id='word_1_827' title='bbox 1774 5608 1891 5663; x_wconf 80' lang='lat' dir='ltr'><strong>pag.</strong></span> <span class='ocrx_word' id='word_1_828' title='bbox 1925 5591 1977 5656; x_wconf 93' lang='lat'><strong>8,</strong></span> <span class='ocrx_word' id='word_1_829' title='bbox 2012 5600 2143 5669; x_wconf 79' lang='lat' dir='ltr'><strong>tum.</strong></span> <span class='ocrx_word' id='word_1_830' title='bbox 2164 5589 2183 5641; x_wconf 86' lang='grc' dir='ltr'>ι</span> <span class='ocrx_word' id='word_1_831' title='bbox 2208 5603 2428 5657; x_wconf 88' lang='lat' dir='ltr'><strong>operum</strong></span> <span class='ocrx_word' id='word_1_832' title='bbox 2458 5587 2587 5642; x_wconf 89' lang='lat' dir='ltr'><strong>edit.</strong></span> <span class='ocrx_word' id='word_1_833' title='bbox 2616 5587 2770 5643; x_wconf 76' lang='lat' dir='ltr'><strong>Rom.</strong></span> <span class='ocrx_word' id='word_1_834' title='bbox 2798 5604 2885 5644; x_wconf 84' lang='lat' dir='ltr'><strong>an.</strong></span> <span class='ocrx_word' id='word_1_835' title='bbox 2913 5587 3068 5645; x_wconf 76' lang='grc'>1755.</span> 
     </span>
     <span class='ocr_line' id='line_1_62' title="bbox 579 5656 2894 5728; baseline -0.002 -11"><span class='ocrx_word' id='word_1_836' title='bbox 579 5660 733 5719; x_wconf 84' lang='lat' dir='ltr'><strong>Tum.</strong></span> <span class='ocrx_word' id='word_1_837' title='bbox 766 5663 826 5728; x_wconf 72' lang='grc' dir='ltr'>ν,</span> <span class='ocrx_word' id='word_1_838' title='bbox 850 5676 987 5728; x_wconf 79' lang='lat' dir='ltr'><strong>part.</strong></span> <span class='ocrx_word' id='word_1_839' title='bbox 1016 5663 1423 5728; x_wconf 66' lang='lat' dir='ltr'><strong>[Antiquitatum</strong></span> <span class='ocrx_word' id='word_1_840' title='bbox 1444 5662 1874 5725; x_wconf 73' lang='lat' dir='ltr'><strong>Christianarum,</strong></span> <span class='ocrx_word' id='word_1_841' title='bbox 1908 5675 2025 5728; x_wconf 72' lang='lat' dir='ltr'><strong>pag.</strong></span> <span class='ocrx_word' id='word_1_842' title='bbox 2055 5660 2158 5712; x_wconf 78' lang='grc'><strong>555</strong></span> <span class='ocrx_word' id='word_1_843' title='bbox 2182 5674 2357 5727; x_wconf 61' lang='lat' dir='ltr'><strong>seqq,</strong></span> <span class='ocrx_word' id='word_1_844' title='bbox 2383 5668 2435 5711; x_wconf 89' lang='lat' dir='ltr'><strong>et</strong></span> <span class='ocrx_word' id='word_1_845' title='bbox 2454 5672 2578 5728; x_wconf 85' lang='lat' dir='ltr'><strong>pag.</strong></span> <span class='ocrx_word' id='word_1_846' title='bbox 2606 5656 2707 5712; x_wconf 80' lang='grc'>556</span> <span class='ocrx_word' id='word_1_847' title='bbox 2746 5674 2894 5727; x_wconf 63' lang='lat' dir='ltr'><strong>seqq.</strong></span> 
     </span>
    </p>
   </div>
   <div class='ocr_carea' id='block_1_61' title="bbox 579 5656 2894 5731">
    <p class='ocr_par' dir='ltr' id='par_1_61' title="bbox 579 5656 2894 5731">
     <span class='ocr_line' id='line_1_63' title="bbox 579 5656 2894 5731; baseline -0.002 -14"><span class='ocrx_word' id='word_1_848' title='bbox 579 5660 733 5719; x_wconf 84' lang='lat' dir='ltr'><strong>Tum.</strong></span> <span class='ocrx_word' id='word_1_849' title='bbox 766 5663 826 5728; x_wconf 71' lang='grc' dir='ltr'>ν,</span> <span class='ocrx_word' id='word_1_850' title='bbox 850 5676 987 5730; x_wconf 80' lang='lat' dir='ltr'><strong>part.</strong></span> <span class='ocrx_word' id='word_1_851' title='bbox 1016 5663 1423 5731; x_wconf 73' lang='lat' dir='ltr'><strong>[Antiquitatum</strong></span> <span class='ocrx_word' id='word_1_852' title='bbox 1444 5656 1874 5725; x_wconf 47' lang='lat' dir='ltr'><strong>Christianarum:</strong></span> <span class='ocrx_word' id='word_1_853' title='bbox 1908 5675 2025 5728; x_wconf 69' lang='lat' dir='ltr'><strong>pag.</strong></span> <span class='ocrx_word' id='word_1_854' title='bbox 2055 5658 2158 5712; x_wconf 76' lang='grc'><strong>555</strong></span> <span class='ocrx_word' id='word_1_855' title='bbox 2182 5656 2357 5727; x_wconf 63' lang='lat' dir='ltr'><strong>sugq,</strong></span> <span class='ocrx_word' id='word_1_856' title='bbox 2383 5668 2435 5711; x_wconf 89' lang='lat' dir='ltr'><strong>et</strong></span> <span class='ocrx_word' id='word_1_857' title='bbox 2454 5672 2578 5728; x_wconf 85' lang='lat' dir='ltr'><strong>pag.</strong></span> <span class='ocrx_word' id='word_1_858' title='bbox 2606 5656 2707 5712; x_wconf 80' lang='grc'>556</span> <span class='ocrx_word' id='word_1_859' title='bbox 2746 5674 2894 5727; x_wconf 68' lang='lat' dir='ltr'><strong>seqq.</strong></span> 
     </span>
    </p>
   </div>
  </div>
