4138 6186
323 295 426 349 ll3
1232 278 1235 281 ’
1773 290 1957 345 ρηι

1965 292 2019 345 Ἀ
2028 292 2150 351 T10.
3492 286 3599 347 ιιι

316 417 421 469 est,
458 414 517 459 ut
543 420 630 460 res
663 406 780 476 ipsa
806 405 1019 461 clamat.
1071 404 1250 472 Quid?
1292 404 1337 458 si
1386 404 1601 457 homilia
1649 403 1732 467 75,
1780 420 1902 475 pag.
1951 403 2089 466 239,
2125 405 2304 458 dicat:
2349 403 2474 457 Cum
2522 402 2829 458 venerabilis
2879 402 3058 459 Sixtus
3091 419 3424 461 trosroucz
3448 421 3595 462 SEDIS

316 509 648 549 sxccnnono
672 494 1056 549 resecuerunt
1101 492 1179 549 Ac
1217 492 1424 548 Sixtum
1461 494 1707 547 eumdem
1747 495 1906 564 paulo
1943 506 2095 563 post,
2143 495 2483 549 sacerdotem
2509 494 2717 549 Domini
2755 510 3019 549 summum
3051 496 3317 565 appellat:
3350 495 3590 567 Xystmn,

319 584 516 653 inquit,
552 593 673 638 ante
702 600 878 639 omnes
910 600 1163 638 summum
1194 582 1406 637 Domini
1436 583 1752 637 sacerdotem
1791 587 1937 655 furor
1972 586 2176 656 gentilis
2207 585 2524 655 aggreditur,
2568 594 2622 637 ut
2657 585 3005 639 ecclesiastica
3032 584 3261 638 membra
3292 594 3397 639 tam
3426 586 3595 639 valido

320 686 564 731 truncato
594 678 783 747 capite,
814 677 965 730 veluti
992 676 1273 729 munimine
1306 674 1533 745 prwsidii
1567 676 1780 729 caelestis
1817 685 2006 741 amoto,
2056 686 2295 730 cruentus
2333 672 2626 746 persecutor
2659 676 2939 729 invaderet.
2975 674 3251 729 Summum
3280 688 3458 731 autem
3487 675 3597 729 Do—

320 769 456 823 mini
508 769 844 823 sacerdotem
893 771 1225 841 ὰντονομασίᾳ
1272 781 1395 820 eum
1445 765 1655 830 dicere,
1703 765 1794 835 qui
1825 764 1969 819 Petri
2015 766 2198 820 sedem
2247 765 2542 820 Romanam
2587 766 2936 835 apostolicam
2976 767 3408 835 teneat,quique
3436 776 3641 841 caput;

322 861 819 917 ecclesiasticorum
866 856 1226 913 membrorum
1276 858 1525 912 universe
1571 859 1671 923 sit;
1703 858 1831 927 quid
1862 864 1944 911 est
1966 897 1979 921 ,
2009 855 2115 912 nisi
2138 858 2445 927 episcopum
2475 856 2777 911 Romanum
2804 866 2965 927 caput
2993 858 3145 911 fateri
3173 857 3411 911 omnium
3439 856 3597 911 Chri-

324 952 651 1014 stianorum,
682 948 776 1017 qui
805 948 927 1003 cum
954 947 1020 1001 ad
1049 948 1255 1003 clavum
1286 947 1437 1000 navis
1466 961 1561 1000 seu
1591 946 1642 1001 in
1672 946 1814 1001 Petri
1849 947 2099 1002 cathedra
2128 946 2336 1006 sedeat.
2370 956 2481 1001 tum
2511 949 2688 1001 navim
2718 946 2888 1013 Petri,
2922 948 3024 1002 hoc
3053 956 3133 1002 est
3162 947 3242 1017 (ut
3269 949 3430 1003 statui
3462 948 3597 1001 vidi-

320 1057 444 1094 mus
473 1057 505 1094 a
534 1039 789 1110 Maximo)
822 1038 1116 1094 Ecclesiam
1143 1039 1462 1093 catholicam
1488 1040 1829 1093 moderetur?
1861 1039 2026 1102 Quam
2056 1041 2290 1109 quidem,
2322 1044 2511 1108 navim,
2537 1050 2593 1095 ut
2620 1041 2759 1096 idem
2789 1050 2871 1096 est
2896 1050 3082 1095 auctor
3110 1040 3390 1105 Maximus,
3420 1040 3600 1095 Eccle-

322 1133 417 1185 siae
446 1130 611 1183 solum
640 1129 876 1183 ascendit
905 1128 1177 1194 Dominus,
1212 1128 1375 1200 [cum]
1406 1130 1457 1182 in
1487 1146 1587 1200 qua
1613 1130 1801 1184 Petrus
1821 1131 2066 1201 magister
2086 1141 2163 1185 est
2185 1133 2512 1194 constitutus,
2546 1131 2742 1185 dicente
2764 1131 2986 1185 Domino
3010 1148 3027 1185 :
3053 1130 3219 1199 Super
3239 1131 3370 1184 hanc
3402 1142 3601 1200 petram

323 1219 599 1290 wdiﬁcabo
621 1218 907 1273 Ecclesium
934 1237 1118 1273 meam.
1170 1218 1297 1283 Quae
1317 1222 1460 1274 navis
1482 1222 1535 1274 in
1563 1222 1725 1274 altum
1751 1222 1902 1292 hujus
1922 1224 2097 1276 steculi
2119 1224 2191 1276 ita
2213 1232 2389 1289 natat,
2416 1234 2500 1289 ut,
2530 1233 2769 1294 pereunte
2793 1223 3004 1288 mundo,
3029 1240 3201 1276 omnes
3232 1240 3357 1292 quos
3385 1226 3599 1294 suscipit

321 1324 485 1368 servet
513 1314 723 1367 illwsos.
776 1311 842 1366 In
870 1330 971 1381 qua
998 1314 1115 1366 navi
1144 1313 1492 1384 tranquillitas
1532 1322 1628 1377 est,
1671 1312 1755 1367 ubi
1800 1315 1939 1368 solus
1977 1314 2164 1368 Petrus
2205 1317 2411 1386 navigat
2442 1316 2539 1387 (a),
2578 1325 2681 1371 etc.
2737 1314 2829 1369 Cui
2861 1325 2995 1369 certe
3020 1314 3177 1368 Petro
3201 1314 3391 1367 tradita
3421 1324 3539 1368 sunt
3566 1332 3599 1367 α

320 1402 530 1457 Christo
576 1404 728 1457 totius
778 1400 1025 1456 Ecclesia:
1066 1401 1409 1473 gubernacula
1450 1402 1546 1473 (ὁ),
1592 1410 1697 1456 etc.
1740 1404 1914 1473 Atque
1973 1403 2024 1457 id
2069 1403 2380 1471 dignitatis,
2412 1406 2855 1472 auctoritatisque
2900 1405 2954 1458 in
2986 1402 3235 1474 pontifice
3275 1403 3517 1457 Romano
3544 1412 3601 1458 et

321 1510 577 1562 agnosse.
608 1502 663 1548 et
690 1493 993 1548 confessum
1021 1494 1185 1549 fuisse
1207 1493 1495 1548 Maximum
1517 1533 1534 1557 ,
1566 1509 1633 1548 ex
1661 1495 1795 1549 actis
1824 1495 2037 1550 concilii
2068 1495 2297 1548 Romani
2327 1496 2428 1550 sub
2456 1493 2639 1549 Hilaro
2669 1510 2806 1564 papa
2830 1509 2972 1547 anno
2998 1492 3102 1545 465
3126 1494 3381 1547 celebrati
3414 1495 3600 1561 liquet.

321 1586 461 1639 Nam
492 1601 615 1640 cum
645 1585 796 1641 lecta:
823 1584 1046 1639 fuissent
1072 1586 1288 1651 litteras,
1314 1586 1527 1641 Ascanii
1557 1587 1794 1657 episcopi
1825 1586 2260 1650 Tarraconensis,
2294 1585 2729 1653 reliquorumque
2758 1584 3050 1637 antistitum
3081 1582 3194 1651 ejus
3223 1584 3508 1651 provinciae
3536 1582 3601 1637 ad

322 1674 567 1728 IIilarum
609 1665 779 1744 ipsum
809 1672 1117 1745 pontificem
1147 1674 1198 1728 in
1230 1675 1369 1730 banc
1395 1677 1717 1730 sententiam
1746 1676 1992 1744 scriptas:
2041 1674 2261 1728 Etiamsi
2300 1672 2443 1727 nulla
2482 1682 2708 1726 exstaret
2747 1672 3022 1725 necessitas
3052 1672 3414 1725 ecclesiastica:
3451 1673 3603 1726 disci-

322 1768 505 1839 plima,
537 1768 877 1835 expetendum
900 1784 1075 1821 revera
1096 1765 1240 1821 nobis
1268 1770 1435 1837 fuerat
1456 1767 1586 1821 illud
1608 1768 1929 1838 privilegium
1957 1767 2094 1820 sedis
2115 1776 2325 1831 vestra,
2354 1782 2450 1837 quo
2473 1765 2719 1834 susceptis
2748 1764 2893 1835 regni
2923 1763 3178 1827 clavibus,
3217 1773 3331 1834 post
3372 1780 3601 1817 resurre-

322 1863 550 1915 stionem
573 1860 883 1924 Saluatoris,
915 1877 1005 1931 per
1034 1869 1194 1914 totum
1214 1858 1387 1914 orbem
1418 1859 1699 1913 beatissimi
1732 1860 1875 1913 Petri
1905 1860 2190 1930 singularis
2218 1857 2521 1928 praedicatio
2542 1858 2895 1910 universorum
2919 1856 3286 1910 illuminationi
3308 1858 3600 1927 prospexit;

322 1951 475 2021 cujus
506 1951 685 2003 vicarii
735 1965 1074 2005 rnmcrmrus
1124 1965 1271 2003 srcur
1324 1965 1550 2014 curaer,
1600 1965 1688 2002 ιτΑ
1725 1963 1956 2001 κετυεω

1968 1964 2043 2002 ιιιε
2071 1963 2168 2001 εετ
2199 1963 2265 2000 ΑΒ
2292 1961 2531 2008 OMNIBUS,
2566 1962 2634 1999 ετ
2664 1961 2934 2011 AMANDUS;
2965 1945 3181 2015 proinde
3219 1962 3313 1999 nos
3346 1944 3503 1997 Deum
3548 1948 3602 1999 in

323 2042 467 2095 vobis
504 2044 706 2112 penitus
748 2042 1058 2105 adorantes,
1091 2043 1171 2094 cui
1214 2043 1325 2095 sine
1366 2041 1570 2112 querela
1608 2042 1834 2105 servitis,
1865 2057 1931 2093 an
1962 2056 2121 2094 manu
2148 2054 2481 2093 accusamus
2517 2053 2839 2091 arosrouco
2884 2053 2984 2091 om:
3016 2052 3317 2095 LAUDATAM,
3353 2052 3471 2087 INDE
3502 2052 3601 2087 ni:-

323 2147 520 2187 SI‘ONSA
546 2148 901 2197 QU£RENTES,
936 2148 1071 2186 UNDE
1101 2148 1240 2186 NIHIL
1274 2148 1511 2193 ERIIORE,
1540 2147 1685 2195 ,Νιιιιι
1715 2146 2147 2192 ΡΒίΕδΠΜΡΊΊΟΝΕ,
2182 2144 2278 2183 εει)
2309 2143 2633 2181 PONTIFICALI
2666 2142 2881 2180 TANTUM
2912 2140 3331 2179 DELIBEIIATIONE
3363 2138 3601 2176 ΡΠᾹΞΕΙΙἸ·

326 2241 455 2279 'I'UR.
499 2224 628 2279 Cum
657 2226 766 2279 haec
787 2227 860 2278 ita
889 2243 942 2279 se
962 2224 1201 2288 habeant,
1233 2234 1308 2278 est
1336 2234 1502 2278 tamen
1530 2225 1665 2277 inter
1687 2239 1778 2277 nos
1803 2222 1965 2291 falsus
1988 2223 2170 2293 frater,
2212 2222 2355 2291 cujus
2381 2218 2858 2287 prtesumptionem,
2904 2217 3033 2269 sicut
3071 2215 3259 2268 diutius
3294 2224 3457 2266 tacere
3496 2229 3599 2266 non

324 2316 492 2381 licuit,
523 2318 598 2370 ita
622 2328 670 2371 et
696 2318 833 2386 loqui
861 2319 1022 2388 futuri
1042 2317 1230 2387 judicii
1253 2318 1530 2371 necessitas
1560 2317 1855 2385 imperavit.
1878 2354 1890 2366 .
1914 2354 1927 2367 .
1946 2354 1961 2368 .
2003 2313 2232 2366 Proinde
2261 2314 2380 2383 quia
2407 2313 2486 2365 his
2514 2308 2994 2382 prtesumptionibus
3014 2350 3029 2375 ,
3051 2325 3163 2380 quae
3190 2309 3439 2361 unitatem
3464 2307 3595 2359 divi-

324 2407 483 2459 dunt.
502 2448 515 2463 .
535 2448 549 2461 .
568 2447 580 2461 .
612 2409 849 2462 velociter
874 2406 1015 2461 debet
1036 2409 1254 2471 occurri,
1278 2423 1566 2479 qua’sumus
1588 2422 1759 2461 sensu
1789 2422 2031 2460 vesnum
2051 2444 2065 2468 ,
2097 2414 2153 2457 ut
2189 2421 2309 2468 omn
2347 2421 2413 2458 nr:
2446 2420 2544 2458 mc
2586 2420 2754 2456 mare
2782 2419 3084 2457 oascnvsnn
3113 2420 3338 2467 VELITIS,
3367 2418 3597 2457 APOS'I‘O-

326 2513 462 2552 LICIS
488 2516 779 2554 AFFA’I'IBUS
807 2515 1159 2562 INSTRUAIIUR,
1193 2507 1471 2569 quatenus.
1495 2536 1574 2552 ο...
1626 2513 1825 2552 VESTBA
1865 2512 2235 2551 AUCTORITATE
2279 2511 2483 2550 SUBNIXI
2504 2538 2517 2560 ,
2558 2511 2694 2558 QUOD
2728 2511 3004 2550 OPORTEAT
3044 2512 3182 2551 FIERI
3229 2511 3599 2561 INTELLIGERE,

326 2587 442 2643 Deo
464 2606 792 2651 ANUVAN’I'E,
826 2604 1087 2645 possmus.
1127 2589 1249 2643 Erit
1289 2592 1519 2661 profecto
1558 2598 1722 2644 vester
1770 2588 2091 2659 triumphus,
2134 2589 2178 2642 si
2230 2603 2601 2642 APOS'I‘OLATUS
2644 2604 2827 2641 VESTRI
2870 2604 3224 2653 TEHPORIBUS,
3254 2605 3389 2652 ouoo
3415 2604 3599 2644 SANCTI

325 2673 498 2730 PETRI
547 2693 833 2732 cunnum
885 2694 1133 2743 onrmcr,
1185 2693 1480 2733 cnuoucx
1529 2693 1723 2731 suum
1771 2677 2060 2741 Ecctcslx,
2109 2678 2155 2731 si
2183 2693 2421 2732 NOV'ELLA
2452 2695 2767 2733 zrzsmonuu
2798 2694 2986 2733 SEMINA
3016 2696 3241 2734 FUERINT
3274 2698 3594 2745 exnunarx.

322 2764 459 2819 Cum
489 2766 597 2829 Ine,
630 2769 865 2838 inquam,
892 2768 1086 2822 littera:
1110 2768 1249 2839 (qua:
1276 2774 1530 2835 quantum
1544 2766 1782 2837 poutilici
1806 2767 2049 2821 Romano
2079 2767 2353 2835 dignitatis
2383 2768 2822 2835 auctoritatisque
2854 2769 2996 2834 insit,
3028 2769 3417 2839 demonstrant)
3449 2770 3599 2825 lecta:

325 2855 559 2911 fuissent
590 2858 699 2928 (c);
729 2873 959 2926 cumque
988 2859 1227 2929 episcopi
1257 2859 1346 2927 qui
1377 2858 1598 2913 aderant
1628 2874 1815 2913 omnes
1844 2858 1911 2911 ad
1940 2874 2103 2912 unum
2143 2859 2465 2912 clamassent
2502 2877 2513 2911 :
2546 2875 2827 2915 ORDINATIO
2858 2876 3179 2915 APOSTOIJCA
3208 2878 3447 2916 unus“
3479 2878 3601 2916 seu-

322 2963 539 3015 vernn;
568 2959 682 3004 tum
714 2949 975 3005 Maximus
1005 2950 1287 3019 episcopus
1316 2949 1566 3005 Ecclesia:
1596 2948 1895 3004 Taurinatis
1922 2949 2053 3003 dixit
2083 2969 2093 3002 :
2124 2949 2188 3002 In
2210 2950 2555 3003 custodiendis
2578 2949 2809 3003 omnibus
2833 2966 2946 3020 qua:
2965 2950 3034 3002 ad
3053 2966 3229 3004 sacras
3255 2951 3603 3003 ordinationes

323 3042 587 3111 pertinent
611 3042 916 3111 disciplinis,
941 3040 1119 3094 melius
1150 3044 1413 3094 sententia:
1437 3058 1562 3094 metu
1578 3042 1896 3111 professione
1936 3040 2198 3111 denuntio,
2249 3041 2378 3094 nihil
2408 3059 2439 3094 α
2479 3058 2558 3094 me
2587 3058 2809 3112 unquam
2836 3059 3009 3096 eorum
3048 3059 3162 3112 qua:
3193 3042 3446 3112 prohibita
3484 3052 3603 3097 sunt

324 3146 446 3183 esse
466 3130 781 3200 faciendum.
822 3128 899 3182 De
924 3129 1132 3199 reliquis
1160 3145 1359 3192 censeo,
1382 3136 1437 3181 ut
1464 3131 1693 3198 quisquis
1718 3128 1843 3181 talia
1867 3131 2062 3199 fecerit,
2090 3140 2179 3182 aut
2212 3130 2409 3183 detecta
2442 3132 2497 3184 in
2522 3129 2770 3185 Ecclesiis
2794 3149 3026 3185 resecare
3053 3132 3292 3197 noluerit,
3315 3150 3369 3186 se
3402 3150 3604 3189 GRAVES

323 3238 524 3279 CAUSAS
555 3238 608 3275 IN
636 3236 972 3276 APOSTOLICE
1003 3236 1150 3275 SEDIS
1178 3236 1375 3274 JUDICIO
1406 3236 1777 3285 REDDITURUM,
1809 3237 1859 3274 IN
1894 3236 1995 3283 QUO
2025 3238 2128 3274 ILLI
2172 3237 2398 3276 NECESSE
2432 3239 2553 3276 ERI'I'
2585 3239 2768 3276 SUBIRE
2799 3240 3151 3278 SENTENTIAM.
3193 3223 3434 3294 Cumque
3465 3226 3604 3280 idem

325 3315 572 3385 episcopi
605 3312 1022 3375 Ebredunensis,
1056 3313 1470 3381 Aquavivensis,
1499 3304 1804 3377 Atellanus,
1837 3312 2083 3382 Salpinas
2125 3314 2568 3380 confirmassent;
2602 3316 2832 3384 indeque
2862 3318 3083 3371 antistes
3112 3318 3422 3375 Sabineusis
3446 3322 3603 3378 Tibe-

326 3407 441 3463 rius
466 3407 826 3474 sumpsisset:
863 3404 1137 3475 Proﬁteor.
1167 3421 1247 3457 me
1286 3412 1481 3456 statuta
1523 3403 1658 3456 sedis
1711 3404 2007 3472 apostolica:
2046 3406 2099 3457 in
2145 3404 2377 3458 omnibus
2428 3406 2713 3471 custodire;
2762 3414 2887 3469 tum,
2903 3408 2969 3460 ab
3002 3424 3269 3465 umvunsxs
3319 3428 3600 3480 EPISCOPIS,

328 3498 576 3566 adeoque
607 3496 792 3568 [cxvu]
825 3513 855 3550 a
887 3496 1118 3550 Maximo
1146 3496 1308 3550 etiam
1338 3496 1539 3549 dictum
1570 3504 1650 3549 est
1678 3513 1689 3547 :
1725 3495 2016 3550 Sententius
2041 3498 2259 3567 fratrum
2288 3512 2461 3550 omnes
2481 3498 2756 3571 sequimur.
2779 3537 2791 3549 .
2810 3537 2822 3550 .
2845 3538 2857 3551 .
2889 3497 3117 3563 Exaudi,
3151 3501 3368 3556 Christe.
3414 3503 3602 3561 Hilaro

330 3591 438 3642 vita
456 3629 470 3641 .
490 3629 503 3642 .
523 3628 540 3642 .
563 3629 578 3642 .
621 3586 750 3652 Qua:
776 3588 912 3641 male
932 3588 1159 3641 admissa
1186 3595 1323 3652 sunt,
1352 3603 1441 3657 per
1472 3596 1519 3639 te
1546 3588 1887 3657 corrigantur.
1921 3584 2057 3652 Quin
2088 3588 2246 3640 etiam
2278 3601 2397 3640 cum
2422 3587 2587 3639 altera
2611 3585 2835 3654 epistola
2857 3586 3166 3641 eorumdem
3190 3589 3603 3647 Tarraconensis

329 3682 627 3751 provincia:
656 3682 1033 3751 episcoporum
1063 3680 1284 3733 recitata
1316 3678 1528 3743 fuisset,
1567 3694 1671 3748 qua
1703 3680 1986 3745 petebatur
2022 3694 2050 3731 a
2090 3678 2423 3742 beatissimo,
2466 3687 2521 3731 et
2558 3677 2848 3747 apostolica
2880 3678 3179 3732 reverentia
3211 3679 3262 3731 in
3292 3676 3504 3734 Christo
3534 3685 3602 3737 ab

330 3773 462 3841 ipsis
489 3772 759 3841 episcopis
789 3770 1013 3826 colendo
1049 3766 1209 3823 Patre
1245 3766 1449 3830 IIilaro,
1502 3775 1560 3821 ut
1603 3774 1858 3821 statutum
1890 3767 2079 3838 synodi
2109 3767 2525 3821 Tarraconensis
2555 3781 2649 3821 sua
2679 3767 2998 3821 auctoritate
3030 3766 3107 3837 (d)
3133 3769 3389 3823 rohorare
3417 3769 3603 3840 digna-

328 3874 513 3928 retur,
547 3865 616 3918 ab
646 3865 914 3919 universis
932 3864 1215 3934 episcopis,
1248 3860 1576 3931 proindeque
1606 3860 1767 3913 etiam
1796 3874 1826 3911 a
1855 3857 2086 3912 Maximo
2110 3858 2458 3912 acclamatum
2483 3866 2563 3911 est
2590 3875 2601 3909 :
2635 3856 2864 3922 Exaudi,
2897 3857 3111 3913 Christe.
3157 3860 3344 3917 Ililaro
3366 3865 3563 3919 vita...
3586 3907 3598 3919 .

328 3971 425 4026 per
452 3952 732 4007 Dominum
774 3952 989 4006 Petrum
1030 3968 1302 4023 rogamus,
1345 3960 1401 4003 ut
1434 3952 1488 4003 in
1523 3958 1821 4020 perpetuum
1860 3960 2138 4001 serventur.
2162 3988 2175 4000 .
2200 3988 2212 4001 .
2235 3986 2247 4001 .
2282 3946 2411 4002 Haec
2431 3958 2764 4002 utserventur
2785 3967 3043 4021 rogamus.
3086 3948 3366 4009 Postremo
3395 3971 3515 4010 cum
3549 3957 3600 4011 in

326 4046 541 4117 synodo
567 4044 779 4101 Hilarus
806 4044 1046 4115 pontifex
1075 4044 1298 4098 dixisset
1328 4042 1457 4096 nulli
1486 4041 1565 4095 fas
1586 4056 1705 4095 esse
1735 4041 1849 4094 sine
1878 4048 2048 4094 status
2078 4040 2158 4094 sui
2190 4040 2427 4108 periculo
2457 4039 2539 4093 vel
2567 4038 2772 4093 divinas
2801 4042 3230 4108 constitutiones,
3274 4044 3602 4115 vel-aposto-

328 4136 447 4192 litze
476 4138 621 4192 sedis
657 4137 873 4193 decreta
913 4144 1209 4199 temerare;
1240 4133 1365 4203 quia
1395 4148 1522 4197 nos,
1568 4148 1653 4193 om
1685 4146 1938 4185 Porissnu
1967 4145 2285 4185 SACERDO’I‘IS
2323 4129 2753 4183 administramus
2783 4130 2979 4195 cilicia,
3013 4133 3195 4187 talium
3225 4138 3605 4202 transgressio-

328 4242 459 4283 num
491 4230 648 4300 culpa
680 4228 962 4299 respiciet,
1002 4227 1049 4281 si
1078 4227 1130 4279 in
1161 4227 1337 4281 causis
1380 4224 1477 4279 Dei
1514 4224 1723 4279 desides
1754 4224 2006 4279 fuerimus
2048 4224 2281 4286 inventi,
2304 4262 2346 4276 ..
2370 4262 2382 4275 .
2402 4262 2414 4275 .
2449 4222 2515 4275 ab
2538 4222 2801 4277 universis
2829 4225 3096 4294 episcopis
3116 4266 3131 4290 ,
3165 4242 3228 4281 ac
3257 4237 3539 4297 propterea
3571 4244 3599 4281 a

327 4321 569 4376 Maximo
600 4335 845 4390 quoque,
879 4319 1230 4375 acclamatum
1280 4324 1388 4371 est.
1414 4356 1426 4369 .
1446 4355 1459 4369 .
1482 4356 1495 4369 .
1542 4315 1671 4370 Hac
1701 4330 1957 4371 nocnuus.
2008 4314 2139 4369 Haec
2171 4330 2412 4369 rear:qu
2442 4329 2593 4367 sum.
2646 4313 2775 4368 Haec
2807 4330 3077 4369 senvxnm
3107 4332 3258 4371 sum.
3311 4318 3597 4372 Docrnmm

327 4430 554 4469 vzsrme
584 4429 811 4469 canus
840 4430 1052 4480 AGINUS,
1084 4422 1187 4469 etc.
1230 4413 1308 4467 Ex
1338 4415 1422 4468 his
1445 4414 1574 4469 satis
1603 4413 1882 4483 perspicue
1902 4412 2127 4481 quisque
2155 4418 2475 4479 cognoscet,
2505 4426 2663 4479 quam
2694 4411 3002 4479 magnifice,
3035 4426 3303 4481 quamque
3332 4412 3397 4467 ad
3426 4415 3601 4483 majo-

328 4527 472 4576 rum,
505 4510 1014 4580 Scripturarumque
1055 4512 1356 4567 doctrinam
1401 4521 1525 4581 apte
1554 4510 2062 4579 accommodateque
2095 4509 2356 4563 Maximus
2396 4509 2463 4564 de
2490 4510 2797 4578 prmstantia
2822 4508 3096 4577 dignitatis
3113 4548 3139 4573 ,,
3161 4507 3599 4574 auctoritatisque

331 4598 565 4653 Ronrani
597 4597 863 4666 pontiﬁcis
891 4601 1137 4655 senserit.
1180 4600 1257 4655 Ac
1279 4600 1346 4655 de
1374 4599 1612 4655 Ecclesia
1642 4600 1874 4669 quidem,
1907 4599 2079 4668 deque
2107 4600 2357 4654 Ecclesia:
2385 4602 2560 4671 capite
2588 4599 2770 4669 Petro,
2801 4601 2974 4672 deque
3004 4601 3147 4657 Petri
3175 4599 3594 4662 successoribus,

328 4690 425 4761 qui
458 4690 711 4744 Ecclesiae
739 4691 904 4759 ipsius
932 4691 1288 4759 gubernacula
1317 4698 1521 4755 tenent,
1552 4691 1826 4745 hactenus.

416 4781 653 4836 XXXIII.
695 4781 771 4837 De
800 4783 1153 4837 conventibus
1190 4782 1352 4837 modo
1393 4781 1817 4837 Christianorum
1848 4782 1900 4835 in
1928 4782 2130 4838 sedibus
2171 4784 2355 4848 sacris,
2389 4784 2562 4853 deque
2603 4786 2974 4840 communibus
3020 4783 3285 4853 precibus,
3336 4782 3595 4837 breviter.

329 4873 557 4944 Templa
602 4874 866 4930 Maximus
914 4873 1513 4946 Ecclesimreceptacula
1543 4882 1715 4929 vocat.
1748 4874 1975 4929 Homilia
2004 4874 2093 4939 94,
2142 4889 2261 4943 qute
2286 4883 2368 4931 est
2396 4876 2458 4930 de
2506 4876 2853 4946 Reparatione
2898 4875 3123 4929 basilica
3161 4872 3592 4939 Mediolanensis,

328 4978 454 5034 pag.
488 4962 593 5015 5l6
625 4982 638 5016 :
664 4962 775 5017 Nec
794 4964 1061 5017 ecclesiam
1086 4981 1252 5029 suam,
1285 4964 1474 5033 inquit,
1505 4981 1618 5036 qua:
1632 4980 1745 5017 vere
1764 4974 1839 5017 est
1865 4963 2123 5030 Ecclesia,
2152 4968 2383 5019 consumi
2403 4965 2543 5019 Deus
2565 4966 2719 5036 jussit
2740 4965 2996 5026 incendio,
3021 4963 3112 5017 sed
3137 4981 3228 5034 pro
3266 4973 3452 5019 nostra
3481 4981 3598 5018 cor-

330 5056 565 5124 reptione
593 5066 971 5106 accuprxcuu
992 5050 1266 5106 Ecccssuz
1295 5054 1527 5122 permisit
1549 5054 1715 5106 exuri.
1751 5051 1814 5105 In
1848 5052 2049 5122 populis
2071 5069 2289 5125 namque
2313 5056 2582 5119 civitatem,
2625 5065 2673 5107 et
2694 5071 2743 5107 IN
2766 5069 2929 5107 PLEBE
2956 5052 3275 5120 Eccuzsun,
3307 5054 3477 5109 nullus
3506 5070 3598 5108 sa-

327 5145 484 5215 piens
527 5158 587 5194 ac
615 5141 789 5210 ﬁdelis
835 5142 1062 5211 ignorat.
1096 5138 1319 5210 Propter
1347 5143 1501 5213 quod,
1534 5144 1811 5208 carissimi,
1841 5159 1943 5196 non
1976 5143 2135 5214 tigna,
2184 5153 2233 5197 et
2280 5145 2474 5207 trabes,
2498 5145 2589 5199 sed
2616 5161 2701 5198 vos
2741 5143 2847 5197 Deo
2878 5155 3052 5199 nostra
3082 5147 3243 5201 vivam
3268 5147 3595 5218 prasentatis

331 5239 715 5293 Ecclesium...
738 5235 865 5292 Non
896 5254 1017 5308 ergo
1043 5253 1178 5290 nunc
1203 5238 1416 5293 ecclesia
1445 5248 1686 5309 reparata
1713 5248 1807 5302 est,
1831 5256 1965 5310 quur,
1988 5239 2097 5294 Deo
2126 5250 2440 5313 protegente,
2463 5257 2572 5312 non
2600 5240 2784 5311 periit;
2832 5237 2922 5292 sed
2960 5241 3179 5310 parietes
3223 5248 3273 5294 et
3301 5248 3433 5293 tecta
3462 5238 3595 5303 haec,

400 5414 485 5484 (ᾳ)
732 5409 820 5484 θέρ,
854 5426 976 5482 pag.
1008 5410 1248 5484 (ὕβρι-δρα.
2024 5412 2514 5484 Τιιιίιειοοηθηείὺιιετ,Δ
2536 5418 2672 5484 est;
2694 5408 3010 5481 Suppliciter
3038 5427 3307 5484 precamur
3334 5409 3599 5484 apostola-

426 5479 482 5552 b)
526 5479 723 5552 IIomil.
758 5479 998 5552 70,'pag.
1031 5480 1167 5552 225ἶ
1215 5479 1230 5481 ⁷
1303 5551 1328 5552 η
1511 5550 1540 5552 -ν
2023 5491 2126 5537 tum
2149 5492 2387 5548 vestrum,
2414 5492 2469 5535 ut
2494 5479 3014 5537 humilitatis'nostrw
3038 5479 3328 5544 decretum,
3356 5479 3493 5552 quod
3509 5480 3600 5549 ju-

426 5488 457 5532 b
526 5488 723 5536 ﬂomil.
759 5488 844 5544 7U,
876 5497 998 5552 pag.
1031 5488 1157 5536 2‘25.
2023 5491 2126 5537 tum
2149 5492 2387 5548 vestrum,
2414 5492 2469 5535 ut
2494 5488 2802 5535 humilitatis
2822 5492 3014 5537 nostra:
3052 5488 3328 5544 decretum,
3356 5488 3491 5552 quod
3509 5488 3598 5549 ju-

401 5488 482 5623 icl
522 5550 651 5621 Syn.
676 5550 841 5623 Itoni.
880 5561 1013 5606 tom.
1053 5551 1095 5605 ll
1130 5551 1417 5607 Concilior.
1462 5550 1588 5606 edit.
1623 5552 1788 5609 Paris.
1822 5570 1910 5609 an.
2020 5565 2097 5607 ste
2126 5572 2157 5606 α
2200 5553 2345 5607 nobis
2374 5552 2573 5607 videtur
2603 5553 2815 5623 factum,
2850 5568 3051 5609 vcsrna
3082 5564 3451 5607 AUCTOIII‘I'ATE
3481 5564 3598 5602 rm.

327 5619 501 5686 HM,
528 5619 655 5746 pag.
686 5619 808 5674 802.
2024 5638 2198 5677 IIl-ZTIS.

402 5692 489 5758 id)
554 5690 686 5757 bid.,
726 5703 849 5760 pag.
901 5689 1022 5757 801,
1055 5690 1292 5746 additum
1339 5692 1404 5748 ab
1432 5691 1698 5762 episcopis
1728 5690 1912 5748 iisdem
