4138 6186
496 278 604 341 1ὲὸ
1944 281 2093 340 PM

2189 282 2326 339 .TIO.
3667 282 3698 334 f
3710 282 3724 334 i
3735 282 3773 336 6

496 396 557 453 in
583 412 721 467 quat,
748 411 856 465 vos,
882 398 969 471 qui
996 395 1094 452 Dei
1116 397 1241 451 estis
1280 393 1535 459 Ecclesia,
1577 396 1862 465 recepistis.
1900 393 2003 449 Vos
2032 397 2171 450 enim
2196 396 2340 459 estis,
2380 404 2438 449 ut
2480 396 2555 450 ait
2577 395 2872 466 Apostolus,
2906 398 3148 470 templum
3178 397 3283 454 Dei
3305 398 3471 454 viri...
3507 398 3562 454 Ν
3565 421 3773 459 οηιιιιιι-

499 506 656 562 quam
681 507 776 561 pro
816 500 1009 545 terrore
1028 497 1229 554 nostra,
1269 488 1542 543 clementer
1578 487 1726 543 nobis
1769 486 2080 561 indignante
2110 485 2243 554 Deo,
2275 497 2327 540 et
2352 487 2477 542 cmlo
2508 487 2787 541 tremendis
2816 488 3018 542 vocibus
3056 491 3415 544 intonante....
3447 490 3585 545 cdes
3608 507 3777 544 sach

497 581 606 634 ictu
631 581 905 653 fulminum
937 582 1258 654 jaculantttr,
1306 589 1413 637 etc.
1445 579 1738 653 Propterea
1764 596 1895 637 vero
1940 582 2141 652 templa
2190 581 2516 651 receptacula
2555 577 2806 636 Ecclesia:
2852 591 3031 645 vocat,
3063 581 3209 651 quod
3264 581 3318 636 in
3370 596 3436 636 ea
3480 583 3779 637 convenire.

500 666 711 739 ﬁdeles,
737 673 828 742 qui
849 672 1143 729 Ecclesiam
1167 673 1516 739 constituunt,
1549 672 1814 742 simulque
1837 688 1944 727 una
1977 673 2237 728 stationes
2257 672 2477 737 habere,
2522 687 2703 740 orare,
2734 673 2816 728 rei
2840 672 3034 730 divina:
3065 674 3279 740 adesse,
3304 674 3637 744 verbumque
3673 672 3774 728 Dei

498 763 706 832 audire,
734 765 880 821 soliti
924 768 1033 823 sint
1059 775 1116 823 et
1141 781 1275 823 sane
1300 766 1550 822 debeant.
1579 765 1717 822 llinc
1744 776 1962 823 sanctus
1983 766 2177 823 doctor
2212 782 2337 822 suas
2363 782 2492 822 oves
2519 767 2780 837 increpat,
2812 766 2974 835 quod,
3005 781 3064 821 se
3091 766 3331 833 absente,
3363 780 3501 820 rarae
3527 765 3581 819 in
3600 764 3779 819 tndem

499 869 711 912 sacram
763 873 860 914 seu
888 858 1114 914 divinam
1134 858 1342 914 domum
1368 859 1738 915 convenirent.
1773 858 2006 914 Humilia
2037 858 2158 926 112,
2185 872 2309 930 pag.
2356 858 2461 913 575
2485 876 2498 912 :
2525 858 2783 930 Comperi,
2813 861 3022 931 fratres,
3053 859 3245 927 inquit,
3276 858 3413 930 quod
3456 874 3550 928 per
3586 857 3776 911 abson-

500 949 629 1003 tiam
655 965 826 1004 meam
844 951 922 1005 ita
944 952 1054 1004 rari
1083 952 1266 1024 quique
1286 948 1488 1022 [cum]
1518 949 1588 1003 ad
1614 950 1883 1004 ecclesiam
1924 950 2157 1013 veniatis,
2179 950 2256 1003 ita
2294 949 2446 1018 pauci
2485 948 2764 1003 admodum
2791 947 3103 1020 procedatis,
3126 948 3273 1019 quasi
3294 964 3375 1001 me
3393 948 3773 1018 proﬁciscente,

498 1055 698 1095 mecum
724 1042 919 1112 pariter
942 1044 1210 1108 veneritis;
1239 1052 1288 1096 et
1330 1043 1474 1115 quasi
1502 1058 1619 1097 cum
1648 1041 2038 1096 necessitatibus
2061 1058 2157 1112 ego
2184 1040 2474 1110 pertrahor,
2506 1058 2595 1096 vos
2622 1057 2824 1095 mecum
2862 1042 3080 1095 traxerit
3112 1042 3229 1110 ipsa
3274 1042 3622 1096 necessitas...
3653 1039 3774 1096 Ne-

497 1139 642 1193 scitis
670 1140 793 1205 quia
818 1141 912 1195 etsi
940 1157 1035 1212 ego
1076 1139 1141 1195 ab
1177 1140 1394 1195 ecclesia
1421 1139 1617 1205 desum,
1640 1136 1874 1192 Christus
1907 1135 1976 1189 ab
2011 1135 2252 1189 Ecclesia
2292 1151 2411 1199 sua,
2460 1152 2576 1205 qua
2601 1144 2679 1189 est
2704 1133 2905 1205 ubique,
2936 1150 3040 1189 non
3068 1134 3248 1187 deest?
3283 1132 3462 1197 Venis,
3495 1136 3678 1205 frater,
3702 1136 3779 1190 ad

496 1228 795 1295 ecclesiam,
825 1246 928 1286 non
957 1231 1161 1286 invenis
1194 1230 1264 1284 ibi
1287 1229 1644 1300 episcoporum
1670 1228 1965 1299 episcopum
2006 1225 2314 1299 salvatorem
2334 1226 2360 1279 .7
2388 1222 2527 1280 Nam
2553 1225 2898 1291 Christianus,
2929 1225 3017 1295 qui
3044 1234 3163 1278 tunc
3207 1234 3407 1279 tantum
3430 1226 3662 1296 procedit
3702 1228 3778 1281 ad

495 1318 788 1384 ecclesiam,
827 1320 1034 1393 quando
1062 1322 1333 1390 episcopus
1369 1334 1600 1390 praesens
1627 1327 1725 1382 est,
1754 1333 1857 1371 non
1890 1325 1995 1369 tam
2025 1314 2121 1369 Dei
2151 1332 2308 1369 causa
2335 1315 2535 1370 videtur
2560 1317 2893 1387 processisse,
2921 1331 3077 1387 quam
3115 1315 3369 1381 hominis;
3417 1333 3510 1370 nec
3535 1319 3779 1375 implesse

499 1410 786 1466 Christiani
807 1411 976 1467 Deum
998 1412 1221 1466 timentis
1241 1411 1481 1481 ofﬁcium,
1505 1408 1597 1463 sed
1624 1409 1779 1462 amici
1810 1406 2087 1479 deferentis
2114 1404 2427 1477 obsequium.

572 1500 746 1568 Atque
774 1509 892 1555 erat
923 1499 1141 1569 quidem
1188 1514 1331 1554 cura:
1357 1496 1672 1567 cumprimis
1698 1496 1954 1559 Maximo,
2001 1502 2063 1550 ut
2106 1509 2336 1566 synaxes
2382 1509 2574 1565 magna
2605 1496 2790 1567 populi
2834 1497 3137 1566 trequcntia
3184 1495 3616 1563 celebrarentur;
3645 1513 3776 1567 pro-

498 1597 688 1659 pterca
715 1589 885 1659 quod,
913 1599 970 1643 ut
996 1598 1251 1645 constans
1278 1587 1382 1643 fert
1407 1587 1650 1643 doctrina
1692 1585 1955 1655 majorum
1989 1584 2094 1656 (a),
2120 1584 2409 1654 plurimum
2446 1583 2725 1642 conferant
2769 1601 3084 1641 communes
3112 1599 3323 1656 preces,
3354 1593 3414 1639 ut
3441 1585 3493 1640 id
3522 1587 3773 1657 quisque,

495 1681 642 1748 quod
669 1690 818 1737 recte
837 1681 1061 1752 expetit,
1097 1688 1477 1749 consequatur.
1513 1679 1687 1747 Atque
1717 1679 1806 1733 ille
1824 1677 2012 1733 homil.
2045 1676 2098 1741 1,
2122 1687 2246 1746 pag.
2277 1672 2352 1730 6:
2384 1675 2550 1741 Quale
2566 1685 2665 1743 est,
2696 1676 2889 1746 inquit,
2920 1678 3158 1731 meritum
3207 1675 3495 1747 largientis,
3543 1685 3599 1729 ut
3626 1676 3777 1731 solus

495 1773 611 1844 quis
632 1780 870 1843 operetur
895 1773 949 1826 in
974 1770 1145 1835 domo,
1176 1777 1225 1824 et
1249 1787 1342 1841 per
1376 1770 1565 1823 multos
1593 1770 1645 1822 in
1670 1767 1909 1822 Ecclesia
1937 1766 2192 1824 Dominus
2214 1769 2507 1840 deprecetur
2536 1783 2552 1819 :
2575 1775 2624 1820 et
2650 1765 2786 1838 quod
2809 1765 2898 1820 ille
2924 1766 3171 1837 fortassis
3190 1773 3361 1835 petere
3388 1764 3452 1819 de
3490 1765 3775 1822 Divinitate

496 1878 599 1915 non
628 1861 837 1926 audeat,
886 1860 1111 1931 plurium
1136 1860 1578 1931 interpellantium
1603 1859 1942 1923 orationibus,
1992 1862 2148 1915 etiam
2174 1860 2311 1933 quod
2340 1876 2441 1913 non
2484 1857 2746 1929 sperabat,
2770 1858 3011 1930 accipiat.
3043 1855 3193 1921 Quod
3221 1856 3291 1910 ad
3334 1857 3650 1928 adjutorium
3676 1876 3773 1913 no-

494 1962 660 2006 strum
681 1969 1087 2008 commemorans
1115 1952 1290 2007 beatus
1331 1952 1627 2024 Apostolus,
1653 1953 1728 2007 ait
1757 1969 1774 2006 :
1802 1952 1869 2007 Ut
1896 1970 1988 2022 per
2013 1953 2202 2009 multos
2229 1956 2518 2024 gratiarum
2560 1954 2695 2007 actio
2724 1954 2983 2024 referatur
3008 1968 3103 2007 vro
3144 1950 3311 2006 nobis.
3345 1950 3417 2005 Et
3442 1953 3629 2005 iterum
3651 1969 3669 2006 :
3704 1952 3782 2008 Us

493 2043 592 2112 fiat
617 2040 809 2096 oblatio
838 2051 1017 2096 nostra
1043 2051 1276 2111 accepta,
1316 2042 1647 2112 sanctiﬁcata
1669 2043 1724 2096 in
1746 2042 1949 2112 Spiritu
1978 2054 2179 2098 sancto.

564 2130 869 2186 Stationum
897 2130 1147 2186 meminit
1174 2130 1435 2186 Maximus
1461 2132 1649 2187 homil.
1676 2131 1768 2197 40,
1795 2144 1917 2202 pag.
1952 2132 2074 2186 117.
2105 2133 2276 2188 Erant
2319 2142 2499 2189 autem
2528 2137 2793 2191 stationes
2820 2141 3016 2198 ccetus,
3036 2135 3129 2203 qui
3160 2133 3349 2189 haberi
3378 2143 3775 2191 consueverant

488 2218 818 2289 ieiuniorum
847 2220 1178 2290 temporibus
1210 2219 1307 2292 (ὁ).
1348 2219 1525 2292 Atque
1553 2222 1796 2275 stationis
1822 2222 2087 2277 vocabulo
2116 2231 2313 2279 aetum
2353 2238 2449 2278 seu
2476 2225 2951 2294 congregationem
3002 2224 3241 2280 ﬁdelium
3299 2223 3503 2279 Christi
3548 2225 3780 2282 indicari

489 2316 625 2371 satis
650 2315 915 2384 explicate
941 2323 1220 2370 ostensum
1244 2330 1274 2368 a
1305 2315 1506 2370 sanctis
1530 2312 1784 2369 Cornelio
1811 2322 1869 2369 et
1907 2314 2179 2387 Cypriano
2209 2316 2499 2387 episcopis,
2549 2317 2846 2386 iisdemque
2893 2317 3219 2388 martyribus
3239 2324 3353 2382 est;
3386 2332 3416 2371 a
3447 2317 3628 2387 priore
3650 2319 3776 2387 qui-

489 2403 616 2460 dem
644 2402 871 2473 epistola
899 2418 1020 2472 qua:
1066 2403 1208 2456 inter
1252 2401 1599 2473 Cyprianicas
1643 2409 1727 2456 est
1754 2418 1902 2456 num.
1929 2402 2017 2469 49,
2050 2418 2171 2473 pag.
2214 2402 2285 2458 95
2312 2403 2441 2460 edit.
2465 2402 2640 2459 Oxon.
2674 2420 2762 2458 an.
2791 2402 2947 2470 1682,
2981 2405 3051 2459 ab
3088 2404 3260 2459 altero
3282 2413 3462 2461 autem
3494 2407 3649 2477 epist.
3681 2405 3774 2477 44,

488 2508 615 2568 pag.
644 2493 715 2548 85
735 2495 829 2568 (e).
862 2494 989 2561 Sed,
1013 2493 1268 2564 quoniam
1291 2509 1409 2549 esse
1432 2494 1485 2549 in
1514 2495 1748 2549 statione
1774 2494 1923 2549 soliti
1941 2505 2100 2549 erant
2118 2495 2433 2560 Christiani,
2467 2514 2587 2553 cum
2613 2498 2942 2567 jejunarent,
2974 2498 3171 2552 factum
3210 2495 3338 2552 hinc
3359 2504 3465 2561 est,
3487 2507 3547 2551 ut
3569 2497 3775 2567 jejunia

491 2601 526 2640 ι
550 2584 869 2655 quibusdam
896 2584 1159 2639 stationes
1186 2582 1607 2653 appellarentur.
1639 2581 1817 2649 Quare
1842 2588 2035 2638 auctor
2070 2591 2228 2638 vetus
2262 2585 2381 2640 libri
2406 2587 2497 2654 qui
2528 2587 2837 2641 inscribitur
2873 2585 3088 2653 Pastor,
3138 2586 3232 2641 lib.
3286 2602 3372 2649 Ill,
3404 2586 3683 2641 similitud.
3718 2586 3774 2653 5,

490 2691 615 2750 pag.
646 2674 772 2742 25f,
799 2683 935 2731 tom.
979 2672 1002 2729 l
1045 2673 1268 2729 Patrum
1313 2673 1646 2745 apostolicor.
1680 2672 1809 2727 edit.
1842 2670 2074 2727 Londin.
2113 2688 2203 2726 an.
2235 2672 2398 2740 1746,
2424 2688 2672 2743 quaerens
2711 2673 2839 2744 quid
2867 2677 3024 2730 statio
3053 2676 3141 2740 sit,
3164 2674 3456 2745 respondet
3492 2690 3612 2730 esse
3630 2675 3773 2746 jeju-

491 2768 656 2822 nium.
681 2766 854 2834 Quam
880 2766 1093 2822 dicendi
1124 2767 1391 2821 rationem
1420 2780 1540 2820 cum
1589 2764 1679 2818 alii
1725 2765 1895 2818 secuti
1925 2763 2052 2829 sint,
2096 2771 2208 2818 tum
2239 2764 2502 2821 Maximus
2524 2767 2687 2821 etiam
2714 2767 2987 2837 probavit.
3030 2767 3165 2821 Nam
3197 2766 3316 2822 loco
3346 2766 3596 2836 proxime
3626 2767 3772 2821 indi-

491 2868 617 2915 cato
651 2878 663 2912 :
689 2856 861 2932 [exn]
893 2858 1242 2923 lntellexisse,
1279 2859 1471 2927 inquit,
1503 2874 1592 2912 vos
1619 2855 1793 2922 credo,
1813 2872 1929 2911 cum
1977 2855 2086 2911 hara
2110 2868 2292 2912 nostra
2309 2859 2515 2932 jejunio
2540 2859 2646 2913 illis
2672 2861 3029 2914 mansionibus
3052 2860 3478 2930 comparaverint,
3508 2860 3563 2913 in
3592 2859 3777 2932 quibus

489 2949 711 3021 populus
736 2948 909 3003 Israel
934 2959 1179 3021 tanquam
1208 2949 1261 3001 in
1302 2953 1567 3018 procinctu
1594 2945 1816 3017 quodam
1851 2949 2066 3018 positus,
2097 2946 2432 3006 Pharaonem
2470 2968 2641 3024 regem
2661 2952 2962 3025 quotidiana
2990 2952 3166 3008 labore
3191 2955 3468 3025 superavit,
3496 2962 3549 3008 et
3574 2952 3639 3007 ab
3667 2953 3772 3007 ini-

490 3041 640 3095 micis
683 3040 809 3104 suis,
834 3041 981 3111 quasi
1009 3038 1313 3111 quibusdam
1341 3039 1527 3092 castris
1571 3038 1899 3092 mansionum
1928 3055 2040 3093 sese
2064 3041 2291 3096 statione
2327 3041 2646 3114 defenderit;
2689 3044 2766 3097 ita
2795 3052 2853 3095 ut
2879 3043 3164 3116 quicunque
3190 3061 3257 3098 ea:
3297 3045 3390 3098 illo
3416 3043 3771 3100 comitantium

488 3150 704 3188 numero
732 3132 936 3187 diurnis
959 3132 1203 3187 stationis
1224 3132 1397 3202 spatia
1425 3147 1528 3185 non
1560 3131 1801 3201 confecit,
1833 3141 1922 3185 aut
1946 3130 2160 3187 Pharao
2186 3134 2335 3188 illum
2362 3136 2709 3207 occupaverit,
2738 3144 2828 3189 aut
2853 3135 3076 3190 solitudo
3111 3138 3414 3208 pervaserit.
3459 3135 3550 3191 Sic
3577 3152 3699 3206 ergo
3718 3143 3768 3188 et

490 3235 588 3273 nos
614 3222 937 3292 propositum
958 3219 1106 3276 nobis
1133 3219 1480 3291 quadraginta
1510 3219 1708 3273 dierum
1751 3219 1851 3274 iter
1877 3221 2122 3279 debemus
2165 3225 2305 3279 omni
2334 3225 2509 3280 labore
2546 3227 2816 3296 conﬁcere,
2862 3234 2913 3280 et
2939 3226 3246 3297 quibusdam
3266 3229 3418 3300 quasi
3463 3230 3649 3283 castris
3674 3242 3772 3283 nos

479 3311 805 3383 jejuniorum
830 3313 1099 3368 devotione
1116 3314 1338 3367 munire.
1371 3310 1557 3367 Castra
1585 3314 1722 3368 enim
1759 3316 1907 3369 nobis
1938 3325 2059 3370 sunt
2103 3326 2283 3373 nostra
2303 3319 2529 3390 jejunia,
2553 3335 2667 3390 qua:
2694 3336 2788 3374 nos
2817 3335 2850 3372 a
2880 3319 3139 3376 diabolica
3176 3323 3560 3394 Oppugnatione
3586 3321 3767 3394 defen—

489 3408 639 3455 sarit.
669 3399 902 3474 Denique
937 3402 1187 3459 stationes
1212 3412 1478 3468 vocantur,
1507 3402 1645 3475 quod
1670 3413 1871 3460 stantes
1895 3415 1946 3460 et
1996 3416 2372 3463 commorantes
2397 3410 2452 3463 in
2490 3411 2583 3476 eis,
2604 3411 2841 3466 inimicos
2883 3412 3193 3468 insidiantes
3223 3413 3551 3486 repellamus.
3582 3411 3771 3467 Castra

488 3493 645 3565 plane
666 3503 785 3549 sunt
798 3495 1003 3569 jejunio
1030 3493 1361 3563 Christianis,
1404 3497 1642 3571 a-quibus
1663 3501 1707 3555 si
1736 3502 1849 3573 quis
1878 3499 2209 3568 aberraverit,
2241 3520 2275 3556 a
2300 3501 2524 3573 spiritali
2550 3501 2830 3558 Pharaone
2848 3506 3132 3572 invaditur,
3163 3514 3272 3561 etc.

562 3585 680 3642 iam
708 3602 858 3655 vero,
889 3601 1022 3657 quas
1050 3588 1103 3643 in
1133 3587 1237 3644 bac
1263 3589 1485 3645 bomilia
1509 3592 1782 3655 stationes,
1814 3592 2031 3648 easdem
2054 3591 2316 3647 Maximus
2344 3593 2563 3648 homilia
2590 3594 2887 3664 superiore,
2921 3611 3039 3666 quae
3068 3604 3151 3651 est
3179 3595 3265 3660 59,
3309 3609 3431 3666 pag.
3463 3595 3585 3662 114,
3617 3609 3767 3649 man-

490 3684 674 3739 siones
697 3688 875 3737 vocat.
3514 3666 3522 3675 ’

564 3772 799 3829 XXXIV.
839 3771 1110 3843 Jejunium
1139 3780 1323 3827 autem
1352 3772 1776 3828 Christianorum
1808 3775 2135 3844 praecipuum
2176 3774 2303 3828 illud
2332 3782 2412 3828 est
2434 3813 2450 3837 ,
2490 3773 2632 3842 quod
2672 3783 2797 3829 ante
2827 3772 3026 3827 Pascha
3065 3777 3340 3837 servatur;
3372 3760 3603 3839 cumque
3630 3786 3767 3840 qua-

491 3867 736 3936 draginta
774 3866 984 3922 dierum
1005 3864 1182 3936 spatio
1211 3864 1570 3929 contineatur,
1602 3862 2021 3933 Quadragesima
2051 3863 2380 3934 appellatum
2409 3870 2521 3925 est,
2554 3862 2917 3933 appellarique
2944 3858 3286 3915 continenter
3311 3860 3504 3931 pergit.
3539 3860 3615 3916 De
3652 3859 3772 3930 ejus

493 3959 680 4032 ieiunii
707 3958 915 4028 origine
955 3963 1174 4013 sanctus
1215 3954 1478 4010 Maximus
1504 3953 1726 4009 homilia
1756 3953 1824 4008 '58
1854 3953 2038 4009 scribit
2062 3954 2167 4009 hoc
2202 3952 2366 4008 modo
2397 3970 2410 4006 :
2442 3953 2576 4006 Ante
2603 3951 2709 4006 dies
2755 3949 3074 4004 devotionem
3110 3958 3306 4003 sanch
3348 3945 3777 4021 Quadragesimce

495 4049 858 4122 pi‘wdicantes,
889 4062 1158 4103 sacrarum
1188 4044 1504 4100 Litterarum
1533 4045 1768 4115 exempla
1795 4044 2101 4115 protulimus
2119 4084 2135 4110 ,
2162 4042 2342 4116 quibus
2369 4040 2769 4114 approbaremus
2810 4039 2943 4092 hunc
2982 4038 3449 4111 quadragenarium
3502 4053 3772 4092 numerum

495 4161 599 4198 non
627 4158 738 4197 esse
767 4140 832 4196 ab
859 4139 1150 4195 hominibus
1191 4137 1540 4202 constitutum,
1586 4136 1679 4191 sed
1725 4136 1967 4190 divinitus
2004 4142 2376 4198 consecratum,
2409 4148 2500 4185 nec
2530 4140 2731 4184 terrena
2777 4128 3089 4199 cogitatione
3123 4128 3414 4195 inventum,
3443 4126 3537 4181 sed
3580 4127 3773 4181 caslesti

495 4235 768 4307 majestate
794 4240 1124 4304 prceceptum.
1153 4229 1319 4302 Atque
1346 4229 1462 4284 ideo
1490 4229 1577 4300 qui
1604 4228 1932 4280 constitutum
1961 4239 2227 4278 numerum
2255 4239 2359 4275 una
2389 4219 2471 4274 die
2497 4217 2860 4273 manducando
2888 4217 3138 4307 prieterit,
3160 4231 3265 4269 non
3295 4216 3448 4307 unius
3481 4216 3583 4269 diei
3611 4215 3773 4271 viola-

499 4304 591 4386 tori
608 4335 896 4391 accusatur,
927 4323 1019 4380 sed
1045 4333 1101 4377 ut
1131 4323 1282 4377 totius
1313 4319 1735 4390 Quadragesimae
1764 4327 2115 4386 transgressor
2151 4313 2402 4384 arguitur.
2436 4308 2584 4364 Unde
2621 4309 2808 4362 bonum
2836 4316 2914 4360 est
2949 4306 3142 4360 homini
3182 4313 3239 4358 ut
3274 4304 3463 4358 dictum
3506 4320 3773 4358 numerum

499 4422 612 4479 s'ne
639 4416 810 4472 labore
830 4414 1049 4486 jejunet,
1092 4420 1145 4465 et
1172 4411 1329 4464 totius
1356 4406 1781 4479 Quadragesimaz
1818 4412 2157 4475 consequatur
2194 4401 2391 4473 pariter
2428 4400 2775 4454 sanctitatem.
2809 4395 2941 4486 Haec
2977 4405 3143 4450 autem
3185 4411 3289 4450 non
3320 4403 3425 4449 tam
3451 4394 3774 4449 sacerdotum

503 4519 779 4586 prazcepta,
807 4523 960 4581 quam
990 4504 1087 4558 Dei
1116 4508 1236 4556 sunt
1271 4516 1287 4553 :
1318 4508 1470 4569 atque
1494 4498 1611 4551 ideo
1640 4498 1724 4569 qui
1763 4496 1977 4566 spernit,
2008 4511 2111 4549 non
2139 4493 2458 4548 sacerdotem
2500 4491 2730 4561 spernit;
2762 4488 2853 4543 sed
2891 4485 3171 4551 Christum,
3211 4486 3297 4557 qui
3334 4487 3391 4539 in
3427 4501 3520 4539 suo
3550 4487 3776 4558 loquitur

2190 4627 2346 4683 dieris
2370 4641 2484 4680 cum
2511 4633 2733 4697 peneste
2752 4625 2893 4697 solus
2912 4621 3079 4697 Deum
3099 4623 3348 4697 precaris,
3380 4631 3530 4694 atque
3549 4621 3635 4697 ubi
3657 4639 3776 4678 cum

2190 4699 2439 4771 fratribus
2470 4692 2589 4750 tuis.
2615 4694 2741 4771 ‘Hic
2764 4692 2962 4771 aliquid
2989 4692 3211 4763 amplius
3258 4701 3354 4771 est,
3382 4692 3678 4771 concordia,
3722 4702 3774 4747 et

2189 4763 2488 4830 consensus,
2520 4765 2751 4819 caritatis
2777 4763 3050 4824 vinculum,
3075 4771 3123 4815 et
3143 4763 3466 4816 sacerdotunt
3487 4764 3769 4817 orationes.

578 4650 656 4718 (τι)
694 4645 831 4701 Vide
858 4619 1104 4698 sanctum
1157 4635 1433 4698 Basilium,
1477 4635 1633 4758 eqist.
1682 4632 1813 4716 .150,
1862 4633 1929 4717 qd
1961 4632 2087 4686 Am-

578 4717 854 4758 nmmum-
889 4728 940 4758 η-
964 4710 1019 4758 (Ξ-
1050 4721 1173 4758 nan.
1199 4704 1326 4758 2M).
1357 4713 1488 4757 tom.
1541 4702 1583 4757 ll
1611 4703 1738 4758 edit.
1765 4703 1935 4758 Paris.
1966 4718 2085 4756 mo-

505 4702 856 4791 pbilochiuln,
889 4728 940 4767 ιι.
964 4710 1020 4775 2,
1050 4721 1173 4791 pag.
1199 4704 1339 4791 ξιξ),
1357 4702 1587 4791 terualli
1611 4703 1738 4791 edit.
1759 4703 1935 4791 tigris).
1950 4718 2085 4791 gno-

511 4771 731 4843 iunctior.
764 4771 1028 4851 Congreg.
1055 4771 1239 4851 sancti
1270 4773 1475 4851 Minori;
1490 4783 1547 4828 et
1567 4772 1827 4851 epist._97
1857 4771 2089 4851 ad_'l‘ya-

507 4872 723 4923 ncnses,
749 4844 1013 4924 pag.,'l9'l
1052 4867 1065 4903 :
1098 4844 1521 4924 Preces,_inqluit,
1551 4845 1597 4897 si
1620 4844 2089 4924 'desint,‘qui_c_on:

504 4911 722 4995 spirent,
747 4911 896 4995 longe
924 4930 1045 4995 sunt
1084 4919 1266 4995 seipsis
1293 4912 1584 4995 debiliores.
1617 4912 1682 4968 Et
1712 4911 1878 4981 epist;
1896 4912 1998 4965 174
2020 4911 2089 4966 ad

556 4987 753 5059 idnam,
776 4987 898 5062 pa'g.
929 4990 1034 5044 262
1063 5009 1076 5045 :
1110 4987 1190 5062 Ad
1227 4987 1866 5062 communionempzecum
1913 4998 2087 5062 ontnes

508 5052 1044 5135 adjunge'fm‘agnum
1072 5061 1209 5135 enim
1248 5065 1323 5112 est
1344 5072 1538 5135 eorum,
1562 5052 1840 5135 qai‘nDeum
1879 5054 2087 5135 placare

508 5122 760 5206 poisniit,
787 5122 1060 5206 auxilium.
1109 5122 1616 5206 Sa‘nctusdoannes
1652 5122 2084 5206 ΟΙιι-χδοειιιιηιιξ,

510 5184 755 5261 ᾕὸὶἱέίιζὲ»
782 5201 848 5273 ad
859 5200 1136 5273 populum
1160 5198 1572 5273 Antiochemnu,
1589 5210 1736 5273 num.
1763 5184 1817 5258 Ξ,
1849 5204 1971 5273 pag.
1998 5191 2085 5273 5.7‘,

511 5285 643 5329 tum.
691 5273 736 5328 ll
788 5264 915 5326 edit.
949 5267 1119 5322 Paris.
1171 5266 1571 5322 Montfauconii.
1603 5264 1844 5325 Multum,
1897 5264 2087 5331 inquit,

510 5344 762 5399 Ecclesia
799 5339 1088 5397 communio
1114 5346 1297 5407 potest,
1330 5339 1373 5390 si
1413 5339 1589 5392 anima
1617 5335 1835 5407 dolente,
1868 5333 1913 5407 si
1940 5331 2093 5385 corde

512 5415 734 5469 contrito
756 5427 929 5470 preces
957 5401 1269 5463 emittimus.
1313 5407 1477 5470 Idem,
1508 5406 1693 5460 homil.
1728 5404 1762 5458 ὅ
1789 5403 1851 5458 de
1882 5401 2090 5457 Incom-

511 5469 842 5556 prehensibili
891 5477 1096 5556 Natura
1145 5476 1261 5539 Dei,
1294 5492 1437 5556 nutu.
1467 5469 1523 5538 Vl,
1553 5490 1672 5546 pag.
1706 5473 1827 5556 ιρι,
1854 5469 2040 5556 φημὶ
2073 5488 2083 5522 τ

515 5540 729 5613 Ρνεοανί
757 5554 913 5606 etiam
941 5549 1077 5603 danti
1106 5556 1279 5617 potes;
1295 5546 1374 5617 ita
1404 5562 1520 5599 vero
1548 5540 1867 5617 pricari,qut
1892 5545 1963 5617 in_
1986 5540 2091 5617 Ec-

514 5612 672 5679 clesia
693 5639 794 5677 non
819 5630 977 5691 potes,
1000 5619 1082 5691 ubi
1105 5612 1257 5691 tanta
1288 5612 1501 5691 Patrum
1542 5612 1963 5691 frequentans“
1989 5613 2092 5666 cia-

515 5708 631 5760 υῳι
656 5682 972 5761 unanimiter
995 5689 1064 5752 ad
1095 5686 1256 5740 Deum
1284 5685 1515 5738 emissus.
1544 5682 1666 5738 Non
1685 5684 1900 5751 perinde
1926 5699 2086 5740 exau-

2190 4836 2318 4892 Ideo
2339 4852 2558 4907 namque
2575 4832 2866 4907 sacerdotes
2889 4843 3136 4907 praesunt,
3158 4842 3216 4887 ut
3233 4832 3576 4907 multitudinis
3598 4848 3773 4902 preces

2185 4901 2503 4978 infirmiores
2531 4922 2646 4959 cum
2683 4904 2820 4978 hisce
2839 4901 3168 4978 validioribus
3189 4903 3500 4978 conjuncta,
3532 4918 3634 4978 una
3656 4919 3774 4978 cum

2187 4970 2262 5032 eis
2289 4980 2343 5031 in
2365 4976 2543 5031 coelum
2569 4972 2869 5043 ascendant,
2892 4981 2997 5027 etc.
3030 4970 3409 5043 Tertullia'nus,
3457 4972 3779 5041 Apolegetici

2189 5063 2307 5118 cap.
2324 5046 2394 5118 '59
2405 5065 2430 5118 ξ
2456 5047 2658 5101 Coimus
2686 5045 2963 5118 incretum,
2980 5052 3036 5118 _et
3062 5041 3507 5118 congregationem
3530 5043 3772 5118 facimus,

2189 5108 2354 5172 utrad
2393 5116 2577 5179 Deum,
2609 5116 2754 5183 quasi
2781 5129 2936 5168 manu
2967 5114 3125 5183 facta,
3159 5108 3549 5182 precationibus
3573 5111 3776 5165 ambia-

2191 5206 2323 5242 mus.
2361 5186 2408 5240 Η
2415 5203 2488 5242 ccc
2514 5187 2586 5241 vis
2611 5186 2722 5239 Deo
2751 5195 2897 5255 grata
2916 5192 3014 5255 est,
3043 5191 3149 5236 etc.

2288 5258 2339 5323 b)
2379 5257 2626 5319 Tertull.,
2657 5248 3051 5323 libidelejanq
3078 5266 3197 5320 cap.
3226 5248 3311 5315 11,
3336 5248 3554 5323 diu“.

2288 5261 2316 5310 b
2379 5261 2626 5319 Tertull.,
2657 5261 2747 5309 lib.
2779 5261 3051 5323 deJejan.,
3078 5266 3197 5320 cap.
3226 5261 3311 5315 11,
3346 5261 3433 5316 to,
3470 5261 3554 5304 14.

2265 5261 2339 5397 ie;
2376 5327 2484 5381 Cur
2506 5325 2785 5397 appellate
2813 5324 3013 5397 fuerint
3031 5323 3309 5397 stationes,
3334 5319 3559 5397 intelligi
3579 5337 3648 5397 es
3675 5321 3770 5375 lib.

2195 5389 2507 5452 Tertulliani
2542 5389 2758 5465 potest,
2814 5393 3019 5465 quiest
3046 5391 3331 5465 inscriptus
3385 5389 3463 5465 de_
3500 5389 3770 5465 Oratione,

2191 5483 2311 5537 cap.
2347 5466 2432 5520 14.
2458 5460 2683 5537 Ductum
2712 5460 2893 5537 autem
2917 5461 2968 5518 id
2988 5461 3303 5537 vocabulum
3332 5475 3399 5537 en
3422 5460 3773 5515 similitudine

2190 5530 2480 5592 stationum
2519 5533 2828 5588 militarium
2873 5541 2974 5597 est,
3025 5532 3094 5587 de
3146 5530 3340 5601 quibus
3385 5530 3524 5601 lege,
3576 5538 3772 5600 praeter

2190 5618 2433 5666 cancros.
2469 5604 2674 5660 Livium
2700 5604 2792 5660 lib.
2826 5619 3046 5670 xxxviii,
3084 5619 3203 5673 cap.
3235 5600 3328 5670 25,
3376 5600 3554 5657 ctlib.
3585 5615 3771 5668 XLVIII,

2189 5695 2308 5749 cap.
2341 5678 2426 5733 55.
