  <div class='ocr_page' id='page_1' title='image "/cluster/home/n/w/nwhite01/storage/ocr_20150623/57/hvd.32044054758669/074.png"; bbox 0 0 4138 6186; ppageno 0'>
   <div class='ocr_carea' id='block_1_1' title="bbox 276 323 3536 387">
    <p class='ocr_par' dir='ltr' id='par_1_1' title="bbox 276 323 3536 387">
     <span class='ocr_line' id='line_1_1' title="bbox 276 323 3536 387; baseline 0.001 -7"><span class='ocrx_word' id='word_1_1' title='bbox 276 325 300 380; x_wconf 69' lang='grc'><strong>1</strong></span> <span class='ocrx_word' id='word_1_2' title='bbox 318 325 376 380; x_wconf 79' lang='lat' dir='ltr'><strong><em>l7</em></strong></span> <span class='ocrx_word' id='word_1_3' title='bbox 1702 323 2080 385; x_wconf 58' lang='lat' dir='ltr'><strong><em>PREFATIO.</em></strong></span> <span class='ocrx_word' id='word_1_4' title='bbox 3169 335 3172 338; x_wconf 45' lang='grc'><strong>⁴</strong></span> <span class='ocrx_word' id='word_1_5' title='bbox 3432 329 3488 387; x_wconf 78' lang='grc' dir='ltr'>Η</span> <span class='ocrx_word' id='word_1_6' title='bbox 3506 332 3536 384; x_wconf 84' lang='lat'>8</span> 
     </span>
    </p>
   </div>
   <div class='ocr_carea' id='block_1_2' title="bbox 271 433 3539 517">
    <p class='ocr_par' dir='ltr' id='par_1_2' title="bbox 271 433 3539 517">
     <span class='ocr_line' id='line_1_2' title="bbox 271 433 3539 517; baseline 0.002 -23"><span class='ocrx_word' id='word_1_7' title='bbox 271 436 557 495; x_wconf 79' lang='lat' dir='ltr'><strong><em>sacerdote.</em></strong></span> <span class='ocrx_word' id='word_1_8' title='bbox 595 433 878 490; x_wconf 74' lang='lat' dir='ltr'><strong><em>Videamus</em></strong></span> <span class='ocrx_word' id='word_1_9' title='bbox 921 436 1096 506; x_wconf 83' lang='lat' dir='ltr'><strong><em>igitur,</em></strong></span> <span class='ocrx_word' id='word_1_10' title='bbox 1121 453 1217 507; x_wconf 87' lang='lat' dir='ltr'><strong><em>quo</em></strong></span> <span class='ocrx_word' id='word_1_11' title='bbox 1259 444 1483 507; x_wconf 86' lang='lat' dir='ltr'><strong><em>tempore</em></strong></span> <span class='ocrx_word' id='word_1_12' title='bbox 1524 438 1655 491; x_wconf 87' lang='lat' dir='ltr'><strong><em>hanc</em></strong></span> <span class='ocrx_word' id='word_1_13' title='bbox 1701 437 2073 494; x_wconf 83' lang='lat' dir='ltr'><strong><em>obseruantiam</em></strong></span> <span class='ocrx_word' id='word_1_14' title='bbox 2101 441 2247 495; x_wconf 88' lang='lat' dir='ltr'><strong><em>nobis</em></strong></span> <span class='ocrx_word' id='word_1_15' title='bbox 2285 443 2529 498; x_wconf 70' lang='lat' dir='ltr'><strong><em>indixerit</em></strong></span> <span class='ocrx_word' id='word_1_16' title='bbox 2571 444 2936 502; x_wconf 86' lang='lat' dir='ltr'><strong><em>Dominus.....</em></strong></span> <span class='ocrx_word' id='word_1_17' title='bbox 2983 446 3095 501; x_wconf 82' lang='lat' dir='ltr'><strong><em>Hoc</em></strong></span> <span class='ocrx_word' id='word_1_18' title='bbox 3125 445 3539 517; x_wconf 83' lang='lat' dir='ltr'><strong><em>quadragenaria</em></strong></span> 
     </span>
    </p>
   </div>
   <div class='ocr_carea' id='block_1_3' title="bbox 271 525 3533 603">
    <p class='ocr_par' dir='ltr' id='par_1_3' title="bbox 271 525 3533 603">
     <span class='ocr_line' id='line_1_3' title="bbox 271 525 3533 603; baseline 0.001 -20"><span class='ocrx_word' id='word_1_19' title='bbox 271 545 484 583; x_wconf 84' lang='lat' dir='ltr'><strong><em>numero</em></strong></span> <span class='ocrx_word' id='word_1_20' title='bbox 510 543 566 580; x_wconf 92' lang='lat' dir='ltr'><strong><em>se</em></strong></span> <span class='ocrx_word' id='word_1_21' title='bbox 585 527 696 596; x_wconf 83' lang='lat' dir='ltr'><strong><em>ipse</em></strong></span> <span class='ocrx_word' id='word_1_22' title='bbox 723 525 974 579; x_wconf 75' lang='lat' dir='ltr'><strong><em>Dominus</em></strong></span> <span class='ocrx_word' id='word_1_23' title='bbox 1001 528 1248 590; x_wconf 76' lang='lat' dir='ltr'><strong><em>exercuit,</em></strong></span> <span class='ocrx_word' id='word_1_24' title='bbox 1289 543 1394 580; x_wconf 87' lang='lat' dir='ltr'><strong><em>non</em></strong></span> <span class='ocrx_word' id='word_1_25' title='bbox 1417 535 1472 579; x_wconf 88' lang='lat' dir='ltr'><strong><em>ut</em></strong></span> <span class='ocrx_word' id='word_1_26' title='bbox 1495 530 1778 598; x_wconf 89' lang='lat' dir='ltr'><strong><em>profectum</em></strong></span> <span class='ocrx_word' id='word_1_27' title='bbox 1805 530 1912 599; x_wconf 82' lang='lat' dir='ltr'><strong><em>ipse</em></strong></span> <span class='ocrx_word' id='word_1_28' title='bbox 1935 539 2170 599; x_wconf 88' lang='lat' dir='ltr'><strong><em>caperet;</em></strong></span> <span class='ocrx_word' id='word_1_29' title='bbox 2197 531 2287 584; x_wconf 88' lang='lat' dir='ltr'><strong><em>sed</em></strong></span> <span class='ocrx_word' id='word_1_30' title='bbox 2314 542 2372 584; x_wconf 92' lang='lat' dir='ltr'><strong><em>ut</em></strong></span> <span class='ocrx_word' id='word_1_31' title='bbox 2396 535 2680 603; x_wconf 84' lang='lat' dir='ltr'><strong><em>profectum</em></strong></span> <span class='ocrx_word' id='word_1_32' title='bbox 2707 538 2889 590; x_wconf 87' lang='lat' dir='ltr'><strong><em>salutis</em></strong></span> <span class='ocrx_word' id='word_1_33' title='bbox 2919 543 3111 590; x_wconf 75' lang='lat' dir='ltr'><strong><em>nostra:</em></strong></span> <span class='ocrx_word' id='word_1_34' title='bbox 3132 533 3533 588; x_wconf 86' lang='lat' dir='ltr'><strong><em>ostenderet.....</em></strong></span> 
     </span>
    </p>
   </div>
   <div class='ocr_carea' id='block_1_4' title="bbox 269 617 3537 693">
    <p class='ocr_par' dir='ltr' id='par_1_4' title="bbox 269 617 3537 693">
     <span class='ocr_line' id='line_1_4' title="bbox 269 617 3537 693; baseline 0 -19"><span class='ocrx_word' id='word_1_35' title='bbox 269 620 601 675; x_wconf 78' lang='lat' dir='ltr'><strong><em>Centinuatis</em></strong></span> <span class='ocrx_word' id='word_1_36' title='bbox 629 634 752 689; x_wconf 89' lang='lat' dir='ltr'><strong><em>ergo</em></strong></span> <span class='ocrx_word' id='word_1_37' title='bbox 781 617 1127 689; x_wconf 81' lang='lat' dir='ltr'><strong><em>quadraginta</em></strong></span> <span class='ocrx_word' id='word_1_38' title='bbox 1155 617 1331 671; x_wconf 88' lang='lat' dir='ltr'><strong><em>diebus</em></strong></span> <span class='ocrx_word' id='word_1_39' title='bbox 1358 618 1467 672; x_wconf 71' lang='lat' dir='ltr'><strong><em>hare</em></strong></span> <span class='ocrx_word' id='word_1_40' title='bbox 1499 618 1702 689; x_wconf 80' lang='lat' dir='ltr'><strong><em>jejunia</em></strong></span> <span class='ocrx_word' id='word_1_41' title='bbox 1732 636 1833 672; x_wconf 88' lang='lat' dir='ltr'><strong><em>non</em></strong></span> <span class='ocrx_word' id='word_1_42' title='bbox 1869 621 2097 674; x_wconf 75' lang='lat' dir='ltr'><strong><em>esuriens</em></strong></span> <span class='ocrx_word' id='word_1_43' title='bbox 2129 621 2376 675; x_wconf 91' lang='lat' dir='ltr'><strong><em>Dominus</em></strong></span> <span class='ocrx_word' id='word_1_44' title='bbox 2402 627 2726 692; x_wconf 86' lang='lat' dir='ltr'><strong><em>procuravit;</em></strong></span> <span class='ocrx_word' id='word_1_45' title='bbox 2757 627 2847 679; x_wconf 92' lang='lat' dir='ltr'><strong><em>sed</em></strong></span> <span class='ocrx_word' id='word_1_46' title='bbox 2887 626 3012 679; x_wconf 82' lang='lat' dir='ltr'><strong><em>dicit</em></strong></span> <span class='ocrx_word' id='word_1_47' title='bbox 3039 625 3184 678; x_wconf 90' lang='lat' dir='ltr'><strong><em>illum</em></strong></span> <span class='ocrx_word' id='word_1_48' title='bbox 3223 625 3537 693; x_wconf 80' lang='lat' dir='ltr'><strong><em>evangelista</em></strong></span> 
     </span>
    </p>
   </div>
   <div class='ocr_carea' id='block_1_5' title="bbox 270 706 3532 780">
    <p class='ocr_par' dir='ltr' id='par_1_5' title="bbox 270 706 3532 780">
     <span class='ocr_line' id='line_1_5' title="bbox 270 706 3532 780; baseline -0.001 -15"><span class='ocrx_word' id='word_1_49' title='bbox 270 713 512 765; x_wconf 85' lang='lat' dir='ltr'><strong><em>esuriisse</em></strong></span> <span class='ocrx_word' id='word_1_50' title='bbox 541 719 882 780; x_wconf 87' lang='lat' dir='ltr'><strong><em>postea.......</em></strong></span> <span class='ocrx_word' id='word_1_51' title='bbox 916 706 1189 761; x_wconf 85' lang='lat' dir='ltr'><strong><em>Esuriebat</em></strong></span> <span class='ocrx_word' id='word_1_52' title='bbox 1215 708 1385 778; x_wconf 81' lang='lat' dir='ltr'><strong><em>plane,</em></strong></span> <span class='ocrx_word' id='word_1_53' title='bbox 1417 725 1506 762; x_wconf 91' lang='lat' dir='ltr'><strong><em>nec</em></strong></span> <span class='ocrx_word' id='word_1_54' title='bbox 1534 725 1720 778; x_wconf 88' lang='lat' dir='ltr'><strong><em>negare</em></strong></span> <span class='ocrx_word' id='word_1_55' title='bbox 1745 725 2032 777; x_wconf 83' lang='lat' dir='ltr'><strong><em>possumus,</em></strong></span> <span class='ocrx_word' id='word_1_56' title='bbox 2064 709 2199 780; x_wconf 89' lang='lat' dir='ltr'><strong><em>quod</em></strong></span> <span class='ocrx_word' id='word_1_57' title='bbox 2225 712 2481 764; x_wconf 87' lang='lat' dir='ltr'><strong><em>esurierit.</em></strong></span> <span class='ocrx_word' id='word_1_58' title='bbox 2520 711 2714 766; x_wconf 84' lang='lat' dir='ltr'><strong><em>Esuriit</em></strong></span> <span class='ocrx_word' id='word_1_59' title='bbox 2753 716 2887 767; x_wconf 88' lang='lat' dir='ltr'><strong><em>enim</em></strong></span> <span class='ocrx_word' id='word_1_60' title='bbox 2918 731 3021 768; x_wconf 89' lang='lat' dir='ltr'><strong><em>non</em></strong></span> <span class='ocrx_word' id='word_1_61' title='bbox 3050 711 3215 766; x_wconf 84' lang='lat' dir='ltr'><strong><em>cibum</em></strong></span> <span class='ocrx_word' id='word_1_62' title='bbox 3252 712 3532 774; x_wconf 82' lang='lat' dir='ltr'><strong><em>hominum,</em></strong></span> 
     </span>
    </p>
   </div>
   <div class='ocr_carea' id='block_1_6' title="bbox 271 797 3536 873">
    <p class='ocr_par' dir='ltr' id='par_1_6' title="bbox 271 797 3536 873">
     <span class='ocr_line' id='line_1_6' title="bbox 271 797 3536 873; baseline -0.002 -16"><span class='ocrx_word' id='word_1_63' title='bbox 271 804 362 858; x_wconf 84' lang='lat' dir='ltr'><strong><em>sed</em></strong></span> <span class='ocrx_word' id='word_1_64' title='bbox 385 804 605 858; x_wconf 80' lang='lat' dir='ltr'><strong><em>salutem</em></strong></span> <span class='ocrx_word' id='word_1_65' title='bbox 629 802 728 873; x_wconf 81' lang='grc' dir='ltr'>(ιι),</span> <span class='ocrx_word' id='word_1_66' title='bbox 753 811 856 855; x_wconf 97' lang='lat' dir='ltr'><strong><em>etc.</em></strong></span> <span class='ocrx_word' id='word_1_67' title='bbox 883 799 948 852; x_wconf 83' lang='lat' dir='ltr'><strong><em>Et</em></strong></span> <span class='ocrx_word' id='word_1_68' title='bbox 975 800 1190 853; x_wconf 85' lang='lat' dir='ltr'><strong><em>homilia</em></strong></span> <span class='ocrx_word' id='word_1_69' title='bbox 1217 797 1304 862; x_wconf 81' lang='grc'><strong><em>59,</em></strong></span> <span class='ocrx_word' id='word_1_70' title='bbox 1337 814 1453 868; x_wconf 85' lang='lat' dir='ltr'><strong><em>pag.</em></strong></span> <span class='ocrx_word' id='word_1_71' title='bbox 1489 799 1590 852; x_wconf 76' lang='grc'><strong><em>115</em></strong></span> <span class='ocrx_word' id='word_1_72' title='bbox 1619 815 1753 869; x_wconf 86' lang='lat' dir='ltr'><strong><em>seq.:</em></strong></span> <span class='ocrx_word' id='word_1_73' title='bbox 1780 799 2019 852; x_wconf 70' lang='lat' dir='ltr'><strong><em>Diximus</em></strong></span> <span class='ocrx_word' id='word_1_74' title='bbox 2044 799 2179 868; x_wconf 90' lang='lat' dir='ltr'><strong><em>quod</em></strong></span> <span class='ocrx_word' id='word_1_75' title='bbox 2203 797 2448 853; x_wconf 88' lang='lat' dir='ltr'><strong><em>Dominus</em></strong></span> <span class='ocrx_word' id='word_1_76' title='bbox 2475 799 2628 854; x_wconf 73' lang='lat' dir='ltr'><strong><em>Iesus</em></strong></span> <span class='ocrx_word' id='word_1_77' title='bbox 2657 800 2888 856; x_wconf 78' lang='lat' dir='ltr'><strong><em>Christus</em></strong></span> <span class='ocrx_word' id='word_1_78' title='bbox 2909 803 3042 854; x_wconf 90' lang='lat' dir='ltr'><strong><em>hunc</em></strong></span> <span class='ocrx_word' id='word_1_79' title='bbox 3064 817 3326 854; x_wconf 82' lang='lat' dir='ltr'><strong><em>numerum</em></strong></span> <span class='ocrx_word' id='word_1_80' title='bbox 3346 799 3536 869; x_wconf 87' lang='lat' dir='ltr'><strong><em>jejunii</em></strong></span> 
     </span>
    </p>
   </div>
   <div class='ocr_carea' id='block_1_7' title="bbox 271 887 3538 962">
    <p class='ocr_par' dir='ltr' id='par_1_7' title="bbox 271 887 3538 962">
     <span class='ocr_line' id='line_1_7' title="bbox 271 887 3538 962; baseline -0.001 -15"><span class='ocrx_word' id='word_1_81' title='bbox 271 893 662 955; x_wconf 78' lang='lat' dir='ltr'><strong><em>consecraverit,</em></strong></span> <span class='ocrx_word' id='word_1_82' title='bbox 692 898 742 942; x_wconf 89' lang='lat' dir='ltr'><strong><em>et</em></strong></span> <span class='ocrx_word' id='word_1_83' title='bbox 771 887 918 961; x_wconf 76' lang='lat' dir='ltr'><strong><em>[cxx]</em></strong></span> <span class='ocrx_word' id='word_1_84' title='bbox 949 888 1260 940; x_wconf 86' lang='lat' dir='ltr'><strong><em>continuatis</em></strong></span> <span class='ocrx_word' id='word_1_85' title='bbox 1287 887 1463 941; x_wconf 86' lang='lat' dir='ltr'><strong><em>diebus</em></strong></span> <span class='ocrx_word' id='word_1_86' title='bbox 1492 888 1822 959; x_wconf 85' lang='lat' dir='ltr'><strong><em>noctibusque</em></strong></span> <span class='ocrx_word' id='word_1_87' title='bbox 1850 905 1953 941; x_wconf 90' lang='lat' dir='ltr'><strong><em>non</em></strong></span> <span class='ocrx_word' id='word_1_88' title='bbox 1983 889 2189 958; x_wconf 88' lang='lat' dir='ltr'><strong><em>capiens</em></strong></span> <span class='ocrx_word' id='word_1_89' title='bbox 2211 888 2396 955; x_wconf 84' lang='lat' dir='ltr'><strong><em>cibum,</em></strong></span> <span class='ocrx_word' id='word_1_90' title='bbox 2421 907 2577 943; x_wconf 89' lang='lat' dir='ltr'><strong><em>unum</em></strong></span> <span class='ocrx_word' id='word_1_91' title='bbox 2592 892 2778 962; x_wconf 83' lang='lat' dir='ltr'><strong><em>jejunii</em></strong></span> <span class='ocrx_word' id='word_1_92' title='bbox 2807 910 2990 962; x_wconf 78' lang='lat' dir='ltr'><strong><em>corpus</em></strong></span> <span class='ocrx_word' id='word_1_93' title='bbox 3017 892 3355 960; x_wconf 74' lang='lat' dir='ltr'><strong><em>e/fecerit.....</em></strong></span> <span class='ocrx_word' id='word_1_94' title='bbox 3388 890 3538 944; x_wconf 85' lang='lat' dir='ltr'><strong><em>Unde</em></strong></span> 
     </span>
    </p>
   </div>
   <div class='ocr_carea' id='block_1_8' title="bbox 268 980 3536 1056">
    <p class='ocr_par' dir='ltr' id='par_1_8' title="bbox 268 980 3536 1056">
     <span class='ocr_line' id='line_1_8' title="bbox 268 980 3536 1056; baseline 0 -17"><span class='ocrx_word' id='word_1_95' title='bbox 268 996 421 1040; x_wconf 87' lang='lat' dir='ltr'><strong><em>erant</em></strong></span> <span class='ocrx_word' id='word_1_96' title='bbox 448 985 590 1056; x_wconf 87' lang='lat' dir='ltr'><strong><em>apud</em></strong></span> <span class='ocrx_word' id='word_1_97' title='bbox 616 1000 730 1037; x_wconf 88' lang='lat' dir='ltr'><strong><em>eum</em></strong></span> <span class='ocrx_word' id='word_1_98' title='bbox 757 981 980 1053; x_wconf 84' lang='lat' dir='ltr'><strong><em>plurima</em></strong></span> <span class='ocrx_word' id='word_1_99' title='bbox 1009 989 1291 1050; x_wconf 87' lang='lat' dir='ltr'><strong><em>temporum</em></strong></span> <span class='ocrx_word' id='word_1_100' title='bbox 1319 982 1608 1045; x_wconf 89' lang='lat' dir='ltr'><strong><em>curricula;</em></strong></span> <span class='ocrx_word' id='word_1_101' title='bbox 1641 982 1730 1035; x_wconf 88' lang='lat' dir='ltr'><strong><em>sed</em></strong></span> <span class='ocrx_word' id='word_1_102' title='bbox 1757 982 2079 1035; x_wconf 76' lang='lat' dir='ltr'><strong><em>abstinentia:</em></strong></span> <span class='ocrx_word' id='word_1_103' title='bbox 2107 983 2216 1036; x_wconf 78' lang='lat' dir='ltr'><strong><em>dies</em></strong></span> <span class='ocrx_word' id='word_1_104' title='bbox 2247 1000 2371 1045; x_wconf 90' lang='lat' dir='ltr'><strong><em>una,</em></strong></span> <span class='ocrx_word' id='word_1_105' title='bbox 2403 986 2677 1039; x_wconf 88' lang='lat' dir='ltr'><strong><em>ostendens</em></strong></span> <span class='ocrx_word' id='word_1_106' title='bbox 2706 980 2851 1041; x_wconf 79' lang='lat' dir='ltr'><strong><em>nobis</em></strong></span> <span class='ocrx_word' id='word_1_107' title='bbox 2876 991 2950 1040; x_wconf 90' lang='lat' dir='ltr'><strong><em>ita</em></strong></span> <span class='ocrx_word' id='word_1_108' title='bbox 2978 1004 3072 1042; x_wconf 89' lang='lat' dir='ltr'><strong><em>nos</em></strong></span> <span class='ocrx_word' id='word_1_109' title='bbox 3101 988 3233 1040; x_wconf 88' lang='lat' dir='ltr'><strong><em>hunc</em></strong></span> <span class='ocrx_word' id='word_1_110' title='bbox 3270 1003 3536 1040; x_wconf 85' lang='lat' dir='ltr'><strong><em>numerum</em></strong></span> 
     </span>
    </p>
   </div>
   <div class='ocr_carea' id='block_1_9' title="bbox 270 1070 3552 1150">
    <p class='ocr_par' dir='ltr' id='par_1_9' title="bbox 270 1070 3552 1150">
     <span class='ocr_line' id='line_1_9' title="bbox 270 1070 3552 1150; baseline -0.002 -18"><span class='ocrx_word' id='word_1_111' title='bbox 270 1081 526 1150; x_wconf 85' lang='lat' dir='ltr'><strong><em>integrum</em></strong></span> <span class='ocrx_word' id='word_1_112' title='bbox 548 1076 794 1146; x_wconf 89' lang='lat' dir='ltr'><strong><em>jejunare</em></strong></span> <span class='ocrx_word' id='word_1_113' title='bbox 823 1071 1024 1135; x_wconf 87' lang='lat' dir='ltr'><strong><em>debere,</em></strong></span> <span class='ocrx_word' id='word_1_114' title='bbox 1050 1079 1105 1123; x_wconf 89' lang='lat' dir='ltr'><strong><em>ut</em></strong></span> <span class='ocrx_word' id='word_1_115' title='bbox 1132 1071 1252 1141; x_wconf 86' lang='lat' dir='ltr'><strong><em>quia</em></strong></span> <span class='ocrx_word' id='word_1_116' title='bbox 1290 1078 1451 1124; x_wconf 88' lang='lat' dir='ltr'><strong><em>totam</em></strong></span> <span class='ocrx_word' id='word_1_117' title='bbox 1482 1070 1944 1142; x_wconf 83' lang='lat' dir='ltr'><strong><em>Quadragesimam</em></strong></span> <span class='ocrx_word' id='word_1_118' title='bbox 1989 1071 2250 1139; x_wconf 88' lang='lat' dir='ltr'><strong><em>complecti</em></strong></span> <span class='ocrx_word' id='word_1_119' title='bbox 2298 1089 2399 1126; x_wconf 90' lang='lat' dir='ltr'><strong><em>non</em></strong></span> <span class='ocrx_word' id='word_1_120' title='bbox 2447 1091 2716 1143; x_wconf 79' lang='lat' dir='ltr'><strong><em>possumus</em></strong></span> <span class='ocrx_word' id='word_1_121' title='bbox 2761 1077 2926 1129; x_wconf 73' lang='lat' dir='ltr'><strong><em>solido</em></strong></span> <span class='ocrx_word' id='word_1_122' title='bbox 2983 1083 3032 1128; x_wconf 82' lang='lat' dir='ltr'><strong><em>et</em></strong></span> <span class='ocrx_word' id='word_1_123' title='bbox 3069 1091 3171 1130; x_wconf 86' lang='lat' dir='ltr'><strong><em>uno</em></strong></span> <span class='ocrx_word' id='word_1_124' title='bbox 3206 1075 3426 1145; x_wconf 81' lang='lat' dir='ltr'><strong><em>jejunio,</em></strong></span> <span class='ocrx_word' id='word_1_125' title='bbox 3458 1075 3552 1128; x_wconf 77' lang='lat' dir='ltr'><strong><em>vel</em></strong></span> 
     </span>
    </p>
   </div>
   <div class='ocr_carea' id='block_1_10' title="bbox 271 1163 3545 1245">
    <p class='ocr_par' dir='ltr' id='par_1_10' title="bbox 271 1163 3545 1245">
     <span class='ocr_line' id='line_1_10' title="bbox 271 1163 3545 1245; baseline -0.002 -20"><span class='ocrx_word' id='word_1_126' title='bbox 271 1173 588 1245; x_wconf 85' lang='lat' dir='ltr'><strong><em>quotidianis</em></strong></span> <span class='ocrx_word' id='word_1_127' title='bbox 616 1168 848 1224; x_wconf 88' lang='lat' dir='ltr'><strong><em>eamdem</em></strong></span> <span class='ocrx_word' id='word_1_128' title='bbox 874 1167 987 1220; x_wconf 86' lang='lat' dir='ltr'><strong><em>sine</em></strong></span> <span class='ocrx_word' id='word_1_129' title='bbox 1012 1165 1388 1218; x_wconf 84' lang='lat' dir='ltr'><strong><em>intermissione</em></strong></span> <span class='ocrx_word' id='word_1_130' title='bbox 1409 1163 1627 1235; x_wconf 88' lang='lat' dir='ltr'><strong><em>jejuniis</em></strong></span> <span class='ocrx_word' id='word_1_131' title='bbox 1655 1164 1993 1226; x_wconf 85' lang='lat' dir='ltr'><strong><em>celebremus;</em></strong></span> <span class='ocrx_word' id='word_1_132' title='bbox 2023 1173 2078 1215; x_wconf 87' lang='lat' dir='ltr'><strong><em>ut</em></strong></span> <span class='ocrx_word' id='word_1_133' title='bbox 2097 1166 2140 1216; x_wconf 93' lang='lat' dir='ltr'><strong><em>si</em></strong></span> <span class='ocrx_word' id='word_1_134' title='bbox 2170 1165 2436 1234; x_wconf 76' lang='lat' dir='ltr'><strong><em>quisquam</em></strong></span> <span class='ocrx_word' id='word_1_135' title='bbox 2473 1182 2629 1218; x_wconf 86' lang='lat' dir='ltr'><strong><em>unam</em></strong></span> <span class='ocrx_word' id='word_1_136' title='bbox 2660 1167 2811 1229; x_wconf 88' lang='lat' dir='ltr'><strong><em>diem,</em></strong></span> <span class='ocrx_word' id='word_1_137' title='bbox 2844 1165 3166 1228; x_wconf 75' lang='lat' dir='ltr'><strong><em>abstinendo,</em></strong></span> <span class='ocrx_word' id='word_1_138' title='bbox 3196 1165 3545 1236; x_wconf 57' lang='lat' dir='ltr'><strong><em>praetermise-</em></strong></span> 
     </span>
    </p>
   </div>
   <div class='ocr_carea' id='block_1_11' title="bbox 271 1255 3531 1330">
    <p class='ocr_par' dir='ltr' id='par_1_11' title="bbox 271 1255 3531 1330">
     <span class='ocr_line' id='line_1_11' title="bbox 271 1255 3531 1330; baseline -0.002 -14"><span class='ocrx_word' id='word_1_139' title='bbox 271 1265 360 1322; x_wconf 81' lang='lat' dir='ltr'><strong><em>rit,</em></strong></span> <span class='ocrx_word' id='word_1_140' title='bbox 395 1271 554 1316; x_wconf 87' lang='lat' dir='ltr'><strong><em>totam</em></strong></span> <span class='ocrx_word' id='word_1_141' title='bbox 587 1260 1049 1330; x_wconf 87' lang='lat' dir='ltr'><strong><em>Quadragesimam</em></strong></span> <span class='ocrx_word' id='word_1_142' title='bbox 1090 1256 1318 1320; x_wconf 85' lang='lat' dir='ltr'><strong><em>violarit,</em></strong></span> <span class='ocrx_word' id='word_1_143' title='bbox 1349 1264 1396 1308; x_wconf 90' lang='lat' dir='ltr'><strong><em>et</em></strong></span> <span class='ocrx_word' id='word_1_144' title='bbox 1424 1266 1632 1324; x_wconf 89' lang='lat' dir='ltr'><strong><em>propter</em></strong></span> <span class='ocrx_word' id='word_1_145' title='bbox 1670 1255 1927 1308; x_wconf 90' lang='lat' dir='ltr'><strong><em>modicum</em></strong></span> <span class='ocrx_word' id='word_1_146' title='bbox 1973 1257 2215 1323; x_wconf 82' lang='lat' dir='ltr'><strong><em>temporis</em></strong></span> <span class='ocrx_word' id='word_1_147' title='bbox 2255 1255 2440 1319; x_wconf 86' lang='lat' dir='ltr'><strong><em>cibum,</em></strong></span> <span class='ocrx_word' id='word_1_148' title='bbox 2471 1259 2648 1327; x_wconf 87' lang='lat' dir='ltr'><strong><em>magni</em></strong></span> <span class='ocrx_word' id='word_1_149' title='bbox 2697 1260 2918 1330; x_wconf 82' lang='lat' dir='ltr'><strong><em>fructum</em></strong></span> <span class='ocrx_word' id='word_1_150' title='bbox 2957 1257 3150 1311; x_wconf 86' lang='lat' dir='ltr'><strong><em>laboris</em></strong></span> <span class='ocrx_word' id='word_1_151' title='bbox 3190 1259 3531 1310; x_wconf 57' lang='lat' dir='ltr'><strong><em>amiserit&quot;...</em></strong></span> 
     </span>
    </p>
   </div>
   <div class='ocr_carea' id='block_1_12' title="bbox 273 1340 3539 1422">
    <p class='ocr_par' dir='ltr' id='par_1_12' title="bbox 273 1340 3539 1422">
     <span class='ocr_line' id='line_1_12' title="bbox 273 1340 3539 1422; baseline -0.002 -16"><span class='ocrx_word' id='word_1_152' title='bbox 273 1351 326 1406; x_wconf 83' lang='grc' dir='ltr'><strong><em>Ν</em></strong></span> <span class='ocrx_word' id='word_1_153' title='bbox 331 1370 399 1406; x_wconf 81' lang='lat' dir='ltr'><strong><em>an</em></strong></span> <span class='ocrx_word' id='word_1_154' title='bbox 427 1354 586 1413; x_wconf 87' lang='lat' dir='ltr'><strong><em>enim,</em></strong></span> <span class='ocrx_word' id='word_1_155' title='bbox 620 1353 828 1422; x_wconf 75' lang='lat' dir='ltr'><strong><em>fratres,</em></strong></span> <span class='ocrx_word' id='word_1_156' title='bbox 860 1348 967 1402; x_wconf 89' lang='lat' dir='ltr'><strong><em>leve</em></strong></span> <span class='ocrx_word' id='word_1_157' title='bbox 994 1354 1256 1417; x_wconf 84' lang='lat' dir='ltr'><strong><em>peccatum</em></strong></span> <span class='ocrx_word' id='word_1_158' title='bbox 1281 1354 1357 1398; x_wconf 86' lang='lat' dir='ltr'><strong><em>est</em></strong></span> <span class='ocrx_word' id='word_1_159' title='bbox 1381 1343 1616 1415; x_wconf 82' lang='lat' dir='ltr'><strong><em>ﬁdelibus</em></strong></span> <span class='ocrx_word' id='word_1_160' title='bbox 1644 1344 1890 1396; x_wconf 85' lang='lat' dir='ltr'><strong><em>indictum</em></strong></span> <span class='ocrx_word' id='word_1_161' title='bbox 1921 1340 2384 1411; x_wconf 87' lang='lat' dir='ltr'><strong><em>Quadragesimam</em></strong></span> <span class='ocrx_word' id='word_1_162' title='bbox 2408 1362 2439 1397; x_wconf 95' lang='lat' dir='ltr'><strong><em>a</em></strong></span> <span class='ocrx_word' id='word_1_163' title='bbox 2462 1344 2683 1399; x_wconf 90' lang='lat' dir='ltr'><strong><em>Domino</em></strong></span> <span class='ocrx_word' id='word_1_164' title='bbox 2715 1364 2815 1400; x_wconf 89' lang='lat' dir='ltr'><strong><em>non</em></strong></span> <span class='ocrx_word' id='word_1_165' title='bbox 2837 1347 3094 1417; x_wconf 86' lang='lat' dir='ltr'><strong><em>jejunare,</em></strong></span> <span class='ocrx_word' id='word_1_166' title='bbox 3122 1357 3170 1398; x_wconf 90' lang='lat' dir='ltr'><strong><em>et</em></strong></span> <span class='ocrx_word' id='word_1_167' title='bbox 3183 1347 3387 1416; x_wconf 83' lang='lat' dir='ltr'><strong><em>jejunia</em></strong></span> <span class='ocrx_word' id='word_1_168' title='bbox 3415 1361 3539 1399; x_wconf 81' lang='lat' dir='ltr'><strong><em>con-</em></strong></span> 
     </span>
    </p>
   </div>
   <div class='ocr_carea' id='block_1_13' title="bbox 268 1433 3536 1504">
    <p class='ocr_par' dir='ltr' id='par_1_13' title="bbox 268 1433 3536 1504">
     <span class='ocr_line' id='line_1_13' title="bbox 268 1433 3536 1504; baseline -0.001 -9"><span class='ocrx_word' id='word_1_169' title='bbox 268 1451 475 1495; x_wconf 88' lang='lat' dir='ltr'><strong><em>secrata</em></strong></span> <span class='ocrx_word' id='word_1_170' title='bbox 503 1441 690 1494; x_wconf 77' lang='lat' dir='ltr'><strong><em>ventris</em></strong></span> <span class='ocrx_word' id='word_1_171' title='bbox 720 1439 997 1492; x_wconf 78' lang='lat' dir='ltr'><strong><em>voracitate</em></strong></span> <span class='ocrx_word' id='word_1_172' title='bbox 1019 1436 1453 1490; x_wconf 87' lang='lat' dir='ltr'><strong><em>dissolvere.......</em></strong></span> <span class='ocrx_word' id='word_1_173' title='bbox 1489 1433 1669 1498; x_wconf 80' lang='lat' dir='ltr'><strong><em>Qualis</em></strong></span> <span class='ocrx_word' id='word_1_174' title='bbox 1697 1451 1817 1504; x_wconf 91' lang='lat' dir='ltr'><strong><em>ergo</em></strong></span> <span class='ocrx_word' id='word_1_175' title='bbox 1846 1433 1984 1501; x_wconf 89' lang='lat' dir='ltr'><strong><em>apud</em></strong></span> <span class='ocrx_word' id='word_1_176' title='bbox 2010 1435 2375 1487; x_wconf 84' lang='lat' dir='ltr'><strong><em>conscientiam</em></strong></span> <span class='ocrx_word' id='word_1_177' title='bbox 2405 1451 2550 1488; x_wconf 86' lang='lat' dir='ltr'><strong><em>suam</em></strong></span> <span class='ocrx_word' id='word_1_178' title='bbox 2580 1435 2904 1490; x_wconf 81' lang='lat' dir='ltr'><strong><em>Christianus</em></strong></span> <span class='ocrx_word' id='word_1_179' title='bbox 2930 1455 3002 1495; x_wconf 82' lang='lat' dir='ltr'><strong><em>es.</em></strong></span> <span class='ocrx_word' id='word_1_180' title='bbox 3034 1455 3148 1492; x_wconf 90' lang='lat' dir='ltr'><strong><em>cum</em></strong></span> <span class='ocrx_word' id='word_1_181' title='bbox 3174 1437 3408 1492; x_wconf 77' lang='lat' dir='ltr'><strong><em>Cumsro</em></strong></span> <span class='ocrx_word' id='word_1_182' title='bbox 3437 1453 3536 1492; x_wconf 69' lang='grc' dir='ltr'>ιιιιο</span> 
     </span>
    </p>
   </div>
   <div class='ocr_carea' id='block_1_14' title="bbox 176 1521 3533 1596">
    <p class='ocr_par' dir='ltr' id='par_1_14' title="bbox 176 1521 3533 1596">
     <span class='ocr_line' id='line_1_14' title="bbox 176 1521 3533 1596; baseline -0.001 -14"><span class='ocrx_word' id='word_1_183' title='bbox 176 1559 192 1582; x_wconf 81' lang='lat'><strong>.</strong></span> <span class='ocrx_word' id='word_1_184' title='bbox 272 1546 343 1585; x_wconf 81' lang='grc' dir='ltr'><strong><em>τε</em></strong></span> <span class='ocrx_word' id='word_1_185' title='bbox 374 1545 687 1592; x_wconf 62' lang='grc' dir='ltr'><strong><em>εευιιιεδτις,</em></strong></span> <span class='ocrx_word' id='word_1_186' title='bbox 720 1536 773 1579; x_wconf 91' lang='lat' dir='ltr'><strong><em>tu</em></strong></span> <span class='ocrx_word' id='word_1_187' title='bbox 801 1525 1024 1596; x_wconf 88' lang='lat' dir='ltr'><strong><em>prandes</em></strong></span> <span class='ocrx_word' id='word_1_188' title='bbox 1185 1522 1308 1576; x_wconf 92' lang='lat' dir='ltr'><strong><em>Non</em></strong></span> <span class='ocrx_word' id='word_1_189' title='bbox 1352 1523 1526 1592; x_wconf 83' lang='lat' dir='ltr'><strong><em>igitur,</em></strong></span> <span class='ocrx_word' id='word_1_190' title='bbox 1557 1524 1686 1575; x_wconf 87' lang='lat' dir='ltr'><strong><em>sicut</em></strong></span> <span class='ocrx_word' id='word_1_191' title='bbox 1737 1522 1863 1583; x_wconf 75' lang='lat' dir='ltr'><strong><em>diri,</em></strong></span> <span class='ocrx_word' id='word_1_192' title='bbox 1895 1521 1997 1574; x_wconf 86' lang='lat' dir='ltr'><strong><em>leve</em></strong></span> <span class='ocrx_word' id='word_1_193' title='bbox 2023 1531 2285 1591; x_wconf 81' lang='lat' dir='ltr'><strong><em>peccatum</em></strong></span> <span class='ocrx_word' id='word_1_194' title='bbox 2312 1531 2390 1575; x_wconf 89' lang='lat' dir='ltr'><strong><em>est</em></strong></span> <span class='ocrx_word' id='word_1_195' title='bbox 2434 1522 2685 1576; x_wconf 87' lang='lat' dir='ltr'><strong><em>indictum</em></strong></span> <span class='ocrx_word' id='word_1_196' title='bbox 2714 1525 2906 1578; x_wconf 88' lang='lat' dir='ltr'><strong><em>violare</em></strong></span> <span class='ocrx_word' id='word_1_197' title='bbox 2927 1526 3202 1596; x_wconf 84' lang='lat' dir='ltr'><strong><em>jejunium.</em></strong></span> <span class='ocrx_word' id='word_1_198' title='bbox 3237 1525 3350 1580; x_wconf 90' lang='lat' dir='ltr'><strong><em>lluc</em></strong></span> <span class='ocrx_word' id='word_1_199' title='bbox 3396 1527 3533 1579; x_wconf 88' lang='lat' dir='ltr'><strong><em>reci-</em></strong></span> 
     </span>
    </p>
   </div>
   <div class='ocr_carea' id='block_1_15' title="bbox 267 1611 3534 1688">
    <p class='ocr_par' dir='ltr' id='par_1_15' title="bbox 267 1611 3534 1688">
     <span class='ocr_line' id='line_1_15' title="bbox 267 1611 3534 1688; baseline -0.001 -16"><span class='ocrx_word' id='word_1_200' title='bbox 267 1621 426 1681; x_wconf 84' lang='lat' dir='ltr'><strong><em>dunt,</em></strong></span> <span class='ocrx_word' id='word_1_201' title='bbox 458 1633 578 1688; x_wconf 66' lang='lat' dir='ltr'><strong><em>qua:</em></strong></span> <span class='ocrx_word' id='word_1_202' title='bbox 599 1617 756 1671; x_wconf 83' lang='lat' dir='ltr'><strong><em>docet</em></strong></span> <span class='ocrx_word' id='word_1_203' title='bbox 779 1615 997 1670; x_wconf 89' lang='lat' dir='ltr'><strong><em>homilia</em></strong></span> <span class='ocrx_word' id='word_1_204' title='bbox 1025 1614 1112 1680; x_wconf 69' lang='grc'><strong><em>44,</em></strong></span> <span class='ocrx_word' id='word_1_205' title='bbox 1138 1630 1257 1684; x_wconf 89' lang='lat' dir='ltr'><strong><em>pag.</em></strong></span> <span class='ocrx_word' id='word_1_206' title='bbox 1291 1614 1411 1679; x_wconf 64' lang='grc'><strong><em>154,</em></strong></span> <span class='ocrx_word' id='word_1_207' title='bbox 1445 1625 1498 1667; x_wconf 86' lang='lat' dir='ltr'><strong><em>et</em></strong></span> <span class='ocrx_word' id='word_1_208' title='bbox 1525 1629 1772 1667; x_wconf 83' lang='lat' dir='ltr'><strong><em>sermone</em></strong></span> <span class='ocrx_word' id='word_1_209' title='bbox 1801 1613 1881 1675; x_wconf 87' lang='lat' dir='ltr'><strong><em>l7,</em></strong></span> <span class='ocrx_word' id='word_1_210' title='bbox 1913 1627 2033 1682; x_wconf 84' lang='lat' dir='ltr'><strong><em>pag.</em></strong></span> <span class='ocrx_word' id='word_1_211' title='bbox 2065 1611 2186 1676; x_wconf 63' lang='lat'><strong><em>449.,</em></strong></span> <span class='ocrx_word' id='word_1_212' title='bbox 2217 1614 2326 1673; x_wconf 88' lang='lat' dir='ltr'><strong><em>ubi,</em></strong></span> <span class='ocrx_word' id='word_1_213' title='bbox 2360 1613 2647 1688; x_wconf 75' lang='lat' dir='ltr'><strong><em>Prcecepta,</em></strong></span> <span class='ocrx_word' id='word_1_214' title='bbox 2681 1616 2868 1684; x_wconf 89' lang='lat' dir='ltr'><strong><em>inquit,</em></strong></span> <span class='ocrx_word' id='word_1_215' title='bbox 2901 1617 3011 1686; x_wconf 86' lang='lat' dir='ltr'><strong><em>ejus</em></strong></span> <span class='ocrx_word' id='word_1_216' title='bbox 3049 1625 3166 1668; x_wconf 86' lang='lat' dir='ltr'><strong><em>ante</em></strong></span> <span class='ocrx_word' id='word_1_217' title='bbox 3208 1618 3381 1669; x_wconf 88' lang='lat' dir='ltr'><strong><em>omnia</em></strong></span> <span class='ocrx_word' id='word_1_218' title='bbox 3413 1633 3534 1670; x_wconf 87' lang='lat' dir='ltr'><strong><em>con-</em></strong></span> 
     </span>
    </p>
   </div>
   <div class='ocr_carea' id='block_1_16' title="bbox 269 1699 3535 1775">
    <p class='ocr_par' dir='ltr' id='par_1_16' title="bbox 269 1699 3535 1775">
     <span class='ocr_line' id='line_1_16' title="bbox 269 1699 3535 1775; baseline -0.001 -13"><span class='ocrx_word' id='word_1_219' title='bbox 269 1724 550 1772; x_wconf 75' lang='lat' dir='ltr'><strong><em>servemus,</em></strong></span> <span class='ocrx_word' id='word_1_220' title='bbox 581 1716 628 1758; x_wconf 88' lang='lat' dir='ltr'><strong><em>et</em></strong></span> <span class='ocrx_word' id='word_1_221' title='bbox 658 1706 912 1775; x_wconf 61' lang='lat' dir='ltr'><strong><em>praecipue</em></strong></span> <span class='ocrx_word' id='word_1_222' title='bbox 940 1704 1001 1757; x_wconf 91' lang='lat' dir='ltr'><strong><em>de</em></strong></span> <span class='ocrx_word' id='word_1_223' title='bbox 1015 1704 1231 1774; x_wconf 88' lang='lat' dir='ltr'><strong><em>jejuniis</em></strong></span> <span class='ocrx_word' id='word_1_224' title='bbox 1263 1701 1699 1772; x_wconf 74' lang='lat' dir='ltr'><strong><em>Quadragesimte.</em></strong></span> <span class='ocrx_word' id='word_1_225' title='bbox 1735 1701 1992 1773; x_wconf 82' lang='lat' dir='ltr'><strong><em>Plerique,</em></strong></span> <span class='ocrx_word' id='word_1_226' title='bbox 2021 1699 2199 1770; x_wconf 88' lang='lat' dir='ltr'><strong><em>quibus</em></strong></span> <span class='ocrx_word' id='word_1_227' title='bbox 2241 1703 2322 1754; x_wconf 86' lang='lat' dir='ltr'><strong><em>hic</em></strong></span> <span class='ocrx_word' id='word_1_228' title='bbox 2344 1703 2620 1772; x_wconf 86' lang='lat' dir='ltr'><strong><em>jejunandi</em></strong></span> <span class='ocrx_word' id='word_1_229' title='bbox 2649 1706 3030 1758; x_wconf 86' lang='lat' dir='ltr'><strong><em>sacratissimus</em></strong></span> <span class='ocrx_word' id='word_1_230' title='bbox 3067 1721 3308 1759; x_wconf 88' lang='lat' dir='ltr'><strong><em>numerus</em></strong></span> <span class='ocrx_word' id='word_1_231' title='bbox 3345 1706 3535 1759; x_wconf 90' lang='lat' dir='ltr'><strong><em>indici-</em></strong></span> 
     </span>
    </p>
   </div>
   <div class='ocr_carea' id='block_1_17' title="bbox 268 1790 3536 1866">
    <p class='ocr_par' dir='ltr' id='par_1_17' title="bbox 268 1790 3536 1866">
     <span class='ocr_line' id='line_1_17' title="bbox 268 1790 3536 1866; baseline -0.002 -14"><span class='ocrx_word' id='word_1_232' title='bbox 268 1809 375 1864; x_wconf 89' lang='lat' dir='ltr'><strong><em>tur,</em></strong></span> <span class='ocrx_word' id='word_1_233' title='bbox 407 1799 723 1866; x_wconf 68' lang='lat' dir='ltr'><strong><em>interpositis</em></strong></span> <span class='ocrx_word' id='word_1_234' title='bbox 752 1794 1086 1849; x_wconf 82' lang='lat' dir='ltr'><strong><em>hebdomadis</em></strong></span> <span class='ocrx_word' id='word_1_235' title='bbox 1115 1793 1359 1848; x_wconf 83' lang='lat' dir='ltr'><strong><em>divinitus</em></strong></span> <span class='ocrx_word' id='word_1_236' title='bbox 1388 1801 1632 1846; x_wconf 89' lang='lat' dir='ltr'><strong><em>statutum</em></strong></span> <span class='ocrx_word' id='word_1_237' title='bbox 1662 1799 1856 1861; x_wconf 82' lang='lat' dir='ltr'><strong><em>tempus</em></strong></span> <span class='ocrx_word' id='word_1_238' title='bbox 1884 1790 2077 1844; x_wconf 77' lang='lat' dir='ltr'><strong><em>violant</em></strong></span> <span class='ocrx_word' id='word_1_239' title='bbox 2115 1791 2443 1855; x_wconf 86' lang='lat' dir='ltr'><strong><em>comedendo,</em></strong></span> <span class='ocrx_word' id='word_1_240' title='bbox 2469 1808 2570 1845; x_wconf 88' lang='lat' dir='ltr'><strong><em>non</em></strong></span> <span class='ocrx_word' id='word_1_241' title='bbox 2609 1792 2971 1862; x_wconf 85' lang='lat' dir='ltr'><strong><em>intelligentes,</em></strong></span> <span class='ocrx_word' id='word_1_242' title='bbox 3007 1795 3142 1862; x_wconf 91' lang='lat' dir='ltr'><strong><em>quod</em></strong></span> <span class='ocrx_word' id='word_1_243' title='bbox 3181 1810 3283 1847; x_wconf 89' lang='lat' dir='ltr'><strong><em>non</em></strong></span> <span class='ocrx_word' id='word_1_244' title='bbox 3324 1795 3536 1847; x_wconf 88' lang='lat' dir='ltr'><strong><em>minoris</em></strong></span> 
     </span>
    </p>
   </div>
   <div class='ocr_carea' id='block_1_18' title="bbox 270 1877 3538 1960">
    <p class='ocr_par' dir='ltr' id='par_1_18' title="bbox 270 1877 3538 1960">
     <span class='ocr_line' id='line_1_18' title="bbox 270 1877 3538 1960; baseline -0.002 -18"><span class='ocrx_word' id='word_1_245' title='bbox 270 1888 736 1960; x_wconf 69' lang='lat' dir='ltr'><strong><em>prevaricatiouis,</em></strong></span> <span class='ocrx_word' id='word_1_246' title='bbox 768 1892 948 1939; x_wconf 86' lang='lat' dir='ltr'><strong><em>contra</em></strong></span> <span class='ocrx_word' id='word_1_247' title='bbox 993 1882 1321 1936; x_wconf 87' lang='lat' dir='ltr'><strong><em>interdictum</em></strong></span> <span class='ocrx_word' id='word_1_248' title='bbox 1347 1881 1602 1952; x_wconf 88' lang='lat' dir='ltr'><strong><em>gustando</em></strong></span> <span class='ocrx_word' id='word_1_249' title='bbox 1626 1920 1639 1942; x_wconf 93' lang='lat'><strong><em>,</em></strong></span> <span class='ocrx_word' id='word_1_250' title='bbox 1670 1882 1743 1933; x_wconf 90' lang='lat' dir='ltr'><strong><em>rei</em></strong></span> <span class='ocrx_word' id='word_1_251' title='bbox 1782 1887 1932 1943; x_wconf 88' lang='lat' dir='ltr'><strong><em>sunt,</em></strong></span> <span class='ocrx_word' id='word_1_252' title='bbox 1963 1895 2112 1949; x_wconf 88' lang='lat' dir='ltr'><strong><em>quam</em></strong></span> <span class='ocrx_word' id='word_1_253' title='bbox 2141 1877 2228 1930; x_wconf 89' lang='lat' dir='ltr'><strong><em>ille</em></strong></span> <span class='ocrx_word' id='word_1_254' title='bbox 2256 1878 2422 1931; x_wconf 85' lang='lat' dir='ltr'><strong><em>Adam</em></strong></span> <span class='ocrx_word' id='word_1_255' title='bbox 2460 1881 2546 1950; x_wconf 89' lang='lat' dir='ltr'><strong><em>qui</em></strong></span> <span class='ocrx_word' id='word_1_256' title='bbox 2590 1891 2770 1933; x_wconf 90' lang='lat' dir='ltr'><strong><em>contra</em></strong></span> <span class='ocrx_word' id='word_1_257' title='bbox 2816 1883 3019 1935; x_wconf 81' lang='lat' dir='ltr'><strong><em>vetitum</em></strong></span> <span class='ocrx_word' id='word_1_258' title='bbox 3048 1883 3406 1947; x_wconf 78' lang='lat' dir='ltr'><strong><em>manducavit;</em></strong></span> <span class='ocrx_word' id='word_1_259' title='bbox 3448 1884 3538 1936; x_wconf 86' lang='lat' dir='ltr'><strong><em>sed</em></strong></span> 
     </span>
    </p>
   </div>
   <div class='ocr_carea' id='block_1_19' title="bbox 271 1967 3537 2046">
    <p class='ocr_par' dir='ltr' id='par_1_19' title="bbox 271 1967 3537 2046">
     <span class='ocr_line' id='line_1_19' title="bbox 271 1967 3537 2046; baseline -0.001 -16"><span class='ocrx_word' id='word_1_260' title='bbox 271 1979 407 2030; x_wconf 86' lang='lat' dir='ltr'><strong><em>illius</em></strong></span> <span class='ocrx_word' id='word_1_261' title='bbox 435 1975 890 2046; x_wconf 66' lang='lat' dir='ltr'><strong><em>praevaricationes</em></strong></span> <span class='ocrx_word' id='word_1_262' title='bbox 917 1969 1106 2025; x_wconf 84' lang='lat' dir='ltr'><strong><em>Christi</em></strong></span> <span class='ocrx_word' id='word_1_263' title='bbox 1134 1970 1349 2023; x_wconf 89' lang='lat' dir='ltr'><strong><em>redemit</em></strong></span> <span class='ocrx_word' id='word_1_264' title='bbox 1371 1969 1588 2041; x_wconf 77' lang='lat' dir='ltr'><strong><em>passio?</em></strong></span> <span class='ocrx_word' id='word_1_265' title='bbox 1614 1968 1681 2022; x_wconf 83' lang='lat' dir='ltr'><strong><em>At</em></strong></span> <span class='ocrx_word' id='word_1_266' title='bbox 1701 1983 1822 2022; x_wconf 87' lang='lat' dir='ltr'><strong><em>cum</em></strong></span> <span class='ocrx_word' id='word_1_267' title='bbox 1843 1967 2105 2021; x_wconf 78' lang='lat' dir='ltr'><strong><em>Maximus</em></strong></span> <span class='ocrx_word' id='word_1_268' title='bbox 2133 1968 2328 2022; x_wconf 89' lang='lat' dir='ltr'><strong><em>virtute</em></strong></span> <span class='ocrx_word' id='word_1_269' title='bbox 2354 1969 2619 2036; x_wconf 85' lang='lat' dir='ltr'><strong><em>passionis</em></strong></span> <span class='ocrx_word' id='word_1_270' title='bbox 2647 1970 2867 2035; x_wconf 82' lang='lat' dir='ltr'><strong><em>Christi,</em></strong></span> <span class='ocrx_word' id='word_1_271' title='bbox 2915 1972 3119 2026; x_wconf 75' lang='lat' dir='ltr'><strong><em>remitti</em></strong></span> <span class='ocrx_word' id='word_1_272' title='bbox 3161 1982 3378 2040; x_wconf 88' lang='lat' dir='ltr'><strong><em>peccata</em></strong></span> <span class='ocrx_word' id='word_1_273' title='bbox 3414 1989 3537 2035; x_wconf 67' lang='lat' dir='ltr'><strong><em>ras-</em></strong></span> 
     </span>
    </p>
   </div>
   <div class='ocr_carea' id='block_1_20' title="bbox 269 2052 3535 2134">
    <p class='ocr_par' dir='ltr' id='par_1_20' title="bbox 269 2052 3535 2134">
     <span class='ocr_line' id='line_1_20' title="bbox 269 2052 3535 2134; baseline -0 -15"><span class='ocrx_word' id='word_1_274' title='bbox 269 2067 369 2120; x_wconf 85' lang='lat' dir='ltr'><strong><em>sim</em></strong></span> <span class='ocrx_word' id='word_1_275' title='bbox 398 2065 671 2134; x_wconf 73' lang='lat' dir='ltr'><strong><em>prmdicet,</em></strong></span> <span class='ocrx_word' id='word_1_276' title='bbox 701 2070 759 2114; x_wconf 86' lang='lat' dir='ltr'><strong><em>ut</em></strong></span> <span class='ocrx_word' id='word_1_277' title='bbox 788 2061 946 2131; x_wconf 90' lang='lat' dir='ltr'><strong><em>paulo</em></strong></span> <span class='ocrx_word' id='word_1_278' title='bbox 975 2067 1096 2128; x_wconf 90' lang='lat' dir='ltr'><strong><em>post</em></strong></span> <span class='ocrx_word' id='word_1_279' title='bbox 1136 2058 1470 2122; x_wconf 80' lang='lat' dir='ltr'><strong><em>videbimus;</em></strong></span> <span class='ocrx_word' id='word_1_280' title='bbox 1502 2058 1626 2126; x_wconf 88' lang='lat' dir='ltr'><strong><em>quid</em></strong></span> <span class='ocrx_word' id='word_1_281' title='bbox 1657 2067 1738 2111; x_wconf 90' lang='lat' dir='ltr'><strong><em>est</em></strong></span> <span class='ocrx_word' id='word_1_282' title='bbox 1765 2052 1906 2125; x_wconf 83' lang='lat' dir='ltr'><strong><em>quod</em></strong></span> <span class='ocrx_word' id='word_1_283' title='bbox 1936 2058 2373 2127; x_wconf 69' lang='lat' dir='ltr'><strong><em>prtevaricatores</em></strong></span> <span class='ocrx_word' id='word_1_284' title='bbox 2415 2067 2540 2126; x_wconf 87' lang='lat' dir='ltr'><strong><em>post</em></strong></span> <span class='ocrx_word' id='word_1_285' title='bbox 2586 2061 2891 2128; x_wconf 81' lang='lat' dir='ltr'><strong><em>passionem</em></strong></span> <span class='ocrx_word' id='word_1_286' title='bbox 2929 2061 3126 2116; x_wconf 83' lang='lat' dir='ltr'><strong><em>Christi</em></strong></span> <span class='ocrx_word' id='word_1_287' title='bbox 3167 2064 3535 2118; x_wconf 84' lang='lat' dir='ltr'><strong><em>remissionem</em></strong></span> 
     </span>
    </p>
   </div>
   <div class='ocr_carea' id='block_1_21' title="bbox 269 2146 3535 2220">
    <p class='ocr_par' dir='ltr' id='par_1_21' title="bbox 269 2146 3535 2220">
     <span class='ocr_line' id='line_1_21' title="bbox 269 2146 3535 2220; baseline 0.001 -12"><span class='ocrx_word' id='word_1_288' title='bbox 269 2162 656 2208; x_wconf 88' lang='lat' dir='ltr'><strong><em>consecuturos</em></strong></span> <span class='ocrx_word' id='word_1_289' title='bbox 685 2163 880 2218; x_wconf 86' lang='lat' dir='ltr'><strong><em>negare</em></strong></span> <span class='ocrx_word' id='word_1_290' title='bbox 910 2148 1187 2203; x_wconf 83' lang='lat' dir='ltr'><strong><em>videatur?</em></strong></span> <span class='ocrx_word' id='word_1_291' title='bbox 1216 2146 1320 2201; x_wconf 89' lang='lat' dir='ltr'><strong><em>Sed</em></strong></span> <span class='ocrx_word' id='word_1_292' title='bbox 1349 2146 1452 2202; x_wconf 90' lang='lat' dir='ltr'><strong><em>hoc</em></strong></span> <span class='ocrx_word' id='word_1_293' title='bbox 1477 2155 1637 2216; x_wconf 82' lang='lat' dir='ltr'><strong><em>negat</em></strong></span> <span class='ocrx_word' id='word_1_294' title='bbox 1664 2146 1948 2214; x_wconf 72' lang='lat' dir='ltr'><strong><em>Maximus,</em></strong></span> <span class='ocrx_word' id='word_1_295' title='bbox 2004 2146 2427 2215; x_wconf 78' lang='lat' dir='ltr'><strong><em>redemptionem</em></strong></span> <span class='ocrx_word' id='word_1_296' title='bbox 2458 2148 2615 2201; x_wconf 88' lang='lat' dir='ltr'><strong><em>aliam</em></strong></span> <span class='ocrx_word' id='word_1_297' title='bbox 2647 2158 2768 2218; x_wconf 88' lang='lat' dir='ltr'><strong><em>post</em></strong></span> <span class='ocrx_word' id='word_1_298' title='bbox 2807 2153 3109 2220; x_wconf 90' lang='lat' dir='ltr'><strong><em>passionem</em></strong></span> <span class='ocrx_word' id='word_1_299' title='bbox 3153 2153 3347 2208; x_wconf 89' lang='lat' dir='ltr'><strong><em>Christi</em></strong></span> <span class='ocrx_word' id='word_1_300' title='bbox 3395 2155 3535 2210; x_wconf 79' lang='lat' dir='ltr'><strong><em>futu-</em></strong></span> 
     </span>
    </p>
   </div>
   <div class='ocr_carea' id='block_1_22' title="bbox 269 2237 3536 2316">
    <p class='ocr_par' dir='ltr' id='par_1_22' title="bbox 269 2237 3536 2316">
     <span class='ocr_line' id='line_1_22' title="bbox 269 2237 3536 2316; baseline 0.002 -19"><span class='ocrx_word' id='word_1_301' title='bbox 269 2260 415 2307; x_wconf 71' lang='lat' dir='ltr'><strong><em>ram;</em></strong></span> <span class='ocrx_word' id='word_1_302' title='bbox 446 2259 555 2297; x_wconf 91' lang='lat' dir='ltr'><strong><em>non</em></strong></span> <span class='ocrx_word' id='word_1_303' title='bbox 588 2251 749 2309; x_wconf 85' lang='lat' dir='ltr'><strong><em>negat</em></strong></span> <span class='ocrx_word' id='word_1_304' title='bbox 775 2240 1148 2294; x_wconf 83' lang='lat' dir='ltr'><strong><em>remissionem</em></strong></span> <span class='ocrx_word' id='word_1_305' title='bbox 1179 2247 1522 2308; x_wconf 71' lang='lat' dir='ltr'><strong><em>peccatorum</em></strong></span> <span class='ocrx_word' id='word_1_306' title='bbox 1551 2237 1945 2292; x_wconf 80' lang='lat' dir='ltr'><strong><em>concedendam</em></strong></span> <span class='ocrx_word' id='word_1_307' title='bbox 1971 2237 2165 2291; x_wconf 89' lang='lat' dir='ltr'><strong><em>virtute</em></strong></span> <span class='ocrx_word' id='word_1_308' title='bbox 2205 2238 2469 2302; x_wconf 81' lang='lat' dir='ltr'><strong><em>passionis</em></strong></span> <span class='ocrx_word' id='word_1_309' title='bbox 2497 2238 2714 2305; x_wconf 83' lang='lat' dir='ltr'><strong><em>Christi,</em></strong></span> <span class='ocrx_word' id='word_1_310' title='bbox 2738 2242 2832 2309; x_wconf 87' lang='lat' dir='ltr'><strong><em>qui</em></strong></span> <span class='ocrx_word' id='word_1_311' title='bbox 2871 2258 2971 2297; x_wconf 90' lang='lat' dir='ltr'><strong><em>nos</em></strong></span> <span class='ocrx_word' id='word_1_312' title='bbox 3009 2246 3257 2314; x_wconf 83' lang='lat' dir='ltr'><strong><em>passione</em></strong></span> <span class='ocrx_word' id='word_1_313' title='bbox 3287 2247 3398 2316; x_wconf 88' lang='lat' dir='ltr'><strong><em>ipsa</em></strong></span> <span class='ocrx_word' id='word_1_314' title='bbox 3440 2264 3536 2304; x_wconf 89' lang='lat' dir='ltr'><strong><em>sua</em></strong></span> 
     </span>
    </p>
   </div>
   <div class='ocr_carea' id='block_1_23' title="bbox 271 2328 3537 2403">
    <p class='ocr_par' dir='ltr' id='par_1_23' title="bbox 271 2328 3537 2403">
     <span class='ocr_line' id='line_1_23' title="bbox 271 2328 3537 2403; baseline 0 -13"><span class='ocrx_word' id='word_1_315' title='bbox 271 2337 513 2390; x_wconf 76' lang='lat' dir='ltr'><strong><em>redemit.</em></strong></span> <span class='ocrx_word' id='word_1_316' title='bbox 548 2333 628 2388; x_wconf 82' lang='lat' dir='ltr'><strong><em>Eo</em></strong></span> <span class='ocrx_word' id='word_1_317' title='bbox 656 2342 830 2387; x_wconf 89' lang='lat' dir='ltr'><strong><em>tamen</em></strong></span> <span class='ocrx_word' id='word_1_318' title='bbox 854 2347 974 2388; x_wconf 89' lang='lat' dir='ltr'><strong><em>esse</em></strong></span> <span class='ocrx_word' id='word_1_319' title='bbox 1003 2331 1352 2399; x_wconf 84' lang='lat' dir='ltr'><strong><em>indigniorem</em></strong></span> <span class='ocrx_word' id='word_1_320' title='bbox 1385 2330 1549 2394; x_wconf 90' lang='lat' dir='ltr'><strong><em>illum,</em></strong></span> <span class='ocrx_word' id='word_1_321' title='bbox 1582 2329 1672 2397; x_wconf 89' lang='lat' dir='ltr'><strong><em>qui</em></strong></span> <span class='ocrx_word' id='word_1_322' title='bbox 1696 2337 1818 2398; x_wconf 88' lang='lat' dir='ltr'><strong><em>post</em></strong></span> <span class='ocrx_word' id='word_1_323' title='bbox 1845 2328 2041 2383; x_wconf 89' lang='lat' dir='ltr'><strong><em>Christi</em></strong></span> <span class='ocrx_word' id='word_1_324' title='bbox 2071 2328 2376 2397; x_wconf 85' lang='lat' dir='ltr'><strong><em>passionem</em></strong></span> <span class='ocrx_word' id='word_1_325' title='bbox 2404 2331 2808 2398; x_wconf 46' lang='lat' dir='ltr'><strong><em>prtevaricatur,‘</em></strong></span> <span class='ocrx_word' id='word_1_326' title='bbox 2833 2347 2940 2400; x_wconf 88' lang='lat' dir='ltr'><strong><em>quo</em></strong></span> <span class='ocrx_word' id='word_1_327' title='bbox 2972 2350 3194 2403; x_wconf 85' lang='lat' dir='ltr'><strong><em>peccare</em></strong></span> <span class='ocrx_word' id='word_1_328' title='bbox 3224 2336 3274 2389; x_wconf 86' lang='lat' dir='ltr'><strong><em>in</em></strong></span> <span class='ocrx_word' id='word_1_329' title='bbox 3306 2353 3428 2391; x_wconf 90' lang='lat' dir='ltr'><strong><em>eum</em></strong></span> <span class='ocrx_word' id='word_1_330' title='bbox 3468 2339 3537 2392; x_wconf 88' lang='lat' dir='ltr'><strong><em>sit</em></strong></span> 
     </span>
    </p>
   </div>
   <div class='ocr_carea' id='block_1_24' title="bbox 273 2416 3534 2494">
    <p class='ocr_par' dir='ltr' id='par_1_24' title="bbox 273 2416 3534 2494">
     <span class='ocr_line' id='line_1_24' title="bbox 273 2416 3534 2494; baseline 0 -15"><span class='ocrx_word' id='word_1_331' title='bbox 273 2442 451 2489; x_wconf 83' lang='lat' dir='ltr'><strong><em>ausus,</em></strong></span> <span class='ocrx_word' id='word_1_332' title='bbox 483 2427 577 2493; x_wconf 86' lang='lat' dir='ltr'><strong><em>qui</em></strong></span> <span class='ocrx_word' id='word_1_333' title='bbox 607 2421 903 2478; x_wconf 83' lang='lat' dir='ltr'><strong><em>redimendi</em></strong></span> <span class='ocrx_word' id='word_1_334' title='bbox 931 2421 1149 2474; x_wconf 78' lang='lat' dir='ltr'><strong><em>humani</em></strong></span> <span class='ocrx_word' id='word_1_335' title='bbox 1179 2419 1392 2487; x_wconf 82' lang='lat' dir='ltr'><strong><em>generis</em></strong></span> <span class='ocrx_word' id='word_1_336' title='bbox 1420 2433 1602 2480; x_wconf 85' lang='lat' dir='ltr'><strong><em>causa,</em></strong></span> <span class='ocrx_word' id='word_1_337' title='bbox 1649 2418 1959 2484; x_wconf 87' lang='lat' dir='ltr'><strong><em>sanguinem</em></strong></span> <span class='ocrx_word' id='word_1_338' title='bbox 1990 2416 2201 2471; x_wconf 84' lang='lat' dir='ltr'><strong><em>fuderit.</em></strong></span> <span class='ocrx_word' id='word_1_339' title='bbox 2235 2416 2494 2471; x_wconf 83' lang='lat' dir='ltr'><strong><em>Sermone</em></strong></span> <span class='ocrx_word' id='word_1_340' title='bbox 2525 2418 2612 2480; x_wconf 82' lang='grc'><strong>18,</strong></span> <span class='ocrx_word' id='word_1_341' title='bbox 2646 2433 2767 2487; x_wconf 85' lang='lat' dir='ltr'><strong><em>pag.</em></strong></span> <span class='ocrx_word' id='word_1_342' title='bbox 2799 2418 2905 2471; x_wconf 74' lang='grc'><strong><em>442</em></strong></span> <span class='ocrx_word' id='word_1_343' title='bbox 2936 2439 2948 2473; x_wconf 91' lang='lat'><strong>:</strong></span> <span class='ocrx_word' id='word_1_344' title='bbox 2982 2421 3170 2478; x_wconf 82' lang='lat' dir='ltr'><strong><em>Merito</em></strong></span> <span class='ocrx_word' id='word_1_345' title='bbox 3201 2442 3315 2490; x_wconf 87' lang='lat' dir='ltr'><strong><em>nos,</em></strong></span> <span class='ocrx_word' id='word_1_346' title='bbox 3343 2426 3534 2494; x_wconf 81' lang='lat' dir='ltr'><strong><em>inquit,</em></strong></span> 
     </span>
    </p>
   </div>
   <div class='ocr_carea' id='block_1_25' title="bbox 274 2506 3534 2586">
    <p class='ocr_par' dir='ltr' id='par_1_25' title="bbox 274 2506 3534 2586">
     <span class='ocr_line' id='line_1_25' title="bbox 274 2506 3534 2586; baseline -0 -16"><span class='ocrx_word' id='word_1_347' title='bbox 274 2520 404 2570; x_wconf 87' lang='lat' dir='ltr'><strong><em>hunc</em></strong></span> <span class='ocrx_word' id='word_1_348' title='bbox 433 2513 833 2586; x_wconf 90' lang='lat' dir='ltr'><strong><em>(quadraginta)</em></strong></span> <span class='ocrx_word' id='word_1_349' title='bbox 865 2513 1062 2565; x_wconf 87' lang='lat' dir='ltr'><strong><em>dierum</em></strong></span> <span class='ocrx_word' id='word_1_350' title='bbox 1091 2526 1356 2564; x_wconf 88' lang='lat' dir='ltr'><strong><em>numerum</em></strong></span> <span class='ocrx_word' id='word_1_351' title='bbox 1403 2507 1658 2561; x_wconf 89' lang='lat' dir='ltr'><strong><em>custodire</em></strong></span> <span class='ocrx_word' id='word_1_352' title='bbox 1705 2506 1942 2560; x_wconf 87' lang='lat' dir='ltr'><strong><em>debemus</em></strong></span> <span class='ocrx_word' id='word_1_353' title='bbox 1963 2509 2202 2578; x_wconf 87' lang='lat' dir='ltr'><strong><em>jejuniis,</em></strong></span> <span class='ocrx_word' id='word_1_354' title='bbox 2231 2525 2378 2578; x_wconf 89' lang='lat' dir='ltr'><strong><em>quem</em></strong></span> <span class='ocrx_word' id='word_1_355' title='bbox 2425 2525 2515 2578; x_wconf 88' lang='lat' dir='ltr'><strong><em>per</em></strong></span> <span class='ocrx_word' id='word_1_356' title='bbox 2544 2509 2669 2562; x_wconf 87' lang='lat' dir='ltr'><strong><em>talia</em></strong></span> <span class='ocrx_word' id='word_1_357' title='bbox 2714 2511 2948 2580; x_wconf 76' lang='lat' dir='ltr'><strong><em>exempla</em></strong></span> <span class='ocrx_word' id='word_1_358' title='bbox 2992 2510 3207 2582; x_wconf 83' lang='lat' dir='ltr'><strong><em>(Christi</em></strong></span> <span class='ocrx_word' id='word_1_359' title='bbox 3255 2515 3534 2584; x_wconf 82' lang='lat' dir='ltr'><strong><em>imprimis)</em></strong></span> 
     </span>
    </p>
   </div>
   <div class='ocr_carea' id='block_1_26' title="bbox 272 2598 3534 2678">
    <p class='ocr_par' dir='ltr' id='par_1_26' title="bbox 272 2598 3534 2678">
     <span class='ocr_line' id='line_1_26' title="bbox 272 2598 3534 2678; baseline 0.001 -18"><span class='ocrx_word' id='word_1_360' title='bbox 272 2608 489 2678; x_wconf 75' lang='lat' dir='ltr'><strong><em>legimus</em></strong></span> <span class='ocrx_word' id='word_1_361' title='bbox 517 2612 892 2658; x_wconf 89' lang='lat' dir='ltr'><strong><em>consecratum.</em></strong></span> <span class='ocrx_word' id='word_1_362' title='bbox 926 2601 1004 2655; x_wconf 82' lang='lat' dir='ltr'><strong><em>Ex</em></strong></span> <span class='ocrx_word' id='word_1_363' title='bbox 1034 2602 1116 2655; x_wconf 90' lang='lat' dir='ltr'><strong><em>his</em></strong></span> <span class='ocrx_word' id='word_1_364' title='bbox 1154 2615 1271 2669; x_wconf 73' lang='lat' dir='ltr'><strong><em>qua)</em></strong></span> <span class='ocrx_word' id='word_1_365' title='bbox 1308 2607 1432 2654; x_wconf 92' lang='lat' dir='ltr'><strong><em>sunt</em></strong></span> <span class='ocrx_word' id='word_1_366' title='bbox 1473 2599 1732 2652; x_wconf 84' lang='lat' dir='ltr'><strong><em>hactenus</em></strong></span> <span class='ocrx_word' id='word_1_367' title='bbox 1771 2598 2038 2667; x_wconf 86' lang='lat' dir='ltr'><strong><em>descripta</em></strong></span> <span class='ocrx_word' id='word_1_368' title='bbox 2068 2599 2201 2653; x_wconf 89' lang='lat' dir='ltr'><strong><em>locis</em></strong></span> <span class='ocrx_word' id='word_1_369' title='bbox 2230 2600 2536 2669; x_wconf 88' lang='lat' dir='ltr'><strong><em>perspicere</em></strong></span> <span class='ocrx_word' id='word_1_370' title='bbox 2583 2602 2808 2670; x_wconf 88' lang='lat' dir='ltr'><strong><em>quisque</em></strong></span> <span class='ocrx_word' id='word_1_371' title='bbox 2856 2612 3053 2672; x_wconf 88' lang='lat' dir='ltr'><strong><em>potest,</em></strong></span> <span class='ocrx_word' id='word_1_372' title='bbox 3089 2605 3395 2674; x_wconf 82' lang='lat' dir='ltr'><strong><em>Maximum,</em></strong></span> <span class='ocrx_word' id='word_1_373' title='bbox 3430 2625 3534 2664; x_wconf 93' lang='lat' dir='ltr'><strong><em>non</em></strong></span> 
     </span>
    </p>
   </div>
   <div class='ocr_carea' id='block_1_27' title="bbox 271 2689 3532 2768">
    <p class='ocr_par' dir='ltr' id='par_1_27' title="bbox 271 2689 3532 2768">
     <span class='ocr_line' id='line_1_27' title="bbox 271 2689 3532 2768; baseline 0 -16"><span class='ocrx_word' id='word_1_374' title='bbox 271 2713 388 2752; x_wconf 86' lang='lat' dir='ltr'><strong><em>esse</em></strong></span> <span class='ocrx_word' id='word_1_375' title='bbox 417 2695 772 2752; x_wconf 88' lang='lat' dir='ltr'><strong><em>institutionis</em></strong></span> <span class='ocrx_word' id='word_1_376' title='bbox 799 2694 1043 2747; x_wconf 72' lang='lat' dir='ltr'><strong><em>humana:</em></strong></span> <span class='ocrx_word' id='word_1_377' title='bbox 1065 2691 1325 2761; x_wconf 86' lang='lat' dir='ltr'><strong><em>jejunium</em></strong></span> <span class='ocrx_word' id='word_1_378' title='bbox 1355 2689 1831 2758; x_wconf 86' lang='lat' dir='ltr'><strong><em>quadragesimale,</em></strong></span> <span class='ocrx_word' id='word_1_379' title='bbox 1862 2689 1956 2743; x_wconf 86' lang='lat' dir='ltr'><strong><em>sed</em></strong></span> <span class='ocrx_word' id='word_1_380' title='bbox 1980 2689 2213 2744; x_wconf 69' lang='lat' dir='ltr'><strong><em>caelestis</em></strong></span> <span class='ocrx_word' id='word_1_381' title='bbox 2235 2689 2532 2759; x_wconf 79' lang='lat' dir='ltr'><strong><em>majestatis</em></strong></span> <span class='ocrx_word' id='word_1_382' title='bbox 2558 2707 2654 2746; x_wconf 87' lang='lat' dir='ltr'><strong><em>seu</em></strong></span> <span class='ocrx_word' id='word_1_383' title='bbox 2682 2691 2934 2748; x_wconf 82' lang='lat' dir='ltr'><strong><em>divinitus</em></strong></span> <span class='ocrx_word' id='word_1_384' title='bbox 2963 2696 3235 2750; x_wconf 87' lang='lat' dir='ltr'><strong><em>constituti</em></strong></span> <span class='ocrx_word' id='word_1_385' title='bbox 3263 2699 3532 2768; x_wconf 61' lang='lat' dir='ltr'><strong><em>praecepti,</em></strong></span> 
     </span>
    </p>
   </div>
   <div class='ocr_carea' id='block_1_28' title="bbox 273 2780 3535 2854">
    <p class='ocr_par' dir='ltr' id='par_1_28' title="bbox 273 2780 3535 2854">
     <span class='ocr_line' id='line_1_28' title="bbox 273 2780 3535 2854; baseline 0.001 -12"><span class='ocrx_word' id='word_1_386' title='bbox 273 2791 522 2853; x_wconf 77' lang='lat' dir='ltr'><strong><em>alentem,</em></strong></span> <span class='ocrx_word' id='word_1_387' title='bbox 557 2803 664 2842; x_wconf 89' lang='lat' dir='ltr'><strong><em>non</em></strong></span> <span class='ocrx_word' id='word_1_388' title='bbox 697 2787 767 2839; x_wconf 86' lang='lat' dir='ltr'><strong><em>ita</em></strong></span> <span class='ocrx_word' id='word_1_389' title='bbox 813 2799 998 2854; x_wconf 87' lang='lat' dir='ltr'><strong><em>presse</em></strong></span> <span class='ocrx_word' id='word_1_390' title='bbox 1027 2791 1356 2850; x_wconf 79' lang='lat' dir='ltr'><strong><em>angusteque</em></strong></span> <span class='ocrx_word' id='word_1_391' title='bbox 1386 2780 1550 2848; x_wconf 89' lang='lat' dir='ltr'><strong><em>loqui,</em></strong></span> <span class='ocrx_word' id='word_1_392' title='bbox 1592 2789 1651 2833; x_wconf 92' lang='lat' dir='ltr'><strong><em>ut</em></strong></span> <span class='ocrx_word' id='word_1_393' title='bbox 1680 2780 1808 2834; x_wconf 89' lang='lat' dir='ltr'><strong><em>illud</em></strong></span> <span class='ocrx_word' id='word_1_394' title='bbox 1839 2781 2136 2851; x_wconf 89' lang='lat' dir='ltr'><strong><em>imperante</em></strong></span> <span class='ocrx_word' id='word_1_395' title='bbox 2185 2781 2298 2836; x_wconf 90' lang='lat' dir='ltr'><strong><em>Deo</em></strong></span> <span class='ocrx_word' id='word_1_396' title='bbox 2332 2783 2677 2838; x_wconf 88' lang='lat' dir='ltr'><strong><em>constitutum</em></strong></span> <span class='ocrx_word' id='word_1_397' title='bbox 2705 2801 2718 2848; x_wconf 92' lang='lat'><strong><em>;</em></strong></span> <span class='ocrx_word' id='word_1_398' title='bbox 2749 2783 2843 2838; x_wconf 89' lang='lat' dir='ltr'><strong><em>sed</em></strong></span> <span class='ocrx_word' id='word_1_399' title='bbox 2890 2784 2963 2838; x_wconf 87' lang='lat' dir='ltr'><strong><em>ita</em></strong></span> <span class='ocrx_word' id='word_1_400' title='bbox 3006 2785 3289 2852; x_wconf 84' lang='lat' dir='ltr'><strong><em>disserere,</em></strong></span> <span class='ocrx_word' id='word_1_401' title='bbox 3323 2797 3381 2841; x_wconf 91' lang='lat' dir='ltr'><strong><em>ut</em></strong></span> <span class='ocrx_word' id='word_1_402' title='bbox 3409 2788 3535 2844; x_wconf 88' lang='lat' dir='ltr'><strong><em>illud</em></strong></span> 
     </span>
    </p>
   </div>
   <div class='ocr_carea' id='block_1_29' title="bbox 271 2872 3533 2948">
    <p class='ocr_par' dir='ltr' id='par_1_29' title="bbox 271 2872 3533 2948">
     <span class='ocr_line' id='line_1_29' title="bbox 271 2872 3533 2948; baseline -0.001 -13"><span class='ocrx_word' id='word_1_403' title='bbox 271 2883 440 2948; x_wconf 71' lang='lat' dir='ltr'><strong><em>ipsum</em></strong></span> <span class='ocrx_word' id='word_1_404' title='bbox 473 2879 747 2933; x_wconf 86' lang='lat' dir='ltr'><strong><em>inductum</em></strong></span> <span class='ocrx_word' id='word_1_405' title='bbox 779 2876 990 2940; x_wconf 88' lang='lat' dir='ltr'><strong><em>indicet,</em></strong></span> <span class='ocrx_word' id='word_1_406' title='bbox 1019 2875 1171 2944; x_wconf 83' lang='lat' dir='ltr'><strong><em>jussu</em></strong></span> <span class='ocrx_word' id='word_1_407' title='bbox 1199 2872 1454 2928; x_wconf 71' lang='lat' dir='ltr'><strong><em>Ecclesia:</em></strong></span> <span class='ocrx_word' id='word_1_408' title='bbox 1490 2872 1775 2942; x_wconf 72' lang='lat' dir='ltr'><strong><em>prtesidum</em></strong></span> <span class='ocrx_word' id='word_1_409' title='bbox 1817 2882 1941 2942; x_wconf 88' lang='lat' dir='ltr'><strong><em>apte</em></strong></span> <span class='ocrx_word' id='word_1_410' title='bbox 1982 2872 2048 2926; x_wconf 87' lang='lat' dir='ltr'><strong><em>ad</em></strong></span> <span class='ocrx_word' id='word_1_411' title='bbox 2089 2874 2333 2943; x_wconf 82' lang='lat' dir='ltr'><strong><em>exempla</em></strong></span> <span class='ocrx_word' id='word_1_412' title='bbox 2376 2874 2591 2940; x_wconf 88' lang='lat' dir='ltr'><strong><em>Christi,</em></strong></span> <span class='ocrx_word' id='word_1_413' title='bbox 2624 2877 2715 2944; x_wconf 88' lang='lat' dir='ltr'><strong><em>qui</em></strong></span> <span class='ocrx_word' id='word_1_414' title='bbox 2760 2876 2947 2931; x_wconf 88' lang='lat' dir='ltr'><strong><em>diebus</em></strong></span> <span class='ocrx_word' id='word_1_415' title='bbox 2986 2877 3206 2931; x_wconf 87' lang='lat' dir='ltr'><strong><em>totidem</em></strong></span> <span class='ocrx_word' id='word_1_416' title='bbox 3247 2877 3533 2946; x_wconf 84' lang='lat' dir='ltr'><strong><em>jejunarat.</em></strong></span> 
     </span>
    </p>
   </div>
   <div class='ocr_carea' id='block_1_30' title="bbox 273 2961 3536 3039">
    <p class='ocr_par' dir='ltr' id='par_1_30' title="bbox 273 2961 3536 3039">
     <span class='ocr_line' id='line_1_30' title="bbox 273 2961 3536 3039; baseline -0.001 -15"><span class='ocrx_word' id='word_1_417' title='bbox 273 2972 443 3039; x_wconf 73' lang='lat' dir='ltr'><strong><em>Atque</em></strong></span> <span class='ocrx_word' id='word_1_418' title='bbox 473 2971 578 3024; x_wconf 88' lang='lat' dir='ltr'><strong><em>hoc</em></strong></span> <span class='ocrx_word' id='word_1_419' title='bbox 603 2969 693 3021; x_wconf 89' lang='lat' dir='ltr'><strong><em>ille</em></strong></span> <span class='ocrx_word' id='word_1_420' title='bbox 718 2974 894 3036; x_wconf 88' lang='lat' dir='ltr'><strong><em>pacto,</em></strong></span> <span class='ocrx_word' id='word_1_421' title='bbox 926 2981 1028 3018; x_wconf 91' lang='lat' dir='ltr'><strong><em>non</em></strong></span> <span class='ocrx_word' id='word_1_422' title='bbox 1059 2972 1167 3016; x_wconf 91' lang='lat' dir='ltr'><strong><em>tam</em></strong></span> <span class='ocrx_word' id='word_1_423' title='bbox 1195 2961 1520 3016; x_wconf 87' lang='lat' dir='ltr'><strong><em>sacerdotum</em></strong></span> <span class='ocrx_word' id='word_1_424' title='bbox 1546 2971 1879 3032; x_wconf 81' lang='lat' dir='ltr'><strong><em>prceceptum,</em></strong></span> <span class='ocrx_word' id='word_1_425' title='bbox 1912 2961 1964 3015; x_wconf 91' lang='lat' dir='ltr'><strong><em>id</em></strong></span> <span class='ocrx_word' id='word_1_426' title='bbox 1991 2961 2120 3016; x_wconf 90' lang='lat' dir='ltr'><strong><em>dicit</em></strong></span> <span class='ocrx_word' id='word_1_427' title='bbox 2148 2977 2287 3025; x_wconf 89' lang='lat' dir='ltr'><strong><em>esse,</em></strong></span> <span class='ocrx_word' id='word_1_428' title='bbox 2319 2980 2471 3035; x_wconf 88' lang='lat' dir='ltr'><strong><em>quam</em></strong></span> <span class='ocrx_word' id='word_1_429' title='bbox 2515 2963 2630 3028; x_wconf 90' lang='lat' dir='ltr'><strong><em>Dei,</em></strong></span> <span class='ocrx_word' id='word_1_430' title='bbox 2681 2965 2822 3033; x_wconf 88' lang='lat' dir='ltr'><strong><em>quod</em></strong></span> <span class='ocrx_word' id='word_1_431' title='bbox 2851 2968 2936 3036; x_wconf 87' lang='lat' dir='ltr'><strong><em>qui</em></strong></span> <span class='ocrx_word' id='word_1_432' title='bbox 2967 2967 3188 3036; x_wconf 84' lang='lat' dir='ltr'><strong><em>spernit,</em></strong></span> <span class='ocrx_word' id='word_1_433' title='bbox 3230 2983 3331 3020; x_wconf 88' lang='lat' dir='ltr'><strong><em>non</em></strong></span> <span class='ocrx_word' id='word_1_434' title='bbox 3359 2983 3536 3020; x_wconf 90' lang='lat' dir='ltr'><strong><em>sacer-</em></strong></span> 
     </span>
    </p>
   </div>
   <div class='ocr_carea' id='block_1_31' title="bbox 269 3049 3537 3126">
    <p class='ocr_par' dir='ltr' id='par_1_31' title="bbox 269 3049 3537 3126">
     <span class='ocr_line' id='line_1_31' title="bbox 269 3049 3537 3126; baseline -0 -15"><span class='ocrx_word' id='word_1_435' title='bbox 269 3061 437 3114; x_wconf 86' lang='lat' dir='ltr'><strong><em>dotem</em></strong></span> <span class='ocrx_word' id='word_1_436' title='bbox 466 3067 700 3126; x_wconf 86' lang='lat' dir='ltr'><strong><em>spernat,</em></strong></span> <span class='ocrx_word' id='word_1_437' title='bbox 731 3055 820 3108; x_wconf 89' lang='lat' dir='ltr'><strong><em>sed</em></strong></span> <span class='ocrx_word' id='word_1_438' title='bbox 849 3053 1126 3115; x_wconf 85' lang='lat' dir='ltr'><strong><em>Christum,</em></strong></span> <span class='ocrx_word' id='word_1_439' title='bbox 1151 3052 1237 3122; x_wconf 86' lang='lat' dir='ltr'><strong><em>qui</em></strong></span> <span class='ocrx_word' id='word_1_440' title='bbox 1266 3052 1320 3104; x_wconf 89' lang='lat' dir='ltr'><strong><em>in</em></strong></span> <span class='ocrx_word' id='word_1_441' title='bbox 1349 3067 1441 3104; x_wconf 92' lang='lat' dir='ltr'><strong><em>suo</em></strong></span> <span class='ocrx_word' id='word_1_442' title='bbox 1470 3050 1691 3121; x_wconf 88' lang='lat' dir='ltr'><strong><em>loquitur</em></strong></span> <span class='ocrx_word' id='word_1_443' title='bbox 1722 3050 2004 3112; x_wconf 83' lang='lat' dir='ltr'><strong><em>sacerdote.</em></strong></span> <span class='ocrx_word' id='word_1_444' title='bbox 2034 3049 2233 3104; x_wconf 80' lang='lat' dir='ltr'><strong><em>Verum</em></strong></span> <span class='ocrx_word' id='word_1_445' title='bbox 2263 3052 2314 3106; x_wconf 89' lang='lat' dir='ltr'><strong><em>id</em></strong></span> <span class='ocrx_word' id='word_1_446' title='bbox 2334 3051 2522 3120; x_wconf 87' lang='lat' dir='ltr'><strong><em>jejunii</em></strong></span> <span class='ocrx_word' id='word_1_447' title='bbox 2552 3066 2719 3120; x_wconf 87' lang='lat' dir='ltr'><strong><em>genus</em></strong></span> <span class='ocrx_word' id='word_1_448' title='bbox 2747 3069 2856 3124; x_wconf 77' lang='lat' dir='ltr'><strong><em>pne</em></strong></span> <span class='ocrx_word' id='word_1_449' title='bbox 2886 3056 3094 3110; x_wconf 68' lang='lat' dir='ltr'><strong><em>ueteris</em></strong></span> <span class='ocrx_word' id='word_1_450' title='bbox 3121 3071 3373 3124; x_wconf 88' lang='lat' dir='ltr'><strong><em>perquam</em></strong></span> <span class='ocrx_word' id='word_1_451' title='bbox 3415 3057 3537 3110; x_wconf 91' lang='lat' dir='ltr'><strong><em>dili-</em></strong></span> 
     </span>
    </p>
   </div>
   <div class='ocr_carea' id='block_1_32' title="bbox 268 3141 3538 3218">
    <p class='ocr_par' dir='ltr' id='par_1_32' title="bbox 268 3141 3538 3218">
     <span class='ocr_line' id='line_1_32' title="bbox 268 3141 3538 3218; baseline -0 -15"><span class='ocrx_word' id='word_1_452' title='bbox 268 3158 456 3218; x_wconf 88' lang='lat' dir='ltr'><strong><em>genter</em></strong></span> <span class='ocrx_word' id='word_1_453' title='bbox 483 3157 645 3217; x_wconf 87' lang='lat' dir='ltr'><strong><em>atque</em></strong></span> <span class='ocrx_word' id='word_1_454' title='bbox 672 3160 858 3200; x_wconf 84' lang='lat' dir='ltr'><strong><em>severe</em></strong></span> <span class='ocrx_word' id='word_1_455' title='bbox 885 3142 1165 3199; x_wconf 87' lang='lat' dir='ltr'><strong><em>colendum</em></strong></span> <span class='ocrx_word' id='word_1_456' title='bbox 1195 3151 1354 3209; x_wconf 88' lang='lat' dir='ltr'><strong><em>atque</em></strong></span> <span class='ocrx_word' id='word_1_457' title='bbox 1380 3141 1788 3197; x_wconf 87' lang='lat' dir='ltr'><strong><em>custodiendum</em></strong></span> <span class='ocrx_word' id='word_1_458' title='bbox 1818 3156 1955 3206; x_wconf 86' lang='lat' dir='ltr'><strong><em>esse,</em></strong></span> <span class='ocrx_word' id='word_1_459' title='bbox 1991 3151 2192 3207; x_wconf 89' lang='lat' dir='ltr'><strong><em>monet,</em></strong></span> <span class='ocrx_word' id='word_1_460' title='bbox 2236 3143 2378 3211; x_wconf 89' lang='lat' dir='ltr'><strong><em>quod</em></strong></span> <span class='ocrx_word' id='word_1_461' title='bbox 2409 3145 2657 3214; x_wconf 79' lang='lat' dir='ltr'><strong><em>exemplo</em></strong></span> <span class='ocrx_word' id='word_1_462' title='bbox 2699 3147 2768 3200; x_wconf 90' lang='lat' dir='ltr'><strong><em>sit</em></strong></span> <span class='ocrx_word' id='word_1_463' title='bbox 2814 3155 3187 3202; x_wconf 88' lang='lat' dir='ltr'><strong><em>consecratum</em></strong></span> <span class='ocrx_word' id='word_1_464' title='bbox 3239 3147 3538 3203; x_wconf 80' lang='lat' dir='ltr'><strong><em>Servatoris</em></strong></span> 
     </span>
    </p>
   </div>
   <div class='ocr_carea' id='block_1_33' title="bbox 268 3231 3538 3310">
    <p class='ocr_par' dir='ltr' id='par_1_33' title="bbox 268 3231 3538 3310">
     <span class='ocr_line' id='line_1_33' title="bbox 268 3231 3538 3310; baseline 0.001 -18"><span class='ocrx_word' id='word_1_465' title='bbox 268 3237 482 3306; x_wconf 74' lang='lat' dir='ltr'><strong><em>generis</em></strong></span> <span class='ocrx_word' id='word_1_466' title='bbox 507 3236 746 3296; x_wconf 88' lang='lat' dir='ltr'><strong><em>humani,</em></strong></span> <span class='ocrx_word' id='word_1_467' title='bbox 773 3233 1044 3302; x_wconf 75' lang='lat' dir='ltr'><strong><em>quodque,</em></strong></span> <span class='ocrx_word' id='word_1_468' title='bbox 1071 3240 1129 3284; x_wconf 86' lang='lat' dir='ltr'><strong><em>ut</em></strong></span> <span class='ocrx_word' id='word_1_469' title='bbox 1154 3231 1369 3285; x_wconf 87' lang='lat' dir='ltr'><strong><em>aliunde</em></strong></span> <span class='ocrx_word' id='word_1_470' title='bbox 1398 3238 1627 3294; x_wconf 87' lang='lat' dir='ltr'><strong><em>constat,</em></strong></span> <span class='ocrx_word' id='word_1_471' title='bbox 1672 3237 1857 3285; x_wconf 88' lang='lat' dir='ltr'><strong><em>s&#39;ancte</em></strong></span> <span class='ocrx_word' id='word_1_472' title='bbox 1902 3232 2058 3285; x_wconf 78' lang='lat' dir='ltr'><strong><em>fuerit</em></strong></span> <span class='ocrx_word' id='word_1_473' title='bbox 2087 3248 2300 3303; x_wconf 89' lang='lat' dir='ltr'><strong><em>semper</em></strong></span> <span class='ocrx_word' id='word_1_474' title='bbox 2337 3235 2389 3288; x_wconf 90' lang='lat' dir='ltr'><strong><em>in</em></strong></span> <span class='ocrx_word' id='word_1_475' title='bbox 2431 3236 2561 3290; x_wconf 90' lang='lat' dir='ltr'><strong><em>orbe</em></strong></span> <span class='ocrx_word' id='word_1_476' title='bbox 2602 3235 2904 3292; x_wconf 89' lang='lat' dir='ltr'><strong><em>Christiano</em></strong></span> <span class='ocrx_word' id='word_1_477' title='bbox 2936 3238 3102 3310; x_wconf 75' lang='lat' dir='ltr'><strong><em>[cui]</em></strong></span> <span class='ocrx_word' id='word_1_478' title='bbox 3133 3247 3401 3294; x_wconf 88' lang='lat' dir='ltr'><strong><em>servatum</em></strong></span> <span class='ocrx_word' id='word_1_479' title='bbox 3426 3239 3538 3308; x_wconf 88' lang='lat' dir='ltr'><strong><em>jam</em></strong></span> 
     </span>
    </p>
   </div>
   <div class='ocr_carea' id='block_1_34' title="bbox 271 3320 3538 3395">
    <p class='ocr_par' dir='ltr' id='par_1_34' title="bbox 271 3320 3538 3395">
     <span class='ocr_line' id='line_1_34' title="bbox 271 3320 3538 3395; baseline 0.001 -15"><span class='ocrx_word' id='word_1_480' title='bbox 271 3341 438 3395; x_wconf 69' lang='lat' dir='ltr'><strong><em>usque</em></strong></span> <span class='ocrx_word' id='word_1_481' title='bbox 468 3324 534 3378; x_wconf 90' lang='lat' dir='ltr'><strong><em>ab</em></strong></span> <span class='ocrx_word' id='word_1_482' title='bbox 563 3323 928 3393; x_wconf 86' lang='lat' dir='ltr'><strong><em>apostolorum</em></strong></span> <span class='ocrx_word' id='word_1_483' title='bbox 953 3321 1284 3390; x_wconf 89' lang='lat' dir='ltr'><strong><em>temporibus</em></strong></span> <span class='ocrx_word' id='word_1_484' title='bbox 1325 3320 1418 3390; x_wconf 90' lang='lat' dir='ltr'><strong><em>(b).</em></strong></span> <span class='ocrx_word' id='word_1_485' title='bbox 1453 3320 1812 3374; x_wconf 76' lang='lat' dir='ltr'><strong><em>Dubitanduih</em></strong></span> <span class='ocrx_word' id='word_1_486' title='bbox 1853 3338 2016 3391; x_wconf 88' lang='lat' dir='ltr'><strong><em>porro</em></strong></span> <span class='ocrx_word' id='word_1_487' title='bbox 2045 3339 2149 3378; x_wconf 91' lang='lat' dir='ltr'><strong><em>non</em></strong></span> <span class='ocrx_word' id='word_1_488' title='bbox 2179 3331 2280 3389; x_wconf 89' lang='lat' dir='ltr'><strong><em>est,</em></strong></span> <span class='ocrx_word' id='word_1_489' title='bbox 2311 3325 2436 3392; x_wconf 90' lang='lat' dir='ltr'><strong><em>quin</em></strong></span> <span class='ocrx_word' id='word_1_490' title='bbox 2484 3334 2642 3382; x_wconf 60' lang='lat' dir='ltr'><strong><em>astate</em></strong></span> <span class='ocrx_word' id='word_1_491' title='bbox 2685 3327 2900 3383; x_wconf 79' lang='lat' dir='ltr'><strong><em>Maximi</em></strong></span> <span class='ocrx_word' id='word_1_492' title='bbox 2947 3329 3015 3383; x_wconf 88' lang='lat' dir='ltr'><strong><em>ad</em></strong></span> <span class='ocrx_word' id='word_1_493' title='bbox 3062 3330 3190 3384; x_wconf 92' lang='lat' dir='ltr'><strong><em>illud</em></strong></span> <span class='ocrx_word' id='word_1_494' title='bbox 3233 3338 3538 3384; x_wconf 88' lang='lat' dir='ltr'><strong><em>tenerentur</em></strong></span> 
     </span>
    </p>
   </div>
   <div class='ocr_carea' id='block_1_35' title="bbox 272 3412 3535 3487">
    <p class='ocr_par' dir='ltr' id='par_1_35' title="bbox 272 3412 3535 3487">
     <span class='ocr_line' id='line_1_35' title="bbox 272 3412 3535 3487; baseline 0 -18"><span class='ocrx_word' id='word_1_495' title='bbox 272 3418 457 3472; x_wconf 86' lang='lat' dir='ltr'><strong><em>lldeles</em></strong></span> <span class='ocrx_word' id='word_1_496' title='bbox 489 3418 583 3486; x_wconf 88' lang='lat' dir='ltr'><strong><em>(c),</em></strong></span> <span class='ocrx_word' id='word_1_497' title='bbox 616 3425 672 3470; x_wconf 91' lang='lat' dir='ltr'><strong><em>ut</em></strong></span> <span class='ocrx_word' id='word_1_498' title='bbox 701 3432 767 3468; x_wconf 85' lang='lat' dir='ltr'><strong><em>eo</em></strong></span> <span class='ocrx_word' id='word_1_499' title='bbox 795 3415 999 3469; x_wconf 90' lang='lat' dir='ltr'><strong><em>dierum</em></strong></span> <span class='ocrx_word' id='word_1_500' title='bbox 1031 3412 1384 3482; x_wconf 82' lang='lat' dir='ltr'><strong><em>quadraginta</em></strong></span> <span class='ocrx_word' id='word_1_501' title='bbox 1416 3414 1698 3468; x_wconf 80' lang='lat' dir='ltr'><strong><em>intervallo</em></strong></span> <span class='ocrx_word' id='word_1_502' title='bbox 1741 3416 1838 3469; x_wconf 90' lang='lat' dir='ltr'><strong><em>sibi</em></strong></span> <span class='ocrx_word' id='word_1_503' title='bbox 1881 3417 1948 3470; x_wconf 87' lang='lat' dir='ltr'><strong><em>ab</em></strong></span> <span class='ocrx_word' id='word_1_504' title='bbox 1990 3431 2081 3470; x_wconf 90' lang='lat' dir='ltr'><strong><em>esu</em></strong></span> <span class='ocrx_word' id='word_1_505' title='bbox 2113 3418 2372 3480; x_wconf 89' lang='lat' dir='ltr'><strong><em>carnium,</em></strong></span> <span class='ocrx_word' id='word_1_506' title='bbox 2406 3426 2784 3487; x_wconf 87' lang='lat' dir='ltr'><strong><em>temperarent.</em></strong></span> <span class='ocrx_word' id='word_1_507' title='bbox 2813 3417 3074 3474; x_wconf 88' lang='lat' dir='ltr'><strong><em>Sermone</em></strong></span> <span class='ocrx_word' id='word_1_508' title='bbox 3123 3420 3263 3473; x_wconf 88' lang='lat' dir='ltr'><strong><em>enim</em></strong></span> <span class='ocrx_word' id='word_1_509' title='bbox 3298 3418 3380 3480; x_wconf 82' lang='lat' dir='ltr'><strong><em>l8,</em></strong></span> <span class='ocrx_word' id='word_1_510' title='bbox 3413 3431 3535 3487; x_wconf 77' lang='lat' dir='ltr'><strong><em>pag.</em></strong></span> 
     </span>
    </p>
   </div>
   <div class='ocr_carea' id='block_1_36' title="bbox 269 3505 3534 3578">
    <p class='ocr_par' dir='ltr' id='par_1_36' title="bbox 269 3505 3534 3578">
     <span class='ocr_line' id='line_1_36' title="bbox 269 3505 3534 3578; baseline -0.002 -16"><span class='ocrx_word' id='word_1_511' title='bbox 269 3507 378 3562; x_wconf 61' lang='grc'><strong><em>445</em></strong></span> <span class='ocrx_word' id='word_1_512' title='bbox 407 3528 419 3561; x_wconf 93' lang='lat'>:</span> <span class='ocrx_word' id='word_1_513' title='bbox 451 3506 516 3561; x_wconf 83' lang='lat' dir='ltr'><strong><em>In</em></strong></span> <span class='ocrx_word' id='word_1_514' title='bbox 545 3509 626 3560; x_wconf 89' lang='lat' dir='ltr'><strong><em>his</em></strong></span> <span class='ocrx_word' id='word_1_515' title='bbox 654 3507 908 3574; x_wconf 71' lang='lat' dir='ltr'><strong><em>prcccipue</em></strong></span> <span class='ocrx_word' id='word_1_516' title='bbox 937 3505 1131 3569; x_wconf 88' lang='lat' dir='ltr'><strong><em>diebus,</em></strong></span> <span class='ocrx_word' id='word_1_517' title='bbox 1159 3507 1348 3575; x_wconf 88' lang='lat' dir='ltr'><strong><em>inquit,</em></strong></span> <span class='ocrx_word' id='word_1_518' title='bbox 1375 3505 1444 3558; x_wconf 91' lang='lat' dir='ltr'><strong><em>ad</em></strong></span> <span class='ocrx_word' id='word_1_519' title='bbox 1465 3505 1774 3575; x_wconf 87' lang='lat' dir='ltr'><strong><em>implendam</em></strong></span> <span class='ocrx_word' id='word_1_520' title='bbox 1817 3505 2028 3558; x_wconf 86' lang='lat' dir='ltr'><strong><em>Domini</em></strong></span> <span class='ocrx_word' id='word_1_521' title='bbox 2061 3507 2375 3560; x_wconf 83' lang='lat' dir='ltr'><strong><em>voluntatem</em></strong></span> <span class='ocrx_word' id='word_1_522' title='bbox 2402 3506 2764 3570; x_wconf 89' lang='lat' dir='ltr'><strong><em>accendamur,</em></strong></span> <span class='ocrx_word' id='word_1_523' title='bbox 2790 3507 2993 3578; x_wconf 87' lang='lat' dir='ltr'><strong><em>quando</em></strong></span> <span class='ocrx_word' id='word_1_524' title='bbox 3015 3508 3238 3559; x_wconf 77' lang='lat' dir='ltr'><strong><em>maxime</em></strong></span> <span class='ocrx_word' id='word_1_525' title='bbox 3261 3523 3350 3574; x_wconf 87' lang='lat' dir='ltr'><strong><em>per</em></strong></span> <span class='ocrx_word' id='word_1_526' title='bbox 3381 3506 3534 3558; x_wconf 86' lang='lat' dir='ltr'><strong><em>absti-</em></strong></span> 
     </span>
    </p>
   </div>
   <div class='ocr_carea' id='block_1_37' title="bbox 270 3593 3536 3666">
    <p class='ocr_par' dir='ltr' id='par_1_37' title="bbox 270 3593 3536 3666">
     <span class='ocr_line' id='line_1_37' title="bbox 270 3593 3536 3666; baseline -0.002 -13"><span class='ocrx_word' id='word_1_527' title='bbox 270 3600 502 3653; x_wconf 76' lang='lat' dir='ltr'><strong><em>nentiam</em></strong></span> <span class='ocrx_word' id='word_1_528' title='bbox 530 3597 765 3666; x_wconf 82' lang='lat' dir='ltr'><strong><em>voluptas</em></strong></span> <span class='ocrx_word' id='word_1_529' title='bbox 794 3596 966 3648; x_wconf 86' lang='lat' dir='ltr'><strong><em>carnis</em></strong></span> <span class='ocrx_word' id='word_1_530' title='bbox 988 3596 1466 3666; x_wconf 77' lang='lat' dir='ltr'><strong><em>exstinguitur......</em></strong></span> <span class='ocrx_word' id='word_1_531' title='bbox 1500 3593 1605 3648; x_wconf 86' lang='lat' dir='ltr'><strong><em>Sed</em></strong></span> <span class='ocrx_word' id='word_1_532' title='bbox 1629 3603 1678 3647; x_wconf 87' lang='lat' dir='ltr'><strong><em>et</em></strong></span> <span class='ocrx_word' id='word_1_533' title='bbox 1697 3594 1788 3647; x_wconf 92' lang='lat' dir='ltr'><strong><em>illa</em></strong></span> <span class='ocrx_word' id='word_1_534' title='bbox 1817 3604 1894 3648; x_wconf 89' lang='lat' dir='ltr'><strong><em>est</em></strong></span> <span class='ocrx_word' id='word_1_535' title='bbox 1924 3593 2351 3666; x_wconf 73' lang='lat' dir='ltr'><strong><em>Quadragesimce</em></strong></span> <span class='ocrx_word' id='word_1_536' title='bbox 2380 3595 2555 3649; x_wconf 87' lang='lat' dir='ltr'><strong><em>diebus</em></strong></span> <span class='ocrx_word' id='word_1_537' title='bbox 2583 3595 2797 3666; x_wconf 80' lang='lat' dir='ltr'><strong><em>grandis</em></strong></span> <span class='ocrx_word' id='word_1_538' title='bbox 2823 3595 3050 3659; x_wconf 87' lang='lat' dir='ltr'><strong><em>utilitas,</em></strong></span> <span class='ocrx_word' id='word_1_539' title='bbox 3075 3595 3209 3662; x_wconf 86' lang='lat' dir='ltr'><strong><em>quod</em></strong></span> <span class='ocrx_word' id='word_1_540' title='bbox 3237 3595 3356 3647; x_wconf 89' lang='lat' dir='ltr'><strong><em>dum</em></strong></span> <span class='ocrx_word' id='word_1_541' title='bbox 3383 3595 3536 3648; x_wconf 75' lang='lat' dir='ltr'><strong><em>etiam</em></strong></span> 
     </span>
    </p>
   </div>
   <div class='ocr_carea' id='block_1_38' title="bbox 272 3680 3538 3755">
    <p class='ocr_par' dir='ltr' id='par_1_38' title="bbox 272 3680 3538 3755">
     <span class='ocr_line' id='line_1_38' title="bbox 272 3680 3538 3755; baseline -0.002 -15"><span class='ocrx_word' id='word_1_542' title='bbox 272 3706 303 3740; x_wconf 89' lang='lat' dir='ltr'><strong><em>a</em></strong></span> <span class='ocrx_word' id='word_1_543' title='bbox 330 3689 489 3742; x_wconf 86' lang='lat' dir='ltr'><strong><em>licitis</em></strong></span> <span class='ocrx_word' id='word_1_544' title='bbox 515 3688 850 3748; x_wconf 87' lang='lat' dir='ltr'><strong><em>abstinemus,</em></strong></span> <span class='ocrx_word' id='word_1_545' title='bbox 882 3684 1048 3754; x_wconf 89' lang='lat' dir='ltr'><strong><em>magis</em></strong></span> <span class='ocrx_word' id='word_1_546' title='bbox 1072 3701 1131 3736; x_wconf 90' lang='lat' dir='ltr'><strong><em>ac</em></strong></span> <span class='ocrx_word' id='word_1_547' title='bbox 1160 3685 1326 3755; x_wconf 86' lang='lat' dir='ltr'><strong><em>magis</em></strong></span> <span class='ocrx_word' id='word_1_548' title='bbox 1349 3683 1680 3737; x_wconf 85' lang='lat' dir='ltr'><strong><em>admonemur</em></strong></span> <span class='ocrx_word' id='word_1_549' title='bbox 1707 3684 1888 3736; x_wconf 80' lang='lat' dir='ltr'><strong><em>illicita</em></strong></span> <span class='ocrx_word' id='word_1_550' title='bbox 1918 3685 2094 3736; x_wconf 88' lang='lat' dir='ltr'><strong><em>vitare.</em></strong></span> <span class='ocrx_word' id='word_1_551' title='bbox 2132 3683 2231 3746; x_wconf 83' lang='lat' dir='ltr'><strong><em>Qui</em></strong></span> <span class='ocrx_word' id='word_1_552' title='bbox 2255 3686 2391 3737; x_wconf 88' lang='lat' dir='ltr'><strong><em>enim</em></strong></span> <span class='ocrx_word' id='word_1_553' title='bbox 2415 3682 2724 3736; x_wconf 88' lang='lat' dir='ltr'><strong><em>abstinemus</em></strong></span> <span class='ocrx_word' id='word_1_554' title='bbox 2745 3699 2840 3736; x_wconf 91' lang='lat' dir='ltr'><strong><em>nos</em></strong></span> <span class='ocrx_word' id='word_1_555' title='bbox 2866 3699 2897 3736; x_wconf 91' lang='lat' dir='ltr'><strong><em>a</em></strong></span> <span class='ocrx_word' id='word_1_556' title='bbox 2919 3682 3178 3748; x_wconf 90' lang='lat' dir='ltr'><strong><em>carnibus,</em></strong></span> <span class='ocrx_word' id='word_1_557' title='bbox 3209 3680 3386 3752; x_wconf 88' lang='lat' dir='ltr'><strong><em>quibus</em></strong></span> <span class='ocrx_word' id='word_1_558' title='bbox 3421 3681 3538 3735; x_wconf 81' lang='lat' dir='ltr'><strong><em>aliis</em></strong></span> 
     </span>
    </p>
   </div>
   <div class='ocr_carea' id='block_1_39' title="bbox 269 3772 3535 3847">
    <p class='ocr_par' dir='ltr' id='par_1_39' title="bbox 269 3772 3535 3847">
     <span class='ocr_line' id='line_1_39' title="bbox 269 3772 3535 3847; baseline -0.002 -14"><span class='ocrx_word' id='word_1_559' title='bbox 269 3778 444 3833; x_wconf 63' lang='lat' dir='ltr'><strong><em>diebus</em></strong></span> <span class='ocrx_word' id='word_1_560' title='bbox 469 3779 543 3831; x_wconf 91' lang='lat' dir='ltr'><strong><em>uti</em></strong></span> <span class='ocrx_word' id='word_1_561' title='bbox 569 3778 718 3841; x_wconf 92' lang='lat' dir='ltr'><strong><em>licet;</em></strong></span> <span class='ocrx_word' id='word_1_562' title='bbox 749 3775 834 3846; x_wconf 88' lang='lat' dir='ltr'><strong><em>qui</em></strong></span> <span class='ocrx_word' id='word_1_563' title='bbox 862 3791 954 3828; x_wconf 89' lang='lat' dir='ltr'><strong><em>nos</em></strong></span> <span class='ocrx_word' id='word_1_564' title='bbox 980 3772 1290 3828; x_wconf 87' lang='lat' dir='ltr'><strong><em>abstinemus</em></strong></span> <span class='ocrx_word' id='word_1_565' title='bbox 1313 3791 1345 3827; x_wconf 92' lang='lat' dir='ltr'><strong><em>a</em></strong></span> <span class='ocrx_word' id='word_1_566' title='bbox 1381 3775 1518 3838; x_wconf 84' lang='lat' dir='ltr'><strong><em>vino,</em></strong></span> <span class='ocrx_word' id='word_1_567' title='bbox 1549 3790 1647 3844; x_wconf 90' lang='lat' dir='ltr'><strong><em>quo</em></strong></span> <span class='ocrx_word' id='word_1_568' title='bbox 1686 3773 1947 3828; x_wconf 86' lang='lat' dir='ltr'><strong><em>moderate</em></strong></span> <span class='ocrx_word' id='word_1_569' title='bbox 1975 3777 2048 3828; x_wconf 86' lang='lat' dir='ltr'><strong><em>uti</em></strong></span> <span class='ocrx_word' id='word_1_570' title='bbox 2071 3776 2214 3840; x_wconf 89' lang='lat' dir='ltr'><strong><em>licet;</em></strong></span> <span class='ocrx_word' id='word_1_571' title='bbox 2238 3777 2322 3846; x_wconf 90' lang='lat' dir='ltr'><strong><em>qui</em></strong></span> <span class='ocrx_word' id='word_1_572' title='bbox 2361 3793 2483 3846; x_wconf 90' lang='lat' dir='ltr'><strong><em>ergo</em></strong></span> <span class='ocrx_word' id='word_1_573' title='bbox 2506 3777 2606 3829; x_wconf 90' lang='lat' dir='ltr'><strong><em>ista</em></strong></span> <span class='ocrx_word' id='word_1_574' title='bbox 2635 3776 2872 3838; x_wconf 90' lang='lat' dir='ltr'><strong><em>vitamus,</em></strong></span> <span class='ocrx_word' id='word_1_575' title='bbox 2903 3791 3017 3847; x_wconf 69' lang='lat' dir='ltr'><strong><em>qua:</em></strong></span> <span class='ocrx_word' id='word_1_576' title='bbox 3053 3775 3330 3845; x_wconf 87' lang='lat' dir='ltr'><strong><em>aliquando</em></strong></span> <span class='ocrx_word' id='word_1_577' title='bbox 3361 3775 3535 3842; x_wconf 87' lang='lat' dir='ltr'><strong><em>licent,</em></strong></span> 
     </span>
    </p>
   </div>
   <div class='ocr_carea' id='block_1_40' title="bbox 267 3866 3540 3939">
    <p class='ocr_par' dir='ltr' id='par_1_40' title="bbox 267 3866 3540 3939">
     <span class='ocr_line' id='line_1_40' title="bbox 267 3866 3540 3939; baseline 0 -18"><span class='ocrx_word' id='word_1_578' title='bbox 267 3868 529 3938; x_wconf 84' lang='lat' dir='ltr'><strong><em>imprimis</em></strong></span> <span class='ocrx_word' id='word_1_579' title='bbox 555 3877 766 3939; x_wconf 88' lang='lat' dir='ltr'><strong><em>peccata</em></strong></span> <span class='ocrx_word' id='word_1_580' title='bbox 797 3869 1078 3939; x_wconf 77' lang='lat' dir='ltr'><strong><em>fugiamus,</em></strong></span> <span class='ocrx_word' id='word_1_581' title='bbox 1107 3884 1219 3939; x_wconf 76' lang='lat' dir='ltr'><strong><em>qua:</em></strong></span> <span class='ocrx_word' id='word_1_582' title='bbox 1245 3869 1454 3922; x_wconf 88' lang='lat' dir='ltr'><strong><em>omnino</em></strong></span> <span class='ocrx_word' id='word_1_583' title='bbox 1483 3884 1586 3920; x_wconf 90' lang='lat' dir='ltr'><strong><em>non</em></strong></span> <span class='ocrx_word' id='word_1_584' title='bbox 1615 3866 1785 3920; x_wconf 89' lang='lat' dir='ltr'><strong><em>licent.</em></strong></span> <span class='ocrx_word' id='word_1_585' title='bbox 1819 3866 1949 3922; x_wconf 85' lang='lat' dir='ltr'><strong><em>Nam</em></strong></span> <span class='ocrx_word' id='word_1_586' title='bbox 1978 3869 2022 3922; x_wconf 91' lang='lat' dir='ltr'><strong><em>si</em></strong></span> <span class='ocrx_word' id='word_1_587' title='bbox 2067 3869 2186 3923; x_wconf 87' lang='lat' dir='ltr'><strong><em>aliis</em></strong></span> <span class='ocrx_word' id='word_1_588' title='bbox 2215 3869 2548 3938; x_wconf 86' lang='lat' dir='ltr'><strong><em>temporibus</em></strong></span> <span class='ocrx_word' id='word_1_589' title='bbox 2590 3868 2667 3923; x_wconf 89' lang='lat' dir='ltr'><strong><em>uti</em></strong></span> <span class='ocrx_word' id='word_1_590' title='bbox 2695 3869 2889 3938; x_wconf 90' lang='lat' dir='ltr'><strong><em>cuique</em></strong></span> <span class='ocrx_word' id='word_1_591' title='bbox 2932 3868 3122 3922; x_wconf 87' lang='lat' dir='ltr'><strong><em>licebat</em></strong></span> <span class='ocrx_word' id='word_1_592' title='bbox 3147 3869 3414 3934; x_wconf 84' lang='lat' dir='ltr'><strong><em>carnibus,</em></strong></span> <span class='ocrx_word' id='word_1_593' title='bbox 3447 3868 3540 3922; x_wconf 92' lang='lat' dir='ltr'><strong><em>illo</em></strong></span> 
     </span>
    </p>
   </div>
   <div class='ocr_carea' id='block_1_41' title="bbox 267 3955 3539 4027">
    <p class='ocr_par' dir='ltr' id='par_1_41' title="bbox 267 3955 3539 4027">
     <span class='ocr_line' id='line_1_41' title="bbox 267 3955 3539 4027; baseline -0.001 -15"><span class='ocrx_word' id='word_1_594' title='bbox 267 3967 458 4012; x_wconf 83' lang='lat' dir='ltr'><strong><em>contra</em></strong></span> <span class='ocrx_word' id='word_1_595' title='bbox 482 3973 586 4011; x_wconf 92' lang='lat' dir='ltr'><strong><em>non</em></strong></span> <span class='ocrx_word' id='word_1_596' title='bbox 621 3957 843 4022; x_wconf 87' lang='lat' dir='ltr'><strong><em>licebat;</em></strong></span> <span class='ocrx_word' id='word_1_597' title='bbox 869 3965 921 4011; x_wconf 89' lang='lat' dir='ltr'><strong><em>et</em></strong></span> <span class='ocrx_word' id='word_1_598' title='bbox 948 3957 1074 4026; x_wconf 85' lang='lat' dir='ltr'><strong><em>quid</em></strong></span> <span class='ocrx_word' id='word_1_599' title='bbox 1096 3959 1199 4012; x_wconf 88' lang='lat' dir='ltr'><strong><em>erit</em></strong></span> <span class='ocrx_word' id='word_1_600' title='bbox 1225 3971 1564 4025; x_wconf 87' lang='lat' dir='ltr'><strong><em>consequens</em></strong></span> <span class='ocrx_word' id='word_1_601' title='bbox 1603 3956 1704 4009; x_wconf 91' lang='lat' dir='ltr'><strong><em>nisi</em></strong></span> <span class='ocrx_word' id='word_1_602' title='bbox 1729 3963 1785 4009; x_wconf 91' lang='lat' dir='ltr'><strong><em>ut</em></strong></span> <span class='ocrx_word' id='word_1_603' title='bbox 1814 3964 1940 4011; x_wconf 87' lang='lat' dir='ltr'><strong><em>tunc</em></strong></span> <span class='ocrx_word' id='word_1_604' title='bbox 1967 3957 2102 4024; x_wconf 86' lang='lat' dir='ltr'><strong><em>lege,</em></strong></span> <span class='ocrx_word' id='word_1_605' title='bbox 2134 3973 2227 4011; x_wconf 89' lang='lat' dir='ltr'><strong><em>seu</em></strong></span> <span class='ocrx_word' id='word_1_606' title='bbox 2253 3966 2518 4027; x_wconf 77' lang='lat' dir='ltr'><strong><em>przecepto</em></strong></span> <span class='ocrx_word' id='word_1_607' title='bbox 2544 3957 2792 4012; x_wconf 88' lang='lat' dir='ltr'><strong><em>astrictos</em></strong></span> <span class='ocrx_word' id='word_1_608' title='bbox 2820 3955 3006 4012; x_wconf 84' lang='lat' dir='ltr'><strong><em>ﬁdeles</em></strong></span> <span class='ocrx_word' id='word_1_609' title='bbox 3033 3955 3229 4011; x_wconf 86' lang='lat' dir='ltr'><strong><em>Christi</em></strong></span> <span class='ocrx_word' id='word_1_610' title='bbox 3269 3956 3448 4020; x_wconf 80' lang='lat' dir='ltr'><strong><em>fuisse,</em></strong></span> <span class='ocrx_word' id='word_1_611' title='bbox 3480 3966 3539 4010; x_wconf 88' lang='lat' dir='ltr'><strong><em>ut</em></strong></span> 
     </span>
    </p>
   </div>
   <div class='ocr_carea' id='block_1_42' title="bbox 266 4047 3538 4119">
    <p class='ocr_par' dir='ltr' id='par_1_42' title="bbox 266 4047 3538 4119">
     <span class='ocr_line' id='line_1_42' title="bbox 266 4047 3538 4119; baseline -0 -18"><span class='ocrx_word' id='word_1_612' title='bbox 266 4065 336 4102; x_wconf 88' lang='lat' dir='ltr'><strong><em>ne</em></strong></span> <span class='ocrx_word' id='word_1_613' title='bbox 366 4050 619 4104; x_wconf 86' lang='lat' dir='ltr'><strong><em>carnibus</em></strong></span> <span class='ocrx_word' id='word_1_614' title='bbox 648 4058 1008 4104; x_wconf 86' lang='lat' dir='ltr'><strong><em>vescerentur.</em></strong></span> <span class='ocrx_word' id='word_1_615' title='bbox 1044 4049 1116 4103; x_wconf 91' lang='lat' dir='ltr'><strong><em>De</em></strong></span> <span class='ocrx_word' id='word_1_616' title='bbox 1139 4049 1263 4102; x_wconf 88' lang='lat' dir='ltr'><strong><em>vino</em></strong></span> <span class='ocrx_word' id='word_1_617' title='bbox 1293 4065 1398 4103; x_wconf 89' lang='lat' dir='ltr'><strong><em>non</em></strong></span> <span class='ocrx_word' id='word_1_618' title='bbox 1431 4049 1502 4101; x_wconf 89' lang='lat' dir='ltr'><strong><em>ita</em></strong></span> <span class='ocrx_word' id='word_1_619' title='bbox 1533 4048 1720 4103; x_wconf 87' lang='lat' dir='ltr'><strong><em>scribit</em></strong></span> <span class='ocrx_word' id='word_1_620' title='bbox 1747 4057 1965 4104; x_wconf 87' lang='lat' dir='ltr'><strong><em>sanctus</em></strong></span> <span class='ocrx_word' id='word_1_621' title='bbox 1993 4050 2273 4119; x_wconf 89' lang='lat' dir='ltr'><strong><em>episcopus</em></strong></span> <span class='ocrx_word' id='word_1_622' title='bbox 2296 4058 2355 4103; x_wconf 90' lang='lat' dir='ltr'><strong><em>ut</em></strong></span> <span class='ocrx_word' id='word_1_623' title='bbox 2393 4049 2459 4104; x_wconf 89' lang='lat' dir='ltr'><strong><em>de</em></strong></span> <span class='ocrx_word' id='word_1_624' title='bbox 2484 4049 2753 4103; x_wconf 86' lang='lat' dir='ltr'><strong><em>carnibus.</em></strong></span> <span class='ocrx_word' id='word_1_625' title='bbox 2784 4047 2899 4102; x_wconf 89' lang='lat' dir='ltr'><strong><em>Non</em></strong></span> <span class='ocrx_word' id='word_1_626' title='bbox 2931 4048 3072 4102; x_wconf 84' lang='lat' dir='ltr'><strong><em>enim</em></strong></span> <span class='ocrx_word' id='word_1_627' title='bbox 3102 4047 3232 4102; x_wconf 88' lang='lat' dir='ltr'><strong><em>dicit</em></strong></span> <span class='ocrx_word' id='word_1_628' title='bbox 3270 4058 3389 4100; x_wconf 90' lang='lat' dir='ltr'><strong><em>tunc</em></strong></span> <span class='ocrx_word' id='word_1_629' title='bbox 3430 4063 3538 4100; x_wconf 84' lang='lat' dir='ltr'><strong><em>non</em></strong></span> 
     </span>
    </p>
   </div>
   <div class='ocr_carea' id='block_1_43' title="bbox 263 4136 3538 4208">
    <p class='ocr_par' dir='ltr' id='par_1_43' title="bbox 263 4136 3538 4208">
     <span class='ocr_line' id='line_1_43' title="bbox 263 4136 3538 4208; baseline 0.001 -20"><span class='ocrx_word' id='word_1_630' title='bbox 263 4137 443 4202; x_wconf 80' lang='lat' dir='ltr'><strong><em>licere,</em></strong></span> <span class='ocrx_word' id='word_1_631' title='bbox 473 4137 578 4191; x_wconf 88' lang='lat' dir='ltr'><strong><em>hoc</em></strong></span> <span class='ocrx_word' id='word_1_632' title='bbox 597 4137 727 4190; x_wconf 89' lang='lat' dir='ltr'><strong><em>dicit</em></strong></span> <span class='ocrx_word' id='word_1_633' title='bbox 757 4144 959 4190; x_wconf 90' lang='lat' dir='ltr'><strong><em>tantum</em></strong></span> <span class='ocrx_word' id='word_1_634' title='bbox 995 4155 1006 4189; x_wconf 94' lang='lat'>:</span> <span class='ocrx_word' id='word_1_635' title='bbox 1035 4155 1132 4208; x_wconf 85' lang='lat' dir='ltr'><strong><em>quo</em></strong></span> <span class='ocrx_word' id='word_1_636' title='bbox 1159 4137 1421 4192; x_wconf 87' lang='lat' dir='ltr'><strong><em>moderate</em></strong></span> <span class='ocrx_word' id='word_1_637' title='bbox 1447 4139 1522 4190; x_wconf 88' lang='lat' dir='ltr'><strong><em>uti</em></strong></span> <span class='ocrx_word' id='word_1_638' title='bbox 1551 4137 1690 4190; x_wconf 88' lang='lat' dir='ltr'><strong><em>licet.</em></strong></span> <span class='ocrx_word' id='word_1_639' title='bbox 1727 4136 1863 4202; x_wconf 84' lang='lat' dir='ltr'><strong><em>Quin</em></strong></span> <span class='ocrx_word' id='word_1_640' title='bbox 1895 4139 2056 4191; x_wconf 89' lang='lat' dir='ltr'><strong><em>etiam</em></strong></span> <span class='ocrx_word' id='word_1_641' title='bbox 2085 4154 2245 4192; x_wconf 91' lang='lat' dir='ltr'><strong><em>scrm.</em></strong></span> <span class='ocrx_word' id='word_1_642' title='bbox 2290 4137 2378 4203; x_wconf 72' lang='lat'><strong><em>25,</em></strong></span> <span class='ocrx_word' id='word_1_643' title='bbox 2410 4151 2530 4206; x_wconf 90' lang='lat' dir='ltr'><strong><em>pag.</em></strong></span> <span class='ocrx_word' id='word_1_644' title='bbox 2560 4137 2682 4202; x_wconf 70' lang='grc'><strong>457,</strong></span> <span class='ocrx_word' id='word_1_645' title='bbox 2708 4154 2802 4193; x_wconf 91' lang='lat' dir='ltr'><strong><em>eos</em></strong></span> <span class='ocrx_word' id='word_1_646' title='bbox 2827 4140 2918 4206; x_wconf 88' lang='lat' dir='ltr'><strong><em>qui</em></strong></span> <span class='ocrx_word' id='word_1_647' title='bbox 2960 4139 3374 4207; x_wconf 84' lang='lat' dir='ltr'><strong><em>Quadragcsima</em></strong></span> <span class='ocrx_word' id='word_1_648' title='bbox 3398 4139 3538 4208; x_wconf 88' lang='lat' dir='ltr'><strong><em>jeju-</em></strong></span> 
     </span>
    </p>
   </div>
   <div class='ocr_carea' id='block_1_44' title="bbox 264 4225 2752 4297">
    <p class='ocr_par' dir='ltr' id='par_1_44' title="bbox 264 4225 2752 4297">
     <span class='ocr_line' id='line_1_44' title="bbox 264 4225 2752 4297; baseline 0 -19"><span class='ocrx_word' id='word_1_649' title='bbox 264 4233 420 4288; x_wconf 83' lang='lat' dir='ltr'><strong><em>nant,</em></strong></span> <span class='ocrx_word' id='word_1_650' title='bbox 447 4228 620 4279; x_wconf 77' lang='lat' dir='ltr'><strong><em>vinum</em></strong></span> <span class='ocrx_word' id='word_1_651' title='bbox 649 4229 783 4297; x_wconf 90' lang='lat' dir='ltr'><strong><em>forte</em></strong></span> <span class='ocrx_word' id='word_1_652' title='bbox 804 4243 903 4279; x_wconf 90' lang='lat' dir='ltr'><strong><em>non</em></strong></span> <span class='ocrx_word' id='word_1_653' title='bbox 935 4225 1124 4280; x_wconf 88' lang='lat' dir='ltr'><strong><em>bibere.</em></strong></span> <span class='ocrx_word' id='word_1_654' title='bbox 1151 4229 1218 4281; x_wconf 87' lang='grc' dir='ltr'><strong><em>τὸ</em></strong></span> <span class='ocrx_word' id='word_1_655' title='bbox 1249 4228 1379 4297; x_wconf 90' lang='lat' dir='ltr'><strong><em>forte</em></strong></span> <span class='ocrx_word' id='word_1_656' title='bbox 1406 4226 1536 4279; x_wconf 88' lang='lat' dir='ltr'><strong><em>satis</em></strong></span> <span class='ocrx_word' id='word_1_657' title='bbox 1563 4225 1779 4288; x_wconf 87' lang='lat' dir='ltr'><strong><em>iudicat,</em></strong></span> <span class='ocrx_word' id='word_1_658' title='bbox 1815 4225 1864 4278; x_wconf 90' lang='lat' dir='ltr'><strong><em>id</em></strong></span> <span class='ocrx_word' id='word_1_659' title='bbox 1896 4242 2002 4280; x_wconf 90' lang='lat' dir='ltr'><strong><em>non</em></strong></span> <span class='ocrx_word' id='word_1_660' title='bbox 2032 4227 2193 4281; x_wconf 78' lang='lat' dir='ltr'><strong><em>fuisse</em></strong></span> <span class='ocrx_word' id='word_1_661' title='bbox 2219 4226 2586 4296; x_wconf 63' lang='lat' dir='ltr'><strong><em>praescriptum</em></strong></span> <span class='ocrx_word' id='word_1_662' title='bbox 2617 4225 2752 4292; x_wconf 83' lang='lat' dir='ltr'><strong><em>lege.</em></strong></span> 
     </span>
    </p>
   </div>
   <div class='ocr_carea' id='block_1_45' title="bbox 333 4316 3523 4388">
    <p class='ocr_par' dir='ltr' id='par_1_45' title="bbox 333 4316 3523 4388">
     <span class='ocr_line' id='line_1_45' title="bbox 333 4316 3523 4388; baseline -0.001 -16"><span class='ocrx_word' id='word_1_663' title='bbox 333 4316 676 4387; x_wconf 73' lang='lat' dir='ltr'><strong><em>Jejuniorum</em></strong></span> <span class='ocrx_word' id='word_1_664' title='bbox 704 4334 868 4388; x_wconf 90' lang='lat' dir='ltr'><strong><em>porro</em></strong></span> <span class='ocrx_word' id='word_1_665' title='bbox 898 4319 1226 4387; x_wconf 90' lang='lat' dir='ltr'><strong><em>temporibus</em></strong></span> <span class='ocrx_word' id='word_1_666' title='bbox 1249 4318 1582 4374; x_wconf 87' lang='lat' dir='ltr'><strong><em>Christianos</em></strong></span> <span class='ocrx_word' id='word_1_667' title='bbox 1615 4318 1726 4385; x_wconf 84' lang='lat' dir='ltr'><strong><em>jam</em></strong></span> <span class='ocrx_word' id='word_1_668' title='bbox 1756 4334 1785 4371; x_wconf 88' lang='lat' dir='ltr'><strong><em>a</em></strong></span> <span class='ocrx_word' id='word_1_669' title='bbox 1816 4320 1990 4388; x_wconf 88' lang='lat' dir='ltr'><strong><em>primo</em></strong></span> <span class='ocrx_word' id='word_1_670' title='bbox 2021 4320 2254 4374; x_wconf 90' lang='lat' dir='ltr'><strong><em>diluculo</em></strong></span> <span class='ocrx_word' id='word_1_671' title='bbox 2283 4319 2346 4372; x_wconf 88' lang='lat' dir='ltr'><strong><em>ad</em></strong></span> <span class='ocrx_word' id='word_1_672' title='bbox 2377 4317 2665 4372; x_wconf 79' lang='lat' dir='ltr'><strong><em>Ecclesium</em></strong></span> <span class='ocrx_word' id='word_1_673' title='bbox 2709 4318 3022 4372; x_wconf 86' lang='lat' dir='ltr'><strong><em>convenisse</em></strong></span> <span class='ocrx_word' id='word_1_674' title='bbox 3053 4325 3240 4381; x_wconf 67' lang='lat' dir='ltr'><strong><em>matus,</em></strong></span> <span class='ocrx_word' id='word_1_675' title='bbox 3285 4319 3386 4371; x_wconf 90' lang='lat' dir='ltr'><strong><em>hoc</em></strong></span> <span class='ocrx_word' id='word_1_676' title='bbox 3420 4327 3523 4371; x_wconf 86' lang='lat' dir='ltr'><strong><em>sta-</em></strong></span> 
     </span>
    </p>
   </div>
   <div class='ocr_carea' id='block_1_46' title="bbox 261 4409 3531 4481">
    <p class='ocr_par' dir='ltr' id='par_1_46' title="bbox 261 4409 3531 4481">
     <span class='ocr_line' id='line_1_46' title="bbox 261 4409 3531 4481; baseline -0.002 -13"><span class='ocrx_word' id='word_1_677' title='bbox 261 4415 435 4468; x_wconf 86' lang='lat' dir='ltr'><strong><em>tionis</em></strong></span> <span class='ocrx_word' id='word_1_678' title='bbox 471 4413 734 4468; x_wconf 68' lang='lat' dir='ltr'><strong><em>habendte</em></strong></span> <span class='ocrx_word' id='word_1_679' title='bbox 763 4429 944 4477; x_wconf 86' lang='lat' dir='ltr'><strong><em>causa,</em></strong></span> <span class='ocrx_word' id='word_1_680' title='bbox 976 4428 1043 4468; x_wconf 82' lang='lat' dir='ltr'><strong><em>ex</em></strong></span> <span class='ocrx_word' id='word_1_681' title='bbox 1072 4428 1318 4467; x_wconf 90' lang='lat' dir='ltr'><strong><em>sermone</em></strong></span> <span class='ocrx_word' id='word_1_682' title='bbox 1359 4412 1547 4467; x_wconf 87' lang='lat' dir='ltr'><strong><em>eodem</em></strong></span> <span class='ocrx_word' id='word_1_683' title='bbox 1577 4410 1664 4477; x_wconf 75' lang='grc'><strong>25,</strong></span> <span class='ocrx_word' id='word_1_684' title='bbox 1696 4427 1818 4481; x_wconf 87' lang='lat' dir='ltr'><strong><em>pag.</em></strong></span> <span class='ocrx_word' id='word_1_685' title='bbox 1851 4410 1976 4475; x_wconf 66' lang='lat'><strong><em>485,</em></strong></span> <span class='ocrx_word' id='word_1_686' title='bbox 2023 4412 2243 4480; x_wconf 83' lang='lat' dir='ltr'><strong><em>intelligi</em></strong></span> <span class='ocrx_word' id='word_1_687' title='bbox 2274 4410 2430 4480; x_wconf 88' lang='lat' dir='ltr'><strong><em>plane</em></strong></span> <span class='ocrx_word' id='word_1_688' title='bbox 2459 4417 2652 4480; x_wconf 75' lang='lat' dir='ltr'><strong><em>potest.</em></strong></span> <span class='ocrx_word' id='word_1_689' title='bbox 2687 4409 2794 4463; x_wconf 75' lang='lat' dir='ltr'><strong><em>Nisi</em></strong></span> <span class='ocrx_word' id='word_1_690' title='bbox 2825 4409 2964 4462; x_wconf 84' lang='lat' dir='ltr'><strong><em>enim</em></strong></span> <span class='ocrx_word' id='word_1_691' title='bbox 2998 4409 3068 4463; x_wconf 90' lang='lat' dir='ltr'><strong><em>ita</em></strong></span> <span class='ocrx_word' id='word_1_692' title='bbox 3101 4416 3271 4471; x_wconf 86' lang='lat' dir='ltr'><strong><em>esset,</em></strong></span> <span class='ocrx_word' id='word_1_693' title='bbox 3304 4424 3408 4461; x_wconf 89' lang='lat' dir='ltr'><strong><em>non</em></strong></span> <span class='ocrx_word' id='word_1_694' title='bbox 3438 4422 3531 4460; x_wconf 88' lang='lat' dir='ltr'><strong><em>eos</em></strong></span> 
     </span>
    </p>
   </div>
   <div class='ocr_carea' id='block_1_47' title="bbox 260 4500 3528 4571">
    <p class='ocr_par' dir='ltr' id='par_1_47' title="bbox 260 4500 3528 4571">
     <span class='ocr_line' id='line_1_47' title="bbox 260 4500 3528 4571; baseline -0.001 -16"><span class='ocrx_word' id='word_1_695' title='bbox 260 4503 613 4570; x_wconf 76' lang='lat' dir='ltr'><strong><em>redargueret</em></strong></span> <span class='ocrx_word' id='word_1_696' title='bbox 639 4509 856 4556; x_wconf 86' lang='lat' dir='ltr'><strong><em>sanctus</em></strong></span> <span class='ocrx_word' id='word_1_697' title='bbox 881 4501 1088 4565; x_wconf 90' lang='lat' dir='ltr'><strong><em>doctor,</em></strong></span> <span class='ocrx_word' id='word_1_698' title='bbox 1119 4505 1208 4569; x_wconf 87' lang='lat' dir='ltr'><strong><em>qui</em></strong></span> <span class='ocrx_word' id='word_1_699' title='bbox 1238 4517 1392 4556; x_wconf 91' lang='lat' dir='ltr'><strong><em>secus</em></strong></span> <span class='ocrx_word' id='word_1_700' title='bbox 1421 4515 1578 4569; x_wconf 89' lang='lat' dir='ltr'><strong><em>agere</em></strong></span> <span class='ocrx_word' id='word_1_701' title='bbox 1607 4501 1882 4556; x_wconf 86' lang='lat' dir='ltr'><strong><em>auderent.</em></strong></span> <span class='ocrx_word' id='word_1_702' title='bbox 1915 4500 2074 4570; x_wconf 81' lang='lat' dir='ltr'><strong><em>Atqui</em></strong></span> <span class='ocrx_word' id='word_1_703' title='bbox 2098 4502 2174 4571; x_wconf 91' lang='lat' dir='ltr'><strong><em>(d)</em></strong></span> <span class='ocrx_word' id='word_1_704' title='bbox 2206 4520 2218 4554; x_wconf 87' lang='lat'><strong>:</strong></span> <span class='ocrx_word' id='word_1_705' title='bbox 2251 4501 2330 4554; x_wconf 87' lang='lat' dir='ltr'><strong><em>An</em></strong></span> <span class='ocrx_word' id='word_1_706' title='bbox 2360 4502 2549 4571; x_wconf 85' lang='lat' dir='ltr'><strong><em>putatis</em></strong></span> <span class='ocrx_word' id='word_1_707' title='bbox 2568 4541 2581 4564; x_wconf 92' lang='lat'><strong><em>,</em></strong></span> <span class='ocrx_word' id='word_1_708' title='bbox 2615 4501 2816 4569; x_wconf 88' lang='lat' dir='ltr'><strong><em>inquit,</em></strong></span> <span class='ocrx_word' id='word_1_709' title='bbox 2846 4501 2990 4554; x_wconf 87' lang='lat' dir='ltr'><strong><em>illum</em></strong></span> <span class='ocrx_word' id='word_1_710' title='bbox 3023 4501 3293 4571; x_wconf 83' lang='lat' dir='ltr'><strong><em>jejunare,</em></strong></span> <span class='ocrx_word' id='word_1_711' title='bbox 3324 4501 3528 4570; x_wconf 85' lang='lat' dir='ltr'><strong><em>fratres,</em></strong></span> 
     </span>
    </p>
   </div>
   <div class='ocr_carea' id='block_1_48' title="bbox 259 4588 3528 4660">
    <p class='ocr_par' dir='ltr' id='par_1_48' title="bbox 259 4588 3528 4660">
     <span class='ocr_line' id='line_1_48' title="bbox 259 4588 3528 4660; baseline -0 -18"><span class='ocrx_word' id='word_1_712' title='bbox 259 4593 347 4660; x_wconf 79' lang='lat' dir='ltr'><strong><em>qui</em></strong></span> <span class='ocrx_word' id='word_1_713' title='bbox 380 4592 547 4659; x_wconf 87' lang='lat' dir='ltr'><strong><em>primo</em></strong></span> <span class='ocrx_word' id='word_1_714' title='bbox 579 4605 834 4644; x_wconf 70' lang='lat' dir='ltr'><strong><em>mwcuo</em></strong></span> <span class='ocrx_word' id='word_1_715' title='bbox 872 4604 972 4643; x_wconf 67' lang='lat' dir='ltr'><strong><em>non</em></strong></span> <span class='ocrx_word' id='word_1_716' title='bbox 1010 4605 1077 4642; x_wconf 76' lang='grc' dir='ltr'><strong><em>Αι)</em></strong></span> <span class='ocrx_word' id='word_1_717' title='bbox 1115 4588 1411 4644; x_wconf 68' lang='grc' dir='ltr'>Εεριεειιιιι</span> <span class='ocrx_word' id='word_1_718' title='bbox 1441 4605 1669 4655; x_wconf 69' lang='grc' dir='ltr'><strong><em>γιαιωτ,</em></strong></span> <span class='ocrx_word' id='word_1_719' title='bbox 1712 4607 1814 4643; x_wconf 83' lang='grc' dir='ltr'><strong><em>ηοη</em></strong></span> <span class='ocrx_word' id='word_1_720' title='bbox 1845 4589 2109 4644; x_wconf 89' lang='lat' dir='ltr'><strong><em>beatorum</em></strong></span> <span class='ocrx_word' id='word_1_721' title='bbox 2156 4600 2438 4659; x_wconf 83' lang='lat' dir='ltr'><strong><em>martyrum</em></strong></span> <span class='ocrx_word' id='word_1_722' title='bbox 2487 4590 2600 4644; x_wconf 89' lang='lat' dir='ltr'><strong><em>loca</em></strong></span> <span class='ocrx_word' id='word_1_723' title='bbox 2641 4601 2821 4644; x_wconf 89' lang='lat' dir='ltr'><strong><em>sancta</em></strong></span> <span class='ocrx_word' id='word_1_724' title='bbox 2871 4593 3137 4659; x_wconf 77' lang='lat' dir='ltr'><strong><em>perquirit.</em></strong></span> <span class='ocrx_word' id='word_1_725' title='bbox 3187 4591 3276 4644; x_wconf 88' lang='lat' dir='ltr'><strong><em>sed</em></strong></span> <span class='ocrx_word' id='word_1_726' title='bbox 3319 4606 3528 4658; x_wconf 85' lang='lat' dir='ltr'><strong><em>surgens</em></strong></span> 
     </span>
    </p>
   </div>
   <div class='ocr_carea' id='block_1_49' title="bbox 335 4740 3526 4814">
    <p class='ocr_par' dir='ltr' id='par_1_49' title="bbox 335 4740 3526 4814">
     <span class='ocr_line' id='line_1_49' title="bbox 335 4740 3526 4814; baseline -0.001 -16"><span class='ocrx_word' id='word_1_727' title='bbox 335 4745 423 4814; x_wconf 76' lang='grc' dir='ltr'><strong><em>(τι)</em></strong></span> <span class='ocrx_word' id='word_1_728' title='bbox 454 4744 576 4800; x_wconf 75' lang='lat' dir='ltr'><strong><em>Haec</em></strong></span> <span class='ocrx_word' id='word_1_729' title='bbox 598 4761 665 4800; x_wconf 91' lang='lat' dir='ltr'><strong><em>eo</em></strong></span> <span class='ocrx_word' id='word_1_730' title='bbox 685 4751 948 4814; x_wconf 84' lang='lat' dir='ltr'><strong><em>spectant,</em></strong></span> <span class='ocrx_word' id='word_1_731' title='bbox 978 4759 1084 4814; x_wconf 83' lang='lat' dir='ltr'><strong><em>non</em></strong></span> <span class='ocrx_word' id='word_1_732' title='bbox 1113 4753 1174 4798; x_wconf 92' lang='lat' dir='ltr'><strong><em>ut</em></strong></span> <span class='ocrx_word' id='word_1_733' title='bbox 1214 4752 1453 4812; x_wconf 81' lang='lat' dir='ltr'><strong><em>negetur,</em></strong></span> <span class='ocrx_word' id='word_1_734' title='bbox 1484 4745 1732 4799; x_wconf 88' lang='lat' dir='ltr'><strong><em>esuriisse</em></strong></span> <span class='ocrx_word' id='word_1_735' title='bbox 1763 4760 1849 4799; x_wconf 88' lang='lat' dir='ltr'><strong><em>re-</em></strong></span> <span class='ocrx_word' id='word_1_736' title='bbox 1947 4745 2090 4814; x_wconf 90' lang='lat' dir='ltr'><strong><em>quod</em></strong></span> <span class='ocrx_word' id='word_1_737' title='bbox 2117 4744 2167 4802; x_wconf 83' lang='lat' dir='ltr'><strong><em>id</em></strong></span> <span class='ocrx_word' id='word_1_738' title='bbox 2197 4745 2266 4798; x_wconf 88' lang='lat' dir='ltr'><strong><em>sit</em></strong></span> <span class='ocrx_word' id='word_1_739' title='bbox 2295 4744 2410 4812; x_wconf 84' lang='lat' dir='ltr'><strong><em>lege</em></strong></span> <span class='ocrx_word' id='word_1_740' title='bbox 2439 4742 2693 4796; x_wconf 90' lang='lat' dir='ltr'><strong><em>indictum</em></strong></span> <span class='ocrx_word' id='word_1_741' title='bbox 2722 4743 3002 4810; x_wconf 87' lang='lat' dir='ltr'><strong><em>jejunium.</em></strong></span> <span class='ocrx_word' id='word_1_742' title='bbox 3037 4742 3190 4803; x_wconf 86' lang='lat' dir='ltr'><strong><em>lhid.,</em></strong></span> <span class='ocrx_word' id='word_1_743' title='bbox 3236 4757 3356 4810; x_wconf 85' lang='lat' dir='ltr'><strong><em>pag.</em></strong></span> <span class='ocrx_word' id='word_1_744' title='bbox 3385 4740 3526 4814; x_wconf 59' lang='lat'><strong><em>462:</em></strong></span> 
     </span>
    </p>
   </div>
   <div class='ocr_carea' id='block_1_50' title="bbox 259 4761 3530 4884">
    <p class='ocr_par' dir='ltr' id='par_1_50' title="bbox 259 4761 3530 4884">
     <span class='ocr_line' id='line_1_50' title="bbox 335 4761 3526 4814; baseline -0.001 -16"><span class='ocrx_word' id='word_1_745' title='bbox 335 4761 423 4814; x_wconf 75' lang='grc' dir='ltr'><strong><em>(τι)</em></strong></span> <span class='ocrx_word' id='word_1_746' title='bbox 457 4761 576 4800; x_wconf 67' lang='lat' dir='ltr'><strong><em>tunc</em></strong></span> <span class='ocrx_word' id='word_1_747' title='bbox 598 4761 665 4800; x_wconf 91' lang='lat' dir='ltr'><strong><em>eo</em></strong></span> <span class='ocrx_word' id='word_1_748' title='bbox 685 4761 948 4814; x_wconf 82' lang='lat' dir='ltr'><strong><em>speetam,</em></strong></span> <span class='ocrx_word' id='word_1_749' title='bbox 978 4761 1084 4798; x_wconf 91' lang='lat' dir='ltr'><strong><em>non</em></strong></span> <span class='ocrx_word' id='word_1_750' title='bbox 1113 4761 1174 4798; x_wconf 88' lang='lat' dir='ltr'><strong><em>ut</em></strong></span> <span class='ocrx_word' id='word_1_751' title='bbox 1214 4761 1453 4812; x_wconf 78' lang='lat' dir='ltr'><strong><em>negetur,</em></strong></span> <span class='ocrx_word' id='word_1_752' title='bbox 1484 4761 1732 4799; x_wconf 79' lang='lat' dir='ltr'><strong><em>esuriisse</em></strong></span> <span class='ocrx_word' id='word_1_753' title='bbox 1763 4761 1849 4799; x_wconf 88' lang='lat' dir='ltr'><strong><em>re-</em></strong></span> <span class='ocrx_word' id='word_1_754' title='bbox 1986 4761 2090 4799; x_wconf 88' lang='lat' dir='ltr'><strong><em>uou</em></strong></span> <span class='ocrx_word' id='word_1_755' title='bbox 2117 4761 2167 4802; x_wconf 78' lang='lat' dir='ltr'><strong><em>tu</em></strong></span> <span class='ocrx_word' id='word_1_756' title='bbox 2197 4761 2266 4798; x_wconf 76' lang='lat' dir='ltr'><strong><em>su</em></strong></span> <span class='ocrx_word' id='word_1_757' title='bbox 2295 4761 2410 4812; x_wconf 84' lang='lat' dir='ltr'><strong><em>tege</em></strong></span> <span class='ocrx_word' id='word_1_758' title='bbox 2439 4761 2693 4796; x_wconf 72' lang='lat' dir='ltr'><strong><em>moretum</em></strong></span> <span class='ocrx_word' id='word_1_759' title='bbox 2722 4761 3002 4810; x_wconf 78' lang='lat' dir='ltr'><strong><em>jejunium.</em></strong></span> <span class='ocrx_word' id='word_1_760' title='bbox 3037 4761 3190 4803; x_wconf 79' lang='lat' dir='ltr'><strong><em>lniu.,</em></strong></span> <span class='ocrx_word' id='word_1_761' title='bbox 3236 4761 3356 4810; x_wconf 83' lang='lat' dir='ltr'><strong><em>pag.</em></strong></span> <span class='ocrx_word' id='word_1_762' title='bbox 3385 4761 3526 4796; x_wconf 72' lang='lat'><strong><em>40::</em></strong></span> 
     </span>
     <span class='ocr_line' id='line_1_51' title="bbox 259 4761 3530 4884; baseline -0 -18"><span class='ocrx_word' id='word_1_763' title='bbox 259 4831 394 4868; x_wconf 78' lang='lat' dir='ltr'><strong><em>vera</em></strong></span> <span class='ocrx_word' id='word_1_764' title='bbox 425 4815 725 4880; x_wconf 86' lang='lat' dir='ltr'><strong><em>Christum,</em></strong></span> <span class='ocrx_word' id='word_1_765' title='bbox 756 4813 849 4868; x_wconf 88' lang='lat' dir='ltr'><strong><em>sed</em></strong></span> <span class='ocrx_word' id='word_1_766' title='bbox 881 4823 936 4868; x_wconf 92' lang='lat' dir='ltr'><strong><em>ut</em></strong></span> <span class='ocrx_word' id='word_1_767' title='bbox 984 4813 1244 4868; x_wconf 86' lang='lat' dir='ltr'><strong><em>iudicetur</em></strong></span> <span class='ocrx_word' id='word_1_768' title='bbox 1271 4831 1391 4884; x_wconf 85' lang='lat' dir='ltr'><strong><em>eum</em></strong></span> <span class='ocrx_word' id='word_1_769' title='bbox 1436 4815 1552 4882; x_wconf 88' lang='lat' dir='ltr'><strong><em>plus</em></strong></span> <span class='ocrx_word' id='word_1_770' title='bbox 1597 4815 1848 4869; x_wconf 84' lang='lat' dir='ltr'><strong><em>esuriisse</em></strong></span> <span class='ocrx_word' id='word_1_771' title='bbox 1947 4761 2017 4870; x_wconf 53' lang='lat' dir='ltr'><strong><em>1n</em></strong></span> <span class='ocrx_word' id='word_1_772' title='bbox 2067 4814 2477 4884; x_wconf 81' lang='lat' dir='ltr'><strong><em>Quadragesima</em></strong></span> <span class='ocrx_word' id='word_1_773' title='bbox 2522 4829 2624 4867; x_wconf 89' lang='lat' dir='ltr'><strong><em>non</em></strong></span> <span class='ocrx_word' id='word_1_774' title='bbox 2665 4815 2924 4884; x_wconf 80' lang='lat' dir='ltr'><strong><em>jejunare,</em></strong></span> <span class='ocrx_word' id='word_1_775' title='bbox 2977 4820 3240 4884; x_wconf 85' lang='lat' dir='ltr'><strong><em>peccatum</em></strong></span> <span class='ocrx_word' id='word_1_776' title='bbox 3285 4821 3377 4864; x_wconf 86' lang='lat' dir='ltr'><strong><em>est.</em></strong></span> <span class='ocrx_word' id='word_1_777' title='bbox 3428 4811 3530 4884; x_wconf 73' lang='lat' dir='ltr'><strong><em>illa</em></strong></span> 
     </span>
    </p>
   </div>
   <div class='ocr_carea' id='block_1_51' title="bbox 258 4881 3527 4963">
    <p class='ocr_par' dir='ltr' id='par_1_51' title="bbox 258 4881 3527 4963">
     <span class='ocr_line' id='line_1_52' title="bbox 258 4881 3527 4963; baseline -0 -28"><span class='ocrx_word' id='word_1_778' title='bbox 258 4886 501 4963; x_wconf 64' lang='lat' dir='ltr'><strong><em>salutem</em></strong></span> <span class='ocrx_word' id='word_1_779' title='bbox 547 4885 841 4963; x_wconf 79' lang='lat' dir='ltr'><strong><em>botn_i_n_um_</em></strong></span> <span class='ocrx_word' id='word_1_780' title='bbox 877 4899 1036 4963; x_wconf 59' lang='lat' dir='ltr'><strong><em>quam</em></strong></span> <span class='ocrx_word' id='word_1_781' title='bbox 1090 4881 1518 4963; x_wconf 46' lang='lat' dir='ltr'><strong><em>ciburn.h§iinile</em></strong></span> <span class='ocrx_word' id='word_1_782' title='bbox 1574 4885 1848 4963; x_wconf 48' lang='lat' dir='ltr'><strong><em>qyidpiinn</em></strong></span> <span class='ocrx_word' id='word_1_783' title='bbox 1940 4885 2145 4955; x_wconf 79' lang='lat' dir='ltr'><strong><em>jejunio</em></strong></span> <span class='ocrx_word' id='word_1_784' title='bbox 2191 4881 2416 4963; x_wconf 53' lang='lat' dir='ltr'><strong><em>(diei-um</em></strong></span> <span class='ocrx_word' id='word_1_785' title='bbox 2447 4881 3020 4963; x_wconf 42' lang='lat' dir='ltr'><strong><em>quinquaginta).sunt</em></strong></span> <span class='ocrx_word' id='word_1_786' title='bbox 3053 4882 3382 4963; x_wconf 53' lang='lat' dir='ltr'><strong><em>voluntaria,</em></strong></span> <span class='ocrx_word' id='word_1_787' title='bbox 3424 4883 3527 4963; x_wconf 77' lang='lat' dir='ltr'><strong><em>ista</em></strong></span> 
     </span>
    </p>
   </div>
   <div class='ocr_carea' id='block_1_52' title="bbox 257 4950 3523 5023">
    <p class='ocr_par' dir='ltr' id='par_1_52' title="bbox 257 4950 3523 5023">
     <span class='ocr_line' id='line_1_53' title="bbox 257 4950 3523 5023; baseline -0.001 -16"><span class='ocrx_word' id='word_1_788' title='bbox 257 4954 534 5023; x_wconf 75' lang='lat' dir='ltr'><strong><em>Maximus</em></strong></span> <span class='ocrx_word' id='word_1_789' title='bbox 580 4955 766 5008; x_wconf 87' lang='lat' dir='ltr'><strong><em>scribit</em></strong></span> <span class='ocrx_word' id='word_1_790' title='bbox 811 4950 1078 5008; x_wconf 51' lang='lat' dir='ltr'><strong><em>de&#39;l‘etro</em></strong></span> <span class='ocrx_word' id='word_1_791' title='bbox 1106 4969 1266 5007; x_wconf 89' lang='lat' dir='ltr'><strong><em>serm.</em></strong></span> <span class='ocrx_word' id='word_1_792' title='bbox 1292 4953 1386 5014; x_wconf 80' lang='lat'><strong><em>68,</em></strong></span> <span class='ocrx_word' id='word_1_793' title='bbox 1419 4968 1538 5023; x_wconf 82' lang='lat' dir='ltr'><strong><em>pag.</em></strong></span> <span class='ocrx_word' id='word_1_794' title='bbox 1572 4950 1718 5006; x_wconf 41' lang='lat' dir='ltr'><strong><em>574K</em></strong></span> <span class='ocrx_word' id='word_1_795' title='bbox 1743 4954 1848 5007; x_wconf 89' lang='lat' dir='ltr'><strong><em>Sed</em></strong></span> <span class='ocrx_word' id='word_1_796' title='bbox 1941 4950 2254 5007; x_wconf 58' lang='lat' dir='ltr'><strong><em>nuccssaria.</em></strong></span> <span class='ocrx_word' id='word_1_797' title='bbox 2292 4952 2395 5006; x_wconf 90' lang='lat' dir='ltr'><strong><em>Illa</em></strong></span> <span class='ocrx_word' id='word_1_798' title='bbox 2424 4950 2489 5005; x_wconf 77' lang='lat' dir='ltr'><strong><em>de</em></strong></span> <span class='ocrx_word' id='word_1_799' title='bbox 2516 4950 2730 5006; x_wconf 84' lang='lat' dir='ltr'><strong><em>arbitrio</em></strong></span> <span class='ocrx_word' id='word_1_800' title='bbox 2768 4952 3002 5023; x_wconf 84' lang='lat' dir='ltr'><strong><em>veniunt,</em></strong></span> <span class='ocrx_word' id='word_1_801' title='bbox 3047 4950 3247 5023; x_wconf 84' lang='lat' dir='ltr'><strong><em>ista_de</em></strong></span> <span class='ocrx_word' id='word_1_802' title='bbox 3287 4951 3523 5023; x_wconf 8' lang='lat' dir='ltr'><strong><em>lcge;g_ad</em></strong></span> 
     </span>
    </p>
   </div>
   <div class='ocr_carea' id='block_1_53' title="bbox 254 5019 3522 5092">
    <p class='ocr_par' dir='ltr' id='par_1_53' title="bbox 254 5019 3522 5092">
     <span class='ocr_line' id='line_1_54' title="bbox 254 5019 3522 5092; baseline -0 -20"><span class='ocrx_word' id='word_1_803' title='bbox 254 5036 391 5092; x_wconf 81' lang='lat' dir='ltr'><strong><em>puto</em></strong></span> <span class='ocrx_word' id='word_1_804' title='bbox 442 5021 652 5076; x_wconf 87' lang='lat' dir='ltr'><strong><em>Petrum</em></strong></span> <span class='ocrx_word' id='word_1_805' title='bbox 681 5032 793 5090; x_wconf 84' lang='lat' dir='ltr'><strong><em>post</em></strong></span> <span class='ocrx_word' id='word_1_806' title='bbox 833 5024 1119 5076; x_wconf 87' lang='lat' dir='ltr'><strong><em>orationem</em></strong></span> <span class='ocrx_word' id='word_1_807' title='bbox 1150 5039 1251 5076; x_wconf 89' lang='lat' dir='ltr'><strong><em>non</em></strong></span> <span class='ocrx_word' id='word_1_808' title='bbox 1289 5019 1455 5076; x_wconf 83' lang='lat' dir='ltr'><strong><em>cibum</em></strong></span> <span class='ocrx_word' id='word_1_809' title='bbox 1479 5019 1719 5077; x_wconf 84' lang='lat' dir='ltr'><strong><em>esuriisse</em></strong></span> <span class='ocrx_word' id='word_1_810' title='bbox 1756 5026 1848 5077; x_wconf 85' lang='lat' dir='ltr'><strong><em>ho—</em></strong></span> <span class='ocrx_word' id='word_1_811' title='bbox 1946 5025 2039 5076; x_wconf 87' lang='lat' dir='ltr'><strong><em>illa</em></strong></span> <span class='ocrx_word' id='word_1_812' title='bbox 2064 5025 2357 5085; x_wconf 80' lang='lat' dir='ltr'><strong><em>invitamur,</em></strong></span> <span class='ocrx_word' id='word_1_813' title='bbox 2398 5023 2468 5075; x_wconf 88' lang='lat' dir='ltr'><strong><em>ad</em></strong></span> <span class='ocrx_word' id='word_1_814' title='bbox 2497 5024 2595 5075; x_wconf 86' lang='lat' dir='ltr'><strong><em>ista</em></strong></span> <span class='ocrx_word' id='word_1_815' title='bbox 2626 5022 2991 5092; x_wconf 80' lang='lat' dir='ltr'><strong><em>compellimur.</em></strong></span> <span class='ocrx_word' id='word_1_816' title='bbox 3035 5019 3202 5092; x_wconf 69' lang='lat' dir='ltr'><strong><em>Aude</em></strong></span> <span class='ocrx_word' id='word_1_817' title='bbox 3232 5020 3522 5092; x_wconf 54' lang='lat' dir='ltr'><strong><em>apostolica</em></strong></span> 
     </span>
    </p>
   </div>
   <div class='ocr_carea' id='block_1_54' title="bbox 253 5087 3529 5162">
    <p class='ocr_par' dir='ltr' id='par_1_54' title="bbox 253 5087 3529 5162">
     <span class='ocr_line' id='line_1_55' title="bbox 253 5087 3529 5162; baseline -0.002 -16"><span class='ocrx_word' id='word_1_818' title='bbox 253 5087 490 5152; x_wconf 57' lang='lat' dir='ltr'><strong><em>asinum,</em></strong></span> <span class='ocrx_word' id='word_1_819' title='bbox 513 5094 598 5146; x_wconf 84' lang='lat' dir='ltr'><strong><em>sed</em></strong></span> <span class='ocrx_word' id='word_1_820' title='bbox 625 5087 872 5155; x_wconf 80' lang='lat' dir='ltr'><strong><em>salutem;</em></strong></span> <span class='ocrx_word' id='word_1_821' title='bbox 901 5108 991 5145; x_wconf 90' lang='lat' dir='ltr'><strong><em>nec</em></strong></span> <span class='ocrx_word' id='word_1_822' title='bbox 1011 5093 1184 5162; x_wconf 84' lang='lat' dir='ltr'><strong><em>inedia</em></strong></span> <span class='ocrx_word' id='word_1_823' title='bbox 1209 5104 1437 5162; x_wconf 74' lang='lat' dir='ltr'><strong><em>vexatum</em></strong></span> <span class='ocrx_word' id='word_1_824' title='bbox 1465 5110 1573 5146; x_wconf 88' lang='lat' dir='ltr'><strong><em>esse</em></strong></span> <span class='ocrx_word' id='word_1_825' title='bbox 1593 5096 1840 5162; x_wconf 86' lang='lat' dir='ltr'><strong><em>corporis,</em></strong></span> <span class='ocrx_word' id='word_1_826' title='bbox 1950 5093 2281 5147; x_wconf 86' lang='lat' dir='ltr'><strong><em>institutione</em></strong></span> <span class='ocrx_word' id='word_1_827' title='bbox 2301 5087 2771 5162; x_wconf 77' lang='lat' dir='ltr'><strong><em>quadragesimalis</em></strong></span> <span class='ocrx_word' id='word_1_828' title='bbox 2784 5089 3234 5162; x_wconf 81' lang='lat' dir='ltr'><strong><em>jejunii__pluribus</em></strong></span> <span class='ocrx_word' id='word_1_829' title='bbox 3254 5087 3360 5156; x_wconf 77' lang='lat' dir='ltr'><strong><em>agit</em></strong></span> <span class='ocrx_word' id='word_1_830' title='bbox 3380 5087 3529 5162; x_wconf 67' lang='lat' dir='ltr'><strong><em>Quil-</em></strong></span> 
     </span>
    </p>
   </div>
   <div class='ocr_carea' id='block_1_55' title="bbox 251 5157 3523 5229">
    <p class='ocr_par' dir='ltr' id='par_1_55' title="bbox 251 5157 3523 5229">
     <span class='ocr_line' id='line_1_56' title="bbox 251 5157 3523 5229; baseline -0.002 -14"><span class='ocrx_word' id='word_1_831' title='bbox 251 5162 353 5215; x_wconf 79' lang='lat' dir='ltr'><strong><em>sed</em></strong></span> <span class='ocrx_word' id='word_1_832' title='bbox 386 5163 567 5229; x_wconf 86' lang='lat' dir='ltr'><strong><em>inapia</em></strong></span> <span class='ocrx_word' id='word_1_833' title='bbox 607 5162 923 5215; x_wconf 88' lang='lat' dir='ltr'><strong><em>credentium</em></strong></span> <span class='ocrx_word' id='word_1_834' title='bbox 971 5160 1250 5214; x_wconf 84' lang='lat' dir='ltr'><strong><em>laborasse.</em></strong></span> <span class='ocrx_word' id='word_1_835' title='bbox 1277 5161 1405 5226; x_wconf 80' lang='lat' dir='ltr'><strong><em>Quis</em></strong></span> <span class='ocrx_word' id='word_1_836' title='bbox 1445 5172 1622 5215; x_wconf 86' lang='lat' dir='ltr'><strong><em>autem</em></strong></span> <span class='ocrx_word' id='word_1_837' title='bbox 1665 5157 1846 5216; x_wconf 77' lang='lat' dir='ltr'><strong><em>existi—</em></strong></span> <span class='ocrx_word' id='word_1_838' title='bbox 1953 5163 2039 5216; x_wconf 91' lang='lat' dir='ltr'><strong><em>lel.</em></strong></span> <span class='ocrx_word' id='word_1_839' title='bbox 2086 5157 2405 5229; x_wconf 82' lang='lat' dir='ltr'><strong><em>Beveregius</em></strong></span> <span class='ocrx_word' id='word_1_840' title='bbox 2432 5157 2526 5215; x_wconf 23' lang='lat' dir='ltr'><strong><em>lib.‘</em></strong></span> <span class='ocrx_word' id='word_1_841' title='bbox 2565 5179 2619 5216; x_wconf 91' lang='grc' dir='ltr'><strong><em>ιιι</em></strong></span> <span class='ocrx_word' id='word_1_842' title='bbox 2659 5159 3132 5229; x_wconf 55' lang='grc' dir='ltr'><strong><em>νὲιιάίεἰᾳνλῖοάίσ.</em></strong></span> <span class='ocrx_word' id='word_1_843' title='bbox 3165 5175 3351 5229; x_wconf 77' lang='lat' dir='ltr'><strong><em>canon.</em></strong></span> <span class='ocrx_word' id='word_1_844' title='bbox 3380 5157 3523 5211; x_wconf 83' lang='lat' dir='ltr'><strong><em>Eccl.</em></strong></span> 
     </span>
    </p>
   </div>
   <div class='ocr_carea' id='block_1_56' title="bbox 251 5229 1844 5299">
    <p class='ocr_par' dir='ltr' id='par_1_56' title="bbox 251 5229 1844 5299">
     <span class='ocr_line' id='line_1_57' title="bbox 251 5229 1844 5299; baseline 0.001 -16"><span class='ocrx_word' id='word_1_845' title='bbox 251 5239 376 5284; x_wconf 85' lang='lat' dir='ltr'><strong><em>met</em></strong></span> <span class='ocrx_word' id='word_1_846' title='bbox 443 5246 544 5284; x_wconf 82' lang='lat' dir='ltr'><strong><em>non</em></strong></span> <span class='ocrx_word' id='word_1_847' title='bbox 575 5233 825 5285; x_wconf 56' lang='lat' dir='ltr'><strong><em>esuriisse</em></strong></span> <span class='ocrx_word' id='word_1_848' title='bbox 870 5245 1057 5284; x_wconf 85' lang='lat' dir='ltr'><strong><em>revera</em></strong></span> <span class='ocrx_word' id='word_1_849' title='bbox 1090 5229 1324 5283; x_wconf 82' lang='lat' dir='ltr'><strong><em>Petrum.</em></strong></span> <span class='ocrx_word' id='word_1_850' title='bbox 1356 5231 1460 5284; x_wconf 84' lang='lat' dir='ltr'><strong><em>Sed</em></strong></span> <span class='ocrx_word' id='word_1_851' title='bbox 1490 5233 1630 5299; x_wconf 85' lang='lat' dir='ltr'><strong><em>quod</em></strong></span> <span class='ocrx_word' id='word_1_852' title='bbox 1661 5234 1844 5297; x_wconf 62' lang='grc' dir='ltr'><strong><em>ιιι-ληςί-</em></strong></span> 
     </span>
    </p>
   </div>
   <div class='ocr_carea' id='block_1_57' title="bbox 250 5300 1844 5421">
    <p class='ocr_par' dir='ltr' id='par_1_57' title="bbox 250 5300 1844 5421">
     <span class='ocr_line' id='line_1_58' title="bbox 250 5300 1844 5421; baseline 0 -67"><span class='ocrx_word' id='word_1_853' title='bbox 250 5314 364 5421; x_wconf 59' lang='grc' dir='ltr'>ξιιιε</span> <span class='ocrx_word' id='word_1_854' title='bbox 425 5302 572 5353; x_wconf 86' lang='lat' dir='ltr'><strong><em>cordi</em></strong></span> <span class='ocrx_word' id='word_1_855' title='bbox 615 5301 775 5354; x_wconf 85' lang='lat' dir='ltr'><strong><em>Petro</em></strong></span> <span class='ocrx_word' id='word_1_856' title='bbox 806 5309 941 5364; x_wconf 85' lang='lat' dir='ltr'><strong><em>erat,</em></strong></span> <span class='ocrx_word' id='word_1_857' title='bbox 976 5300 1025 5353; x_wconf 90' lang='lat' dir='ltr'><strong><em>id</em></strong></span> <span class='ocrx_word' id='word_1_858' title='bbox 1075 5301 1294 5368; x_wconf 86' lang='lat' dir='ltr'><strong><em>perinde</em></strong></span> <span class='ocrx_word' id='word_1_859' title='bbox 1334 5303 1585 5354; x_wconf 78' lang='lat' dir='ltr'><strong><em>esuriisse</em></strong></span> <span class='ocrx_word' id='word_1_860' title='bbox 1632 5300 1844 5354; x_wconf 86' lang='lat' dir='ltr'><strong><em>Petrum</em></strong></span> 
     </span>
     <span class='ocr_line' id='line_1_59' title="bbox 306 5369 1844 5421; baseline 0 0"><span class='ocrx_word' id='word_1_861' title='bbox 306 5371 536 5421; x_wconf 78' lang='lat' dir='ltr'><strong><em>aximus</em></strong></span> <span class='ocrx_word' id='word_1_862' title='bbox 563 5371 959 5421; x_wconf 84' lang='lat' dir='ltr'><strong><em>animadvertit.</em></strong></span> <span class='ocrx_word' id='word_1_863' title='bbox 991 5385 1055 5421; x_wconf 88' lang='lat' dir='ltr'><strong><em>ac</em></strong></span> <span class='ocrx_word' id='word_1_864' title='bbox 1081 5371 1126 5421; x_wconf 89' lang='lat' dir='ltr'><strong><em>si</em></strong></span> <span class='ocrx_word' id='word_1_865' title='bbox 1148 5369 1336 5421; x_wconf 84' lang='lat' dir='ltr'><strong><em>Petrus</em></strong></span> <span class='ocrx_word' id='word_1_866' title='bbox 1365 5372 1502 5421; x_wconf 88' lang='lat' dir='ltr'><strong><em>idem</em></strong></span> <span class='ocrx_word' id='word_1_867' title='bbox 1535 5371 1710 5421; x_wconf 86' lang='lat' dir='ltr'><strong><em>cibum</em></strong></span> <span class='ocrx_word' id='word_1_868' title='bbox 1740 5387 1844 5421; x_wconf 90' lang='lat' dir='ltr'><strong><em>non</em></strong></span> 
     </span>
    </p>
   </div>
   <div class='ocr_carea' id='block_1_58' title="bbox 306 5369 1845 5437">
    <p class='ocr_par' dir='ltr' id='par_1_58' title="bbox 306 5369 1845 5437">
     <span class='ocr_line' id='line_1_60' title="bbox 306 5369 1845 5437; baseline 0.001 -15"><span class='ocrx_word' id='word_1_869' title='bbox 306 5371 536 5423; x_wconf 70' lang='lat' dir='ltr'><strong><em>eximus</em></strong></span> <span class='ocrx_word' id='word_1_870' title='bbox 563 5371 960 5437; x_wconf 84' lang='lat' dir='ltr'><strong><em>animadvertit,</em></strong></span> <span class='ocrx_word' id='word_1_871' title='bbox 991 5385 1055 5424; x_wconf 90' lang='lat' dir='ltr'><strong><em>ac</em></strong></span> <span class='ocrx_word' id='word_1_872' title='bbox 1081 5371 1126 5423; x_wconf 92' lang='lat' dir='ltr'><strong><em>si</em></strong></span> <span class='ocrx_word' id='word_1_873' title='bbox 1148 5369 1336 5424; x_wconf 87' lang='lat' dir='ltr'><strong><em>Petrus</em></strong></span> <span class='ocrx_word' id='word_1_874' title='bbox 1365 5372 1502 5425; x_wconf 89' lang='lat' dir='ltr'><strong><em>idem</em></strong></span> <span class='ocrx_word' id='word_1_875' title='bbox 1535 5371 1710 5425; x_wconf 87' lang='lat' dir='ltr'><strong><em>cibum</em></strong></span> <span class='ocrx_word' id='word_1_876' title='bbox 1740 5387 1845 5423; x_wconf 89' lang='lat' dir='ltr'><strong><em>non</em></strong></span> 
     </span>
    </p>
   </div>
   <div class='ocr_carea' id='block_1_59' title="bbox 249 5439 540 5508">
    <p class='ocr_par' dir='ltr' id='par_1_59' title="bbox 249 5439 540 5508">
     <span class='ocr_line' id='line_1_61' title="bbox 249 5439 540 5508; baseline -0.014 -14"><span class='ocrx_word' id='word_1_877' title='bbox 249 5439 540 5508; x_wconf 73' lang='lat' dir='ltr'><strong><em>esurierit.</em></strong></span> 
     </span>
    </p>
   </div>
   <div class='ocr_carea' id='block_1_60' title="bbox 322 5507 1844 5580">
    <p class='ocr_par' dir='ltr' id='par_1_60' title="bbox 322 5507 1844 5580">
     <span class='ocr_line' id='line_1_62' title="bbox 322 5507 1844 5580; baseline 0.003 -21"><span class='ocrx_word' id='word_1_878' title='bbox 322 5507 412 5580; x_wconf 64' lang='lat' dir='ltr'><strong><em>(li)</em></strong></span> <span class='ocrx_word' id='word_1_879' title='bbox 457 5507 586 5580; x_wconf 78' lang='lat' dir='ltr'><strong><em>lline</em></strong></span> <span class='ocrx_word' id='word_1_880' title='bbox 637 5507 897 5580; x_wconf 60' lang='lat' dir='ltr'><strong><em>Maximus</em></strong></span> <span class='ocrx_word' id='word_1_881' title='bbox 924 5525 1084 5580; x_wconf 70' lang='lat' dir='ltr'><strong><em>scrin.</em></strong></span> <span class='ocrx_word' id='word_1_882' title='bbox 1117 5507 1489 5580; x_wconf 26' lang='lat' dir='ltr'><strong><em>26Apag.461,</em></strong></span> <span class='ocrx_word' id='word_1_883' title='bbox 1514 5518 1566 5562; x_wconf 88' lang='lat' dir='ltr'><strong><em>ct</em></strong></span> <span class='ocrx_word' id='word_1_884' title='bbox 1596 5509 1844 5580; x_wconf 82' lang='lat' dir='ltr'><strong><em>exemplo</em></strong></span> 
     </span>
    </p>
   </div>
   <div class='ocr_carea' id='block_1_61' title="bbox 246 5576 1844 5646">
    <p class='ocr_par' dir='ltr' id='par_1_61' title="bbox 246 5576 1844 5646">
     <span class='ocr_line' id='line_1_63' title="bbox 246 5576 1844 5646; baseline 0 -15"><span class='ocrx_word' id='word_1_885' title='bbox 246 5576 472 5631; x_wconf 74' lang='lat' dir='ltr'><strong><em>Christi</em></strong></span> <span class='ocrx_word' id='word_1_886' title='bbox 492 5577 676 5644; x_wconf 85' lang='lat' dir='ltr'><strong><em>jubcri&#39;</em></strong></span> <span class='ocrx_word' id='word_1_887' title='bbox 704 5579 1160 5646; x_wconf 79' lang='lat' dir='ltr'><strong><em>quadragesimale</em></strong></span> <span class='ocrx_word' id='word_1_888' title='bbox 1188 5576 1448 5645; x_wconf 86' lang='lat' dir='ltr'><strong><em>jejunium</em></strong></span> <span class='ocrx_word' id='word_1_889' title='bbox 1468 5621 1481 5641; x_wconf 90' lang='lat'><strong><em>,</em></strong></span> <span class='ocrx_word' id='word_1_890' title='bbox 1513 5588 1567 5631; x_wconf 89' lang='lat' dir='ltr'><strong><em>et</em></strong></span> <span class='ocrx_word' id='word_1_891' title='bbox 1595 5579 1844 5631; x_wconf 87' lang='lat' dir='ltr'><strong><em>traditum</em></strong></span> 
     </span>
    </p>
   </div>
   <div class='ocr_carea' id='block_1_62' title="bbox 245 5647 1842 5714">
    <p class='ocr_par' dir='ltr' id='par_1_62' title="bbox 245 5647 1842 5714">
     <span class='ocr_line' id='line_1_64' title="bbox 245 5647 1842 5714; baseline 0.001 -14"><span class='ocrx_word' id='word_1_892' title='bbox 245 5662 377 5700; x_wconf 63' lang='lat'><strong><em>8558</em></strong></span> <span class='ocrx_word' id='word_1_893' title='bbox 413 5649 742 5700; x_wconf 82' lang='lat' dir='ltr'><strong><em>auctoritate</em></strong></span> <span class='ocrx_word' id='word_1_894' title='bbox 772 5647 1026 5714; x_wconf 89' lang='lat' dir='ltr'><strong><em>majorum</em></strong></span> <span class='ocrx_word' id='word_1_895' title='bbox 1056 5649 1255 5702; x_wconf 85' lang='lat' dir='ltr'><strong><em>scribit.</em></strong></span> <span class='ocrx_word' id='word_1_896' title='bbox 1287 5652 1508 5703; x_wconf 82' lang='lat' dir='ltr'><strong><em>l&#39;eecare</em></strong></span> <span class='ocrx_word' id='word_1_897' title='bbox 1541 5657 1718 5702; x_wconf 77' lang='lat' dir='ltr'><strong><em>autem</em></strong></span> <span class='ocrx_word' id='word_1_898' title='bbox 1749 5665 1842 5702; x_wconf 84' lang='lat' dir='ltr'><strong><em>eos</em></strong></span> 
     </span>
    </p>
   </div>
   <div class='ocr_carea' id='block_1_63' title="bbox 246 5717 1838 5786">
    <p class='ocr_par' dir='ltr' id='par_1_63' title="bbox 246 5717 1838 5786">
     <span class='ocr_line' id='line_1_65' title="bbox 246 5717 1838 5786; baseline 0.001 -19"><span class='ocrx_word' id='word_1_899' title='bbox 246 5720 538 5780; x_wconf 77' lang='lat' dir='ltr'><strong><em>atlirmat,</em></strong></span> <span class='ocrx_word' id='word_1_900' title='bbox 577 5717 670 5785; x_wconf 84' lang='lat' dir='ltr'><strong><em>qui</em></strong></span> <span class='ocrx_word' id='word_1_901' title='bbox 698 5717 1122 5785; x_wconf 74' lang='lat' dir='ltr'><strong><em>Quadragesimtc</em></strong></span> <span class='ocrx_word' id='word_1_902' title='bbox 1153 5726 1389 5786; x_wconf 82' lang='lat' dir='ltr'><strong><em>tempore</em></strong></span> <span class='ocrx_word' id='word_1_903' title='bbox 1437 5734 1539 5771; x_wconf 87' lang='lat' dir='ltr'><strong><em>non</em></strong></span> <span class='ocrx_word' id='word_1_904' title='bbox 1579 5717 1838 5786; x_wconf 75' lang='lat' dir='ltr'><strong><em>jejuuaut,</em></strong></span> 
     </span>
    </p>
   </div>
   <div class='ocr_carea' id='block_1_64' title="bbox 1951 5227 3528 5300">
    <p class='ocr_par' dir='ltr' id='par_1_64' title="bbox 1951 5227 3528 5300">
     <span class='ocr_line' id='line_1_66' title="bbox 1951 5227 3528 5300; baseline -0.003 -16"><span class='ocrx_word' id='word_1_905' title='bbox 1951 5234 2236 5300; x_wconf 80' lang='lat' dir='ltr'><strong><em>primitivte,</em></strong></span> <span class='ocrx_word' id='word_1_906' title='bbox 2270 5227 2386 5300; x_wconf 81' lang='lat' dir='ltr'><strong><em>cap.</em></strong></span> <span class='ocrx_word' id='word_1_907' title='bbox 2423 5231 2446 5283; x_wconf 80' lang='grc'><strong>1</strong></span> <span class='ocrx_word' id='word_1_908' title='bbox 2481 5246 2651 5300; x_wconf 81' lang='lat' dir='ltr'><strong><em>seqq.,</em></strong></span> <span class='ocrx_word' id='word_1_909' title='bbox 2692 5237 2820 5282; x_wconf 93' lang='lat' dir='ltr'><strong><em>tom.</em></strong></span> <span class='ocrx_word' id='word_1_910' title='bbox 2854 5227 2894 5280; x_wconf 91' lang='lat' dir='ltr'><strong><em>ll</em></strong></span> <span class='ocrx_word' id='word_1_911' title='bbox 2925 5229 3263 5298; x_wconf 79' lang='lat' dir='ltr'><strong><em>Apostolicor.</em></strong></span> <span class='ocrx_word' id='word_1_912' title='bbox 3285 5227 3528 5292; x_wconf 86' lang='lat' dir='ltr'><strong><em>Patrum,</em></strong></span> 
     </span>
    </p>
   </div>
   <div class='ocr_carea' id='block_1_65' title="bbox 1952 5298 2678 5370">
    <p class='ocr_par' dir='ltr' id='par_1_65' title="bbox 1952 5298 2678 5370">
     <span class='ocr_line' id='line_1_67' title="bbox 1952 5298 2678 5370; baseline -0.004 -16"><span class='ocrx_word' id='word_1_913' title='bbox 1952 5298 2072 5370; x_wconf 81' lang='lat' dir='ltr'><strong><em>pag.</em></strong></span> <span class='ocrx_word' id='word_1_914' title='bbox 2107 5300 2209 5353; x_wconf 70' lang='grc'><strong><em>154</em></strong></span> <span class='ocrx_word' id='word_1_915' title='bbox 2237 5298 2364 5354; x_wconf 78' lang='lat' dir='ltr'><strong><em>edit.</em></strong></span> <span class='ocrx_word' id='word_1_916' title='bbox 2399 5316 2485 5352; x_wconf 89' lang='lat' dir='ltr'><strong><em>an.</em></strong></span> <span class='ocrx_word' id='word_1_917' title='bbox 2523 5298 2678 5370; x_wconf 9' lang='lat'><strong><em>17722.</em></strong></span> 
     </span>
    </p>
   </div>
   <div class='ocr_carea' id='block_1_66' title="bbox 2024 5367 3525 5440">
    <p class='ocr_par' dir='ltr' id='par_1_66' title="bbox 2024 5367 3525 5440">
     <span class='ocr_line' id='line_1_68' title="bbox 2024 5367 3525 5440; baseline -0.003 -19"><span class='ocrx_word' id='word_1_918' title='bbox 2024 5367 2095 5440; x_wconf 71' lang='grc' dir='ltr'><strong><em>(ρ)</em></strong></span> <span class='ocrx_word' id='word_1_919' title='bbox 2128 5370 2259 5423; x_wconf 86' lang='lat' dir='ltr'><strong><em>Nam</em></strong></span> <span class='ocrx_word' id='word_1_920' title='bbox 2285 5371 2527 5440; x_wconf 80' lang='lat' dir='ltr'><strong><em>universe</em></strong></span> <span class='ocrx_word' id='word_1_921' title='bbox 2551 5367 3080 5440; x_wconf 73' lang='lat' dir='ltr'><strong><em>loquitur_lliaximus_,</em></strong></span> <span class='ocrx_word' id='word_1_922' title='bbox 3106 5381 3278 5440; x_wconf 84' lang='lat' dir='ltr'><strong><em>neque</em></strong></span> <span class='ocrx_word' id='word_1_923' title='bbox 3299 5379 3525 5440; x_wconf 80' lang='lat' dir='ltr'><strong><em>usquam</em></strong></span> 
     </span>
    </p>
   </div>
   <div class='ocr_carea' id='block_1_67' title="bbox 1950 5435 3524 5506">
    <p class='ocr_par' dir='ltr' id='par_1_67' title="bbox 1950 5435 3524 5506">
     <span class='ocr_line' id='line_1_69' title="bbox 1950 5435 3524 5506; baseline -0.002 -14"><span class='ocrx_word' id='word_1_924' title='bbox 1950 5435 2096 5502; x_wconf 75' lang='lat' dir='ltr'><strong><em>dicit,</em></strong></span> <span class='ocrx_word' id='word_1_925' title='bbox 2123 5441 2173 5494; x_wconf 92' lang='lat' dir='ltr'><strong><em>id</em></strong></span> <span class='ocrx_word' id='word_1_926' title='bbox 2195 5439 2508 5506; x_wconf 82' lang='lat' dir='ltr'><strong><em>quibusdam</em></strong></span> <span class='ocrx_word' id='word_1_927' title='bbox 2533 5435 2738 5491; x_wconf 82' lang='lat' dir='ltr'><strong><em>tantum</em></strong></span> <span class='ocrx_word' id='word_1_928' title='bbox 2768 5436 3018 5492; x_wconf 76' lang='lat' dir='ltr'><strong><em>Ecclesiis</em></strong></span> <span class='ocrx_word' id='word_1_929' title='bbox 3046 5438 3218 5506; x_wconf 70' lang='lat' dir='ltr'><strong><em>fuisse</em></strong></span> <span class='ocrx_word' id='word_1_930' title='bbox 3234 5435 3524 5506; x_wconf 84' lang='lat' dir='ltr'><strong><em>peculiare.</em></strong></span> 
     </span>
    </p>
   </div>
   <div class='ocr_carea' id='block_1_68' title="bbox 2023 5503 3527 5579">
    <p class='ocr_par' dir='ltr' id='par_1_68' title="bbox 2023 5503 3527 5579">
     <span class='ocr_line' id='line_1_70' title="bbox 2023 5503 3527 5579; baseline -0.002 -18"><span class='ocrx_word' id='word_1_931' title='bbox 2023 5510 2101 5579; x_wconf 77' lang='grc' dir='ltr'><strong><em>(ά)</em></strong></span> <span class='ocrx_word' id='word_1_932' title='bbox 2133 5503 2328 5562; x_wconf 79' lang='lat' dir='ltr'><strong><em>Confer</em></strong></span> <span class='ocrx_word' id='word_1_933' title='bbox 2358 5507 2518 5579; x_wconf 80' lang='lat' dir='ltr'><strong><em>etiam</em></strong></span> <span class='ocrx_word' id='word_1_934' title='bbox 2561 5523 2861 5579; x_wconf 80' lang='lat' dir='ltr'><strong><em>sermonem</em></strong></span> <span class='ocrx_word' id='word_1_935' title='bbox 2889 5506 2977 5570; x_wconf 77' lang='lat'><strong><em>‘26,</em></strong></span> <span class='ocrx_word' id='word_1_936' title='bbox 3009 5503 3287 5579; x_wconf 68' lang='lat' dir='ltr'><strong><em>pag._462,</em></strong></span> <span class='ocrx_word' id='word_1_937' title='bbox 3311 5504 3400 5557; x_wconf 80' lang='lat' dir='ltr'><strong><em>ubi</em></strong></span> <span class='ocrx_word' id='word_1_938' title='bbox 3427 5519 3527 5558; x_wconf 85' lang='lat' dir='ltr'><strong><em>eo-</em></strong></span> 
     </span>
    </p>
   </div>
   <div class='ocr_carea' id='block_1_69' title="bbox 1947 5576 3528 5646">
    <p class='ocr_par' dir='ltr' id='par_1_69' title="bbox 1947 5576 3528 5646">
     <span class='ocr_line' id='line_1_71' title="bbox 1947 5576 3528 5646; baseline -0.004 -15"><span class='ocrx_word' id='word_1_939' title='bbox 1947 5576 2064 5631; x_wconf 83' lang='lat' dir='ltr'><strong><em>rum</em></strong></span> <span class='ocrx_word' id='word_1_940' title='bbox 2094 5579 2183 5646; x_wconf 86' lang='lat' dir='ltr'><strong><em>qui</em></strong></span> <span class='ocrx_word' id='word_1_941' title='bbox 2213 5587 2419 5630; x_wconf 86' lang='lat' dir='ltr'><strong><em>oratum</em></strong></span> <span class='ocrx_word' id='word_1_942' title='bbox 2454 5576 2504 5629; x_wconf 90' lang='lat' dir='ltr'><strong><em>in</em></strong></span> <span class='ocrx_word' id='word_1_943' title='bbox 2546 5578 2821 5633; x_wconf 85' lang='lat' dir='ltr'><strong><em>ecclesiam</em></strong></span> <span class='ocrx_word' id='word_1_944' title='bbox 2867 5576 3257 5631; x_wconf 88' lang='lat' dir='ltr'><strong><em>conveniebant</em></strong></span> <span class='ocrx_word' id='word_1_945' title='bbox 3285 5582 3528 5641; x_wconf 78' lang='lat' dir='ltr'><strong><em>tempore</em></strong></span> 
     </span>
    </p>
   </div>
   <div class='ocr_carea' id='block_1_70' title="bbox 1940 5647 2550 5716">
    <p class='ocr_par' dir='ltr' id='par_1_70' title="bbox 1940 5647 2550 5716">
     <span class='ocr_line' id='line_1_72' title="bbox 1940 5647 2550 5716; baseline 0.007 -20"><span class='ocrx_word' id='word_1_946' title='bbox 1940 5647 2263 5716; x_wconf 83' lang='lat' dir='ltr'><strong><em>jejuniorum</em></strong></span> <span class='ocrx_word' id='word_1_947' title='bbox 2293 5647 2550 5702; x_wconf 69' lang='lat' dir='ltr'><strong><em>meminit.</em></strong></span> 
     </span>
    </p>
   </div>
  </div>
