4138 6186
516 343 538 397 t
558 343 624 399 to
1911 341 2292 400 causam.
3710 324 3810 382 F20

517 469 791 532 congregat
818 462 1061 530 servulos,
1093 463 1325 533 disponit
1338 462 1487 527 retia,
1517 475 1670 515 canes
1699 452 1954 531 producit,
1986 458 2152 513 saltus
2177 458 2432 531 silvasque
2449 453 2759 527 perlustrat;
2780 453 3028 520 servatos,
3058 452 3294 525 inquam,
3312 460 3487 533 secum
3521 444 3808 518 pertralnt,

515 549 736 620 fortasse
760 553 926 622 magis
954 569 1022 606 sn
1050 566 1342 608 eccsesuu
1367 565 1562 605 rem:
1590 563 1902 614 curramus,
1930 555 2036 603 etc.

586 639 666 693 Ad
697 655 977 710 vesperam
1003 640 1254 709 denique,
1277 656 1374 696 seu
1393 640 1697 696 declinante
1725 640 1860 705 sole,
1875 637 2189 707 jejunantes
2206 638 2385 694 cibum
2406 651 2621 694 sumere
2640 649 2961 702 consuesse,
3004 633 3322 704 intelligitur
3362 646 3432 688 ex
3458 629 3651 686 eodem
3681 632 3809 703 ipso

512 746 781 797 sermone,
812 745 933 802 pag.
968 728 1072 783 458
1099 745 1237 801 seq.,
1268 745 1376 799 quo
1390 730 1525 786 loco
1551 730 1829 796 Maximus,
1861 744 1957 785 eos
1984 729 2305 798 redarguere
2320 742 2545 800 pergens
2566 728 2659 800 qui
2687 736 2797 783 tam
2825 725 3108 782 immodice
3135 733 3331 780 venatu
3359 724 3761 782 delectarentur
3784 743 3803 782 :

516 820 782 887 Quamvis,
814 822 1002 892 inquit,
1033 822 1122 892 qui
1145 820 1498 892 ejusmodi-es,
1532 822 1713 892 frater,
1746 835 1982 875 πίθηκε
2011 818 2080 873 ad
2106 819 2315 873 domum
2353 819 2567 885 redeas,
2597 819 2826 889 quamvis
2854 832 3185 872 DECLINANTE
3211 831 3311 870 ιλιι
3338 830 3470 870 sons
3499 830 3798 882 IANDDCES,

514 921 659 982 potes
686 911 844 966 videri
889 913 1088 966 tardius
1134 914 1407 983 refecisse,
1458 928 1561 967 non
1593 921 1764 966 tamen
1793 911 2020 967 Domino
2035 911 2337 982 jejunasse;
2368 927 2461 966 nec
2489 912 2627 965 enim
2665 918 2807 981 potes
2847 908 3012 965 uideri
3040 906 3350 979 volstptatem
3389 915 3528 962 tuam
3554 922 3802 964 exercens

514 1003 701 1075 fecisse
727 1000 935 1056 Domini
961 1002 1290 1056 voluntatem.

585 1090 796 1147 XXXV.
827 1090 1206 1157 Tertullianus,
1240 1091 1378 1145 libro
1406 1090 1472 1144 de
1497 1089 1702 1145 Corona
1724 1091 1905 1146 militis
1924 1134 1939 1160 ,
1967 1107 2088 1162 cap.
2121 1093 2174 1158 5,
2202 1105 2324 1162 pag.
2359 1090 2463 1145 102
2499 1092 2629 1148 edit.
2660 1107 2810 1163 oper.
2837 1092 3058 1148 Veneta:
3082 1108 3171 1148 an.
3204 1090 3364 1157 1744,
3394 1089 3495 1144 Die
3516 1090 3803 1158 dominico,

514 1182 709 1253 inquit,
732 1182 989 1254 jejunium
1018 1183 1172 1253 nefas
1190 1179 1639 1254 [cxm].ducimus
1666 1180 1744 1234 uel
1770 1180 1835 1234 de
1860 1181 2114 1251 geniculis
2139 1181 2380 1236 adorare.
2408 1180 2607 1236 Eadem
2632 1183 2956 1238 immunitate
2976 1201 3008 1237 a
3028 1184 3111 1238 die
3132 1182 3353 1237 Pasclue
3372 1183 3427 1235 in
3457 1180 3807 1237 Pentecosten

514 1289 674 1345 usque
700 1273 1001 1344 gaudemus.
1033 1269 1148 1326 Hoc
1177 1271 1315 1325 idem
1343 1279 1610 1326 memorat
1630 1271 1864 1330 Basilius
1901 1272 2124 1342 Magnus
2154 1274 2206 1328 in
2236 1289 2304 1329 eo
2330 1274 2467 1329 libro
2494 1291 2656 1347 quem
2685 1276 2955 1346 inscripsit
2994 1275 3061 1330 de
3098 1275 3301 1347 Spiritu
3328 1282 3529 1341 sancto,
3556 1288 3676 1344 cap.
3708 1272 3802 1339 27,

518 1381 664 1419 num.
694 1362 782 1430 (i6,
813 1371 943 1418 tom.
986 1361 1052 1416 111
1091 1377 1243 1432 oper.
1274 1361 1402 1416 edit.
1437 1359 1605 1416 Paris.
1639 1376 1730 1416 an.
1761 1360 1917 1427 1750,
1950 1362 2113 1433 idque
2139 1362 2298 1418 docet
2345 1363 2633 1422 traditione
2660 1365 2727 1420 ad
2759 1381 2858 1424 nos
2891 1381 3061 1436 usque
3084 1378 3426 1435 per-manasse
3445 1362 3558 1432 jam
3580 1362 3705 1418 inde
3732 1363 3809 1419 ab

515 1456 887 1526 apostolorum
917 1454 1269 1525 temporibus.
1302 1452 1368 1507 In
1390 1453 1485 1508 hoc
1512 1453 1598 1507 die
1625 1452 1854 1525 (scilicet
1873 1454 2167 1524 dominico)
2198 1454 2389 1523 inquit,
2414 1454 2654 1511 Ecclesia
2680 1472 2802 1512 suos
2822 1455 3063 1509 alumnos
3084 1454 3233 1509 docet
3258 1468 3437 1521 preces
3461 1467 3583 1506 suas
3612 1453 3806 1508 stando

515 1548 795 1613 absolvere,
826 1557 881 1601 ut
928 1548 1140 1601 assidua
1184 1547 1580 1601 commonitione
1623 1548 1743 1602 uitis
1784 1547 1927 1601 illius
1965 1563 2229 1612 nunquam
2272 1547 2535 1613 desiturar,
2583 1563 2689 1602 non
2734 1547 3055 1618 negligemus
3102 1560 3171 1598 aa
3215 1559 3330 1597 eam
3373 1542 3805 1613 demigrationem

514 1655 708 1712 parare
733 1638 993 1692 viaticum.
1027 1633 1164 1700 Quin
1205 1643 1256 1688 et
1294 1643 1459 1690 totum
1479 1635 1615 1695 illud,
1636 1638 2012 1710 quinquaginta
2041 1637 2241 1691 dierum
2272 1647 2467 1706 tempus
2495 1637 2781 1693 admonitio
2818 1645 2897 1692 est
2920 1634 3330 1698 resurrectionis,
3364 1650 3517 1705 quam
3555 1633 3610 1686 in
3636 1633 3805 1689 altero

516 1728 708 1784 saeculo
733 1736 1111 1799 exspectamus.
1145 1723 1290 1779 Nam
1314 1742 1448 1780 unus
1476 1727 1564 1782 ille
1591 1737 1641 1782 et
1663 1730 1863 1798 primus
1890 1729 2001 1783 dies
2028 1730 2217 1799 septies
2263 1729 2632 1801 multiplicatus
2661 1738 2851 1801 septem
2878 1744 3045 1784 sacra
3081 1726 3413 1781 Pentecostes
3451 1723 3803 1779 hebdomadas

515 1822 734 1878 absolvit
759 1862 772 1875 .
802 1863 815 1876 .
844 1863 857 1876 .
886 1862 898 1876 .
926 1862 940 1874 .
968 1860 980 1874 .
1013 1837 1111 1892 quo
1135 1820 1191 1875 in
1208 1820 1304 1899 .die
1341 1821 1575 1890 corporis
1598 1830 1767 1877 erecto
1810 1821 1987 1876 habitu
2032 1824 2238 1894 precari
2279 1826 2450 1895 potius
2490 1839 2586 1878 nos
2625 1821 2878 1876 Ecclesia:
2916 1823 3048 1875 ritas
3094 1821 3407 1884 docuerunt,
3437 1819 3679 1872 nimirum
3712 1834 3808 1887 per

517 1916 800 1970 evidentem
827 1914 1293 1979 commonitionem,
1324 1914 1472 1985 quasi
1500 1915 1872 1985 transferentes
1899 1924 2120 1970 mentem
2145 1926 2378 1972 nostram
2405 1934 2438 1970 a
2462 1913 2800 1988 prazsentibus
2835 1916 2903 1968 ad
2924 1916 3118 1986 futura,
3149 1921 3252 1969 etc.
3279 1911 3482 1966 Eodem
3514 1910 3803 1965 revolvun-

519 2013 605 2058 tur
630 2018 750 2072 quze
776 2004 961 2058 scribit
989 2002 1347 2072 Hieronymus
1376 2000 1587 2072 Dialog.
1634 2002 1881 2057 adversus
1913 2002 2293 2076 Luciferianos,
2324 2021 2445 2077 pag.
2491 2006 2581 2072 96,
2613 2014 2745 2060 tom.
2776 2003 2820 2058 Ῑῐ
2850 2020 3000 2075 oper.
3034 2004 3163 2059 edit.
3209 2002 3352 2072 Lips.
3387 2017 3471 2055 an.
3507 1999 3660 2055 1684.
3695 1998 3804 2053 Sed

517 2092 708 2147 Patres
746 2108 965 2155 omnes,
997 2090 1433 2162 synodommque
1462 2093 1561 2145 hac
1590 2092 1657 2146 de
1683 2106 1742 2146 re
1781 2101 1900 2147 acta
1929 2111 2354 2170 commemorare
2408 2113 2514 2151 non
2569 2103 2744 2151 vacat.
2790 2093 2904 2150 Hoc
2943 2095 3151 2159 dicam,
3193 2092 3414 2158 hujusce
3454 2092 3587 2145 ritus
3615 2094 3807 2158 quinto

519 2184 647 2238 item
676 2182 874 2237 smculo
905 2180 1131 2250 vigentis
1160 2178 1351 2234 fecisse
1377 2178 1666 2234 Maximum
1689 2184 2015 2238 mentionem
2045 2185 2382 2251 lmmilia,6l,
2411 2202 2533 2257 pag.
2559 2185 2654 2239 191
2688 2201 2827 2255 scq.,
2859 2186 2947 2240 ubi
2974 2204 2986 2238 :
3014 2183 3162 2239 Scire
3190 2183 3358 2248 debet,
3390 2182 3581 2251 inquit,
3607 2179 3804 2234 sancti-

519 2283 603 2327 tas
631 2277 819 2336 vestra,
852 2272 1062 2343 fratres,
1095 2269 1231 2322 hanc
1258 2285 1463 2323 sacram
1498 2270 1825 2326 Pentecostes
1866 2274 2003 2328 diem
2040 2292 2140 2345 qua
2188 2279 2387 2331 ratione
2431 2295 2687 2343 curemus,
2728 2278 2804 2332 vel
2832 2294 2923 2332 cur
2962 2278 3191 2331 istorum.
3207 2274 3577 2346 quinquaginta
3606 2272 3805 2325 dierum
3902 2277 3918 2292 ⁸

519 2379 735 2417 numero
759 2362 826 2415 sit
854 2358 1000 2415 nobis
1019 2360 1187 2431 jugis,
1211 2368 1261 2412 et
1287 2361 1587 2413 continuata
1617 2363 1887 2431 festivitas,
1907 2364 2046 2417 itaut
2062 2366 2202 2420 omni
2221 2376 2449 2437 tempore
2470 2384 2629 2439 neque
2650 2367 2718 2421 ad
2733 2365 3102 2422 observandum
3117 2365 3405 2418 indicamus
3417 2362 3810 2434 jejuniameque

520 2454 591 2507 ad
610 2451 933 2507 exorandum
962 2448 1357 2520 Deumgenibus
1377 2449 1720 2515 succidamns,
1751 2452 1843 2505 sed
1868 2455 2000 2507 sicut
2026 2455 2286 2510 dominica
2319 2456 2541 2511 solemus
2568 2458 2738 2528 facere
2776 2457 2932 2510 erecti
2963 2457 3037 2526 (a)
3069 2463 3119 2509 et
3157 2454 3338 2525 feriati
3383 2453 3809 2506 resurrectionem

521 2544 838 2597 dominicam
862 2540 1191 2596 celebremus.
1226 2581 1240 2594 .
1276 2582 1290 2595 .
1323 2540 1619 2605 Dominica,
1642 2543 1789 2613 cujus
1811 2543 1960 2598 nobis
1987 2546 2103 2600 ideo
2154 2548 2459 2607 venerabilis
2487 2559 2563 2602 est
2591 2557 2742 2619 atque
2769 2548 3013 2602 solemnis
3038 2546 3216 2616 (dies),
3239 2548 3359 2617 quia
3378 2546 3430 2598 in
3452 2561 3513 2597 ea
3543 2543 3809 2606 Salvator,

522 2632 675 2687 ueluti
704 2632 783 2687 sol
807 2633 997 2697 oriens,
1028 2633 1279 2686 discussis
1306 2632 1591 2703 inferorum
1621 2632 1862 2696 tenebris,
1905 2633 2017 2688 luce
2046 2637 2437 2689 resurrectionis
2465 2637 2704 2699 emicuit;
2735 2652 2797 2689 ac
2823 2644 3092 2707 prapterea
3134 2637 3247 2706 ipsa
3275 2635 3387 2688 dies
3426 2632 3491 2687 ab
3519 2631 3813 2687 hominibus

522 2722 700 2779 steculi
727 2722 836 2776 dies
857 2721 981 2777 solis
1008 2721 1214 2785 dicitur,
1245 2721 1381 2793 quod
1405 2730 1549 2776 ortus
1577 2738 1692 2777 eam
1717 2723 1797 2777 sol
1830 2722 2049 2793 justitia:
2076 2721 2312 2777 Christus
2339 2723 2612 2778 illuminat.
2648 2724 2829 2780 Instar
2862 2742 2984 2796 ergo
3005 2725 3281 2780 dominica:
3317 2733 3420 2779 tota
3441 2723 3811 2796 quinquaginta

522 2814 720 2868 dierum
749 2813 1007 2867 curricula
1046 2810 1386 2875 celebrantur,
1418 2821 1469 2866 et
1496 2829 1676 2866 omnes
1700 2814 1787 2867 isti
1815 2812 1924 2867 dies
1952 2813 2086 2867 velut
2129 2813 2378 2867 dominici
2415 2815 2746 2885 deputantur.
2797 2813 2903 2869 Sed
2944 2815 3220 2890 immutata
3267 2812 3519 2881 deinceps
3564 2827 3628 2866 ea
3671 2811 3813 2865 ratio

524 2903 642 2969 fuit,
674 2903 882 2972 solique
910 2909 1035 2972 post
1055 2901 1258 2983 Pascha
1286 2902 1402 2956 dies
1422 2917 1517 2957 sex
1541 2900 1666 2957 festi
1690 2900 1865 2969 fuere,
1898 2908 1958 2957 ut
1985 2917 2051 2956 ex
2078 2901 2285 2973 synodo
2312 2901 2697 2958 Matisconensi
2722 2919 2810 2957 an.
2839 2901 2966 2969 585,
2994 2918 3112 2958 can.
3135 2902 3189 2969 2,
3216 2916 3337 2973 pag.
3370 2902 3474 2955 460
3495 2916 3633 2970 seq.,
3664 2908 3720 2955 et
3744 2914 3811 2956 ex

524 2989 782 3048 Trullano
810 3009 898 3048 an.
932 2993 1063 3059 706,
1095 3010 1215 3049 can.
1250 2992 1349 3059 66,
1380 3008 1504 3064 pag.
1537 2992 1674 3048 1686
1735 3002 1867 3050 tom.
1897 2993 1961 3049 Ill
1990 2992 2278 3050 Coneilior.
2309 2996 2437 3051 edit.
2473 2994 2642 3051 Paris.
2676 3011 2765 3050 an.
2797 2994 2957 3063 1714,
2990 2996 3216 3066 aliisque
3243 2995 3607 3051 monumentis
3634 2993 3811 3050 eccle-

527 3084 759 3142 siasticis
786 3085 1068 3157 perspicue
1102 3100 1232 3141 sane
1258 3086 1446 3156 liquet.

601 3168 840 3230 XXXVI.
870 3174 1173 3231 Convenire
1200 3184 1458 3245 pmlerea
1489 3174 1542 3228 in
1573 3175 1830 3245 templum
1854 3173 2189 3230 Christianos
2217 3173 2378 3232 fuisse
2405 3176 2611 3243 solitos,
2636 3176 2798 3232 tradit
2825 3176 3103 3243 Maximus,
3127 3176 3206 3232 uti
3234 3176 3474 3232 natalitia
3504 3182 3816 3231 sanctorum

530 3264 898 3330 celebrarent,
929 3279 1119 3320 eorum
1146 3265 1441 3333 pmsertim
1470 3278 1698 3333 quorum
1739 3272 1795 3319 et
1822 3265 2012 3319 civitas
2039 3264 2226 3319 eadem
2256 3265 2474 3333 fuisset,
2518 3277 2572 3322 et
2603 3268 2654 3322 in
2683 3284 2749 3323 eo
2780 3268 2981 3338 templo
3010 3268 3249 3339 reliquiae
3286 3276 3647 3341 servarentur.
3679 3265 3815 3321 Nam

532 3376 654 3417 esse
680 3361 1081 3416 venerationem
1109 3358 1419 3428 cultumque
1447 3358 1647 3415 sanctis
1681 3358 2037 3413 adhibendum
2058 3398 2072 3424 ,
2123 3372 2326 3429 eosque
2353 3374 2472 3415 esse
2502 3360 2857 3428 iuvocandos,
2888 3361 3076 3428 docet,
3108 3361 3201 3432 qui
3231 3361 3386 3416 nobis
3420 3358 3816 3415 interventione

530 3474 649 3525 sua,
676 3456 929 3525 singulari
960 3454 1207 3526 praesidio
1236 3469 1355 3509 esse
1382 3460 1624 3523 possunt.
1657 3452 1889 3507 Homilia
1916 3452 2008 3517 81,
2030 3466 2151 3521 pag.
2176 3450 2270 3507 es:
2305 3468 2442 3522 seq.,
2466 3469 2586 3522 quae
2614 3463 2696 3509 est
2723 3455 2789 3509 de
2814 3456 3009 3509 sanctis
3053 3452 3368 3525 martyribus
3410 3449 3816 3506 Taurinensibus

532 3553 746 3607 Octavio
763 3591 779 3616 ,
812 3550 1060 3605 Adsentio
1087 3557 1138 3602 et
1169 3546 1448 3604 Solutore:
1475 3544 1601 3601 Cum
1631 3546 1857 3600 omnium
1880 3554 2174 3599 sanctorum
2202 3555 2488 3615 martyrum
2514 3547 2837 3599 devotissime
2862 3544 3090 3599 natalem
3121 3542 3326 3617 [cum]
3355 3541 3615 3597 celebrare
3634 3540 3817 3595 debea-

526 3668 664 3716 mus,
694 3648 884 3717 inquit,
917 3656 1021 3700 tum
1049 3646 1309 3716 prmcipue
1331 3659 1507 3698 eorum
1552 3641 1849 3696 solemnitas
1873 3649 1978 3695 tota
2016 3637 2161 3692 nobis
2187 3653 2559 3692 VENERATtONE
2590 3635 2821 3691 curanda
2849 3645 2944 3700 est,
2968 3637 3054 3707 qui
3089 3637 3142 3688 in
3171 3636 3363 3690 nostris
3392 3634 3672 3689 domiciliis
3693 3651 3815 3704 pro-

525 3743 699 3812 prium
725 3740 1029 3809 sanguinem
1077 3736 1439 3805 profuderunt.
1472 3731 1612 3785 Nam
1639 3733 1756 3786 licet
1801 3733 2023 3785 universi
2069 3731 2236 3783 sancti
2260 3730 2444 3800 ubique
2472 3730 2577 3782 sint
2615 3737 2664 3782 et
2693 3743 2916 3782 OMNIBUS
2960 3742 3198 3789 rnosmr,
3241 3726 3319 3777 illi
3351 3734 3521 3777 tamen
3541 3742 3642 3781 uno
3671 3742 3821 3783 nonis

529 3844 944 3891 txrenvcxwur,
968 3827 1053 3897 qui
1083 3834 1131 3877 et
1151 3824 1404 3893 supplicia
1442 3822 1695 3891 pertulere
1722 3839 1815 3888 pro
1845 3822 2010 3874 nobis.
2043 3820 2249 3884 Martyr
2266 3823 2403 3873 enim
2428 3838 2542 3873 cum
2569 3821 2797 3889 patitur,
2826 3834 2929 3870 non
2958 3817 3054 3870 sibi
3086 3823 3285 3868 tantum
3308 3816 3522 3885 patitur,
3550 3815 3641 3870 sed
3668 3826 3717 3870 et
3746 3821 3823 3872 ci-

525 3920 691 3974 vibus.
726 3911 840 3968 Sibi
859 3913 995 3965 enim
1018 3910 1213 3980 patitur
1236 3908 1307 3962 ad
1327 3907 1614 3978 pra‘mium,
1639 3905 1829 3959 civibus
1852 3907 1923 3958 ad
1944 3906 2249 3975 exemplum.
2276 3905 2388 3960 Βὶὒι
2414 3909 2613 3977 patitur
2640 3907 2711 3959 ad
2732 3908 2974 3979 requiem,
2999 3905 3190 3960 civibus
3214 3905 3283 3959 ad
3302 3906 3539 3961 salutem.
3566 3907 3823 3980 Exemplo

524 4007 664 4055 etn'm
693 4020 869 4058 eorum
900 4003 1171 4057 didicimus
1202 4001 1406 4055 Christo
1437 3998 1660 4061 credere,
1692 3998 1966 4053 didicimus
1995 3998 2317 4053 contumeliis
2360 4000 2518 4052 vitam
2547 4007 2796 4053 aeternam
2830 4015 3095 4071 quaerere,
3146 4008 3365 4054 mortem
3395 3998 3669 4054 didicimus
3714 4018 3819 4057 non

527 4092 771 4144 tinwre...
795 4089 999 4147 CUNCTI
1025 4105 1205 4146 IGITUR
1226 4104 1503 4146 mammas
1530 4105 1875 4144 nevortssme
1906 4104 2231 4143 rsuconenm
2253 4105 2388 4144 sum
2408 4131 2423 4156 ,
2453 4090 2547 4143 sed
2566 4090 2859 4162 specialiter
2874 4090 2915 4144 ii
2939 4107 3238 4145 venenum
3267 4106 3399 4145 sum
3430 4108 3461 4146 Α
3495 4108 3661 4158 monts,
3690 4107 3823 4156 QUO-

526 4199 637 4238 ncu
667 4200 944 4248 aerumnas
965 4200 1301 4253 rosmnsuus.
1336 4182 1429 4238 Illi
1465 4184 1603 4237 enim
1623 4200 1717 4238 nos
1747 4198 2097 4239 onuromnus
2128 4199 2430 4247 ADJUVANT,
2460 4199 2563 4238 lS'l‘l
2593 4199 2757 4238 amu
2789 4198 3058 4238 auruum
3090 4198 3452 4238 rssswn‘e..."
3481 4182 3608 4239 Ideo
3631 4187 3822 4257 fratres

526 4287 851 4329 vescamur.
882 4290 977 4330 eos
1001 4276 1055 4329 in
1102 4276 1198 4330 hoc
1225 4292 1457 4342 secum,
1490 4291 1622 4339 quos
1660 4291 1995 4331 nernmsonas
2022 4291 2230 4329 ιιιωειιε
2277 4290 2537 4330 rossuucs
2565 4292 2613 4329 IN
2636 4290 2866 4340 ruruno,
2895 4283 2999 4330 etc.
3030 4274 3099 4328 Et
3146 4275 3366 4331 homilia
3389 4275 3512 4340 118,
3538 4270 3658 4347 pag.
3691 4275 3818 4340 590,

528 4382 627 4422 eos
655 4366 938 4437 increpans
963 4367 1055 4436 qui
1075 4368 1242 4423 sacris
1266 4369 1526 4423 interesse
1550 4368 1899 4435 neglexerant
1921 4366 2057 4422 festo
2085 4366 2173 4422 die
2223 4365 2369 4422 Petri
2408 4374 2461 4422 et
2510 4366 2660 4423 Pauli
2685 4368 3056 4439 apostolorum
3091 4386 3104 4422 :
3139 4368 3326 4435 Dicite,
3375 4370 3565 4439 inquit,
3597 4370 3744 4435 mihi,
3772 4375 3822 4427 si

533 4476 640 4514 non
660 4456 938 4512 dolendum
959 4459 1114 4530 fuerit
1142 4459 1238 4513 hoc
1259 4468 1544 4530 peccatum,
1570 4459 1644 4512 sic
1665 4475 1751 4512 ros
1779 4458 1963 4512 salutis
1988 4468 2168 4514 vestra:
2186 4459 2505 4513 immemores
2528 4468 2648 4512 tunc
2674 4460 2854 4531 fuisse,
2885 4466 2941 4512 ut
2975 4458 3286 4512 beatissimis
3315 4460 3563 4528 apostolis
3592 4459 3750 4515 Petro
3770 4471 3826 4516 et

530 4548 704 4604 Paulo
731 4563 1213 4603 uoxonlrlcexruu
1253 4550 1465 4602 minime
1487 4547 1834 4603 redderetis...
1866 4565 1958 4603 nec
1986 4550 2247 4604 volueritis
2271 4567 2446 4604 eorum
2492 4567 2739 4605 unm-zu
2780 4566 3034 4605 NOBISCIIM
3073 4534 3468 4613 EiaSTIVlSSlMUI
3507 4566 3825 4609 CELEBRARE

528 4649 684 4710 atque
703 4654 808 4693 ILLI
836 4653 1079 4694 εωιεετι
1107 4651 1396 4692 1ΝΤΕ11Ε85Ε
1416 4652 1678 4703 CONVIVIO,
1705 4654 1757 4692 IN
1772 4654 1892 4703 QUO,
1927 4655 2213 4694 MARTYRUM
2235 4656 2408 4694 TANTA
2438 4656 2689 4703 LETITIA‘,
2713 4655 3074 4694 SUBSTANTIAII
3103 4657 3244 4695 νιτιε
3274 4656 3387 4696 IPSE
3417 4656 3562 4697 NOBIS
3582 4640 3824 4700 DOHIRUS

524 4745 892 4788 MINISTRAVIT.
950 4728 1119 4785 Vultis
1167 4737 1338 4783 autem
1365 4729 1499 4783 scire
1539 4733 1748 4802 quantis
1773 4730 1920 4787 bonis
1947 4733 2176 4805 fraudati
2205 4734 2446 4805 fueritis?
2489 4732 2818 4804 Interrogate
2860 4736 3051 4804 fratres
3088 4737 3178 4807 qui
3224 4745 3345 4790 tunc
3389 4754 3589 4791 mecum
3623 4741 3823 4809 pariter

522 4820 683 4890 adfue
694 4829 832 4887 runt,
854 4836 1008 4894 quam
1035 4820 1213 4891 refecti
1237 4835 1270 4873 a
1296 4818 1556 4873 dominica
1580 4836 1760 4875 mensa
1799 4823 2147 4884 discesserint,
2177 4829 2280 4877 etc.
2311 4822 2512 4892 Igitur,
2559 4825 2747 4894 fratres
2785 4824 3178 4897 quotiescunque
3204 4837 3492 4898 martyrum
3518 4831 3823 4885 memoriam

528 4908 869 4974 celebramus,
900 4908 1266 4980 prestermissis
1309 4909 1545 4962 omnibus
1567 4910 1744 4964 stet-ali
1772 4912 1989 4976 actibus,
2032 4912 2142 4964 sine
2170 4910 2346 4982 aliqua
2394 4909 2717 4966 dubitatione
2745 4927 3091 4969 CONCURRERE
3121 4932 3381 4981 pascuus,
3410 4934 3655 4973 necesse
3686 4936 3825 4976 ILLIS

530 5007 1033 5065 noxonmceuruu,
1055 5001 1141 5072 qui
1166 5000 1317 5057 nobis
1344 4999 1562 5053 salutem
1602 5001 1900 5071 profusione
1922 5001 2002 5053 sui
2029 5001 2298 5070 sanguinis
2327 5009 2653 5070 pepererunt.
2688 5000 2932 5072 Quisquis
2960 5003 3183 5058 honorat
3220 5015 3497 5076 martyres,
3526 5008 3747 5062 honorat
3771 5018 3841 5063 et‘

530 5080 826 5173 (Ehristum;
855 5097 907 5141 et
932 5093 1019 5161 qui
1039 5093 1236 5160 spernit
1281 5100 1510 5157 sanctos,
1534 5094 1731 5164 spernit
1758 5102 1807 5145 et
1854 5090 2150 5147 Dominum.
2181 5092 2249 5146 Et
2285 5093 2508 5146 humilia
2534 5092 2622 5159 77,
2654 5107 2773 5162 qua:
2807 5101 2890 5149 est
2926 5095 2999 5173 de
3024 5106 3203 5151 sancto
3250 5102 3549 5170 confessore
3596 5101 3827 5158 Eusebio

538 5171 872 5243 l’ercellensi,
897 5193 1019 5248 pag.
1050 5180 1194 5237 245:
1230 5182 1543 5239 Sanctorum
1588 5180 1811 5236 Patrum
1859 5182 2154 5241 memorias,
2203 5181 2394 5251 inquit,
2426 5197 2716 5238 naucmsrs
2737 5171 3093 5240 convennnus
3122 5201 3486 5256 nononsurss,
3516 5199 3568 5245 et
3606 5193 3821 5262 propria

529 5276 709 5316 eorum
736 5266 919 5319 merita
943 5273 993 5320 et
1017 5283 1231 5323 munera
1260 5271 1314 5323 in
1336 5272 1411 5324 eis
1439 5271 1612 5325 diuina
1650 5270 1918 5334 miramur,
1946 5270 2029 5341 qui
2052 5269 2249 5324 idcirco
2270 5271 2416 5325 nobis
2444 5280 2563 5325 sunt
2594 5288 2975 5339 vmsnamus,
3002 5276 3121 5347 quia
3150 5280 3422 5345 prmsentis
3449 5281 3568 5335 vitm
3594 5281 3707 5336 luce
3732 5281 3825 5337 de'

528 5360 727 5420 specta,
757 5364 1142 5428 contemptoque
1159 5374 1370 5413 suorum
1394 5377 1668 5430 corporum
1692 5362 1943 5425 cruciatu,
1977 5360 2265 5414 saevientem
2293 5360 2541 5416 mundum
2581 5360 2680 5416 Dei
2707 5380 2803 5434 pro
2826 5379 3005 5418 amore
3024 5367 3282 5431 vicerunt;
3312 5368 3547 5426 sicuthic
3575 5370 3822 5428 beatissi—

490 5478 502 5490 κ
531 5462 651 5504 mus
672 5445 838 5503 Pater
864 5458 1055 5517 noster,
1084 5446 1208 5503 dum
1234 5465 1331 5521 pro
1350 5451 1638 5505 assertione
1663 5449 2047 5523 indisputabilis
2077 5449 2302 5506 Deitatis
2330 5452 2514 5523 spiritu
2537 5454 2847 5531 ferventiore
2873 5470 3209 5528 consurgens,
3232 5458 3446 5517 Arianis
3466 5461 3826 5533 impietatibtts

515 5548 525 5613 l

566 5649 699 5733 μία).
720 5649 852 5733 itide
878 5653 1039 5709 etiam
1052 5653 1241 5733 sancti
1274 5651 1551 5733 Augustini
1597 5655 1755 5733 epist.
1789 5655 1858 5710 ad
1883 5652 2105 5733 Ianuar.
2214 5652 2482 5733 diuuerp.
2510 5669 2597 5709 an.
2630 5651 3305 5733 i_700,‘et.sy'nod._l‘iicz_cn.
3338 5658 3389 5724 1,
3416 5674 3537 5733 ciu.
3560 5661 3653 5733 20,
3680 5665 3814 5709 tom.

541 5718 630 5776 55;
652 5721 717 5778 al.
746 5721 867 5790 H9,
898 5736 1018 5795 cap.
1048 5724 1129 5787 17.
1149 5740 1295 5782 num.
1318 5718 1408 5788 5‘2,
1447 5738 1564 5795 pag.
1593 5718 1713 5787 166.
1741 5733 1870 5781 tom.
1902 5724 1948 5781 ῐΙ
1980 5724 2108 5782 edit.

1921 5724 1948 5781 Ι
1980 5724 2108 5782 edit.
2223 5724 2243 5779 l
2280 5718 2567 5782 Concilior.
2602 5723 2731 5781 edit.
2764 5718 2935 5780 Paris:
2966 5741 3052 5782 an.
3090 5726 3248 5793 171-1,
3281 5718 3402 5800 υθέ.
3431 5729 3555 5785 552.
