4138 6186
323 207 338 212 ’
356 218 388 273 1
400 220 471 275 ει
1852 223 1957 277 PR;

2035 224 2229 281 ΓΛΤΙΟ.
3568 231 3669 288 122

349 334 691 398 obluctatur,
721 344 770 388 et
790 330 1057 387 Ecclesia:
1084 331 1248 386 Dei...
1274 349 1458 388 serena
1484 334 1608 405 ﬁdei
1640 338 2014 410 tranquillitate
2037 339 2258 409 pacavit,
2283 346 2331 390 et
2358 336 2457 390 sibi
2476 346 2670 391 interna
2698 340 2919 409 prtemia
2934 336 3238 396 multimoda
3266 344 3507 413 passione
3524 362 3668 418 quau

351 434 555 487 sivit...
598 429 732 483 Vere
760 447 823 484 ac
844 431 1026 483 merito
1042 430 1238 482 cunctis
1260 430 1649 499 posteritatibus
1677 448 2021 488 vexensanvs
2047 433 2152 497 ille,
2185 433 2271 503 qui
2299 432 2617 501 firmissima!
2643 442 2802 503 petra:
2828 434 3140 489 soliditatem
3176 446 3397 503 secutus,
3426 439 3667 494 inimicos

354 521 639 577 Christi...
670 521 905 591 faticataa
932 520 1197 589 patientiae
1223 519 1527 589 fortitudine
1553 522 1885 591 triumphavit
1909 523 2008 591 (a).
2044 522 2317 577 Honorem
2342 537 2505 592 porro
2532 523 2731 578 sanctis
2754 524 2993 579 habitum
3015 527 3067 578 in
3100 526 3358 580 Christum
3383 544 3662 595 recurrere,

356 625 565 670 auctor
589 622 673 669 est
699 612 966 667 Maximus
987 612 1204 666 bomilia
1235 609 1325 675 68,
1351 612 1552 685 [cxxiv]
1579 628 1701 683 pag.
1732 614 1857 681 9J6,
1882 629 2000 683 qua:
2025 624 2106 668 est
2128 615 2190 669 de
2208 617 2403 670 sanctis
2433 617 2683 685 apostolis
2713 615 2868 671 Petro
2890 628 2939 672 et
2967 617 3154 673 Paulo.
3183 618 3271 675 Sic
3294 620 3435 674 enim
3466 621 3664 678 habet:

362 705 793 758 Gloriosissimos
815 700 1126 756 Christianis
1171 702 1293 772 fidei
1333 704 1592 772 principes
1634 707 1818 759 annuis
1850 706 2261 760 solemnitatibus
2292 707 2622 772 honorantes,
2646 710 2814 779 ipsum
2836 709 3115 765 Dominum
3144 730 3206 764 ac
3228 712 3667 784 Deumnostrum,

360 801 459 873 qui
482 798 636 868 hujus
660 804 838 848 auctor
859 804 937 847 est
956 794 1099 864 ﬁdei,
1125 792 1295 847 debita
1325 796 1575 864 religione
1597 805 1921 849 veneramur;
1953 797 2182 866 Apostoli
2224 815 2447 869 namque
2476 797 2668 852 Latino
2700 816 2937 854 sermone
2965 802 3203 855 dicuntur
3225 806 3387 857 missi.
3426 802 3524 869 Qui
3545 823 3666 877 ergo

360 886 637 941 honorant
676 886 857 940 missos
875 925 890 949 ,
914 887 1245 957 manifestum
1274 894 1349 939 est
1378 887 1636 941 honorare
1663 904 1752 940 eos
1792 890 2095 943 mittentem.
2122 888 2381 954 Quoniam
2411 892 2663 962 dignitas,
2716 910 2830 963 qua:
2875 894 3105 964 defertur
3134 898 3416 964 ministris,
3448 898 3525 952 illi
3555 900 3668 953 sine

363 980 550 1035 dubio.
586 978 731 1047 cujus
754 978 976 1030 ministri
998 986 1135 1040 sunt,
1159 976 1455 1041 exhibetur,
1484 989 1539 1029 ut
1567 980 1642 1031 ait
1669 980 1777 1048 ipse
1806 978 2049 1034 Salvator
2077 980 2145 1032 ad
2166 980 2446 1051 discipulos
2467 999 2589 1036 suos
2620 1000 2638 1036 :
2672 982 2771 1047 Qui
2794 1001 2877 1037 vos
2896 986 3059 1050 audit,
3086 1004 3166 1040 me
3195 989 3360 1053 audit,
3385 1000 3433 1043 et
3462 993 3547 1061 qui
3575 1008 3665 1047 vos

364 1074 591 1141 spernit,
623 1088 704 1124 me
731 1071 945 1139 spernit.
988 1067 1119 1123 Vere
1148 1068 1293 1122 beata
1318 1074 1667 1139 apostolorum
1697 1073 1900 1136 merita,
1934 1074 1988 1125 in
2018 1070 2197 1142 quibus
2236 1090 2291 1127 se
2318 1072 2553 1127 Christus
2600 1085 2649 1128 et
2697 1077 2855 1146 recipi
2900 1079 3151 1147 prtedicat
3190 1090 3239 1133 et
3282 1082 3473 1135 audiri.
3518 1082 3667 1139 Beati

365 1163 710 1216 nihilominus
739 1173 787 1215 et
808 1159 909 1227 illi,
938 1177 1152 1224 ouoauu
1181 1176 1409 1217 nevono
1439 1179 1645 1216 unus
1679 1179 1962 1219 srosrous
1990 1181 2253 1220 uecuuurr
2293 1183 2342 1221 1N
2372 1166 2721 1222 Cnmsruu...
2752 1167 2864 1223 Nos
2894 1170 3242 1226 Ecclesiarum
3272 1177 3497 1228 omnium
3527 1192 3666 1229 rere~

365 1257 698 1309 rentissimos
723 1253 912 1308 Patres
944 1253 1155 1308 Petrum
1184 1262 1233 1307 et
1272 1253 1497 1307 Paulum
1527 1271 1760 1311 pussms
1787 1272 1991 1311 swnns
2028 1273 2361 1311 noxoasuus.
2397 1257 2464 1312 Et
2493 1274 2742 1315 sermone
2774 1260 2860 1325 78,
2892 1276 3010 1332 pag.
3046 1261 3147 1315 599
3173 1283 3184 1315 :
3222 1263 3666 1337 Quotiescunque,

366 1347 567 1415 inquit,
600 1354 899 1399 sanctorum
920 1346 1171 1415 martyria
1196 1344 1529 1407 celebramus,
1565 1347 1708 1399 toties
1738 1346 1917 1400 laudes
1948 1346 2237 1401 Saluatoris
2270 1348 2519 1414 dicimus;
2548 1359 2597 1403 et
2622 1354 2819 1421 quoties
2846 1370 3022 1406 eorum
3044 1356 3323 1408 asserimus
3352 1358 3665 1425 passionem,

368 1444 525 1496 toties
547 1440 741 1495 Christi
768 1440 989 1510 gloriam
1010 1437 1375 1508 prtedicamus.
1408 1436 1532 1492 Non
1553 1440 1687 1492 enim
1710 1441 2014 1510 suspicimus
2040 1442 2176 1512 quod
2213 1444 2354 1512 passi
2378 1452 2516 1507 sunt,
2548 1444 2640 1497 sed
2668 1453 2879 1514 prOpter
2906 1463 3052 1517 quem
3094 1449 3234 1518 passi
3264 1455 3404 1512 sunt,
3438 1448 3667 1501 admira-

368 1552 510 1589 mur.
542 1533 710 1604 Igitur
730 1550 834 1585 non
876 1548 1025 1601 pa‘na
1052 1532 1108 1583 in
1138 1530 1309 1593 laude,
1354 1531 1444 1584 sed
1464 1531 1593 1600 fides
1615 1533 1669 1584 in
1696 1532 1907 1585 honore.
1940 1531 2342 1603 Magniﬁcamus
2368 1552 2489 1605 ergo
2528 1544 2805 1606 martyres,
2836 1552 2936 1589 non
2964 1539 3085 1607 quia
3106 1538 3345 1609 gravibus
3373 1538 3676 1609 subjacuere

369 1626 665 1695 suppliciis,
693 1624 783 1677 sed
803 1626 923 1695 quia
958 1624 1178 1692 justitite
1218 1639 1377 1675 causa
1404 1623 1581 1676 eadem
1612 1627 1959 1677 toleraverunt
1995 1626 2319 1692 supplicia...
2354 1625 2568 1679 Summo
2588 1627 2744 1696 igitur
2764 1636 2812 1680 et
2842 1628 3100 1696 prtvcivuo
3126 1628 3238 1682 loco
3265 1637 3476 1697 prapter
3515 1626 3670 1687 ﬁdem

372 1714 604 1771 habendi
630 1724 749 1768 sunt
771 1712 904 1766 beati
934 1720 1210 1783 martyres,
1243 1723 1348 1769 etc.
3580 1786 3581 1791 η

448 1807 508 1861 In
541 1807 756 1875 templis
784 1814 1043 1875 pneterea
1066 1806 1223 1860 condi
1244 1814 1553 1860 sanctorum
1585 1806 1856 1875 reliquias,
1882 1821 2097 1861 curasse
2117 1806 2333 1874 Patres;
2359 1807 2653 1877 iisdemque
2676 1810 2916 1879 reliquiis
2936 1810 3175 1865 habitum
3200 1810 3362 1864 fuisse
3388 1810 3670 1875 honorem,

372 1906 576 1951 testata
606 1912 695 1950 res
723 1903 823 1959 est,
855 1895 1121 1963 docetque
1150 1894 1412 1950 Maximus
1460 1910 1708 1951 sermone
1740 1897 1837 1959 (i8,
1870 1912 1993 1966 pag.
2041 1896 2171 1963 599,
2206 1900 2294 1954 ubi
2322 1901 2422 1954 sub
2454 1900 2610 1954 altari
2639 1916 2731 1955 eas
2762 1902 3027 1971 repositas
3064 1903 3251 1956 scribit
3296 1902 3456 1957 fuisse
3490 1922 3501 1956 :
3538 1903 3672 1967 Quid

371 1989 713 2050 reverentius,
748 1986 936 2053 inquit,
966 1985 1089 2054 quid
1111 1983 1465 2038 honorabilius
1487 1984 1588 2039 dici
1618 1996 1803 2056 potest,
1827 2004 1979 2057 quam
2018 1985 2108 2041 sub
2134 1989 2239 2042 illa'
2256 2007 2351 2042 ara
2381 1992 2713 2062 requiescere,
2745 1992 2797 2043 in
2832 2008 2933 2062 qua
2977 1990 3085 2044 Deo
3112 1992 3425 2061 sacriﬁcium
3451 1993 3674 2046 celebra-

374 2089 482 2144 tur,
504 2082 561 2133 in
583 2096 685 2150 qua
716 2078 1004 2147 offeruntur
1024 2078 1224 2142 hostile,
1254 2079 1306 2129 in
1329 2094 1428 2148 qua
1452 2076 1707 2130 Dominus
1728 2086 1804 2131 est
1834 2079 2145 2132 sacerdos...
2182 2078 2336 2131 Recte
2356 2098 2477 2150 ergo
2504 2081 2596 2134 sub
2618 2098 2715 2133 ara
2731 2091 2983 2150 martyres
3007 2082 3348 2145 collocantur,
3383 2083 3501 2149 quia
3524 2100 3673 2152 super

376 2189 530 2227 arant
553 2170 788 2225 Christus
816 2172 1165 2241 imponitur...
1191 2170 1562 2224 Convenienter
1586 2172 1765 2241 igitur,
1785 2178 1832 2224 et
1853 2172 1999 2242 quasi
2020 2188 2113 2241 pro
2137 2172 2358 2241 quodam
2375 2174 2633 2227 consortio
2656 2174 2726 2226 ibi
2751 2189 3080 2226 MAR'I'YIIIBUS
3101 2189 3407 2227 SEI‘ULTL'IM
3435 2191 3672 2229 uacuus

380 2282 499 2331 esr,
537 2281 621 2320 UBI
650 2280 789 2319 MORS
808 2264 1001 2317 Domst
1022 2278 1269 2325 quonon:
1297 2278 1715 2316 cunnus-wn...
1749 2262 1873 2316 Non
1894 2264 2167 2327 immerito,
2190 2265 2422 2333 inquam,
2447 2264 2599 2317 veluti
2636 2267 2896 2318 consortio
2930 2266 3150 2334 quodam
3191 2282 3326 2320 ILLIS
3353 2282 3547 2321 (ICCISIS
3579 2284 3674 2321 ηδτ

380 2375 631 2415 'runwws
657 2372 1049 2420 CONSTITUTUS,
1072 2354 1156 2408 ubi
1184 2370 1468 2409 ocmsroms
1497 2370 1760 2409 DOMINICA-Z
1784 2372 1997 2409 uenena
2022 2371 2320 2420 ponemus,
2351 2364 2457 2409 etc.
2483 2356 2743 2411 Sermone
2777 2367 2957 2411 autem
2988 2357 3076 2422 88,
3111 2372 3229 2427 pag.
3261 2357 3363 2410 6‘27
3399 2376 3410 2409 :
3439 2357 3674 2427 llonoro,

380 2455 579 2524 inquit,
614 2456 667 2507 in
692 2470 851 2505 carne
872 2452 1115 2521 martyris
1136 2459 1381 2519 exceptas
1400 2466 1497 2519 pro
1525 2449 1715 2503 Christi
1746 2454 1955 2505 nomine
1976 2451 2263 2503 cicatrices.
2305 2448 2523 2504 Ilonoro
2550 2468 2643 2521 pro
2671 2455 2998 2523 confessione
3031 2451 3241 2505 Domini
3274 2463 3508 2507 sacratos
3539 2455 3676 2508 cine«

390 2564 494 2601 res.
523 2545 742 2599 Honora
770 2546 824 2596 in
855 2540 1110 2595 cineribus
1139 2542 1336 2594 semina
1364 2541 1691 2593 aeternitatis.
1725 2539 1942 2593 Honora
1971 2555 2176 2610 corpus,
2208 2538 2346 2610 quod
2373 2540 2497 2592 mihi
2528 2539 2692 2593 Deum
2720 2557 2886 2593 meum
2915 2540 3137 2594 ostendit
3172 2540 3404 2611 diligere,
3435 2542 3570 2612 quod
3598 2559 3676 2597 me

383 2649 596 2707 propter
624 2636 791 2690 Deum
812 2635 985 2687 docuit
1003 2643 1219 2687 mortem
1239 2650 1341 2686 non
1369 2636 1566 2687 timere.
1597 2633 1699 2687 Cur
1720 2642 1891 2686 autem
1911 2648 2015 2686 non
2038 2632 2282 2686 honorent
2312 2648 2496 2699 corpus
2516 2632 2667 2699 illud,
2700 2633 2835 2703 quod
2857 2644 3150 2687 reverentur
3172 2644 3219 2688 et
3243 2633 3520 2701 daemones,
3543 2635 3677 2706 quod

382 2731 681 2803 afﬂixerunt
707 2732 760 2783 in
785 2729 1055 2798 supplicio,
1087 2727 1177 2780 sed
1198 2726 1496 2797 gloriﬁcant
1524 2728 1577 2780 in
1599 2729 1832 2796 sepulcro
1856 2727 1879 2777 ?

454 2823 731 2878 Curabant
759 2821 882 2875 inde
904 2819 1073 2873 nostri
1102 2826 1160 2872 ut
1188 2833 1355 2888 pr0pe
1377 2826 1683 2872 sanctorum
1714 2816 1967 2885 reliquias
1993 2831 2214 2871 suorum
2239 2815 2499 2870 cadavera
2515 2816 2889 2884 sepelirentur.
2908 2815 3135 2870 llomilia
3151 2816 3236 2880 7|,
3261 2817 3504 2886 pag.‘265
3530 2835 3671 2889 seq.,

384 2915 462 2970 sic
488 2914 655 2966 habet
674 2911 937 2964 Maximus
963 2927 975 2961 :
998 2911 1041 2960 Α
1072 2908 1357 2979 majoribus
1379 2910 1637 2979 provisum
1660 2916 1752 2971 est,
1783 2916 1837 2959 ut
1856 2915 2153 2960 sanctorum
2182 2904 2380 2965 ossibus
2403 2915 2583 2959 nostra
2624 2922 2844 2977 corpora
2876 2909 3145 2971 sociemus,
3177 2918 3232 2961 ut
3264 2910 3384 2963 dum
3414 2911 3529 2964 illos
3560 2922 3672 2963 tar-

384 3015 530 3059 tarus
550 3006 747 3067 metuit,
782 3019 875 3056 nos
896 3018 1047 3072 paena
1076 3016 1180 3053 non
1212 3009 1458 3070 tangat...
1492 2999 1562 3051 Et
1584 2999 1719 3064 ideo,
1745 3001 1955 3067 fratres,
1990 3013 2286 3051 venerentur
2304 3013 2390 3050 eos
2412 2998 2465 3049 in
2493 2996 2632 3067 (hoc)
2664 2996 2873 3061 swculo,
2908 2996 3092 3069 [cxxv]
3115 3015 3239 3069 quos
3270 2999 3566 3070 defensores
3589 3000 3675 3052 Ita-

384 3095 505 3149 bere
520 3110 791 3166 possumus
818 3095 873 3146 in
904 3094 1107 3162 futuro;
1133 3098 1184 3141 et
1204 3091 1332 3142 sicut
1355 3106 1435 3143 EIS
1455 3105 1661 3153 ossisvs
1692 3105 1971 3143 sanemus:
2003 3103 2317 3143 sosmoavu
2346 3102 2620 3152 macrum,
2651 3088 2724 3140 ita
2746 3096 2794 3140 et
2816 3088 2888 3141 eis
2917 3088 3041 3157 fidei
3064 3091 3352 3143 imitatione
3363 3092 3675 3162 junguntur;

383 3187 436 3239 in
468 3185 613 3239 nullo
642 3186 778 3237 enim
800 3182 863 3236 ab
885 3186 998 3250 ipso
1027 3184 1262 3252 separari
1283 3183 1584 3252 poterimus,
1614 3182 1658 3234 si
1680 3183 1934 3234 sociemur
1952 3180 2056 3233 illis
2078 3188 2185 3233 tam
2210 3180 2458 3249 religione
2477 3198 2628 3251 quam
2651 3198 2905 3238 conpone.
2931 3182 3067 3237 lline
3087 3199 3216 3238 vero
3252 3185 3678 3253 quotusquisque

382 3290 495 3329 non
532 3274 815 3340 intelligat,
847 3271 1029 3325 inferri
1054 3270 1166 3339 jam
1198 3284 1364 3337 usque
1394 3270 1460 3322 ab
1488 3277 1646 3323 :ctate
1686 3269 1901 3323 Maximi
1933 3270 1983 3322 in
2019 3271 2214 3338 templa
2245 3270 2477 3325 fidelium
2508 3270 2883 3325 defunctorum
2932 3273 3192 3327 cadavera
3222 3277 3543 3329 consuesse?
3572 3274 3678 3331 Sed

382 3365 452 3421 de
500 3366 727 3421 canibus
766 3364 1213 3425 Christianorum,
1238 3361 1304 3414 de
1344 3362 1591 3430 precibus
1619 3378 1805 3415 eorum
1845 3364 2236 3427 communibus,
2262 3362 2327 3416 de
2358 3363 2606 3431 templis,
2638 3362 2705 3417 de
2751 3364 2992 3430 reliquiis
3021 3372 3353 3429 sanctorum,
3394 3364 3461 3418 de
3489 3382 3677 3420 eorum

382 3460 752 3529 veneratione,
783 3458 947 3517 cultu,
980 3457 1155 3524 deque
1195 3469 1345 3508 more
1370 3453 1661 3524 sepeliendi
1696 3454 1926 3509 lidelium
1958 3454 2330 3510 defunctorum
2379 3455 2642 3509 cadavera
2671 3455 2721 3508 in
2772 3455 3031 3515 ecclesiis,
3063 3456 3195 3509 satis
3235 3455 3435 3510 dictum
3465 3466 3567 3522 est,
3600 3460 3676 3511 uti

381 3551 600 3607 Maximi
626 3555 728 3607 fert
747 3552 1031 3606 sententia.

454 3646 559 3702 Sed
588 3646 843 3715 quoniam
873 3644 939 3699 de
968 3642 1166 3699 sanctis
1192 3642 1516 3713 martyribus
1545 3641 1965 3697 Taurinensibus
1985 3639 2230 3707 Octavio,
2261 3640 2524 3695 Adventio
2554 3649 2610 3695 et
2637 3640 2888 3694 Solutore
2913 3639 3047 3693 facta
3070 3647 3153 3692 est
3180 3641 3341 3708 paulo
3370 3648 3497 3695 ante
3521 3657 3678 3696 men-

379 3740 481 3802 tio,
512 3752 619 3790 non
650 3736 885 3788 alienum
910 3732 1118 3787 videtur
1144 3747 1280 3793 esse,
1312 3732 1582 3791 brevibus,
1617 3732 1835 3798 quinam
1869 3732 1901 3784 ii
1923 3772 1937 3797 ,
1970 3747 2078 3800 quo
2110 3740 2357 3799 tempore
2407 3730 2588 3799 passi,
2642 3739 2952 3799 quantaque
2999 3729 3197 3784 fuerint
3246 3732 3297 3783 in
3345 3732 3675 3799 celebritate,

378 3842 707 3900 proponere.
740 3825 851 3879 llos
878 3825 1020 3879 cives
1049 3824 1212 3877 fuisse
1241 3822 1599 3877 Taurinenses
1630 3820 1890 3874 Maximus
1916 3819 2190 3889 praedicat,
2220 3820 2373 3889 cujus
2401 3829 2548 3874 certe
2577 3821 2853 3889 permagni
2899 3819 3184 3888 pendenda
3232 3829 3315 3875 est
3362 3825 3674 3879 auctoritas.

376 3927 559 3993 Atque
587 3924 632 3977 is
661 3921 880 3976 homilia
909 3919 997 3983 8i,
1026 3933 1145 3989 pag.
1178 3917 1275 3970 261
1316 3935 1327 3969 :
1361 3915 1488 3969 Cum
1515 3917 1760 3980 omnium,
1787 3915 1978 3985 inquit,
2009 3924 2307 3968 sanctorum
2349 3924 2654 3984 martyrum,
2688 3915 2898 3985 fratres,
2941 3915 3265 3967 derotissime
3291 3915 3517 3969 natalem
3547 3917 3679 3971 cele-

380 4015 531 4067 brare
553 4012 847 4074 debeamus,
880 4020 983 4062 tum
1006 4009 1264 4078 prwcipue
1290 4022 1467 4058 eorum
1495 4006 1794 4058 solemnitas
1816 4012 1923 4057 tota
1947 4004 2093 4058 nobis
2124 4005 2451 4057 veneratione
2475 4003 2707 4056 curanda
2738 4012 2832 4067 est,
2856 4005 2943 4075 qui
2972 4007 3023 4057 in
3045 4005 3239 4058 nostris
3268 4005 3542 4061 domiciliis
3564 4026 3680 4077 pro-

378 4106 548 4176 prium
576 4101 880 4171 sanguinem
904 4096 1265 4168 profuderunt.
1298 4091 1443 4147 Nam
1468 4094 1584 4146 licet
1608 4095 1841 4147 universe
1869 4095 2036 4147 sancti
2062 4093 2245 4164 ubique
2278 4095 2402 4158 sint,
2444 4105 2492 4146 et
2516 4093 2751 4148 omnibus
2790 4097 3021 4164 prosint,
3075 4097 3149 4149 illi
3181 4106 3353 4151 tamen
3391 4116 3483 4168 pro
3529 4100 3678 4154 nobis

377 4193 695 4266 (praecipue)
726 4191 1086 4252 interveniunt,
1111 4188 1197 4258 qui
1223 4196 1272 4240 et
1303 4186 1561 4255 supplicia
1583 4186 1835 4255 pertulere
1854 4203 1948 4255 pro
1970 4186 2132 4240 nobis.
2160 4184 2366 4256 Martyr
2389 4187 2525 4239 enim
2550 4204 2663 4240 cum
2704 4190 2917 4256 patitur,
2962 4205 3066 4242 non
3096 4188 3193 4242 sibi
3234 4198 3433 4242 tantum
3461 4192 3677 4259 patitur,

376 4286 485 4346 sed,
498 4294 545 4338 et
574 4294 790 4337 CIVIBUS.
819 4278 930 4334 Sibi
959 4281 1095 4333 enim
1122 4278 1319 4349 patitur
1348 4275 1416 4328 ad
1446 4276 1733 4347 praemium,
1759 4291 1957 4330 omnes
1985 4275 2054 4327 ad
2082 4275 2368 4345 exemplum
2392 4314 2406 4338 ,
2452 4285 2556 4329 etc.
2583 4274 2701 4328 Jam
2733 4277 2869 4340 illos,
2903 4278 3046 4346 quod
3076 4287 3385 4332 constantes
3414 4274 3677 4333 Christia-

376 4394 503 4433 nam
527 4391 557 4429 a
586 4390 645 4428 se
672 4372 776 4427 coli
807 4369 1121 4437 religionem
1151 4367 1381 4422 confessi
1410 4374 1611 4429 essent,
1646 4365 1959 4431 sanguinem
2002 4363 2201 4418 fudisse
2225 4404 2240 4429 ,
2286 4363 2429 4417 idem
2469 4364 2627 4418 nobis
2668 4373 2753 4419 est
2798 4374 2989 4419 auctor
3016 4365 3308 4429 Maximus,
3356 4367 3484 4419 ibid.
3520 4368 3673 4432 Nam,

372 4465 657 4534 Exemplo,
690 4462 881 4532 inquit,
911 4478 1086 4515 eorum
1116 4461 1390 4513 didicimus
1421 4457 1623 4512 Christo
1650 4459 1878 4519 credere,
1912 4456 2180 4510 didicimus
2208 4456 2530 4510 contumeliis
2559 4458 2717 4510 vitam
2740 4466 2987 4511 aeternam
3016 4474 3260 4530 quwrere,
3293 4467 3509 4511 mortem
3540 4459 3675 4511 didi-

374 4565 541 4616 cimus
569 4578 673 4615 non
705 4561 994 4612 timere.....
1031 4556 1176 4609 Beati
1198 4557 1357 4626 igitur
1387 4562 1753 4623 martyres.....
1788 4550 2079 4621 exemplum
2109 4552 2256 4604 nobis
2278 4550 2610 4620 reliquerunt,
2643 4550 2769 4603 bene
2800 4551 3009 4605 vivendo
3030 4590 3044 4615 ,
3076 4551 3507 4614 conversationis;
3541 4549 3672 4603 tole-

374 4653 545 4707 rando
575 4655 794 4723 fortiter,
819 4647 1092 4721 passionis.
1122 4645 1260 4700 Nunt
1288 4646 1402 4699 ideo
1435 4643 1691 4697 Dominus
1719 4659 1811 4711 per
1842 4650 1999 4694 totum
2019 4640 2263 4693 mundum
2293 4639 2513 4692 diversis
2534 4641 2589 4692 in
2611 4639 2737 4693 locis
2758 4641 2867 4710 pati
2889 4651 3136 4711 martyres
3158 4640 3334 4701 voluit,
3358 4646 3413 4690 ut
3436 4649 3674 4710 tanquam

373 4743 552 4796 idonei
582 4752 747 4804 testes,
775 4742 869 4792 rios
900 4752 1170 4791 enmseun
1198 4734 1419 4806 quodam
1446 4749 1585 4786 nam
1619 4746 1865 4785 exeupLo
1894 4732 2005 4784 SUIE
2036 4743 2401 4783 CONFESSIONIS
2428 4738 2690 4799 urgerent,
2723 4738 2777 4782 ut
2805 4730 3026 4783 humana
3062 4730 3345 4801 fragilitas,
3384 4745 3498 4800 qute
3541 4747 3675 4800 prcc-

372 4832 627 4885 dicationi
662 4831 934 4883 dominica:
979 4832 1158 4883 auditu
1206 4831 1437 4900 longiore
1484 4828 1568 4881 vix
1612 4828 1810 4891 credit,
1853 4826 1930 4879 vel
1958 4824 2201 4893 praesenti
2231 4823 2495 4876 oculorum
2525 4817 2836 4889 testimonio,
2866 4826 3112 4893 martyrio
3144 4824 3371 4877 crederet
3393 4823 3674 4879 beatorum.

372 4923 558 4979 Cuncti
589 4925 750 4995 igitur
776 4932 1028 4993 martyres
1058 4922 1377 4975 devotissime
1406 4916 1707 4988 percolendi
1747 4924 1867 4969 sunt
1891 4952 1905 4977 ,
1949 4912 2040 4966 sed
2077 4913 2369 4982 specialiter
2411 4914 2449 4966 ii
2491 4914 2769 4967 venerandi
2806 4920 2923 4965 sunt
2951 4928 2982 4963 a
3013 4910 3158 4964 nobis
3186 4928 3401 4983 quorum
3433 4913 3674 4984 reliquias

378 5014 718 5082 possidemus.
749 5012 965 5067 Taurini
988 5030 1150 5083 porro
1174 4997 1316 5083 ipsos
1346 5011 1507 5065 fuisse
1535 5009 1845 5079 perfunctos
1866 5006 2143 5076 martyrio,
2176 5020 2243 5059 ex
2266 5005 2550 5073 descriptis
2590 5006 2836 5074 proxime
2861 5003 3076 5056 Maximi
3106 5004 3347 5073 ejusdem
3384 5006 3518 5060 locis
3550 5022 3673 5074 pcr-

374 5108 516 5178 spici
540 5106 698 5174 plane
719 5113 916 5176 potest.
942 5106 1051 5159 Nisi
1081 5096 1226 5159 enim
1254 5105 1325 5157 ita
1353 5112 1514 5166 esset,
1546 5103 1636 5172 qui
1659 5101 1876 5156 tandem
1906 5097 2170 5153 Maximus
2192 5097 2551 5151 Taurinenses
2572 5098 2719 5152 cives
2740 5099 3019 5163 alloquens
3042 5096 3269 5162 diceret,
3293 5113 3389 5153 eos
3411 5100 3463 5151 in
3485 5101 3677 5151 nostris

369 5199 654 5251 domiciliis
675 5199 939 5268 praprium
969 5198 1275 5267 sanguinem
1304 5194 1625 5265 profudisse,
1654 5192 1806 5247 etc.?
1836 5190 2033 5244 Verum
2064 5204 2173 5257 quo
2203 5195 2450 5257 tempore
2490 5186 2633 5255 passi
2678 5184 2894 5249 fuerint,
2947 5200 3121 5254 neque
3151 5186 3415 5240 Maximus
3454 5186 3675 5250 iudicat,

366 5303 551 5356 neque
571 5288 733 5341 statui
761 5287 987 5341 aliorum
1020 5285 1326 5339 testimonio
1354 5283 1484 5337 satis
1509 5289 1660 5336 certo
1707 5280 1922 5335 videtur
1962 5292 2141 5347 posse.
2187 5276 2301 5329 Non
2332 5291 2450 5330 sum
2480 5276 2693 5328 nescius
2722 5273 2871 5345 vulgo
2897 5291 2984 5328 eos
3010 5278 3270 5329 accenseri
3297 5274 3578 5349 Thebeantv
3599 5276 3675 5329 le--

364 5378 544 5452 giouis
573 5377 900 5445 martyribus
932 5375 1027 5446 (b).
1070 5373 1212 5428 Nihil
1242 5380 1422 5427 autem
1451 5387 1570 5426 esse
1600 5384 1776 5425 causa:
1812 5366 1969 5423 video
1995 5406 2010 5431 ,
2049 5365 2399 5435 quamobrem
2430 5363 2496 5416 ah
2525 5363 2589 5417 iis
2640 5362 2950 5418 dissidcam.
3005 5364 3205 5438 [‘cxxvtl
3256 5364 3360 5420 Sed
3403 5366 3675 5419 militiwne

448 5510 528 5581 (a)
566 5508 700 5581 Vide
713 5510 891 5581 etiam
920 5503 1479 5581 serm_._77,pag.‘
1506 5518 1682 5573 seqq.,
1714 5511 1960 5581 et_serm.
2082 5494 2458 5581 _'(b)h(.l'onfer
2488 5496 2829 5581 iluinartipm
2859 5499 3129 5581 admonit;
3143 5499 3208 5554 ad
3230 5500 3355 5581 dcta
3378 5514 3672 5581 sanctorum

370 5566 468 5652 ῖδξ
491 5566 615 5652 pag.
636 5578 759 5647 599,
774 5590 827 5636 et
855 5593 1019 5634 εει-ιη.
1050 5576 1141 5644 8|,
1168 5566 1305 5647 pag:
1316 5574 1437 5642 607,
1457 5582 1512 5631 et
1538 5566 1701 5631 ser-ni.
1727 5574 1815 5639 83,
1840 5584 1958 5642 pag.
2072 5566 2305 5647 Mauritii
2321 5569 2670 5652 Aefsoqiorum,
2690 5568 2756 5623 ad
2777 5568 3150 5652 89;??6,'lll:‘6,
3168 5586 3220 5638 p.
3239 5568 3500 5652 ΞξΟμΑεέ.
3517 5576 3667 5652 mort.

368 5636 473 5708 6“
492 5636 664 5718 ᾳ.
745 5636 757 5647 ι
1126 5636 1137 5644 ν
1168 5636 1186 5647 ·
1239 5636 1266 5647 ν
1425 5636 1434 5642 ’
1802 5636 1809 5639 ⁷
1842 5636 1858 5642 ’
1915 5636 1933 5640 ⁷
2074 5638 2287 5705 sincer.,
2309 5636 2438 5692 edit.
2463 5637 2663 5695 Veron.
2688 5655 2780 5721 an.
2807 5639 2939 5694 1751
2965 5657 2979 5709 ;
3005 5636 3426 5705 Tillcmontium,
3450 5637 3581 5706 Cap.
3607 5636 3671 5687 de
