4138 6186
461 291 564 346 res
1167 338 1195 362 ,
1902 288 2095 344 ΡιῑΑιιπ

2089 288 2283 343 "ATIO.
3622 291 3723 344 124

450 403 725 457 dedissent
756 401 914 456 iidem
943 403 1115 458 sancti
1144 410 1406 474 martyres
1433 402 1666 466 nomina,
1699 417 1869 456 necne
1897 399 2206 465 dedissent,
2251 397 2512 452 Maximus
2541 415 2644 454 non
2674 399 2803 454 dicit
2834 416 2845 451 :
2879 415 2910 454 e
2938 398 3149 467 legione
3175 408 3352 455 autem
3385 401 3611 457 Thebaza
3633 418 3730 459 eos

452 493 634 556 fuisse,
668 493 837 547 multo
866 494 994 549 dicit
1022 495 1214 548 minus.
1249 493 1397 548 Actis
1426 493 1687 564 martyrii,
1717 507 1836 562 qua:
1865 493 2095 561 primum
2121 491 2336 544 fuerunt
2360 490 2502 544 edita
2533 507 2561 544 a
2591 491 2923 555 Mombritio,
2961 491 3270 561 pervulgata
3313 493 3412 548 hac
3433 491 3502 546 de
3531 508 3589 546 re
3618 499 3730 546 tra-

453 584 586 637 ditio
618 585 820 638 nititur.
856 585 925 638 Δι
949 594 1072 640 sunt
1100 586 1188 639 illa
1210 585 1508 640 recentiora
1532 591 1691 639 aetate
1722 583 1956 645 Maximi,
1989 582 2191 637 Auctor
2219 581 2561 636 Novalcsiani
2590 582 2829 637 chronici
2869 599 2899 636 a
2943 583 3246 638 Duchesnio
3294 592 3347 636 et
3374 598 3403 636 a
3436 581 3729 636 Muratorio

452 673 598 736 editi,
629 672 792 727 fuisse
821 689 884 728 ea
914 675 1211 742 perscripta
1241 683 1476 726 narrata
1499 671 1770 726 Willelmo
1800 671 2118 725 Taurinensi
2147 671 2406 734 antistite,
2435 671 2526 739 qui
2555 672 2709 725 initio
2739 671 2929 725 decimi
2959 672 3134 726 smculi
3158 673 3369 727 claruit.
3399 671 3521 725 Veri
3545 681 3728 727 tamen

451 777 561 816 non
588 770 670 816 est
697 762 890 825 simile,
923 761 1298 824 Tauriuenses,
1333 761 1422 830 qui
1443 768 1712 815 tantorum
1743 768 2046 830 martyrum.
2067 759 2368 828 patrocinio
2395 759 2773 825 gloriarentur,
2805 758 2992 813 tandiu
3013 762 3144 814 actis
3172 776 3360 816 eorum
3390 778 3487 830 pro
3513 759 3726 815 Christo

452 853 764 907 certaminis
793 852 1046 907 caruisse.
1090 851 1268 918 Quare
1310 851 1614 906 Enschenio
1659 851 1801 905 haud
1837 851 2084 921 equidem
2111 863 2354 918 repugno
2384 851 2567 916 aienti,
2603 859 2720 905 acta
2755 851 2947 905 eadem
2976 850 3302 905 Willelmum
3333 867 3401 904 ex
3428 851 3729 905 vetustiore

453 945 704 1014 quopiam
729 952 1078 999 monumento
1100 944 1389 1014 accepisse,
1416 943 1559 1013 quod
1582 960 1711 998 sane
1732 952 2136 998 monumentum
2161 942 2434 997 Victorine
2463 943 2734 1013 episc0po,
2761 944 2851 1013 qui
2868 958 2957 996 an.
2985 940 3090 993 494
3115 941 3370 1009 templum
3395 940 3447 993 in
3464 939 3725 995 honorem

452 1045 748 1107 martyrum
777 1034 1092 1090 eorumdem
1123 1033 1356 1090 dicatum
1401 1035 1534 1098 Deo,
1567 1035 1794 1104 amplius
1837 1035 2372 1103 magniﬁcentiusque
2422 1035 2690 1098 restituit;
2722 1050 2789 1088 an
2820 1034 2908 1088 uni
2937 1032 3164 1102 cuipiam
3196 1028 3601 1090 monachorum,
3634 1027 3725 1096 qui

454 1125 656 1193 templo
684 1124 859 1178 eidem
889 1124 1212 1186 inservierit,
1260 1131 1538 1192 acceptum
1565 1122 1752 1177 referri
1783 1123 1996 1188 debeat,
2029 1139 2136 1176 non
2163 1123 2370 1177 laboro.
2405 1122 2518 1177 Hoc
2538 1123 2669 1176 mihi
2697 1138 2849 1176 sumo
2883 1139 2894 1174 :
2929 1123 2975 1176 si
3023 1138 3054 1176 e
3109 1119 3462 1174 Thebaeorum
3511 1116 3726 1184 legione

452 1222 715 1284 martyres
745 1213 904 1267 iidem
931 1211 1164 1277 fuerunt,
1189 1227 1282 1266 eos
1309 1229 1396 1266 an.
1423 1211 1528 1265 286
1553 1213 1637 1265 vel
1667 1227 1930 1266 summum
1960 1226 2048 1264 an.
2079 1211 2206 1266 circ.
2238 1209 2342 1262 297
2365 1210 2680 1266 decessisse.
2711 1209 2990 1265 Postremo
3011 1218 3210 1280 quanta
3238 1209 3289 1261 in
3311 1206 3623 1262 celebritate
3649 1205 3724 1258 illi

453 1299 666 1366 fuerint,
691 1318 810 1357 cum
833 1317 898 1355 ex
920 1302 1135 1355 homilia
1159 1301 1391 1363 Maximi,
1423 1301 1574 1370 cujus
1603 1303 1760 1371 paulo
1789 1309 1914 1355 ante
1945 1302 2160 1355 memini
2189 1300 2282 1372 (a),
2319 1310 2428 1355 tum
2456 1317 2523 1356 ex
2552 1317 2618 1356 eo
2657 1302 2818 1355 etiam
2844 1301 3003 1370 plane
3050 1301 3233 1370 liquet,
3282 1299 3423 1371 quod
3464 1298 3722 1368 templum

454 1390 582 1445 olim
612 1391 667 1444 in
697 1405 883 1445 eorum
911 1391 1173 1443 honorem
1203 1389 1558 1443 Taurinenses
1585 1389 1874 1453 erexerint,
1908 1376 2400 1460 monasteriumque
2425 1391 2668 1459 proxime
2697 1389 2898 1445 exstrui
2923 1391 3176 1444 curarint.

524 1479 602 1533 De
629 1479 826 1534 sanctis
854 1480 1178 1549 martyribus
1205 1477 1528 1543 Alexandro,
1579 1478 1832 1550 Martyrio
1881 1478 1936 1534 et
1975 1478 2230 1545 Sisinnio,
2279 1480 2368 1548 qui
2416 1480 2469 1533 in
2516 1494 2652 1548 pago
2701 1480 2946 1534 Anaunia
2988 1481 3235 1536 dimcesis
3264 1479 3591 1534 Tridentinae
3619 1495 3717 1548 pro

454 1569 666 1625 Christo
694 1585 816 1624 ann.
851 1569 953 1623 597
980 1579 1204 1626 mortem
1235 1571 1435 1637 obiere,
1461 1573 1570 1640 agit
1598 1587 1664 1626 ex
1696 1572 1936 1627 instituto
1966 1571 2227 1628 Maximus
2267 1573 2606 1628 sermonibus
2654 1572 2712 1626 8|
2766 1582 2820 1627 et
2867 1572 2954 1638 82,
2997 1585 3119 1642 pag.
3153 1569 3255 1623 697
3283 1583 3433 1637 seqq.
3477 1567 3715 1633 Quorum

453 1666 632 1713 autem
660 1657 998 1724 crudelitate,
1028 1674 1295 1728 quamque
1320 1660 1389 1714 ob
1415 1676 1630 1714 causam
1659 1661 1896 1714 saevitum
1928 1661 1981 1715 in
2011 1677 2105 1716 eos
2147 1661 2326 1726 fuerit,
2370 1664 2588 1732 copiose
2631 1670 2813 1716 narrat
2857 1672 3074 1717 sanctus
3103 1661 3325 1729 Vigilius
3353 1659 3576 1712 antistes
3601 1657 3718 1711 Tri-

452 1749 790 1804 dentinorum
818 1749 872 1802 in
901 1749 966 1803 iis
993 1749 1234 1817 epistolis
1261 1764 1486 1817 quarum
1517 1750 1742 1803 alteram
1772 1749 1838 1802 ad
1861 1748 2269 1818 Simplicianum
2301 1750 2754 1805 Mediolanensem
2797 1752 3126 1820 episcopum,
3177 1750 3400 1803 alteram
3443 1747 3509 1802 ad
3550 1745 3717 1800 Joan-

452 1853 575 1891 nem
615 1838 1053 1907 Chrysostomum
1077 1837 1358 1905 praesulem
1389 1836 2043 1907 Constantinopolitanum
2088 1839 2250 1893 dedit.
2303 1839 2598 1908 Utramque
2643 1841 2781 1910 typis
2823 1841 3012 1895 excudi
3059 1849 3313 1896 curarunt
3355 1838 3714 1903 Bollandiani,

453 1925 679 1994 primum
718 1924 784 1978 ad
829 1923 897 1976 29
943 1925 1141 1978 mensis
1170 1923 1290 1978 Maii
1315 1925 1487 1990 diem;
1520 1935 1574 1980 et
1600 1927 1690 1994 qui
1721 1937 1836 1981 acta
1863 1927 2069 1982 sincera
2094 1938 2396 1983 sanctorum
2427 1938 2716 2000 martyrum
2745 1945 2773 1982 a
2804 1930 3083 1985 Ruiuartio
3107 1931 3328 1985 collecta
3358 1929 3574 1983 edidere
3607 1927 3705 1982 Ve-

450 2033 597 2072 rome
633 2033 719 2071 au.
767 2017 922 2083 1751,
964 2031 1084 2087 pag.
1138 2017 1240 2072 554
1261 2035 1372 2089 seq.
1404 2017 1726 2074 Eorumdem
1754 2029 2047 2092 martyrum
2070 2025 2365 2078 meminere
2388 2032 2603 2079 sanctus
2630 2021 2957 2078 Gaudentius
2985 2020 3296 2082 Brixiensis,
3345 2029 3563 2073 sanctus
3608 2021 3715 2072 Au-

451 2110 731 2176 gustinus,
780 2117 837 2163 et
880 2107 1228 2177 Gennadius,
1277 2111 1344 2165 de
1392 2112 1585 2181 quibus
1630 2112 1751 2168 vide
1799 2114 2218 2171 admonitionem
2265 2116 2320 2170 in
2366 2115 2582 2172 Sisinnii
2629 2117 2941 2189 martyrium
2984 2113 3125 2184 apud
3170 2111 3528 2175 Ruinartium,
3560 2108 3710 2171 ibid..

453 2212 575 2268 pag.
609 2195 731 2251 555.

521 2287 710 2343 Sermo
740 2297 824 2343 est
852 2287 1067 2343 Maximi
1097 2288 1167 2343 8-!
1189 2331 1203 2355 ,
1255 2304 1375 2359 pag.
1426 2288 1533 2343 615
1577 2307 1718 2360 seq.,
1765 2292 1832 2347 de
1859 2295 2059 2348 sanctis
2086 2295 2411 2366 martyribus
2441 2294 2865 2364 Aquileiensihus
2891 2291 3101 2357 Cantio,
3132 2290 3394 2346 Cantiano
3421 2296 3476 2342 et
3500 2287 3714 2342 Cantia-

453 2377 600 2430 nilla.
629 2376 897 2442 Quantum
925 2377 1011 2431 his
1037 2379 1326 2446 antiquitas
1355 2379 1600 2433 tribuerit
1653 2380 1874 2434 honoris
1913 2398 1978 2436 ac
2025 2383 2198 2438 laudis
2238 2384 2460 2452 intelligi
2487 2399 2555 2438 ex
2583 2384 2907 2439 carminibus
2931 2381 3180 2438 Venautii
3210 2379 3485 2435 Fortunati
3513 2385 3708 2448 potest.

452 2462 650 2516 Confer
673 2462 980 2528 Baronium,
1007 2473 1120 2518 not.
1153 2466 1206 2517 in
1238 2463 1508 2536 Martyrol.
1543 2466 1701 2520 Rom.
1731 2468 1795 2520 ad
1824 2468 1964 2522 diem
1996 2471 2056 2522 51
2091 2470 2234 2525 Maii.

523 2554 739 2626 [cxxvn]
779 2553 1036 2608 XXXVII.
1077 2554 1211 2609 Cum
1239 2555 1306 2609 de
1333 2565 1787 2612 sacramentorum
1834 2574 2213 2629 sacrarumque
2262 2575 2481 2630 precum
2513 2561 2564 2614 in
2608 2561 2845 2616 Ecclesia
2873 2559 3135 2615 catholica
3164 2557 3561 2622 communione,
3584 2555 3710 2624 quid

453 2641 666 2697 Maximi
691 2643 934 2698 doctrina
981 2642 1136 2710 ferat,
1186 2644 1613 2701 demonstratum
1654 2651 1742 2715 sit,
1769 2652 2012 2720 sequitur
2031 2660 2091 2706 ut
2116 2668 2276 2722 quam
2304 2655 2467 2707 etiam
2492 2662 2642 2708 recte
2672 2655 2760 2708 ille
2785 2653 2851 2707 de
2880 2661 3227 2722 peccatorum
3256 2652 3566 2706 remissione
3589 2664 3710 2704 sen-

451 2734 600 2800 serit,
624 2751 909 2804 exponam.
943 2734 1082 2804 Ergo
1111 2737 1200 2790 ille
1221 2738 1439 2792 homilia
1470 2737 1558 2803 85,
1583 2754 1701 2809 pag.
1733 2741 1838 2794 272
1866 2760 1876 2794 :
1909 2740 2197 2808 Credenda,
2227 2744 2416 2814 inquit,
2438 2753 2517 2797 est
2553 2744 2828 2813 principue,
2863 2745 3070 2813 fratres,
3102 2751 3430 2811 peccatorum
3457 2739 3706 2802 remissio,

451 2827 570 2896 quia
598 2826 692 2879 hoc
719 2843 876 2879 unum
903 2834 980 2880 est
1007 2827 1301 2893 remedium,
1325 2829 1460 2899 quod
1488 2829 1750 2884 hominum
1775 2848 1935 2902 genus
1964 2850 1995 2885 a
2017 2835 2267 2887 sententia
2297 2841 2554 2904 perpetua
2579 2833 2758 2886 mortis
2787 2831 3020 2884 absolvit.
3055 2828 3258 2883 Idcirco
3291 2827 3596 2899 Unigenitus
3615 2827 3708 2881 Al-

453 2917 636 2969 tissimi
665 2931 863 2968 sumere
888 2915 1129 2986 dignatus
1155 2925 1229 2970 est
1257 2933 1485 2980 carnem,
1511 2921 1802 2989 complexus
1825 2931 1899 2974 est
1927 2937 2146 2987 crucem,
2179 2929 2233 2974 ut
2258 2932 2322 2986 te,
2345 2923 2430 2993 qui
2461 2922 2678 2974 crimina
2708 2926 2795 2972 tua
2821 2919 3033 2973 evadere
3059 2927 3108 2972 et
3127 2927 3336 2988 peccata
3359 2933 3462 2972 non
3487 2924 3708 2987 poteras,

452 3003 770 3075 indulgentia
794 3006 986 3074 faceret
1004 3006 1344 3059 innocentem.
1375 3004 1501 3060 Ideo
1524 3009 1883 3062 immaculatus
1911 3011 2106 3063 occisus
2127 3019 2205 3063 est
2231 3011 2429 3081 Agnus,
2460 3017 2516 3062 ut
2543 3010 2652 3080 ejus
2681 3026 2861 3064 cruore
2887 3010 3095 3064 humani
3139 3011 3338 3080 generis
3367 3008 3569 3062 macula
3611 3017 3712 3061 ter-

451 3101 671 3164 geretur.
731 3091 928 3157 Videte,
958 3095 1162 3162 fratres,
1187 3094 1593 3165 profunditatem
1620 3099 1849 3167 mysterii
1862 3115 1880 3162 ;
1911 3099 2074 3152 videte
2101 3099 2426 3153 altitudinem
2451 3101 2777 3165 sacramenti,
2801 3100 2886 3155 ubi
2915 3116 3052 3154 mors
3094 3099 3316 3153 reddidit
3350 3100 3504 3152 vitam
3525 3106 3574 3151 et
3594 3113 3714 3168 pec.

453 3183 679 3235 cautium
707 3181 881 3235 sordes
909 3184 1160 3252 sanguine
1205 3193 1323 3236 sunt
1349 3186 1637 3239 innocentis
1667 3186 1872 3240 ablatae.
1923 3185 2052 3240 Ηωσ
2075 3196 2245 3241 autem
2267 3189 2497 3242 remissio
2528 3205 2629 3242 non
2661 3197 2709 3241 te
2741 3188 2810 3242 ad
2830 3199 3094 3259 peccatum
3122 3191 3306 3255 nutrit,
3337 3187 3428 3242 sed
3454 3187 3712 3250 admonet,

453 3279 508 3322 ut
543 3285 752 3340 peccare
791 3270 906 3339 jam
945 3280 1160 3335 metuas,
1190 3274 1272 3342 qui
1305 3281 1354 3326 te
1372 3273 1638 3345 intelligis,
1668 3276 1780 3328 sine
1799 3277 1948 3329 venia
1977 3293 2080 3329 non
2109 3277 2336 3345 potuisse
2357 3277 2566 3331 salvari.
2602 3277 2815 3332 Bonitas
2835 3279 2973 3332 enim
3000 3277 3097 3331 Dei
3122 3277 3456 3349 indulgentia
3473 3293 3582 3332 sua:
3599 3293 3714 3330 mu-

453 3375 574 3413 nere
600 3373 703 3414 non
729 3373 822 3413 nos
849 3370 1016 3414 armat
1043 3361 1113 3414 ad
1140 3363 1363 3431 culpam,
1393 3364 1485 3417 sed
1512 3363 1674 3418 abluit
1703 3365 1772 3418 ad
1811 3365 2047 3436 gloriam.
2077 3364 2210 3421 Esse
2251 3378 2430 3421 autem
2461 3368 2514 3421 in
2535 3366 2773 3422 Ecclesia
2795 3382 2978 3422 veram
3000 3368 3440 3422 remittendorum
3471 3375 3715 3438 peccato-

451 3463 594 3511 rum,
619 3449 813 3504 Christi
835 3449 1135 3506 Servatoris
1157 3452 1438 3519 beneficio,
1465 3461 1802 3524 potestatem,
1831 3455 2048 3510 homilia
2087 3455 2175 3522 68,
2213 3469 2336 3525 pag.
2362 3455 2467 3509 219
2490 3456 2750 3513 Maximus
2773 3458 3023 3514 ostendit.
3046 3458 3177 3512 Nam
3199 3457 3265 3512 de
3288 3456 3448 3512 Petro
3471 3456 3718 3527 apostolo

452 3540 721 3595 disserens
747 3558 758 3593 :
791 3540 959 3595 Clavis
997 3542 1131 3607 caeli,
1163 3542 1352 3612 inquit,
1397 3545 1573 3616 lingua
1600 3555 1675 3599 est
1704 3544 1867 3611 Petri,
1917 3548 2040 3615 quia
2066 3546 2384 3618 singulorum
2405 3550 2586 3601 merita
2612 3547 2884 3612 censendo,
2906 3547 3184 3618 Apostolus
3210 3547 3482 3616 unicuique
3509 3562 3716 3616 regnum

451 3633 693 3688 caelorum
739 3643 828 3687 aut
872 3634 1066 3688 claudit
1103 3644 1192 3688 aut
1226 3637 1411 3706 aperit.
1442 3635 1564 3692 Non
1603 3646 1680 3691 est
1709 3655 1828 3710 ergo
1849 3638 2007 3692 clavis
2029 3638 2129 3692 ista
2155 3637 2389 3692 mortalis
2428 3638 2647 3707 artiﬁcis
2674 3645 2851 3708 aptata
2879 3654 3056 3701 manu,
3085 3636 3174 3692 sed
3195 3636 3316 3689 data
3337 3653 3368 3688 a
3395 3634 3598 3689 Christo
3618 3649 3716 3703 po-

455 3733 610 3777 testas
636 3732 711 3778 est
725 3724 1016 3794 judicandi.
1051 3723 1284 3796 Denique
1311 3727 1383 3780 ait
1409 3729 1481 3780 eis
1505 3744 1522 3782 :
1549 3725 1777 3791 Quorum
1801 3729 2101 3784 remiseritis
2127 3737 2356 3799 peccata,
2387 3729 2601 3783 remissa
2620 3738 2757 3793 sunt,
2807 3737 2856 3781 et
2893 3743 3105 3798 quorum
3146 3725 3462 3778 detinueritis
3511 3724 3716 3777 detenta

451 3822 590 3866 sunt.
622 3810 690 3866 Et
709 3812 925 3867 homilia
967 3812 1052 3876 72,
1075 3827 1195 3881 pag.
1219 3813 1322 3866 250
1354 3831 1366 3866 :
1401 3813 1574 3879 Petro,
1603 3817 1734 3867 sicut
1755 3815 1885 3870 bono
1914 3817 2276 3887 dispensatori,
2309 3818 2500 3870 clavem
2544 3819 2686 3887 regni
2713 3815 2927 3869 caelestis
2951 3814 3237 3883 (Christus)
3269 3814 3520 3868 dedit.....
3541 3811 3710 3868 Clanis

453 3904 675 3956 dicenda
694 3909 788 3966 est,
819 3916 919 3971 qua
947 3903 1016 3956 ad
1043 3903 1198 3970 fidem
1227 3904 1359 3957 dura
1387 3915 1707 3974 peccatorum
1727 3906 1886 3959 corda
1913 3917 2227 3970 reserantur,
2251 3908 2496 3961 mentium
2521 3916 2714 3961 secreta
2730 3906 3046 3976 panduntur,
3070 3916 3117 3960 et
3137 3907 3383 3979 quidquid
3405 3908 3716 3960 intrinsecus

453 3996 685 4047 clausum
713 4000 927 4058 tenetur,
958 3995 1012 4048 in
1040 3994 1216 4063 palam
1255 3996 1549 4051 rationabili
1590 3997 2008 4067 manifestatione
2056 4000 2389 4068 producitur;
2427 3997 2602 4060 clavis,
2634 3998 2862 4068 inquam,
2896 4014 3009 4064 qua:
3035 4007 3085 4051 et
3109 3999 3473 4051 conscientiam
3505 3996 3573 4049 ad
3600 4012 3716 4066 pec-

454 4085 560 4138 cati
589 4084 960 4154 confessionem
987 4085 1172 4152 aperit,
1202 4094 1251 4137 et
1279 4086 1501 4155 gratiam
1520 4086 1590 4139 ad
1626 4089 1963 4141 wternitatem
1991 4089 2219 4159 mysterii
2247 4087 2492 4141 salutaris
2512 4085 2747 4141 includit.
2780 4084 2846 4140 Et
2866 4101 3114 4140 sermone
3143 4083 3228 4151 5|,
3261 4099 3380 4154 pag.
3410 4083 3503 4138 551
3539 4102 3551 4138 :
3578 4083 3706 4148 Quis

455 4177 585 4243 lucc,
631 4177 732 4230 nisi
772 4191 886 4229 vere
928 4177 1248 4247 omnipotens
1277 4175 1416 4232 Deus
1453 4179 1665 4250 implere
1691 4181 1956 4250 potuisset,
1981 4188 2035 4233 ut
2055 4181 2180 4251 fera?
2208 4189 2402 4233 mentes
2431 4179 2724 4249 religiosam
2751 4178 3002 4232 discerent
3021 4179 3366 4242 sanctitatem,
3397 4186 3445 4230 et
3465 4177 3716 4232 cwlestem

454 4269 732 4339 susciperet
763 4266 1008 4323 barbarus
1036 4285 1204 4322 sermo
1225 4268 1553 4324 doctrinam?
1584 4269 1770 4324 Divina
1790 4286 1932 4341 ergo,
1953 4272 2161 4340 fratres,
2194 4269 2329 4322 cultu
2352 4284 2646 4322 veneremur
2666 4268 2800 4321 hunc
2826 4269 3080 4338 Spiritum
3109 4265 3397 4337 (sanctum)
3443 4266 3523 4318 cui
3566 4266 3716 4334 plena

455 4356 795 4429 regenerandi
822 4356 1000 4422 virtus,
1031 4366 1080 4411 et
1099 4368 1306 4428 peccata
1335 4358 1624 4412 remittendi
1654 4369 1877 4429 potestas
1898 4367 1993 4424 est,
2019 4360 2150 4412 sicut
2178 4360 2388 4412 instruit
2409 4357 2662 4412 Dominus
2689 4359 2968 4428 discipulos
2987 4373 3127 4420 suos,
3172 4355 3345 4410 dicens
3375 4373 3392 4409 :
3417 4355 3514 4420 Ite,
3547 4356 3716 4410 docete

453 4467 627 4508 omnes
649 4463 840 4524 gentes,
872 4453 1191 4524 baptizantes
1219 4470 1304 4508 eos
1326 4455 1380 4506 in
1402 4454 1608 4507 nomine
1631 4451 1827 4518 Patris,
1859 4461 1909 4507 et
1930 4451 2078 4517 Filii,
2100 4462 2148 4505 et
2169 4452 2396 4522 Spiritus
2417 4453 2584 4506 sancti
2613 4469 2630 4505 :
2660 4461 2710 4505 et
2735 4450 2858 4505 alibi
2881 4468 2898 4504 :
2928 4451 3156 4520 Accipite
3185 4449 3436 4519 Spiritum
3463 4458 3714 4515 sanctum,

452 4559 671 4614 quorum
717 4542 1014 4596 remiseritis
1043 4549 1270 4609 peccata,
1318 4541 1535 4595 remissa
1561 4550 1699 4607 sunt,
1731 4551 1781 4595 et
1807 4559 2020 4614 quorum
2049 4543 2384 4606 retinueritis,
2417 4541 2624 4595 detenta
2644 4551 2780 4595 sunt.
2806 4539 2882 4594 Ex
2906 4541 3054 4595 hisce
3078 4548 3256 4594 autem
3279 4540 3446 4594 sancti
3470 4541 3716 4596 antistitis

456 4632 587 4686 locis
609 4632 764 4701 plane
784 4631 1123 4702 perspicitur,
1154 4644 1260 4682 non
1283 4630 1528 4684 omnibus
1555 4630 1888 4694 Christianis,
1914 4629 2010 4685 sed
2040 4630 2299 4700 apostolis
2323 4629 2727 4698 discipulisque,
2779 4636 2940 4695 atque
2983 4626 3122 4682 adeo
3162 4628 3428 4698 episcopis
3456 4644 3520 4682 ac
3541 4644 3716 4684 sacer-

457 4720 674 4774 dotibus
699 4730 903 4775 tantum
927 4727 1046 4776 esSe
1070 4736 1100 4773 a
1121 4718 1334 4773 Christo
1355 4719 1797 4774 remittendorum
1825 4729 2166 4789 peccatorum
2192 4727 2514 4788 potestatem
2538 4717 2756 4771 factam.

529 4807 807 4864 XXXVIII.
851 4811 1036 4865 Restat
1077 4817 1132 4863 ut
1169 4807 1238 4862 de
1267 4808 1658 4861 resurrectione
1685 4809 1881 4872 carnis,
1913 4823 2073 4877 quam
2100 4816 2224 4878 apte
2251 4807 2318 4860 ad
2345 4821 2528 4861 sacras
2574 4805 2780 4858 litteras
2821 4801 3145 4873 Patrumque
3173 4813 3486 4861 centerorum
3517 4805 3716 4864 doctri-

460 4912 583 4950 nam
615 4897 878 4954 Maximus
907 4901 1172 4966 statuerit,
1194 4898 1488 4953 videamus.
1516 4896 1755 4969 [cxxvml
1779 4895 2004 4950 liomilia
2035 4897 2123 4962 85,
2146 4909 2269 4966 pag.
2291 4894 2396 4948 275
2421 4913 2432 4946 :
2469 4891 2594 4957 Quis
2617 4893 2826 4947 credens
2854 4891 2984 4958 Deo,
3012 4894 3202 4962 inquit,
3253 4898 3411 4966 possit
3448 4897 3513 4950 de
3549 4915 3716 4952 resur-

460 4990 681 5043 rectione
721 4990 949 5046 dubitare
978 4992 1176 5064 (b)?Et
1195 5003 1441 5047 sermone
1469 4988 1555 5054 52,
1579 5003 1698 5058 pag.
1731 4987 1835 5040 482
1861 5003 1999 5056 seq..
2029 4988 2090 5043 Si
2119 4988 2351 5043 Christus
2381 4988 2661 5040 resurrexit
2688 5002 2801 5056 spes
2830 4991 3024 5051 nostra,
3054 4989 3185 5057 quis,
3217 4989 3422 5058 fratres,
3452 5006 3716 5064 sequoque

461 5145 639 5209 sancto
661 5135 928 5209 Mauritio,
955 5147 1081 5209 tom.
1103 5139 1190 5204 IV,
1209 5154 1331 5209 pag.
1351 5134 1474 5209 ΠΒ,
1501 5144 1557 5209 et
1577 5144 1699 5189 nota
1719 5133 2027 5209 ilpagﬁi;
2209 5135 2286 5204 (α)
2328 5135 2863 5209 Μαιίπρὶυιιειξο-ευῐιι
2903 5135 3062 5209 verba
3089 5178 3102 5198 ,
3148 5152 3211 5191 ex
3243 5139 3435 5204 quibus
3464 5141 3714 5209 cognosci

463 5207 789 5279 Monument.
816 5208 994 5279 histor.
1022 5207 1163 5260 Eccl.
1187 5204 1316 5262 edit.
1350 5207 1583 5279 Bruxell.
1614 5204 1877 5279 an_l'_7_5'd;
1912 5205 2033 5259 Bol-
2135 5204 2754 5279 potest_qua_diligeutia
2788 5220 2852 5259 ac
2881 5205 3077 5272 pietate
3105 5222 3289 5260 eorum
3323 5204 3614 5279 martyrum
3655 5212 3716 5264 li-

462 5276 794 5348 landian‘._ad
822 5275 891 5330 20
919 5275 1183 5348 Januar.,
1209 5277 1496 5348 pag.!2.‘i:’.,
1545 5276 1712 5348 (ξι-715
1740 5274 2030 5348 _l“clm_1ar.,
2142 5290 2306 5348 psana
2322 5275 2675 5348 Tauriuenses
2689 5283 3267 5348 servarent,quamque
3282 5274 3716 5348 eorttnipatroci.

465 5361 585 5416 pag.
637 5345 740 5399 657
779 5362 964 5416 scqq.;
1007 5342 1296 5416 Octavium
1330 5346 1560 5416 Felicem
1611 5345 2032 5408 Baudissonium,
2141 5342 2245 5398 niis
2285 5343 2611 5416 conﬁderent
2639 5363 2651 5395 ;
2679 5342 2982 5416 Specialiter
3006 5342 3041 5398 ii
3062 5342 3712 5416 sunt—venerandianobis,

467 5413 615 5488 Orat.
649 5413 983 5488 panegyrica,
1003 5414 1312 5488 eruditionis
1339 5415 1512 5488 plena,
1540 5417 1602 5468 de
1628 5417 1816 5488 sanctis
1846 5424 2039 5488 κηρίῳ·
2141 5431 2354 5488 quorum
2393 5415 2631 5483 reliquias
2670 5414 2984 5488 possidemus
3011 5430 3028 5466 :
3057 5431 3170 5468 cum
3198 5416 3276 5470 his
3305 5415 3449 5488 nobis
3494 5420 3715 5488 familia-

467 5484 606 5554 ribus
639 5483 878 5548 Octauio,
902 5487 1148 5538 Adrentio
1174 5493 1233 5554 et
1258 5483 1540 5554 iSolutore,
1585 5486 1712 5554 edit.
1745 5501 1835 5538 an.
1871 5483 2035 5549 H78;
2143 5483 2270 5537 ritas
2291 5491 2402 5546 est;
2432 5499 2629 5554 semper
2655 5485 2791 5537 enim
2822 5484 3085 5538 uobiscum
3129 5495 3278 5552 sunt,
3320 5483 3584 5542 nobiscum
3614 5505 3716 5542 mo~

469 5552 808 5610 Franciscum
839 5555 1127 5608 Antonium
1149 5553 1480 5614 Zachariam,
1513 5563 1642 5607 tom.
1690 5553 1707 5607 l
1741 5554 2037 5618 Dissertat.,
2145 5563 2343 5614 rantur,
2370 5560 2477 5606 etc.

470 5622 597 5696 edit.
625 5638 710 5678 an.
746 5623 912 5696 1780;
935 5632 992 5679 ct
1019 5623 1077 5696 Ρ.
1102 5623 1169 5696 de
1199 5622 1379 5696 Riivaz,
1412 5621 1611 5696 lfi_n_d_ic.
1635 5626 1886 5693 passionis
1913 5626 2041 5679 Thc-
2219 5621 2292 5691 (b)
2333 5622 2448 5679 Hoc
2471 5622 2540 5678 de
2569 5622 2688 5678 loco
2711 5621 2834 5678 vide
2859 5624 3258 5681 annotationem
3287 5623 3339 5689 2,
3367 5639 3488 5696 pag.
3517 5624 3640 5680 276.

476 5690 696 5748 berorum
717 5695 950 5762 militum,
976 5694 1100 5750 edit.
1130 5692 1298 5748 Paris.
1329 5708 1393 5746 an
1429 5691 1581 5742 1779.
