4138 6186
376 224 481 280 125
1296 260 1303 273 ι
1825 228 2010 287 ΡΒᾸΞΙ

2023 230 2205 293 Ἀπο.
3556 239 3657 297 126

369 355 476 391 non
494 335 777 407 resurgere
823 335 1039 390 credat?
1058 337 1118 393 Si
1141 337 1285 391 illum
1314 355 1345 392 a
1373 343 1588 395 mortuis
1616 343 1828 398 rediisse
1857 345 2130 407 credimus,
2164 363 2255 399 cur
2282 363 2374 401 nos
2404 350 2560 401 etiam
2589 358 2962 404 resurrecturos
3009 366 3117 406 esse
3137 351 3515 406 dubitabimus?
3537 371 3652 408 cum

367 428 509 481 dicat
567 428 744 481 beatus
792 428 1067 497 Apostolus
1096 444 1114 480 :
1145 426 1205 483 Si
1250 431 1387 483 enim
1436 434 1623 485 mortui
1671 450 1775 486 non
1803 446 2095 506 resurgunt,
2128 452 2292 504 neque
2320 433 2550 489 Christus
2580 439 2879 491 resurrexit.
2912 436 3038 492 Cum
3081 457 3204 510 ergo
3232 437 3464 493 Christus
3493 458 3658 495 resur-

366 518 583 580 rexerit,
641 517 834 570 mortui
879 534 1072 588 quoque
1124 517 1519 573 suscitabuntur.
1554 520 1691 584 Quia
1712 526 1995 577 resurrexit
2022 523 2294 587 Dominus,
2327 526 2624 578 reviviscent
2662 543 2857 597 quoque
2900 537 2950 579 et
2976 528 3183 581 servuli.
3240 526 3357 597 Ipse
3383 529 3538 591 enim,
3580 530 3653 582 uti

366 607 519 660 habet
555 606 694 661 idem
734 608 1016 674 apostolus,
1064 617 1140 661 est
1185 609 1553 679 primogenitus
1596 626 1661 664 ex
1702 615 1936 666 mortuis.
1972 612 2068 667 His
2098 614 2257 682 plane
2300 622 2603 681 congruunt
2644 630 2764 682 quze
2805 616 2991 669 scribit
3035 626 3195 671 tract.
3222 618 3255 670 5
3284 618 3345 670 de
3387 616 3653 688 Baptismo

366 711 492 765 pag.
522 697 647 749 719.

438 785 566 839 Haec
586 786 707 849 etsi,
733 783 1186 852 quemadmodum
1202 793 1395 840 caetera
1419 784 1530 841 fere
1550 788 1749 853 omnia,
1774 797 2003 844 tractata
2028 798 2188 859 atque
2209 791 2475 860 explicata
2492 808 2521 844 a
2546 772 2778 863 Μιλξὶωο
2802 791 2996 846 fuerint
3028 794 3303 863 praeclare,
3326 812 3445 850 cum
3472 804 3651 852 tamen

364 879 583 935 accidat
604 879 937 948 plerumque,
964 885 1019 929 ut
1043 877 1141 929 viri
1162 892 1368 931 summa
1398 885 1453 931 et
1482 880 1899 947 perSpicacitate
1924 880 2139 947 ingenii,
2171 889 2226 933 et
2248 880 2565 934 eruditionis
2588 880 2839 935 facultate
2864 882 2915 933 in
2946 882 3226 951 Opiniones
3249 883 3506 946 incidant,
3533 900 3651 953 qure

363 987 475 1024 non
498 971 675 1024 solum
699 968 843 1021 falsze
869 968 997 1032 sint,
1019 983 1202 1021 verum
1226 968 1385 1021 etiam
1408 969 1549 1023 inter
1568 984 1626 1024 se
1657 985 2037 1038 nonnunquam
2074 972 2420 1024 vehementer
2440 980 2695 1039 pugnent,
2724 986 2830 1023 non
2854 978 2936 1023 est
2960 970 3204 1039 profecto
3234 987 3332 1026 cur
3359 974 3643 1042 quisquam

362 1063 610 1129 miretur,
635 1062 903 1117 excidisse
934 1071 1121 1116 sancto
1146 1062 1367 1116 antistiti
1393 1063 1573 1117 nescio
1597 1062 1725 1132 quid
1747 1061 2055 1130 aliquando,
2081 1062 2227 1131 quod
2249 1062 2572 1131 reliquorum
2598 1061 2811 1115 Patrum
2846 1060 3104 1115 doctrina:
3137 1060 3643 1132 Scripturarumque

362 1158 599 1212 oraculis
628 1157 802 1211 minus
825 1173 943 1212 esse
966 1167 1405 1221 consentaneum,
1432 1158 1697 1212 videatur.
1724 1156 2039 1227 Cujusmodi
2062 1156 2193 1211 illud
2218 1166 2299 1211 est
2320 1156 2467 1225 quod
2491 1172 2738 1210 sermone
2767 1154 2834 1207 86
2858 1168 2977 1222 pag.
3004 1153 3126 1219 620,
3154 1155 3221 1209 de
3243 1157 3648 1223 resurgentihus

361 1247 655 1316 quotannis
678 1245 956 1301 Paschalis
984 1248 1210 1302 solemni
1236 1248 1324 1301 die
1346 1249 1548 1303 sanctis
1591 1250 1812 1318 aliquot,
1848 1250 1923 1303 uti
1953 1264 2067 1302 rem
2117 1247 2331 1316 dignam
2362 1246 2570 1305 credito
2600 1247 2876 1315 proponit;
2906 1236 2954 1299 si
2984 1246 3145 1299 modo
3171 1256 3345 1300 tamen
3396 1249 3440 1301 is
3467 1264 3646 1302 sermo

361 1336 715 1391 ascribendus
744 1336 976 1391 Maximo
997 1338 1087 1401 sit,
1112 1337 1255 1405 quod
1286 1335 1505 1406 quidem
1536 1353 1654 1393 esse
1683 1339 1892 1408 aliquos
1913 1339 2171 1406 intelligo,
2195 1338 2286 1408 qui
2316 1347 2408 1392 aut
2431 1347 2643 1406 negent,
2676 1345 2769 1392 aut
2790 1338 2977 1391 saltem
3021 1336 3287 1400 dubitent,
3330 1339 3476 1393 velut
3498 1346 3580 1393 est
3610 1354 3641 1392 a

361 1429 520 1482 nobis
550 1429 603 1481 iu
627 1428 994 1483 admonitione
1022 1430 1074 1483 in
1097 1429 1343 1484 eumdem
1377 1446 1678 1485 sermonem
1704 1431 2152 1486 animadversum.

446 1521 635 1589 Neque
666 1537 793 1575 vero
823 1520 1083 1574 dissimile
1112 1530 1210 1583 est,
1264 1521 1409 1590 quod
1439 1537 1505 1576 eo
1558 1523 1675 1591 ipso
1703 1538 1952 1576 sermone
1981 1524 2287 1577 continetur
2312 1521 2380 1575 de
2402 1527 2589 1576 sancto
2629 1518 2836 1573 Joanne
2865 1520 3210 1587 evangelista,
3242 1521 3327 1587 qui
3357 1520 3545 1573 clausis
3570 1526 3651 1573 tu-

360 1612 489 1666 muli
538 1611 755 1681 foribus,
805 1613 973 1682 gratia
1004 1612 1389 1666 resurrectionis
1415 1613 1617 1667 ablatus
1647 1616 1823 1685 fuerit,
1874 1624 1930 1667 ut
1976 1623 2236 1668 constaret
2263 1613 2547 1683 sepultura,
2576 1629 2679 1667 non
2706 1613 3020 1666 inveniretur
3056 1616 3280 1683 sepultus
3312 1612 3410 1682 (a).
3436 1614 3644 1677 Quotus

362 1704 509 1759 enim
533 1705 760 1772 quisque
786 1720 890 1757 non
916 1704 1074 1773 plane
1103 1706 1412 1773 perspiciat,
1445 1714 1500 1759 et
1528 1705 1701 1758 aliena
1732 1706 1846 1760 haec
1869 1720 1987 1761 esse
2015 1720 2045 1758 a
2075 1706 2403 1774 reliquorum
2435 1703 2651 1756 Patrum
2682 1703 2967 1767 sententia,
2991 1711 3045 1757 et
3074 1719 3140 1757 ex
3170 1718 3235 1757 eo
3267 1705 3525 1757 librorum
3550 1716 3642 1770 ge—

362 1804 495 1847 nere
516 1802 791 1863 excerpta,
815 1809 949 1862 quos
970 1803 1188 1850 sanctus
1212 1795 1539 1863 Augustinus
1570 1794 1643 1865 (b)
1669 1804 1724 1849 et
1753 1804 1971 1850 sanctus
1994 1794 2238 1851 Gelasius
2269 1796 2339 1865 (ε)
2371 1795 2675 1863 reiecerunt
2704 1795 2755 1847 in
2780 1795 3005 1849 classem
3031 1795 3497 1864 apocryphorum?

437 1884 678 1939 XXXIX.
718 1885 1031 1940 Extremum
1062 1895 1162 1951 est,
1192 1896 1249 1940 ut
1278 1902 1395 1956 quae
1425 1886 1494 1941 de
1519 1888 1622 1941 vita
1649 1896 1849 1942 aeterna
1874 1889 2188 1956 complexus
2216 1896 2298 1942 est
2321 1888 2602 1951 Maximus,
2630 1888 2863 1942 breviter
2885 1888 3177 1942 absolvam.
3222 1888 3272 1942 Is
3301 1902 3549 1943 sermone
3574 1885 3645 1938 59.

361 1994 486 2049 pag.
518 1977 645 2039 «184,
678 1977 1004 2047 Sperandum
1032 1979 1095 2031 de
1122 1977 1368 2043 Domino,
1398 1979 1589 2048 inquit,
1613 1981 1668 2033 in
1700 1995 1910 2035 rerum
1939 1996 2079 2034 vnn.
2138 1980 2290 2034 Recte
2339 1981 2530 2034 dixisse
2568 1978 2869 2049 Apostolum
2898 1996 2913 2032 :
2945 1979 3121 2049 Spem,
3167 1996 3277 2051 qua:
3304 1979 3517 2039 videtur,
3544 1993 3649 2029 non

360 2089 473 2126 esse
493 2088 654 2141 spem.
681 2070 860 2141 Itaque
887 2070 1201 2141 sperandum
1226 2072 1280 2124 in
1312 2081 1505 2126 (eterna
1528 2074 1650 2125 vita.
1675 2072 1743 2124 Et
1771 2087 2022 2127 sermone
2048 2073 2133 2137 57,
2159 2087 2279 2141 pag.
2311 2071 2415 2125 493
2440 2090 2451 2124 :
2487 2072 2729 2125 Meliores
2757 2080 2875 2125 sunt
2903 2072 3016 2125 dies
3062 2074 3243 2142 quibus
3289 2072 3359 2124 ad
3402 2080 3648 2124 (eternam

364 2166 521 2217 vitam
564 2164 902 2223 renascimur,
951 2178 1104 2233 quam
1133 2162 1210 2215 illi
1241 2162 1422 2233 quibus
1444 2163 1498 2214 in
1521 2161 1617 2214 hac
1646 2161 1915 2231 temporali
1944 2178 2295 2231 procreamur.
2330 2161 2597 2231 Siquidem
2622 2161 2823 2230 majora
2849 2168 2968 2214 sunt
2996 2159 3131 2212 dona
3159 2160 3341 2229 gratia:
3368 2148 3519 2229 quam
3549 2173 3647 2210 na-

363 2268 589 2310 tura...
614 2255 795 2309 Prima
817 2256 1082 2309 nativitate
1103 2256 1316 2309 terrenis
1346 2255 1681 2327 ingredimur,
1705 2255 1931 2308 secunda
1958 2255 2241 2309 caelestibus
2273 2271 2647 2325 prazparamur.
2681 2253 2886 2307 Eodem
2928 2260 3174 2323 spectant
3196 2269 3313 2321 quae
3336 2253 3521 2306 scribit
3550 2253 3646 2305 lio-

364 2352 515 2405 milia
545 2350 633 2415 88,
661 2362 779 2418 pag.
814 2349 937 2414 293,
965 2356 1029 2404 et
1043 2364 1293 2404 sermone
1320 2348 1409 2413 18,
1435 2364 1555 2418 pag.
1583 2348 1707 2413 441,
1732 2356 1785 2404 et
1815 2364 2063 2403 sermone
2084 2349 2151 2401 67
2176 2363 2299 2417 pag.
2326 2346 2428 2401 569
2451 2363 2590 2416 seq.,
2618 2356 2673 2402 et
2690 2348 2909 2401 humilia
2937 2347 3026 2412 89,
3053 2362 3173 2416 pag.
3198 2346 3286 2411 98,
3318 2346 3407 2399 uhi
3435 2353 3646 2414 postea-

364 2455 534 2510 quam
560 2437 894 2493 Christianos
939 2440 1164 2504 monuit,
1222 2447 1281 2493 ut
1329 2454 1595 2493 memores
1624 2449 1749 2492 ante
1778 2438 2046 2493 dictorum
2090 2438 2352 2507 Apostoli,
2403 2440 2583 2493 omnia
2628 2439 2679 2492 in
2713 2439 2806 2492 Dei
2838 2436 3043 2509 [cum]
3073 2439 3297 2506 gloriam
3328 2436 3633 2492 referrent:

370 2529 622 2581 Debemus
677 2545 817 2599 ergo,
867 2528 1059 2596 inquit,
1114 2538 1379 2599 surgentes
1424 2529 1622 2598 gratias
1661 2530 1773 2581 Deo
1810 2543 1983 2598 agere,
2024 2537 2074 2581 et
2116 2544 2265 2581 omne
2319 2528 2423 2582 diei
2470 2544 2596 2598 opus
2638 2530 2693 2581 in
2724 2530 2873 2599 signo
2902 2531 3072 2599 facere
3097 2527 3499 2582 Salvatoris.....
3539 2525 3640 2591 Qui

365 2622 425 2673 in
457 2621 552 2673 hoc
599 2622 746 2691 signo
768 2621 1024 2674 seminare
1045 2621 1267 2691 coeperit,
1315 2637 1453 2675 vum;
1505 2623 1726 2690 fructum
1774 2638 2151 2685 consuqumun
2207 2640 2468 2677 inriguam.
2535 2622 2635 2686 Qui
2673 2623 2729 2675 in
2768 2624 2861 2676 hoc
2905 2625 3052 2693 signo
3097 2624 3196 2675 iter
3243 2625 3411 2693 facere
3461 2638 3646 2693 aggre-

365 2716 530 2780 ditur,
560 2715 629 2766 ad
677 2714 858 2768 caelum
896 2730 1053 2784 usque
1116 2715 1388 2783 perveniet.
1449 2713 1515 2766 In
1571 2715 1666 2769 hoc
1725 2715 1883 2786 igitur
1938 2716 2145 2768 nomine
2208 2731 2382 2768 omnes
2438 2724 2581 2769 actus
2642 2716 2806 2769 nostri
2870 2714 3126 2785 dirigendi
3192 2724 3331 2779 sunt,
3373 2724 3421 2767 et
3462 2714 3533 2766 ad
3571 2714 3645 2783 ips

361 2822 481 2877 sum
540 2806 693 2857 totius
752 2804 870 2858 vita:
912 2812 1107 2857 nostra’
1169 2804 1439 2857 commotio
1504 2804 1791 2871 referenda.
1861 2804 1943 2857 Ad
2006 2805 2385 2873 sempiternam
2444 2820 2607 2873 porro
2663 2806 2827 2860 vitam
2887 2805 3040 2859 nobis
3101 2804 3420 2873 parandam,
3482 2820 3645 2875 opera

362 2896 511 2950 bona
563 2895 781 2963 requiri,
835 2894 980 2948 idem
1037 2900 1119 2948 est
1167 2902 1356 2948 auctor
1376 2893 1638 2948 Maximus
1688 2894 1908 2948 humilia
1957 2893 2046 2960 65,
2090 2910 2211 2965 pag.
2258 2895 2351 2948 201
2407 2882 2521 2965 seq.
2563 2895 2677 2962 Qua
2735 2911 2803 2951 ex
2856 2911 2916 2950 re
2964 2896 3177 2964 assequi
3234 2895 3389 2950 facile
3425 2897 3645 2963 quisque

363 2995 565 3057 potest,
609 2994 809 3054 quanto
858 2985 911 3039 iu
968 3000 1153 3040 errore
1190 3000 1383 3039 recens
1434 2986 1522 3039 ille
1545 2986 1774 3054 scriptor
1794 2992 2058 3051 versetur,
2083 2988 2174 3055 qui
2201 3002 2357 3043 secus
2396 2987 2559 3043 fuisse
2608 2995 2796 3043 sancto
2832 2988 3060 3041 antistiti
3091 2986 3258 3041 visu'm
3301 2985 3649 3053 existimavit,

363 3078 438 3132 de
503 3092 610 3145 quo
662 3076 879 3146 quidem
935 3076 1196 3145 scriptore
1251 3076 1423 3143 egisse
1474 3091 1559 3130 me
1623 3091 1783 3144 supra
1837 3090 1960 3145 pag.
1992 3093 2150 3132 Lxxvt
2176 3078 2412 3133 memini.
2456 3076 2595 3133 Sunt
2638 3094 2769 3133 vero
2800 3078 2917 3133 hare
2944 3078 3116 3133 sancti
3164 3079 3401 3148 episcopi
3431 3078 3634 3133 verba:

370 3169 676 3224 llurzdemus
725 3186 821 3223 nos
875 3169 938 3221 ab
985 3170 1124 3222 omni
1167 3168 1553 3238 inquinamento
1598 3170 1791 3232 carnis,
1827 3176 1882 3220 ut
1930 3167 2182 3237 Spiritum
2231 3177 2461 3223 sanctum
2485 3172 2767 3241 promereri
2795 3179 2844 3224 et
2863 3171 3095 3242 accipere
3118 3171 3393 3240 possimus.
3418 3170 3480 3226 Si
3508 3172 3642 3225 hunc

363 3260 614 3314 naiadum
642 3261 994 3330 relinquimus,
1017 3274 1111 3311 nos
1132 3258 1353 3311 similem
1381 3256 1715 3311 Paracletum
1744 3260 1875 3312 sicut
1895 3260 2134 3327 apostoli,
2165 3259 2221 3312 id
2248 3268 2322 3313 est
2366 3260 2618 3331 Spiritum
2639 3264 2891 3329 veritatis,
2923 3279 3071 3334 quem
3093 3263 3429 3317 mittatnobis
3459 3263 3641 3328 Pater,

367 3355 704 3424 accipiemus;
747 3354 992 3424 quoniam
1036 3368 1141 3404 non
1179 3361 1255 3403 est
1282 3367 1620 3421 personarum
1641 3351 1871 3419 acceptio
1894 3349 2032 3421 apud
2051 3349 2216 3404 Deum
2241 3348 2473 3415 Patrem,
2496 3353 2588 3406 sed
2607 3355 2861 3415 promissa
2884 3356 2999 3424 jam
3025 3355 3276 3424 apostolis
3296 3356 3446 3409 nobis
3476 3358 3644 3427 pro/i-

363 3452 528 3510 cmnt,
550 3461 596 3499 ει
615 3460 805 3508 orsus,
841 3461 907 3497 ετ
932 3458 1228 3507 nesmeum,
1260 3459 1330 3497 ET
1359 3458 1529 3497 serus
1550 3458 1777 3498 cauimus
1805 3459 1928 3513 quos
1951 3446 2172 3512 apostoli
2213 3446 2458 3515 fecerunt.
2486 3446 2547 3500 Si
2574 3463 2689 3501 vero
2719 3462 2891 3502 LEGEM
2923 3447 3111 3502 Deum
3142 3465 3519 3503 muscuan
3574 3454 3641 3503 cr

364 3552 789 3590 CONV'ERTENTEI
812 3550 1022 3600 ANISIAS,
1054 3549 1318 3589 IMPLENDO
1340 3550 1588 3588 HANDATA
1613 3551 1753 3600 EJUS,
1779 3551 1998 3589 PEBFICU

2006 3552 2143 3600 mus,
2167 3553 2515 3593 nosnerlrsos
2535 3554 2789 3594 umnevns
2829 3538 3017 3593 Donum
3045 3556 3113 3593 ετ
3141 3556 3466 3596 οοηιειιευεε
3485 3544 3640 3597 CHRI-

362 3644 449 3683 STI
471 3644 536 3681 AD
568 3642 961 3681 [LEREDITATEM
988 3642 1357 3680 SEIPITERNAI
1385 3643 1453 3681 ET
1477 3644 1541 3681 AD
1563 3643 2015 3681 (SOSIHORATIONEM
2040 3644 2352 3683 ANGELORIIM
2382 3644 2488 3683 CU‘I
2521 3646 2714 3684 GRATIA
2734 3631 2957 3686 CHRISTI
2976 3645 3350 3695 COﬂMITTIMUS,
3369 3633 3504 3704 quod
3523 3636 3635 3703 ipse

362 3728 617 3791 prcestare
644 3720 903 3789 dignetur,
935 3719 1019 3787 qui
1042 3717 1160 3771 vivit
1186 3726 1237 3770 et
1258 3727 1440 3788 regnat
1462 3720 1513 3771 in
1559 3719 1748 3772 swcula
1775 3718 2094 3773 scvculorum.
2120 3718 2184 3771 Et
2210 3735 2456 3774 sermone
2484 3720 2569 3785 41,
2600 3736 2721 3790 pag.
2750 3715 2887 3774 508:
2919 3722 3249 3790 Deponamus
3277 3724 3640 3795 omneiniqui-

361 3814 487 3866 tutis
516 3814 818 3883 fermentum
861 3820 917 3862 ut
944 3812 1198 3877 possimus
1246 3826 1361 3863 vere
1407 3812 1685 3881 participes
1729 3811 1880 3881 hujus
1901 3826 2010 3863 esse
2038 3812 2252 3874 lwtitiw,
2277 3817 2353 3863 ad
2371 3828 2523 3882 quam
2546 3830 2635 3878 per
2665 3812 2915 3885 Spiritum
2939 3822 3173 3867 sanctum
3199 3831 3322 3882 ,ροσε
3342 3815 3639 3885 praphetica

356 3912 558 3957 nxontes
579 3910 923 3956 conuocantur
942 3910 991 3953 et
1020 3900 1196 3964 colles,
1226 3899 1295 3952 ad
1324 3916 1477 3971 quam
1500 3902 1681 3954 coelum
1714 3902 1962 3953 invitatur
1990 3910 2038 3952 et
2060 3908 2218 3953 terra.
2252 3898 2379 3963 Quis
2403 3902 2536 3953 enim
2578 3902 2652 3954 ita
2686 3919 2837 3956 sensu
2865 3900 3027 3955 hebeti
3050 3912 3237 3971 stupet,
3262 3905 3373 3975 quis
3396 3904 3469 3955 ita
3498 3921 3637 3957 mer-

356 4001 429 4050 sis
462 3999 515 4049 in
542 4005 733 4049 terram
781 3993 943 4047 oculis
969 3991 1235 4046 tenebrosa
1281 4001 1447 4045 mente
1488 4002 1707 4046 ccecatus
1748 4000 1843 4055 est,
1868 3992 1955 4061 qui
1975 4003 2076 4043 non
2098 3992 2205 4044 haec
2236 3993 2391 4044 totius
2421 3993 2557 4045 orbis
2587 4004 2701 4047 vota
2726 3995 2864 4047 omni
2888 4010 3003 4047 cum
3025 3994 3371 4047 exsultatione
3399 3992 3635 4046 concele-

354 4092 490 4152 bret,
517 4091 573 4143 in
593 4088 772 4159 quibus
796 4088 1029 4140 remissio
1058 4093 1403 4154 peccatorum,
1433 4085 1837 4154 regenerationis
1865 4085 2056 4154 gratia,
2089 4084 2454 4151 redemptionis
2476 4087 2791 4154 mysterium,
2824 4087 3210 4140 resurrectionis
3240 4087 3428 4156 gloria,
3450 4095 3499 4138 et
3520 4101 3635 4154 spes

353 4197 401 4234 ,λε
421 4194 732 4233 τεκειτλτιε
759 4177 972 4229 arridet.
1016 4174 1083 4228 Et
1124 4190 1371 4229 sermone
1396 4173 1481 4238 3X,
1514 4187 1635 4242 pag.
1671 4171 1773 4225 50‘2
1805 4191 1816 4225 :
1850 4172 2155 4227 TENEBHIUS
2176 4188 2533 4235 CAPIEMUSQUE
2559 4190 2691 4228 nom
2722 4190 2928 4229 οιοιιιτε
2964 4185 3110 4240 usus;
3134 4178 3177 4229 si
3207 4179 3363 4230 vitam
3392 4183 3623 4228 nostram

357 4270 494 4338 ﬁdes
507 4271 725 4333 muniat,
750 4278 799 4323 et
820 4287 851 4323 Α
874 4286 993 4341 rios
1006 4284 1129 4324 VITA
1150 4282 1251 4320 uox
1279 4281 1566 4319 mscnurer
1597 4283 1607 4317 :
1632 4272 1680 4317 et
1697 4266 1827 4318 sicut
1848 4265 1932 4318 ille
1954 4264 2244 4336 (Christus)
2268 4264 2413 4319 nobis
2437 4266 2591 4319 voluit
2609 4266 2814 4335 placere
2836 4268 3124 4331 moriendo,
3147 4269 3219 4318 ita
3233 4284 3327 4320 nos
3347 4280 3639 4321 cnsruuns

352 4376 461 4414 uox
487 4374 792 4414 msrucene
824 4376 875 4413 El
907 4373 1150 4421 vlveuno,
1182 4358 1295 4425 ipso
1318 4364 1618 4420 urcestante,
1653 4363 1757 4409 etc.
1791 4353 2073 4411 Postremo
2102 4357 2264 4410 vitam
2293 4363 2549 4411 aeternam
2577 4356 2844 4425 praecipue
2886 4358 2938 4410 in
2962 4356 3055 4410 Dei
3078 4357 3284 4410 visione
3310 4359 3635 4419 consistere,

354 4451 627 4506 Maximus
674 4452 877 4517 statuit,
918 4466 1167 4506 sermone
1213 4449 1302 4509 47,
1359 4462 1481 4517 pag.
1512 4446 1632 4500 59.0.
1662 4447 1956 4500 Ascendens
1988 4445 2296 4517 (Christus),
2330 4448 2522 4515 inquit,
2566 4448 2705 4501 dedit
2733 4447 2867 4501 dona
2908 4444 3216 4510 hominibus,
3241 4446 3420 4516 quibus
3448 4446 3502 4497 in
3530 4445 3637 4514 [ide

352 4546 566 4609 eruditi,
593 4552 743 4616 atque
770 4546 824 4597 in
853 4543 998 4597 virile
1023 4540 1175 4595 robur
1195 4540 1417 4603 educati,
1449 4539 1777 4607 temporalem
1800 4539 1959 4608 ipsius
1986 4539 2226 4592 visionem
2253 4539 2367 4609 jam
2391 4555 2495 4591 non
2516 4538 2651 4590 ultra
2673 4546 2986 4608 appeterent,
3018 4538 3107 4592 sed
3128 4554 3225 4608 quo
3254 4552 3339 4590 eos
3361 4536 3471 4605 ipse
3497 4549 3633 4604 pra:-

357 4643 609 4698 cesserat,
643 4643 747 4686 tota
770 4649 884 4685 cum
905 4632 1064 4684 animi
1087 4630 1411 4683 contentione
1432 4629 1577 4681 illum
1607 4629 1747 4695 sequi
1774 4628 2053 4681 studerent.
2086 4628 2133 4681 Ε
2138 4646 2227 4699 rgo
2257 4645 2371 4681 cum
2402 4628 2669 4699 temporali
2692 4629 2920 4698 ejusdem
2945 4631 3135 4684 viduali
3156 4631 3316 4682 simus
3338 4628 3634 4696 pra'sentia,

351 4744 424 4781 AD
457 4740 727 4780 ,ετειιΝΑι
757 4738 984 4777 unseen
1016 4736 1259 4775 VISIONEM
1310 4734 1450 4773 TOTA
1489 4733 1808 4771 INTENTIONE
1852 4733 2179 4771 resnxenvs
2215 4717 2476 4787 eidemque
2498 4734 2611 4770 cum
2628 4717 2910 4771 Psalmista
2937 4718 3164 4771 dicamus
3196 4735 3212 4769 :
3246 4716 3355 4769 Tibi
3385 4716 3517 4768 dixit
3546 4732 3635 4767 cor

348 4836 549 4881 meum,
577 4818 786 4890 quazsivi
818 4816 1008 4868 vultum
1058 4823 1194 4865 tuum
1221 4828 1238 4875 ,°
1270 4809 1458 4863 vultum
1490 4818 1647 4871 tuum,
1689 4806 1927 4871 Domine,
1978 4808 2251 4877 requiram,
2282 4824 2345 4859 ne
2366 4816 2564 4860 avertas
2595 4808 2779 4877 faciem
2802 4817 2939 4859 tuam
2959 4823 2989 4858 a
3017 4822 3114 4858 me.
3141 4803 3319 4875 Neque
3349 4819 3472 4857 eum
3496 4820 3633 4857 τοτΑ

350 4925 719 4968 ιιωιΑΝιι-Ατιδ
756 4908 976 4960 CIIRXSTI
1025 4918 1361 4959 SANCTISSIMA
1407 4916 1748 4954 DISPENSATIO
1794 4916 1950 4953 ALIUD
1998 4916 2270 4963 INTENDIT,
2317 4915 2473 4953 ALIUD
2496 4915 2693 4961 EXIGIT,
2720 4915 2819 4952 NISI
2847 4914 2913 4951 UT
2941 4915 3008 4951 AD
3035 4914 3265 4951 SUPERNA
3290 4914 3386 4952 NOS
3405 4913 3635 4964 DIRIGA'I',

348 5014 609 5076 quatenus
637 5002 838 5072 expleto
869 5001 1205 5054 mortalitatis
1228 4996 1410 5072 [ωαχ]
1440 5007 1632 5052 nostra:
1664 5007 1905 5064 tempore,
1934 5013 2001 5050 Αι)
2023 5012 2103 5051 sm
2132 5012 2465 5050 usmresuu
2489 5012 2584 5049 nos
2612 5010 2884 5048 reunvcn
2916 5008 3178 5059 vrswseu,
3204 5010 3375 5056 noue
3414 5008 3635 5047 5mm

349 5114 567 5153 τυιτῠε
586 5112 665 5151 sm
692 5111 882 5151 cuonu
911 5110 1006 5149 nos
1028 5109 1239 5155 sulm,
1271 5100 1486 5145 testante
1513 5088 1760 5159 Apostolo
1786 5104 1802 5141 :
1842 5088 2134 5142 Videbimus
2162 5105 2276 5141 eum
2307 5098 2423 5139 tunc
2453 5087 2603 5139 sicuti
2633 5094 2738 5147 est;
2790 5092 2941 5154 atque
2966 5090 3020 5135 ut
3069 5082 3354 5137 Psalmista
3384 5083 3497 5137 ait:
3536 5081 3636 5135 Ss-

350 5204 551 5245 runou
596 5203 701 5241 cum
743 5201 1096 5248 srrsnunmr,
1126 5184 1328 5253 illisque
1375 5183 1428 5234 in
1478 5192 1725 5234 wternum
1754 5181 1981 5249 fruemur
2003 5175 2165 5242 bonis,
2200 5195 2313 5249 qua:
2334 5178 2507 5231 oculus
2533 5192 2634 5228 non
2663 5173 2808 5238 vidit,
2835 5189 2926 5227 nec
2955 5175 3097 5228 auris
3118 5174 3331 5239 audivit,
3363 5189 3454 5226 nec
3473 5174 3527 5225 in
3552 5186 3641 5223 cor

351 5280 581 5337 hominis
610 5278 859 5343 ascendit,
882 5293 995 5348 qua:
1016 5276 1325 5347 prazparavit
1354 5272 1492 5325 Deus
1523 5270 1853 5342 diligentibus
1882 5285 1955 5323 se.
1990 5268 2118 5333 Qua:
2146 5269 2347 5340 quidem
2377 5269 2528 5329 bona,
2558 5271 2802 5335 quantum
2832 5264 2883 5315 in
2914 5264 3185 5334 cenigmate
3212 5271 3432 5335 poterat,
3465 5258 3634 5313 David

430 5434 508 5499 (η)
548 5432 751 5485 Eodem
774 5432 889 5485 hmc
913 5430 1258 5499 revolvuntur
1285 5425 1558 5499 atqueilla
1581 5437 1699 5489 qua:
1726 5419 1941 5499 scripsit
2046 5417 2133 5499 Ill,
2158 5424 2295 5499 part.
2312 5432 2373 5499 .n,
2401 5410 2827 5499 edit.j:An‘tuerp.
2846 5410 3119 5499 11η.ιέξοοΖ

350 5475 1623 5572 Εείῆιίεῆιτῖιῖεῖηίιῶἷίῑιίθνἑξέέᾶ’βῆὸῧῇξῖιιὺιίοιί
1656 5490 1779 5545 cod.
1813 5475 1937 5553 2'99,
2108 5475 2186 5610 8;)
2395 5481 2585 5552 synodi
2619 5475 2897 5562 Bonifan.
2930 5478 3032 5560 491
3062 5488 3205 5541 acta,
3228 5492 3350 5543 cap.
3379 5475 3462 5540 11,
3495 5483 3623 5527 tom.

350 5592 387 5610 η
413 5589 463 5610 ,α
518 5571 621 5610 797
2044 5558 2085 5610 ll
2153 5555 2421 5610 υηοιιιοτ..
2449 5566 2571 5610 pag.
2603 5550 2706 5605 910
2728 5550 2860 5606 edit.
2903 5548 3069 5604 Paris.
3095 5563 3182 5602 an.
3217 5545 3368 5601 17M.

732 5545 951 5647 ΨΜΊῖ
1163 5545 1180 5550 ’
1204 5545 1378 5552 ἠπ-
1622 5646 1627 5647 ,
1679 5629 1778 5647 νη.
1804 5637 1815 5647 ι
1838 5545 1934 5647 Μ’
2044 5558 2085 5612 11
2108 5545 2571 5621 (ἷύηοὶῑίοτ.,ἰ›ειε.
2603 5550 2706 5605 040
2728 5550 2860 5606 edit.
2903 5548 3069 5604 Paris.
3095 5563 3182 5602 an.
3217 5545 3368 5601 HM.

431 5629 508 5709 ib)
535 5641 711 5696 Tract.
743 5656 862 5706 cap.
885 5639 977 5705 2i,
997 5641 1049 5693 in
1072 5637 1251 5701 .Ioan.,
1283 5651 1423 5690 num.
1457 5633 1508 5698 9.,
1532 5646 1648 5699 pag.
1678 5629 1778 5683 597
1804 5637 1933 5682 tum.
