4138 6186
498 287 596 343 127
1694 279 1750 334 5.
1791 279 2034 334 MAXIMI

2175 276 2532 334 URINENSIS
3651 274 3756 334 128

492 400 582 453 ille
607 405 812 452 sanctus
835 394 1143 450 admirando
1165 393 1478 457 intuebatur,
1503 407 1616 444 cum
1644 391 1830 444 diceret
1854 407 1871 444 :
1899 389 2036 453 Quid
2058 389 2180 442 mihi
2211 397 2286 442 est
2313 393 2366 442 in
2406 394 2550 450 cato,
2572 395 2621 441 et
2640 403 2672 440 a
2695 395 2744 441 te
2768 387 2892 457 quid
2918 387 3050 442 volui
3068 403 3222 458 super
3241 388 3469 442 terram?
3491 385 3634 443 Nam
3652 404 3757 446 cat.

499 493 636 546 lestis
656 491 834 561 gloria:
859 487 1265 558 magnitudinem
1294 503 1384 539 nec
1415 483 1629 538 dicendo
1661 483 1940 553 explicare,
1965 498 2056 535 nec
2086 480 2359 551 cogitando
2389 477 2672 548 sufﬁciebat
2692 478 3134 546 comprehendere.
3180 476 3309 533 Hac
3332 479 3485 548 igitur
3511 495 3615 533 non
3636 487 3753 533 tan-

501 596 604 638 tum
641 584 940 645 esuriamus,
972 579 1244 648 eademque
1275 579 1528 636 sitiamus,
1553 577 1794 646 quoniam
1829 574 1900 626 ad
1941 574 2033 626 hoc
2062 574 2294 641 pontifex
2338 587 2585 636 summus,
2611 587 2704 639 pro
2731 568 2877 623 nobis
2904 586 3212 637 pra-cursor,
3241 579 3421 624 sancta
3459 581 3756 627 sanctorum

501 671 747 735 ascendit,
771 680 919 740 atque
939 669 1005 721 ad
1032 668 1292 720 dexteram
1321 666 1495 719 Patris
1517 667 1594 719 sui
1620 664 1778 724 sedet,
1807 673 1863 716 ut
1893 661 2230 716 membrorum
2255 677 2463 715 suorum
2483 660 2712 728 exemplo
2739 675 2878 728 spem
2903 669 3130 713 nostram
3159 661 3506 729 conﬁrmaret,
3536 670 3585 713 et
3611 677 3758 714 secu-

501 773 670 817 turam
714 780 822 817 esse
863 760 1137 832 aliquando
1166 761 1386 813 universi
1414 759 1580 830 gregis
1611 757 1969 815 humilitatem,
2000 771 2097 825 quo
2126 771 2272 808 suum
2319 753 2478 805 credit
2520 752 2838 821 pracessisse
2875 761 3196 820 pastorem...
3229 751 3533 821 Aquilamm
3561 755 3753 808 esuries

489 846 808 907 desiderium
835 864 1132 906 sanctarum
1172 852 1433 922 signiﬁcat
1471 853 1779 911 animarum,
1811 863 1905 915 quo
1935 853 2151 914 caput...
2182 841 2304 910 ﬁdei
2344 841 2557 894 naribus
2601 841 2896 900 sentientes,
2929 837 3242 891 dulcissima:
3269 839 3379 908 spei
3399 839 3586 903 volatu,
3611 857 3756 895 vnit:-

504 961 706 1000 sssrus
729 943 1006 998 conditoris
1027 943 1106 995 sui
1133 943 1318 996 vellent
1339 943 1598 1003 assistere,
1624 953 1956 999 EJUSDEMQUE
1977 926 2179 990 venus
2207 949 2501 988 sunmus
2523 947 2833 987 caeneus...
2866 931 3044 982 Patris
3067 931 3145 982 sui
3173 929 3383 984 dextera
3409 947 3627 1002 regnare
3646 951 3757 986 cre-

505 1036 703 1096 damus,
732 1043 880 1104 atque
903 1033 971 1085 ad
990 1049 1123 1093 eum,
1148 1034 1292 1104 quasi
1317 1033 1531 1102 geminis
1561 1032 1798 1084 virtutum
1819 1029 1935 1092 alis,
1965 1029 2183 1081 caritate
2201 1035 2250 1079 et
2271 1043 2360 1095 spe
2380 1041 2579 1095 semper
2611 1024 2898 1086 tendamus,
2922 1031 3044 1076 ut...
3077 1039 3189 1077 cum
3216 1040 3274 1077 eo
3299 1033 3350 1076 et
3367 1040 3460 1078 nos
3489 1041 3752 1080 ETERNAM

505 1139 747 1181 rossmus
775 1139 1014 1178 REGNARE
1041 1139 1219 1177 VITAI.
1245 1122 1353 1176 Sed
1381 1123 1447 1176 de
1472 1122 1716 1176 doctrina
1746 1119 1957 1173 Maximi
1982 1121 2254 1177 hactenus,
2288 1116 2355 1170 de
2375 1131 2478 1184 qua
2503 1112 2632 1170 illud
2667 1131 2789 1170 rere
2819 1114 3005 1168 videor
3031 1129 3147 1168 esse
3169 1115 3424 1180 dicturus,
3451 1116 3596 1184 quod
3626 1119 3752 1172 olim

504 1214 742 1283 episcopi
770 1212 1060 1282 provincia:
1089 1211 1521 1272 Mediolanensis,
1547 1211 1652 1263 alio
1673 1216 2000 1279 spectantes,
2031 1206 2216 1260 dixere
2241 1223 2254 1258 :
2287 1203 2564 1268 Claruisse,
2591 1219 2704 1256 eam
2728 1203 2880 1274 plena
2908 1202 3033 1270 ﬁdei
3051 1202 3382 1272 simplicitate
3410 1205 3622 1274 fulgere,
3645 1225 3744 1276 pro

504 1304 772 1375 phetarum
800 1305 955 1356 etiam
985 1301 1368 1366 assertionibus,
1401 1301 1702 1371 euangelicis
1724 1295 2109 1351 auctoritatibus
2129 1305 2180 1348 et
2199 1293 2499 1364 apostolica
2523 1292 2774 1347 doctrinis
2820 1291 3143 1354 testimoniis,
3171 1291 3337 1343 nitore
3363 1292 3584 1362 quodam
3626 1294 3756 1349 lucis

504 1407 566 1446 ac
590 1393 817 1446 veritatis
844 1391 1116 1462 splendore
1135 1390 1358 1454 radiare,
1383 1391 1714 1459 omnibusque
1735 1387 1970 1441 sensibus
2000 1386 2288 1446 convenire,
2313 1399 2438 1455 quos
2457 1383 2632 1436 beatus
2653 1381 3017 1436 Ambrosius...
3038 1381 3146 1434 suis
3167 1377 3331 1446 libris,
3356 1379 3555 1451 Spiritu
3579 1395 3756 1437 sancto

504 1482 778 1546 excitatus,
827 1484 1058 1536 inseruit.
1108 1481 1277 1552 Epist.
1326 1479 1396 1534 ad
1446 1489 1689 1534 sanctum
1717 1478 1953 1534 Leonem
2003 1477 2270 1545 Magnum,
2303 1484 2434 1532 tom.
2469 1475 2512 1530 ll
2536 1489 2760 1545 operum
2787 1472 3026 1543 ejusdem
3055 1474 3225 1528 sancti
3255 1472 3466 1540 Leonis,
3499 1490 3618 1546 pag.
3649 1477 3756 1532 280

505 1571 636 1626 edit.
670 1572 825 1626 Rom.
858 1589 945 1626 an.
975 1571 1130 1626 1755.

747 1999 2032 2270 SANCTI
2168 1917 3455 2263 MAXIM]

1099 2363 1921 2492 EPISCOPI
2009 2362 2662 2488 TAURIN
2679 2361 2900 2486 EN
2917 2357 3166 2490 SIS

1658 2579 2540 2654 COMMENTARIUS

573 2904 774 2982 [cxxxl]
804 2906 845 2960 l.
887 2904 964 2960 De
991 2906 1182 2976 patria,
1221 2919 1428 2974 genere,
1473 2901 1861 2974 parentibusque
1902 2904 2066 2954 sancti
2100 2906 2144 2960 Α
2176 2916 2364 2956 mones
2383 2901 2583 2973 aliquot
2607 2903 2886 2976 inscriptos
2914 2908 3126 2962 Maximi
3156 2909 3319 2979 ipsius
3344 2912 3556 2968 nomine
3583 2929 3752 2985 appo.

508 2995 824 3054 Haximi.—
836 2995 964 3061 Quae
985 2995 1173 3065 patria,
1196 2993 1338 3064 quod
1368 3007 1551 3062 genus,
1573 2993 1664 3060 qui
1692 3003 1939 3062 parentes
1961 3008 2078 3047 san-

507 3089 578 3142 cti
607 3087 818 3141 Maximi
845 3086 1057 3150 fuerint,
1086 3085 1222 3140 clam
1252 3101 1348 3139 nos
1373 3093 1475 3149 est,
1494 3083 1744 3152 jacetque
1784 3083 2076 3138 involutum

509 3179 744 3231 tenebris
772 3177 1068 3231 vetustatis.
1099 3175 1234 3230 Sunt
1287 3175 1376 3246 qui
1403 3189 1525 3228 eum
1574 3173 1885 3238 Etruscum,
1932 3174 2078 3229 domi

511 3268 938 3335 nobilem,patre
965 3266 1251 3332 Quintiano
1274 3273 1470 3330 ortum,
1500 3264 1716 3318 fratrem
1744 3265 1912 3318 sancti
1938 3264 2076 3319 Leo-

503 3357 584 3410 nis
613 3356 632 3410 l
665 3356 924 3425 pontiﬁcis
951 3355 1186 3420 maximi,
1208 3354 1483 3424 sanctique
1505 3354 1748 3425 martyris
1766 3352 1896 3409 Justi
1918 3353 2079 3410 luisse

503 3446 848 3500 arbitrentur.
880 3445 986 3500 Sed
1014 3453 1096 3500 est
1124 3446 1312 3499 horum
1337 3444 1541 3512 magnis
1568 3444 1621 3497 in
1650 3445 1844 3498 erratis
1871 3445 2074 3514 opinio.

501 3535 633 3589 Nam
669 3552 776 3590 uno
817 3537 930 3592 haec
969 3538 1154 3611 nititur
1181 3537 1489 3591 testimonio
1522 3537 1766 3590 monachi
1796 3537 2079 3592 Novalien—

500 3627 574 3681 sis
596 3628 692 3697 (a),
708 3628 797 3696 qui
818 3629 1012 3685 sacculo
1027 3631 1186 3684 tertio
1208 3643 1270 3684 ac
1291 3629 1519 3690 decimo,
1535 3645 1709 3698 eoque
1725 3631 1884 3684 etiam
1906 3631 2078 3685 serius

500 3715 724 3770 fortasse
747 3716 954 3780 vixerit,
987 3720 1184 3786 quique
1213 3718 1440 3773 anilibus
1471 3717 1659 3774 fabulis
1699 3719 2074 3776 delectaretur.

499 3803 764 3860 Cmterum
816 3821 917 3860 nec
946 3807 1108 3860 ullum
1154 3815 1330 3861 exstat
1380 3815 1780 3863 monumentum
1827 3811 2076 3866 monachi

502 3895 740 3962 ejusdem
766 3897 1213 3950 commentatione
1237 3897 1513 3960 vetustius,
1543 3899 1594 3951 in
1624 3914 1730 3966 quo
1777 3900 1882 3955 tale
1925 3903 2078 3969 quid-

501 3983 642 4054 piam
673 3983 904 4051 legatur;
947 4000 1119 4052 neque
1145 3985 1190 4040 si
1219 3993 1471 4050 exstaret,
1496 3989 1744 4057 componi
1765 4005 1884 4044 cum
1913 3990 2078 4047 histo-

500 4077 579 4132 ria
609 4077 777 4131 sancti
804 4074 941 4130 Justi
989 4076 1319 4133 Novaliensis
1355 4077 1648 4135 Caenobitte
1676 4092 1874 4152 posset,
1917 4100 2074 4154 quem

500 4167 764 4229 novimus,
793 4167 946 4220 annis
971 4167 1091 4236 plus
1128 4169 1528 4238 quadringentis
1558 4180 1679 4241 post
1706 4172 1919 4228 Maximi
1947 4185 2076 4230 teta-

2177 2994 2294 3046 sitze
2324 2993 2566 3062 legantur
2591 3003 2732 3050 nota:
2762 3012 2879 3066 qua:
2906 2999 2984 3053 sic
3026 2999 3260 3053 habeant
3291 3018 3304 3053 :
3341 3000 3653 3058 Vercellinus
3678 3015 3752 3060 est

2175 3084 2312 3136 iste:
2363 3083 2701 3138 Vercellinum
2739 3103 2792 3140 se
2837 3103 2946 3142 esse
2987 3090 3228 3153 ostendit,
3273 3091 3325 3144 id
3371 3100 3517 3147 certe
3564 3095 3756 3150 nullius

2177 3188 2297 3228 esse
2324 3176 2577 3228 momenti
2598 3185 2861 3245 pugnant;
2885 3186 3006 3232 cum
3030 3187 3083 3233 et
3103 3189 3255 3235 notas
3280 3182 3537 3250 ejusmodi
3562 3195 3748 3240 recens

2177 3278 2298 3317 esse
2327 3265 2597 3333 appositas
2620 3267 2954 3348 perspicuum
2975 3268 3133 3338 plane
3159 3270 3260 3335 sit;
3291 3279 3346 3326 et
3369 3287 3660 3336 sermones,
3687 3272 3754 3331 al

2177 3369 2315 3423 quos
2359 3365 2481 3410 sunt
2512 3359 2770 3427 ascriptaa,
2803 3368 2856 3413 et
2886 3360 2936 3412 in
2984 3360 3176 3429 quibus
3201 3370 3388 3419 auctor
3426 3380 3545 3419 sese
3583 3365 3754 3420 sancti

2180 3444 2392 3500 Eusebii
2421 3447 2671 3501 antistitis
2698 3447 3048 3504 Vercellensis
3070 3449 3233 3504 lilium
3264 3452 3513 3522 appellat,
3541 3462 3643 3508 tam
3673 3454 3754 3507 di-

2178 3546 2426 3606 screpent
2454 3537 2522 3590 ab
2563 3538 2806 3592 oratione
2834 3552 2897 3594 ac
2945 3539 3083 3610 stylo
3113 3539 3346 3606 Maximi,
3379 3549 3434 3594 ut
3463 3543 3608 3608 rejici
3638 3558 3754 3595 om-

2179 3628 2308 3680 nino
2335 3627 2565 3681 debeant
2591 3627 2643 3680 in
2689 3628 2879 3681 seriem
2910 3644 3130 3697 operum
3159 3631 3478 3698 spuriorum.
3506 3629 3622 3684 Jam
3655 3625 3752 3700 qui

2179 3717 2559 3771 Taurinensem
2589 3717 2893 3772 existimant
2921 3717 3080 3772 fuisse
3109 3718 3414 3776 Maximum.
3439 3736 3504 3774 eo
3533 3729 3756 3776 censent

2178 3822 2329 3863 suam
2376 3807 2680 3876 opinionem
2726 3808 2792 3860 ad
2840 3809 3115 3860 veritatem
3163 3823 3282 3863 esse
3320 3812 3750 3879 propensiorem,

2177 3913 2283 3967 quo
2312 3897 2400 3951 ille
2439 3904 2716 3966 parentum
2757 3909 2974 3950 suorum
3005 3897 3212 3952 ossibus
3234 3897 3382 3966 jungi
3413 3913 3472 3953 se
3501 3904 3752 3971 martyri-

2176 3989 2275 4043 bus
2319 3985 2556 4052 Octavio,
2611 3987 2872 4042 Adventio
2901 3995 2955 4042 et
2991 3987 3226 4043 Solutori
3275 3989 3539 4046 afﬁrmare
3570 3993 3754 4048 videa-

2176 4090 2282 4136 tur.
2313 4079 2418 4135 Sed
2465 4088 2622 4134 erunt
2649 4087 2813 4144 certe,
2843 4080 2934 4148 qui
2961 4079 3076 4134 leve
3105 4080 3155 4134 id
3202 4097 3319 4136 esse
3342 4082 3602 4151 judicent,
3631 4099 3751 4138 cum

2177 4171 2438 4226 Maximus
2466 4171 2736 4225 auditores
2763 4186 2888 4224 suos
2913 4171 3191 4239 alloquens
3236 4171 3524 4243 dicensque
3553 4173 3647 4244 (ιο),
3677 4177 3752 4228 δία

501 4265 629 4321 tem,
673 4258 928 4328 martyrio
969 4257 1130 4315 fuisse
1173 4259 1430 4317 functum.
1456 4263 1705 4322 Fueritne
1749 4281 1909 4335 porro
1951 4284 2071 4322 sano
2103 4268 2149 4327 Β
2175 4270 2258 4315 ουτ
2293 4263 2366 4314 είδ
2395 4259 2592 4314 οδείθαδ
2630 4269 2898 4329 Ρατεηηινη
2928 4268 3216 4315 "murorum
3236 4262 3523 4333 iungimur.
3564 4263 3630 4318 de
3657 4279 3755 4333 1³³-

499 4353 616 4402 ctus
644 4347 750 4402 Leo
779 4345 1050 4416 Etruscus,
1081 4365 1149 4404 an
1199 4350 1488 4418 Romanus,
1518 4355 1776 4410 incertum
1805 4365 1916 4422 est;
1960 4356 2070 4411 fra-

500 4448 705 4496 tremne
729 4457 859 4496 vero
914 4443 1180 4508 habuerit,
1209 4459 1379 4498 necne
1422 4445 1731 4512 Maximum,
1779 4449 1946 4503 multo
1970 4465 2071 4504 no-

497 4532 580 4588 bis
633 4549 751 4588 esse
795 4530 1008 4587 videtur
1065 4535 1337 4590 incertius.
1371 4535 1554 4604 Itaque
1580 4547 1700 4592 sunt
1755 4538 2074 4609 fueruntque

498 4625 587 4678 alii
643 4623 951 4679 eruditionis
997 4623 1152 4678 laude
1207 4626 1380 4692 magni
1435 4627 1650 4694 quidem
1700 4629 1806 4694 illi,
1864 4643 1927 4684 ac
1976 4645 2074 4684 no-

498 4711 663 4776 biles,
713 4729 938 4782 quorum
987 4727 1110 4782 pars
1157 4711 1445 4768 Maximum
1497 4717 1742 4771 eumdem
1802 4717 2072 4786 Vercellis,

498 4814 621 4868 pars
673 4801 888 4857 Taurini
943 4811 1158 4867 natum,
1212 4801 1414 4869 altum,
1471 4805 1858 4877 educatumque
1912 4808 2075 4865 fuisse

499 4889 716 4954 ferrent,
758 4908 981 4962 quorum
1029 4895 1310 4958 sententia,
1363 4895 1462 4949 etsi
1508 4911 1614 4949 non
1660 4906 1739 4950 est
1787 4907 2069 4966 tamvera,

498 4993 656 5046 quam
696 4981 795 5047 ipsi
823 4983 1115 5051 ducerent;
1167 4986 1334 5040 multo
1369 4994 1544 5039 tamen
1583 4996 1664 5040 est
1709 4988 1932 5042 similior
1960 4991 2070 5044 veri

498 5083 658 5138 quam
708 5070 778 5122 sit
821 5078 1183 5130 commentitia
1238 5077 1325 5131 illa
1373 5077 1664 5132 recentium
1717 5079 2066 5145 quorumdam

498 5157 836 5224 scriptorum,
876 5158 1182 5221 Volaterras
1228 5165 1280 5218 in
1328 5164 1556 5231 Etruria,
1614 5167 1797 5220 urbem
1853 5165 2065 5231 Leonis,

501 5247 818 5317 Maximique
847 5251 1074 5305 natalem
1103 5254 1264 5309 fuisse
1302 5258 1574 5312 aientium.
1607 5257 1918 5327 Quanquam
1962 5275 2068 5312 non

499 5339 690 5395 desunt
717 5340 807 5406 qui
858 5339 987 5394 nihil
1033 5356 1150 5396 esse
1189 5359 1364 5400 causa:
1402 5358 1607 5417 putent,
1653 5365 1748 5403 cur
1784 5349 2070 5403 Maximum

499 5437 618 5484 ortu
647 5427 1036 5486 Vercellensem
1063 5429 1225 5487 fuisse
1251 5443 1503 5493 statuant.
1534 5439 1664 5494 Nam
1690 5439 1830 5509 quod
1859 5439 1926 5493 ad
1953 5455 2069 5493 ser-

569 5581 646 5650 (a)
675 5579 871 5637 Confer
905 5580 1297 5647 Bollandianos,
1328 5590 1456 5636 tom.
1484 5584 1547 5650 V,
1582 5587 1776 5643 mensis
1805 5584 1946 5642 Junii
1975 5584 2060 5640 ad.

504 5665 562 5722 p.
583 5650 673 5721 ‘15,
701 5667 822 5724 pag.
855 5650 922 5706 50
946 5665 1096 5719 seqq.

2173 4351 2412 4405 rentibus
2435 4351 2579 4418 loqui
2608 4350 2840 4418 potuerit
2867 4365 2972 4404 non
2997 4365 3113 4415 suo,
3145 4351 3235 4404 sed
3263 4367 3468 4417 eorum,
3503 4353 3588 4420 qui
3611 4352 3743 4407 ade-

2174 4452 2316 4508 rant,
2346 4444 2562 4496 nomine
2599 4441 2794 4496 civium
2850 4440 3214 4496 Tanrinatum.
3245 4441 3382 4508 Quin
3435 4443 3594 4496 etiam
3642 4459 3748 4497 non

2176 4535 2309 4589 adeo
2337 4549 2454 4589 esse
2482 4548 2644 4602 grave
2689 4534 2894 4598 dicent,
2919 4533 3063 4602 quod
3089 4532 3300 4588 ducitur
3327 4549 3390 4586 ex
3434 4533 3549 4602 ejus
3575 4536 3750 4589 mtatis

2175 4639 2326 4678 more
2373 4621 2776 4690 deligendorum
2822 4639 2889 4676 ex
2929 4623 3074 4676 clero
3120 4624 3306 4691 patriae
3352 4624 3744 4694 episcoporum.

2175 4713 2370 4768 Multos
2397 4714 2540 4768 enim
2587 4720 2777 4780 quarto
2805 4713 3098 4781 quintoque
3147 4713 3348 4768 sarculis
3385 4722 3666 4784 cooptatos
3694 4714 3749 4768 in

2173 4806 2408 4870 clerum;
2437 4803 2719 4859 nonnullos
2745 4803 2905 4857 etiam
2953 4818 3021 4857 ne
3073 4810 3357 4873 c00ptatos
3402 4805 3634 4874 quidem,
3665 4819 3750 4858 ea-

2171 4912 2291 4951 rum
2319 4895 2530 4950 urbium
2570 4894 2851 4962 episcopos
2887 4892 3050 4950 fuisse
3097 4895 3317 4964 liquere,
3349 4910 3469 4964 quae
3499 4895 3654 4963 longe
3681 4895 3752 4949 ab

2171 4986 2406 5054 ipsorum
2452 4983 2626 5053 patria
2670 4982 2945 5037 distarent.
2988 4983 3046 5037 In
3088 4984 3278 5038 horum
3323 4999 3548 5039 numero
3589 4983 3752 5038 luisse

2169 5075 2528 5139 Ambrosium,
2583 5073 2886 5139 Martinum,
2939 5073 3237 5141 Paulinum,
3297 5075 3433 5130 alios
3485 5075 3716 5144 denique

2172 5181 2308 5236 quos
2360 5180 2678 5235 percensere
2723 5147 2938 5234 longum
2967 5172 3108 5220 esset
3150 5181 3214 5221 ac
3252 5167 3468 5222 minime
3497 5182 3715 5222 necessa

2173 5257 2329 5310 rium.
2354 5254 2433 5309 Ob
2458 5269 2717 5309 summam
2756 5270 2885 5311 vero
2913 5257 3146 5326 inopiam
3175 5266 3414 5312 veterum
3440 5271 3729 5312 monumen

2175 5357 2371 5411 torum,
2394 5362 2516 5402 cum
2545 5355 2691 5401 tanta
2720 5347 2978 5404 dissensio
3006 5349 3323 5419 scriptorum
3348 5349 3450 5415 sit,
3495 5348 3741 5405 conﬁten-

2173 5437 2298 5493 dum
2341 5437 2467 5501 erit,
2498 5435 2565 5492 de
2612 5435 2828 5492 Maximi
2855 5438 3018 5493 natali
3061 5437 3201 5506 loco,
3228 5438 3402 5510 deque
3431 5439 3649 5496 urbibus
3689 5436 3745 5496 in

2243 5582 2316 5654 (ι)
2342 5583 2537 5640 llomil.
2569 5583 2656 5651 8|,
2687 5599 2808 5657 pag.
2839 5582 2958 5640 act.
