4138 6186
348 336 455 388 {‘39

1886 333 2063 393 ‘.‘!TA.

3500 334 3600 389 I30

346 449 547 517 quibus
574 456 699 503 ante
725 450 1089 519 episcopatum
1120 449 1345 523 [cxxxn]
1370 458 1580 505 aetatem
1608 447 1769 516 degit,
1793 447 1923 501 nihil
1948 453 1997 509 Α
2026 450 2206 509 tiante,
2238 444 2607 508 condiscimus;
2631 444 2840 497 istorum
2863 443 3110 514 supplicia
3129 443 3293 499 vultus
3313 448 3601 501 testimonio

346 555 450 593 nos
477 540 677 592 habere
705 540 987 608 explorati.

418 630 483 683 II.
518 628 769 684 Sanctum
811 628 1099 683 Maximum
1133 630 1440 699 Episcopum
1466 630 1622 698 fuisse
1651 627 1927 680 Taurinen-

356 736 474 777 θείη.
528 718 741 781 Duone,
770 735 979 788 quorum
1008 718 1137 771 alter
1176 718 1466 770 successerit
1495 716 1669 778 alteri,
1702 732 1765 766 an
1797 730 1925 766 unus

346 811 507 883 fuerit
534 809 649 878 ejus
703 807 950 860 Ecclesia:
994 809 1203 860 antistes
1236 807 1526 869 Maximus;
1576 822 1635 857 ac
1681 806 1723 857 si
1764 821 1920 867 unus,

344 918 447 972 quo
478 911 701 969 tempore
730 914 904 969 gerere
928 900 1129 966 carperit
1160 898 1541 966 Epist‘opaltmt.
1573 928 1644 938 —
1671 895 1801 949 Illud
1848 903 1926 947 te-

344 1000 585 1055 statum,
636 997 1074 1057 compertumque
1120 998 1237 1050 est,
1290 987 1448 1039 fuisse
1494 987 1663 1055 ipsum
1719 987 1926 1052 episco-

344 1100 477 1153 pum
529 1081 929 1134 Taurinensem.
962 1080 1032 1132 At
1074 1079 1249 1132 duone
1301 1078 1512 1130 Maximi
1561 1092 1623 1130 ea
1667 1076 1925 1144 dignitate

345 1175 581 1229 illustres
628 1172 913 1227 claruerint
965 1170 1211 1236 Augusta:
1258 1168 1645 1231 Taurinorum,
1698 1183 1923 1235 quierunt

346 1267 485 1319 alter
539 1264 859 1318 successerit
904 1261 1075 1323 alteri,
1120 1276 1185 1312 an
1216 1274 1351 1312 unus
1400 1266 1641 1321 tantum;
1692 1258 1832 1324 quoi
1881 1256 1925 1309 si

347 1362 504 1419 uitus,
538 1369 646 1422 quo
699 1353 927 1421 primum
958 1360 1195 1417 tempore
1244 1364 1435 1401 munus
1480 1348 1699 1415 coeperit
1742 1360 1926 1414 gerere

341 1447 707 1515 episcopatus,
739 1454 928 1507 magna
969 1439 1199 1492 virorum
1229 1438 1556 1490 eruditorum
1586 1436 1927 1489 contentione

342 1544 603 1590 certatur.
635 1531 831 1586 Eorum
862 1538 1058 1593 autem,
1087 1528 1175 1596 qui
1207 1527 1464 1580 Maximos
1491 1527 1755 1581 antistites
1793 1526 1927 1579 duos

346 1626 402 1678 in
433 1622 729 1677 Eeclesiam
750 1619 1131 1673 Taurinensem
1162 1617 1446 1670 immittere
1474 1624 1597 1671 sunt
1623 1616 1821 1678 cenati,
1848 1616 1926 1668 his

344 1722 431 1767 est
450 1711 777 1780 argumentis
806 1708 935 1762 fulta
956 1709 1235 1761 sententia.
1264 1706 1549 1775 Principio,
1574 1723 1603 1759 a
1630 1704 1923 1769 Gennadio,

2027 537 2362 590 continemus.
2388 534 2443 587 Μ
2449 552 2478 586 α
2476 537 2641 605 jorcm
2665 551 2784 605 ergo
2806 535 3046 603 affectum
3070 535 3138 588 ibi
3177 536 3353 600 debeo,
3374 535 3459 589 ubi
3488 554 3603 591 cre-

2026 627 2291 679 dulitatem
2321 642 2487 678 meam
2529 625 2762 677 hortatur
2807 627 2999 694 opinio.
3045 624 3319 694 Majorem,
3360 627 3603 696 inquam,

2026 719 2264 786 affectum
2306 719 2411 770 illic
2440 717 2613 779 debeo,
2641 718 2725 768 ubi
2755 733 2846 785 per
2873 733 2965 778 ea,
3000 733 3111 786 qua:
3148 718 3276 781 vidi,
3328 720 3605 784 compellor

2027 812 2251 864 devotius
2299 809 2503 861 credere
2550 810 2703 860 etiam
2732 808 2823 860 illa
2885 824 2995 875 qua:
3020 824 3121 860 non
3152 810 3270 861 vidi.
3320 806 3462 861 Nam
3489 825 3602 861 cum

2026 899 2201 951 audita
2238 900 2500 968 aliquanto
2531 898 2655 949 mihi
2690 897 3025 965 impossibilia
3048 897 3357 961 viderentur,
3381 900 3505 967 coepi
3542 915 3602 951 ea

2026 989 2229 1041 credere
2256 990 2479 1057 potuisse
2503 989 2642 1056 ﬁeri,
2672 988 2789 1039 dum
2818 988 3004 1039 similia
3027 990 3163 1057 facta
3200 1005 3309 1042 esse
3334 992 3595 1058 conspexi.

2028 1078 2096 1131 Et
2120 1079 2232 1131 ideo
2279 1080 2516 1147 temporis
2560 1079 2721 1130 nostri
2759 1078 2930 1145 passio
2961 1077 3053 1129 hoc
3093 1078 3235 1131 nobis
3263 1080 3517 1147 praestitit,
3546 1088 3602 1131 ut

2025 1181 2327 1241 praesentem
2347 1172 2596 1239 conferret
2616 1170 2855 1237 gratiam,
2880 1176 2928 1220 et
2949 1168 3101 1235 [idem
3140 1171 3449 1237 prwteritam
3474 1185 3601 1221 con-

2026 1264 2273 1330 ﬁrmaret.
2308 1258 2643 1329 Supradictos
2668 1260 2823 1327 igitur
2865 1257 3037 1311 beatos
3067 1260 3201 1310 viros
3231 1266 3337 1310 tota
3365 1258 3597 1312 debemus

2028 1353 2346 1406 veneration
2383 1353 2671 1419 suscipere,
2701 1351 2919 1419 primum
2959 1351 3078 1420 quia
3125 1349 3231 1402 dies
3260 1351 3374 1402 vim:
3414 1359 3602 1404 nostris

2027 1443 2247 1513 pretioso
2275 1442 2526 1512 sanguine
2557 1456 2649 1493 suo
2680 1440 2939 1491 illustrare
2973 1439 3172 1506 dignati
3208 1448 3355 1501 sunt;
3396 1438 3602 1504 deinde,

2028 1534 2162 1605 quod
2202 1533 2594 1603 prcerogativam
2634 1529 2779 1582 nobis
2822 1529 2958 1598 apud
2994 1528 3159 1581 Deum
3195 1545 3298 1601 non
3336 1530 3604 1582 minimam

2029 1624 2371 1684 contulerunt,
2402 1622 2722 1677 ostendentes
2741 1662 2754 1682 ,
2781 1622 2947 1691 qualis
2974 1629 3107 1673 esset
3139 1630 3287 1673 (etate
3332 1630 3510 1674 nostra
3548 1623 3605 1675 in

2029 1713 2335 1768 Christianis
2356 1713 2483 1783 ﬁdes
2503 1752 2517 1776 ,
2548 1712 2609 1765 de
2629 1728 2841 1781 quorum
2869 1713 3123 1764 consortio
3151 1712 3368 1764 existere
3406 1720 3603 1780 mai-tg-

344 1803 438 1873 qui
466 1801 769 1871 quindecim
815 1799 943 1868 ipsis
971 1798 1122 1851 annis
1150 1807 1272 1850 ante
1311 1797 1562 1851 smculum
1590 1806 1815 1859 sextum,
1864 1795 1924 1848 li-

2037 1823 2107 1859 res
2138 1813 2470 1858 mererentur.
2498 1801 2613 1856 Jam
2640 1818 2768 1856 vero
2790 1817 2932 1865 eum,
2956 1802 3046 1869 qui
3091 1800 3349 1870 Martyres
3388 1808 3608 1855 necatos

344 1894 504 1947 brum
534 1893 602 1946 de
635 1891 770 1945 Viris
796 1890 1084 1944 illustribus
1110 1889 1289 1950 edidit,
1314 1904 1342 1941 a
1366 1886 1657 1951 Gcnnadio,
1689 1888 1921 1955 inquam,

346 1984 562 2039 Maximi
612 1981 955 2035 Taurinensis
1007 1988 1233 2032 mortem
1288 1978 1491 2042 referri,
1540 1978 1707 2042 aiunt,
1757 1977 1821 2030 ad
1863 1992 1926 2031 ea

346 2084 591 2143 tempora
612 2072 803 2141 quibus
832 2070 1098 2124 Honorius
1118 2077 1173 2123 et
1196 2069 1525 2123 Theodosius
1548 2067 1735 2123 Junior
1761 2069 1928 2138 impe—

346 2167 486 2219 rium
511 2165 764 2219 tenebant
795 2161 975 2232 populi
1004 2160 1250 2215 Romani.
1296 2159 1587 2215 llunorium
1629 2170 1807 2214 autem
1835 2175 1921 2212 an.

346 2254 448 2308 4'23
468 2268 778 2323 supremum
805 2252 1002 2305 obiisse
1039 2251 1197 2305 diem.
1231 2250 1405 2316 Quare
1432 2252 1654 2303 alterum
1694 2250 1926 2318 priorem

347 2344 508 2398 fuisse
561 2342 869 2405 Maximum,
902 2341 993 2408 qui
1041 2355 1147 2393 non
1196 2339 1505 2408 produxerit
1551 2338 1686 2391 ultra
1728 2352 1924 2391 annum

348 2432 596 2486 eumdem
628 2431 818 2503 vitam;
844 2438 1001 2498 atque
1024 2429 1157 2483 adeo
1190 2428 1357 2492 illum,
1380 2428 1471 2495 qui
1492 2426 1706 2497 synodis
1727 2426 1928 2480 Medio-

349 2520 549 2575 lanensi
582 2536 669 2573 an.
696 2518 787 2571 551
820 2528 873 2573 ct
897 2518 1145 2572 Romana:
1174 2534 1261 2571 an.
1289 2515 1393 2569 465
1421 2515 1675 2581 interfuit,
1704 2515 1823 2569 duci
1846 2516 1927 2568 al-

350 2622 518 2665 terum
568 2618 836 2679 oportere.
888 2608 1332 2662 Animadvertunt
1399 2608 1589 2661 deinde
1638 2606 1927 2659 Maximum

352 2704 555 2757 venisse
584 2702 648 2755 ad
676 2700 959 2755 concilium
987 2700 1379 2755 Mediolanense
1397 2742 1412 2765 ,
1442 2699 1614 2769 quod,
1645 2700 1928 2753 Ambrosio

352 2794 592 2861 prieside,
622 2776 948 2846 celebratum
978 2807 1068 2845 an.
1115 2790 1216 2845 589
1261 2792 1357 2844 fuit
1385 2792 1638 2845 adversus
1684 2791 1929 2844 haeresim

352 2882 632 2937 Joviniani.
665 2880 753 2935 Sic
781 2882 923 2935 enim
952 2881 1224 2949 scripsisse
1247 2879 1530 2934 Maximum
1555 2880 1774 2933 bomilia
1802 2878 1835 2930 4
1865 2880 1930 2933 de

353 2972 557 3025 Domini
599 2969 887 3025 Nativitate
931 2970 1006 3041 (a)
1039 2989 1051 3022 :
1084 2969 1237 3023 Ridet
1276 2972 1404 3023 tanti
1441 2971 1669 3040 mysterii
1702 2971 1836 3039 (nati
1864 2986 1931 3024 ex

354 3062 567 3131 Virgine
622 3061 923 3117 Servatoris
971 3061 1187 3133 Christi)
1242 3062 1641 3133 profunditatem
1705 3078 1841 3115 ewca
1882 3073 1930 3115 et

2030 1912 2115 1950 an.
2168 1896 2268 1949 597
2310 1896 2415 1948 suis
2460 1892 2765 1963 temporibus
2808 1909 2986 1963 passos
3034 1893 3210 1968 fuisse,
3241 1892 3447 1964 diesque
3492 1892 3608 1946 vitat

2027 1985 2271 2058 [cxxxm]
2310 2002 2370 2038 ac
2406 1985 2572 2038 aztatis
2612 2000 2717 2037 sua:
2751 1985 2971 2052 pretioso
3001 1984 3254 2053 sanguine
3296 1983 3605 2046 illustrasse,

2024 2077 2347 2143 eosdemque
2374 2092 2475 2128 non
2507 2077 2667 2144 fama,
2700 2088 2871 2141 neque
2915 2072 3015 2126 ﬁde
3060 2073 3455 2135 historicorum,
3505 2070 3601 2124 sed

2026 2167 2358 2229 conscientia,
2405 2165 2570 2217 vultus
2627 2162 2934 2223 testimonio,
2983 2162 3123 2223 risu,
3181 2160 3607 2228 contemplations

2028 2254 2324 2317 oculorum,
2353 2268 2470 2307 sese
2500 2252 2812 2319 cognovisse
2843 2258 3084 2310 testatur,
3113 2251 3231 2317 quis
3275 2248 3488 2311 credat,
3521 2248 3606 2301 in-

2026 2344 2235 2412 quiunt,
2269 2358 2409 2397 anno
2455 2339 2561 2393 465
2603 2339 2926 2394 contendere
2973 2339 3209 2406 potuisse
3256 2337 3511 2401 Romam,
3544 2353 3606 2392 ac

2026 2434 2230 2505 synodo
2260 2435 2326 2487 ab
2373 2433 2555 2486 Hilaro
2598 2431 2850 2501 pontifice
2887 2438 3086 2483 coactae
3136 2430 3469 2483 interfuisse?
3500 2430 3607 2483 Do-

2027 2535 2151 2581 cent
2182 2535 2439 2594 prseterea
2462 2526 2604 2591 leges
2625 2524 3024 2592 imperatorum,
3058 2522 3133 2574 uti
3162 2536 3347 2575 recens
3368 2520 3606 2589 promul-

2027 2627 2177 2685 gatas
2208 2632 2234 2667 a
2266 2615 2495 2667 Maximo
2523 2612 2949 2674 commemorari,
2982 2612 3175 2680 quibus
3202 2613 3506 2675 cavebatur,
3534 2627 3602 2665 ne

2027 2707 2269 2770 delubra,
2301 2720 2431 2759 neve
2461 2706 2741 2758 simulacra
2770 2703 3003 2757 inanium
3044 2702 3264 2756 deorum
3312 2702 3363 2756 in
3389 2702 3608 2756 urbibus

2030 2798 2412 2858 retinerentur;
2451 2804 2585 2861 quas
2615 2794 2826 2860 quidem
2881 2792 3025 2858 leges
3067 2807 3095 2843 a
3128 2790 3498 2844 Valentiniano
3543 2788 3606 2854 ll,

2031 2902 2171 2939 anno
2202 2886 2297 2938 591
2333 2885 2575 2939 conditas
2601 2882 2761 2936 fuisse
2802 2882 2985 2949 liquet,
3019 2880 3077 2933 L.
3110 2880 3326 2934 Aurelio
3368 2879 3609 2950 Symma-

2031 2976 2156 3041 cho,
2187 2985 2242 3030 et
2296 2975 2357 3028 T.
2391 2974 2557 3028 Fabio
2590 2972 2814 3026 Tatiano
2842 2971 3167 3026 consulibus.
3218 2968 3494 3026 Postremo
3543 2971 3610 3027 ad

2033 3080 2307 3121 sermones
2338 3063 2551 3117 Maximi
2594 3068 2916 3131 provocant,
2961 3061 3012 3113 in
3039 3060 3232 3128 quibus
3258 3060 3324 3115 de
3353 3060 3607 3115 barbaro-

354 3159 505 3209 stulta
532 3155 823 3227 gentilitas;
854 3155 1033 3208 irridet
1060 3171 1254 3226 quoque
1293 3156 1451 3223 impia
1494 3156 1585 3207 illa
1615 3154 1929 3224 blasphemia
1961 3155 2004 3216 C
2037 3170 2154 3207 rum
2182 3153 2357 3220 agitur
2385 3151 2692 3219 irruptione,
2725 3165 2860 3217 quos
2902 3149 3123 3218 proinde
3163 3164 3437 3203 sermones
3463 3148 3614 3203 initio

358 3262 465 3316 qua:
480 3247 829 3314 superioribus
848 3245 1043 3308 diebus,
1064 3246 1184 3298 dum
1212 3255 1413 3315 partum
1426 3245 1651 3315 Virginis
1674 3257 1939 3299 attenuare

356 3338 673 3405 praesumpsit
694 3347 843 3407 atque
867 3353 1205 3407 corrumpere,
1230 3337 1487 3390 Christum
1520 3337 1800 3390 Dominum
1842 3355 1939 3392 no-

356 3436 513 3479 strum
541 3443 607 3479 ea:
634 3428 828 3497 virgine
855 3427 1117 3496 procreari
1143 3444 1245 3482 non
1290 3429 1514 3497 potuisse
1553 3426 1934 3497 blasphemavit.

360 3513 506 3568 Hanc
535 3525 715 3569 sancta
746 3515 1144 3570 illediolanensis
1175 3516 1407 3579 Ecclesia
1452 3517 1651 3570 horruit
1698 3515 1940 3586 blasphe-

360 3611 542 3671 miam;
566 3607 710 3660 illam
733 3608 995 3676 synodalis
1020 3618 1193 3661 noster
1212 3625 1312 3661 uno
1334 3625 1421 3661 ore
1442 3609 1702 3661 damnauit
1724 3624 1942 3661 conven-

357 3712 434 3754 tus
450 3718 470 3765 ;
498 3700 731 3753 eamdem
753 3709 1015 3753 exsecrata
1044 3709 1117 3753 est
1137 3702 1223 3768 pia
1250 3702 1362 3770 ipsa
1385 3700 1665 3771 imperialis
1693 3710 1936 3769 potestas.

357 3788 484 3845 Esse
513 3799 693 3845 autem
725 3792 835 3846 lucc
857 3792 1014 3860 plane
1041 3790 1230 3844 similia
1261 3806 1445 3845 eorum
1475 3806 1593 3859 qua:
1629 3792 1940 3860 complexus

358 3892 572 3936 sanctus
594 3883 904 3936 Ambrosius
933 3889 1015 3936 est
1037 3882 1260 3951 epistola
1288 3897 1445 3951 quam
1476 3882 1542 3935 ad
1570 3880 1817 3936 Siricium
1847 3897 1942 3950 pa-

358 3992 478 4046 pam
508 3975 655 4029 dedit
684 3982 804 4043 post
840 3973 1121 4045 synodum.
1153 3972 1283 4027 Nam
1312 3975 1448 4028 hanc
1469 3975 1544 4028 sic
1571 3974 1771 4028 habere
1801 3971 1875 4045 (b)
1923 3991 1936 4026 :

359 4064 411 4118 Ν
415 4083 481 4119 on
512 4074 590 4117 est
634 4064 739 4117 illis
760 4062 1044 4133 (Joviuiani
1070 4063 1307 4132 asseclis)
1341 4064 1571 4117 remissio
1598 4073 1937 4133 peccatorum,

361 4158 447 4211 sed
468 4166 545 4209 est
564 4157 800 4227 impietas
822 4154 1245 4219 Manis/uvarum,
1270 4144 1421 4226 quam
1442 4164 1491 4207 et
1519 4152 1940 4208 clementissimus

360 4257 658 4302 exsecratus
683 4258 759 4301 est
782 4249 1079 4314 imperator,
1123 4256 1172 4299 et
1199 4262 1374 4299 omnes
1395 4246 1481 4316 qui
1523 4245 1641 4299 illos
1686 4244 1937 4309 viderunt,

364 4340 507 4407 quasi
546 4339 779 4408 quietiam
802 4338 1041 4408 contagia
1068 4338 1383 4411 refugerunt.
1413 4333 1630 4389 Monent
1657 4349 1816 4404 porro
1844 4333 1943 4387 du-

363 4430 545 4499 plicati
573 4428 789 4483 Maximi
819 4437 1134 4496 assertores,
1163 4428 1275 4481 htec
1304 4427 1369 4481 de
1391 4427 1589 4481 sanctis
1611 4425 1937 4490 Alexandro,

2041 3244 2151 3299 fere
2197 3244 2374 3298 seculi
2402 3243 2572 3312 quinti
2610 3242 2933 3311 perscriptas
2976 3252 3178 3302 rentur,
3210 3256 3329 3296 cum
3373 3240 3616 3295 Alaricus

2041 3337 2247 3390 Italiam
2304 3344 2469 3389 totam
2525 3334 2577 3387 in
2630 3334 2931 3387 vastitatem
2984 3334 3312 3403 exitiumque
3367 3341 3611 3398 vocaret;

2040 3441 2266 3494 cumque
2292 3426 2337 3479 is
2361 3424 2611 3491 deinceps
2640 3423 2771 3476 inito
2799 3424 2864 3475 ad
2894 3421 3186 3476 Polentiam
3216 3422 3416 3491 puella,
3446 3423 3617 3476 victus

2040 3533 2070 3571 a
2116 3515 2396 3581 Stilieone,
2426 3513 2646 3568 adactus
2688 3520 2830 3567 esset
2879 3511 3226 3576 Pannoniam,
3259 3512 3399 3565 unde
3448 3511 3618 3565 fuerat

2040 3608 2328 3680 profectus,
2362 3616 2623 3675 repetere.

2108 3700 2323 3763 Contra,
2355 3698 2445 3766 qui
2467 3710 2628 3750 unum
2658 3692 3069 3748 Taurinensibus
3098 3690 3370 3761 praefuisse
3398 3692 3612 3760 episco-

2040 3791 2095 3860 pi
2122 3788 2383 3857 dignitate
2422 3785 2737 3861 Maximum,
2771 3796 3000 3849 eumque
3038 3797 3177 3835 anno
3198 3777 3303 3833 465
3332 3782 3384 3834 in
3410 3780 3617 3850 synodo

2041 3880 2303 3945 Romana,
2354 3888 2477 3946 post
2520 3875 2759 3929 Hilarum
2805 3870 3145 3943 pontificem,
3198 3872 3518 3926 sententiam
3564 3871 3621 3925 in

2040 3971 2331 4025 violatores
2365 3965 2737 4022 ecclesiastica:
2765 3963 3057 4032 disciplinas
3098 3962 3316 4026 dixisse,
3356 3962 3621 4016 arbitran-

2042 4068 2166 4127 tur;
2216 4061 2284 4116 de
2324 4060 2446 4113 loco
2474 4056 2734 4113 Gennadii
2770 4070 2878 4109 non
2916 4053 3179 4107 laborant.
3225 4051 3432 4119 Negant
3480 4052 3622 4106 enim

2042 4148 2339 4204 habendam
2367 4146 2483 4215 ejus
2508 4146 2769 4199 rationem
2792 4157 2929 4206 esse,
2961 4142 3112 4209 cujus
3146 4148 3255 4194 tam
3292 4141 3362 4194 sit
3398 4140 3623 4195 manife—

2043 4248 2124 4294 sta
2154 4254 2275 4293 cum
2305 4236 2616 4304 insignibus,
2648 4233 2828 4295 certis,
2860 4231 3087 4301 publicis
3106 4231 3463 4285 monumentis
3490 4245 3622 4284 con-

2043 4332 2227 4386 ﬂictio.
2280 4328 2454 4397 Atque
2502 4323 2847 4396 synodorum,
2896 4322 3163 4388 inquiunt,
3215 4319 3624 4373 Mediolanensis

2045 4436 2132 4475 an.
2155 4418 2279 4483 451,
2319 4425 2373 4471 et
2415 4415 2794 4470 Romantean.
2818 4408 2921 4462 465
2966 4414 3120 4471 acta,
3201 4408 3625 4478 quotusquisque

365 4496 629 4589 ilartyrio
651 4526 707 4573 et
734 4518 984 4582 Sisinnio,
1010 4533 1146 4587 quos
1172 4518 1223 4571 in
1246 4531 1380 4586 pago
1413 4515 1653 4570 Anaunia
1682 4515 1948 4569 Tridenti-
1977 4512 2028 4572 D
2053 4521 2156 4579 est,
2178 4512 2269 4581 qui
2316 4509 2523 4564 dubitet
2567 4505 2755 4561 referri
2797 4505 2849 4558 in
2900 4514 3181 4556 numerum
3223 4505 3470 4567 oportere
3496 4496 3626 4549 insi-

369 4624 450 4663 na:
476 4609 740 4670 dimcesis,
772 4625 858 4663 an.
893 4609 1014 4675 597,
1046 4609 1316 4677 religionis
1343 4624 1523 4673 causa,
1555 4616 1793 4675 agrestes
1832 4606 1948 4661 ido-

368 4698 572 4754 lolatrae
595 4707 957 4769 peremerunt,
982 4700 1110 4763 haec,
1144 4700 1378 4767 inquam,
1404 4698 1566 4751 fuisse
1593 4696 1784 4751 litteris
1802 4710 1949 4751 com-

372 4790 619 4844 mendata
641 4806 671 4842 a
697 4789 926 4844 Maximo
954 4790 1024 4861 (c)
1056 4808 1068 4840 :
1094 4789 1314 4845 Sanctos
1351 4788 1720 4853 Alexandrum,
1750 4785 1952 4858 Marty-

374 4884 504 4935 rium
549 4889 600 4936 et
638 4882 945 4944 Sisinnium,
974 4883 1057 4952 qui
1088 4878 1396 4949 temporibus
1416 4874 1616 4933 nostris
1644 4880 1783 4949 passi
1813 4884 1947 4941 sunt,

376 4971 609 5026 debemus
638 4983 743 5026 tota
783 4974 1106 5025 ueneratione
1140 4973 1411 5041 suscipere.
1455 4968 1643 5023 Nescio
1680 4985 1778 5039 quo
1818 4969 1952 5021 enim

378 5069 525 5131 pacto
560 5063 810 5133 majorem
846 5063 981 5115 circa
1008 5078 1093 5116 eos
1127 5060 1366 5115 habemus
1392 5061 1649 5130 affectum,
1680 5075 1803 5130 quos
1832 5073 1954 5112 con-

380 5152 594 5205 scientia
619 5153 754 5205 novit
774 5155 1016 5221 prapria;
1045 5168 1197 5223 quam
1236 5168 1362 5223 quos
1386 5150 1531 5204 docet
1558 5150 1791 5204 historia.
1825 5147 1955 5202 Illos

380 5244 515 5297 enim
540 5245 799 5299 exstitisse
819 5255 1086 5316 martyres,
1111 5245 1357 5309 lectione;
1388 5244 1515 5298 istos
1543 5243 1806 5297 oculorum
1834 5257 1958 5295 con-

381 5334 711 5405 templatione
727 5336 1099 5406 cognoscimus.
1119 5334 1337 5390 Illorum
1354 5334 1641 5405 passiones,
1662 5335 1806 5404 fama
1825 5347 1960 5385 nun-

457 5662 539 5802 (a3
560 5661 692 5746 Pag.
719 5661 807 5746 ἓξ).
960 5732 972 5746 .
1006 5733 1018 5745 .
1055 5733 1068 5745 .

464 5729 519 5802 (δ
573 5727 738 5802 Epist.
762 5740 900 5789 inter
918 5733 1068 5788 Strth

464 5720 539 5802 '(b)
573 5720 738 5802 Epist.
762 5734 900 5789 inter
918 5732 1202 5788 Siricianas
1227 5729 1282 5797 8,
1299 5742 1442 5786 num.
1466 5727 1519 5796 8,
1541 5742 1596 5798 p.
1630 5723 1754 5793 l'ﬂ,
1779 5732 1909 5778 tom.
1941 5720 1963 5773 l

2052 4604 2252 4673 gnium,
2294 4599 2712 4655 certissimorum
2768 4592 3210 4663 publicorumque
3255 4592 3628 4639 monumento-

2054 4696 2218 4752 rum?
2265 4693 2359 4747 His
2397 4705 2530 4746 vero
2557 4687 2771 4742 Maximi
2809 4682 3111 4738 Taurinatis
3147 4692 3338 4733 nomen
3395 4675 3630 4729 subscri-

2055 4796 2204 4859 ptum
2226 4784 2421 4851 legitur
2442 4781 2495 4834 in
2517 4781 2655 4834 serie
2682 4777 2911 4838 illorum,
2926 4773 3015 4842 qui
3035 4768 3335 4859 adfuerant,
3346 4765 3629 4859 episcopo-

2056 4856 2195 4933 rum.
2228 4874 2455 4930 Constat
2483 4871 2644 4939 igitur
2670 4864 3009 4925 certissimis,
3042 4860 3210 4927 iisque
3252 4856 3474 4924 publicis
3509 4870 3629 4910 mo-

2062 4966 2347 5030 numentis,
2379 4978 2487 5016 non
2517 4974 2656 5014 anno
2682 4955 2777 5009 451
2812 4952 2989 5014 modo,
3028 4948 3120 5002 sed
3151 4961 3289 5000 anno
3318 4945 3477 4999 etiam
3506 4941 3628 5009 465,

2060 5058 2349 5111 Maximum
2395 5049 2692 5122 perrexisse
2734 5043 3096 5111 episc0patum
3126 5050 3315 5105 gerere
3381 5033 3630 5088 Ecclesiae

2061 5144 2418 5203 Taurinensis.
2450 5141 2564 5195 Non
2611 5151 2740 5203 ergo
2777 5146 2995 5187 movere
3022 5142 3345 5198 quemquam
3372 5123 3633 5179 Geunadii

2062 5240 2211 5293 locus
2236 5236 2412 5298 debet,
2459 5230 2549 5299 qui
2596 5236 2686 5280 aut
2714 5224 2928 5278 vitiatus
2967 5218 3249 5275 inscientia
3297 5216 3632 5269 librariorum

2063 5337 2183 5395 est;
2214 5334 2306 5382 aut
2348 5329 2525 5379 errato
2555 5317 2853 5387 implicatus
2885 5312 3119 5369 auctoris
3165 5309 3265 5374 sui,
3292 5320 3453 5376 quem
3491 5304 3635 5360 osci-

2062 5644 2343 5716 Epistolar.
2392 5634 2965 5716 Romanoruml’ontif.
2998 5632 3123 5693 edit.
3156 5628 3325 5688 Paris.
3357 5642 3445 5686 an.
3478 5626 3606 5686 1721
3634 5669 3646 5682 .

2139 5716 2209 5788 (c)
2235 5714 2407 5771 Serm.
2441 5711 2529 5779 76,
2553 5721 2672 5779 pag.
2701 5706 2801 5761 607
2831 5722 2941 5777 seq.
