4138 6186
515 333 609 390 {Si

1606 319 1762 375 VITA
1797 317 1852 373 S.
1896 315 2138 372 MAXIMI
2176 312 2637 372 TAURINENSIS.

3677 313 3780 371 15:!

519 458 716 505 tantem
745 447 819 516 (a)
842 445 938 515 (ita
959 451 1018 500 ut
1043 444 1220 500 evenit
1243 440 1506 496 interdum
1527 440 1796 494 historicis
1825 451 1911 491 res
1925 434 2092 490 etiam
2120 441 2171 497 Α
2197 447 2336 494 esse,
2367 429 2456 498 qui
2489 445 2632 483 anno
2660 427 2764 483 589
2795 428 2845 482 in
2869 427 3250 482 Mediolanensi
3279 427 3506 482 concilio
3534 425 3776 483 Iovinia-

517 558 549 596 a
579 539 834 595 memoria
865 537 937 609 (b)
975 552 1072 591 sua
1100 550 1206 590 non
1236 533 1524 588 admodum
1552 536 1788 585 remotas
1823 526 2092 582 narranti-

518 630 639 697 bus)
670 628 796 682 anui
836 625 1146 681 emortualis
1198 623 1416 676 Maximi
1459 621 1692 690 cepisset
1739 619 1954 673 oblivio.
2001 616 2096 670 Est

517 729 697 776 autem
726 719 770 774 is
791 717 858 771 de
879 716 1108 770 Maximo
1137 712 1394 769 Gennadii
1431 714 1578 768 locus
1605 710 1908 779 hnjnsmodi
1935 727 1946 762 :
1981 707 2097 762 Mo-

519 815 651 866 ritur
679 808 981 882 (Maximus)
1008 805 1242 861 Honorio
1256 817 1304 859 et
1327 804 1616 858 Theodosio
1635 802 1853 856 Juniore
1873 816 2100 871 regnan-

521 901 653 956 tibus
675 901 765 972 (ε).
795 898 909 964 Qua
937 912 1067 952 sane
1090 910 1150 950 re
1189 895 1318 964 quid
1345 893 1466 962 ﬁngi
1495 900 1674 963 potest
1701 891 1835 946 actis
1862 888 2098 960 synodo-

520 1007 658 1055 rum,
688 1005 821 1058 quas
850 987 1010 1058 paulo
1037 994 1162 1040 ante
1189 985 1404 1040 memini
1424 1023 1438 1049 ,
1467 982 1888 1053 repugnantius?
1917 980 2100 1049 Itaque

520 1082 873 1150 legendumne
896 1079 978 1151 (ut
1004 1086 1258 1148 putarunt
1286 1076 1565 1140 Baronius,
1595 1074 1805 1142 Pagius,
1838 1073 2098 1140 Flevrius)

521 1171 874 1240 legendumne
896 1212 910 1233 ,
942 1171 1178 1237 inquam,
1222 1168 1294 1222 sit
1342 1166 1482 1236 apud
1509 1164 1842 1220 Gennadium
1878 1164 2102 1217 :claruit

522 1264 642 1319 loco
670 1270 762 1318 τοῦ
791 1262 1009 1316 moritur
1031 1278 1050 1326 ;
1076 1276 1176 1314 nec
1205 1274 1271 1314 ne
1299 1259 1368 1313 sit
1396 1258 1698 1325 legendum.
1732 1255 1881 1326 parvi
1907 1253 2098 1319 refert;

521 1365 599 1410 ex"
618 1355 746 1407 viris
768 1363 914 1408 certe
951 1351 1217 1406 facultatis
1239 1349 1438 1404 critica:
1467 1347 1653 1417 peritis
1695 1345 1804 1417 (qui
1832 1343 2098 1405 noverint,

520 1453 776 1514 quantum
808 1442 1143 1498 auctoritatis
1166 1441 1290 1495 insit
1313 1439 1640 1510 synodorum
1663 1436 1886 1506 publicis
1913 1449 2104 1488 monu-

520 1535 737 1605 mentis)
760 1532 1100 1601 extorquebit
1127 1545 1305 1595 nemo,
1343 1537 1402 1583 ut
1428 1527 1760 1582 Gennadiani
1789 1527 1894 1581 loci
1921 1540 2098 1590 causa,

521 1626 834 1688 concedant,
860 1624 1146 1678 Maximum
1169 1621 1554 1675 Taurinensem
1570 1619 1860 1672 antistitem
1883 1616 2104 1671 desiisse

519 1718 719 1780 vivere,
752 1731 874 1770 cum
921 1712 1192 1768 Honorius
1235 1713 1503 1779 Augustus
1544 1709 1597 1762 in
1637 1707 1925 1762 Occidente
1957 1721 2104 1759 sum-

2197 527 2251 579 ni
2294 523 2538 578 haeresim
2586 521 2957 591 reprobarunt.
3005 521 3140 574 Nam
3183 520 3326 589 quod
3375 520 3427 574 in
3457 536 3520 575 ea
3557 521 3776 578 humilia

2196 621 2412 669 sanctus
2459 612 2744 682 episcopus
2789 611 2974 665 scribit
3013 609 3174 666 fuisse
3219 611 3567 680 superioribus
3602 613 3780 668 diebus

2196 706 2286 775 qui
2316 703 2586 758 Christum
2611 705 2755 759 nasci
2787 704 3086 773 nequivisse
3114 721 3181 760 ex
3211 705 3414 773 virgine
3440 706 3780 776 blasphema-

2199 804 2335 856 rent,
2366 795 2418 848 id
2445 794 2576 848 satis
2598 809 2704 848 non
2731 809 2851 848 esse
2880 795 3198 862 argumenti,
3230 795 3400 859 aiunt,
3429 796 3781 865 quamobrem

2199 886 2250 940 ei
2277 885 2483 957 synodo
2502 893 2766 940 statuatur
2792 895 3031 939 sanctum
3061 885 3308 940 eumdem
3346 886 3658 956 episcopum
3685 889 3783 942 ad-

2200 974 2383 1029 fuisse.
2416 973 2548 1028 Nam
2576 975 2766 1029 eodem
2794 976 2852 1028 τὸ
2881 973 3172 1039 diebus,.ae
3199 976 3254 1030 τὸ
3283 977 3595 1047 temporibus
3623 993 3782 1048 posse

2201 1067 2461 1123 recidere.
2509 1067 2636 1121 Dies
2674 1068 2816 1120 enim
2865 1077 3069 1122 nostros
3114 1067 3295 1122 dicere
3346 1068 3487 1122 idem
3537 1077 3617 1123 est
3658 1085 3780 1124 cum

2203 1158 2343 1228 apud
2372 1159 2506 1214 alios
2532 1159 2842 1229 scriptores,
2877 1167 2986 1211 tum
3011 1158 3175 1212 etiam
3203 1158 3343 1226 apud
3374 1157 3663 1212 Maximum
3695 1159 3780 1212 in-

2204 1251 2431 1314 terdum,
2459 1267 2523 1306 ac
2547 1251 2726 1305 dicere
2755 1259 2932 1304 nostra
2973 1258 3222 1321 tempora,
3255 1251 3414 1318 idque
3436 1265 3502 1305 ex
3532 1266 3782 1306 sermone

2203 1343 2371 1397 sancti
2401 1341 2653 1396 antistitis
2684 1341 2768 1407 76,
2801 1355 2920 1410 pag.
2953 1340 3056 1393 607
3084 1356 3221 1410 seq.,
3247 1341 3466 1409 intelligi
3488 1342 3644 1411 plane
3658 1357 3784 1411 pos-

2203 1449 2283 1488 se.
2315 1433 2452 1499 Quin
2481 1433 2645 1488 etiam
2671 1436 2728 1489 τὸ
2756 1441 2879 1486 ante
2908 1433 3037 1495 dies,
3065 1433 3207 1502 quod
3231 1433 3494 1486 Maximus
3523 1449 3630 1488 non
3658 1449 3782 1488 raro

2203 1523 2422 1578 adhibet
2453 1523 2550 1594 (f),
2589 1522 2778 1578 eodem
2809 1523 3011 1577 revolvi
3039 1522 3360 1591 quandoque
3387 1521 3571 1587 videri,
3621 1531 3783 1592 atque

2203 1619 2261 1672 τὸ
2290 1625 2411 1670 ante
2433 1633 2646 1682 annum,
2681 1617 2764 1671 vel
2806 1626 2928 1670 ante
2955 1633 3139 1671 annos.
3173 1614 3290 1669 Jam
3335 1616 3477 1686 quod
3519 1615 3661 1671 idem
3683 1617 3782 1670 ad-

2201 1709 2375 1779 jungit
2419 1709 2728 1763 Maximus:
2763 1708 2920 1762 Illam
2963 1707 3253 1779 (haeresim)
3297 1708 3564 1778 synodalia
3607 1718 3784 1764 noster

520 1823 662 1862 mam
692 1805 900 1874 imperii
946 1810 1171 1858 teneret.
1221 1801 1404 1868 Neque
1434 1815 1562 1853 vero
1604 1795 1879 1867 probanda
1917 1810 2103 1849 eorum
2138 1812 2181 1870 Β
2207 1816 2308 1853 uno
2330 1817 2418 1853 ore
2437 1799 2699 1853 damnavit
2725 1808 3019 1861 conventus,
3047 1814 3231 1853 noneo
3253 1799 3542 1868 pertinere,
3571 1799 3785 1853 utindi-

523 1906 608 1952 est
635 1900 792 1962 ratio,
826 1895 916 1964 qui
947 1894 1068 1958 sibi,
1101 1907 1215 1947 rem
1242 1905 1458 1947 omnem
1497 1888 1745 1957 componi
1799 1885 1952 1940 facile
1976 1900 2104 1954 pos-

519 2002 579 2041 se
625 1992 1037 2056 persuaserunt,
1080 1983 1125 2036 si
1181 1980 1398 2034 Maximi
1459 1978 1817 2032 Taurinenses
1866 1974 2106 2044 episcopi

519 2083 792 2145 ponantur
815 2074 942 2137 duo,
973 2087 1198 2140 quorum
1220 2087 1376 2134 unus,
1402 2077 1462 2123 ut
1481 2077 1562 2122 est
1585 2067 1725 2137 apud
1747 2065 2100 2129 Genu-adium,

521 2165 759 2220 Honorio
806 2165 1131 2233 imperatore
1193 2161 1520 2226 decesserit;
1572 2160 1707 2212 alter
1754 2166 1877 2228 post
1937 2171 2105 2210 annos

520 2257 637 2326 plus
665 2255 1034 2325 quadraginta,
1066 2253 1273 2325 synodo
1303 2251 1561 2306 Romana:
1588 2248 1836 2314 adfuerit,
1863 2263 1985 2303 eum
2011 2247 2105 2302 Hi-

518 2348 664 2402 larus
721 2363 832 2400 rem
880 2344 1238 2399 Christianam
1299 2342 1562 2413 publicam
1609 2341 1996 2395 moderaretur.
2047 2337 2104 2393 Si

520 2441 663 2492 enim
691 2436 907 2490 Maximi
953 2436 1059 2490 duo
1088 2435 1328 2497 fuissent,
1361 2433 1519 2486 ambo
1548 2432 1762 2501 quidem
1789 2440 1937 2486 certe
1965 2428 2102 2485 scri-

517 2537 704 2600 ptores
725 2527 950 2582 fuissent
975 2525 1314 2579 homiliarum
1339 2540 1353 2589 ;
1384 2538 1550 2591 quare
1580 2532 1861 2590 utrumque
1889 2521 2106 2576 Genna-

517 2620 638 2675 dius
663 2624 1153 2680 commemorasset,
1185 2621 1246 2668 ut
1282 2613 1374 2682 qui
1421 2613 1615 2666 seriem
1657 2613 1980 2681 scriptorum
2009 2626 2102 2666 ec-

515 2708 938 2765 elesiasticorum
987 2713 1168 2759 texere
1212 2703 1545 2757 instituisset.
1595 2701 1887 2771 Scripsisse
1921 2710 2102 2755 autem

515 2813 795 2856 sermones
829 2796 1136 2858 Maximum,
1169 2794 1259 2863 qui
1289 2793 1379 2848 diu
1409 2801 1530 2862 post
1557 2791 1855 2848 Honorium
1895 2793 2103 2848 clarue-

515 2892 605 2956 rit,
656 2891 786 2946 satis
822 2889 1022 2942 clarnm
1071 2895 1233 2955 atque
1261 2883 1501 2958 [cxxxrv]
1538 2893 1793 2939 testatum
1832 2894 1931 2940 est.
1983 2884 2101 2940 Non

514 2981 660 3035 enim
689 2977 860 3032 solum
902 2978 955 3030 in
1007 2975 1193 3030 iisdem
1221 2974 1470 3029 refutavit
1495 2973 1574 3045 (d)
1605 2973 1900 3044 Eutychem
1930 2974 2102 3030 hatre-

513 3070 780 3124 siarcham
810 3109 824 3133 ,
855 3067 950 3121 sed
978 3067 1140 3120 etiam
1170 3065 1467 3119 nominavit
1493 3063 1584 3135 (e).
1618 3065 1892 3119 Nominari
1920 3073 2100 3120 autem

2207 1895 2294 1938 cet
2339 1883 2570 1937 adfuisse
2605 1883 2775 1952 ipsum
2818 1883 3022 1954 synodo
3057 1882 3456 1946 Mediolanensi,
3485 1897 3623 1951 quae,
3652 1881 3784 1936 Am-

2205 1973 2389 2027 brosio
2417 1972 2659 2041 prteside,
2688 1980 2875 2027 coacta
2901 1971 3001 2026 fuit
3029 1987 3170 2027 anno
3206 1972 3329 2026 589.
3363 1971 3618 2027 Nostrum
3647 1974 3786 2028 enim

2204 2071 2506 2117 conventum
2546 2063 2650 2117 diei
2681 2079 2713 2117 a
2753 2063 2988 2118 Maximo
3026 2063 3310 2118 commode
3345 2065 3584 2132 potuisse
3623 2080 3787 2135 syuo~
3811 2103 3823 2111 η

2203 2153 2368 2220 dum,
2439 2155 2492 2208 in
2543 2169 2704 2224 quam
2752 2154 2994 2224 episcopi
3039 2154 3453 2209 Mediolanensis
3499 2156 3786 2225 provinciae

2205 2245 2600 2311 convenissent,
2633 2245 2698 2300 ad
2729 2261 2888 2316 quam
2914 2245 3129 2314 quidem
3155 2247 3483 2315 provinciam
3505 2249 3788 2317 spectabat

2205 2333 2444 2390 Ecclesia
2468 2334 2830 2390 Taurinensis’.
2855 2334 2931 2389 lta
2949 2345 3120 2390 enatus
3149 2352 3177 2389 a
3200 2336 3355 2390 nobis
3381 2348 3582 2392 nostros
3610 2339 3787 2408 appel-

2206 2427 2304 2480 lari
2348 2442 2639 2483 consuesse
2667 2442 2781 2494 eos,
2823 2427 2914 2497 qui
2957 2443 2987 2482 a
3035 2429 3220 2498 primis
3259 2431 3422 2484 etiam
3469 2429 3786 2486 Christianis

2203 2519 2649 2583 celebrabantur;
2681 2527 2967 2588 propterea
2997 2519 3160 2589 quod,
3189 2521 3287 2575 etsi
3319 2537 3426 2576 non
3455 2537 3485 2574 a
3511 2523 3684 2586 nobis,
3716 2524 3784 2577 ab

2203 2609 2268 2663 iis
2299 2617 2476 2664 tamen
2521 2611 2708 2664 haberi
2748 2612 3008 2676 solerent,
3059 2613 3148 2682 qui
3195 2614 3295 2668 etsi
3325 2615 3482 2684 longe
3529 2617 3595 2669 ab
3622 2624 3786 2670 {etate

2203 2709 2386 2755 nostra
2435 2700 2726 2765 distabant,
2777 2703 3017 2758 eamdem
3050 2713 3230 2759 tamen
3272 2714 3433 2774 atque
3461 2723 3558 2775 nos
3585 2709 3786 2764 colui5«

2201 2798 2324 2845 sent
2345 2790 2676 2858 religionem.
2705 2791 2858 2857 Quod
2887 2793 2932 2846 si
2955 2791 3217 2848 Maximus
3240 2796 3607 2866 episcOpatnm
3635 2811 3786 2866 gere-

2201 2897 2262 2936 re
2287 2884 2536 2951 coepisset
2555 2883 2912 2951 homiliasque
2941 2885 2994 2938 in
3021 2883 3288 2940 Joviaiani
3319 2886 3562 2941 haeresim
3592 2887 3778 2944 edidis~

2203 2980 2286 3028 set
2303 2971 2414 3042 jam
2444 2973 2569 3028 inde
2598 2975 2664 3028 ab
2692 2972 2958 3029 Ambrosii
2997 2975 3407 3032 Mediolanensis
3429 2979 3778 3049 temporibus,

2199 3064 2454 3119 credibile
2481 3079 2590 3118 non
2640 3065 2802 3119 videri
2851 3065 3255 3138 Hieronymum,
3291 3069 3382 3136 qui
3429 3069 3572 3124 haud
3611 3071 3784 3125 multo

515 3159 842 3228 nequivisset
886 3156 1151 3228 Eutyches
1180 3157 1248 3210 ab
1275 3170 1360 3221 eo,
1389 3156 1480 3224 qui
1508 3171 1576 3210 ex
1602 3156 1702 3210 hac
1744 3157 1849 3210 vita
1879 3158 2100 3225 migras-
2125 3173 2171 3237 ρ
2200 3161 2324 3223 post
2346 3153 2399 3207 id
2439 3162 2650 3223 tempus
2677 3155 2980 3223 catalognm
3020 3157 3229 3212 dederit
3255 3159 3581 3228 scriptorum
3607 3159 3783 3214 eccle-

515 3262 621 3321 set,
661 3253 786 3306 dum
834 3252 1007 3306 adhuc
1060 3249 1328 3304 Honorius
1373 3249 1598 3318 imperio
1636 3249 1915 3319 potiretur.
1968 3250 2099 3304 Nam

513 3343 782 3415 Eutyches
810 3359 952 3398 anno
973 3344 1202 3413 primum
1226 3340 1330 3395 448
1361 3341 1552 3396 indicia
1573 3341 1704 3396 dare
1731 3350 1969 3411 coeperat
1992 3343 2104 3396 ba:-

513 3435 695 3489 reticze
723 3434 984 3489 doctrinae
1010 3449 1138 3498 sum,
1169 3449 1288 3487 cum
1316 3433 1424 3501 jam
1452 3432 1723 3488 Honorius
1749 3448 1839 3486 an.
1865 3433 1968 3487 49.5
1987 3432 2102 3488 fun-

511 3533 630 3578 ctus
670 3525 894 3594 imperio
914 3525 1132 3592 vitaque
1160 3523 1369 3578 fuisset.
1411 3522 1531 3577 Jam
1560 3539 1688 3578 vero
1735 3539 1896 3577 unum
1926 3523 2095 3578 Maxi-

511 3631 676 3677 mum,
703 3631 809 3669 non
839 3615 976 3670 duos
1011 3614 1322 3670 Gennadius
1362 3622 1645 3669 memorat.
1689 3613 1746 3669 Si
1786 3615 1922 3669 duos
1943 3630 2092 3678 vero,

507 3720 711 3774 eosque
739 3707 950 3774 scriptis
979 3706 1213 3760 illustres
1240 3705 1403 3760 luisse
1431 3705 1754 3774 accepisset;
1787 3714 1880 3760 aut
1906 3707 2094 3760 ambo-

508 3807 628 3847 rum
657 3792 926 3862 profecto,
964 3802 1057 3847 aut
1095 3795 1140 3848 si
1180 3795 1509 3858 alterutrius,
1556 3795 1672 3864 ejus
1711 3797 1926 3863 quidem
1949 3807 2096 3852 certe

511 3886 858 3950 meminisset,
888 3886 979 3953 qui
1008 3901 1117 3940 sua:
1157 3885 1344 3941 fuisset
1381 3889 1528 3941 :etati
1558 3889 1928 3957 propinquior,
1965 3876 2121 3945 con?

508 3975 750 4041 ciliisque
772 3974 978 4029 duobus
1010 3982 1154 4028 tanta
1183 3977 1265 4029 sui
1287 3977 1442 4031 laude
1469 3977 1810 4033 interfuisset.
1837 3979 1968 4034 Cum
1999 3997 2094 4035 au-

507 4073 619 4118 tem
643 4064 798 4118 unius
832 4063 1017 4119 fecerit
1044 4067 1390 4131 mentionem,
1422 4083 1588 4122 unum
1628 4078 1777 4124 certe
1816 4071 2091 4139 praefuisse

511 4151 933 4208 Taurinensibus
959 4155 1251 4209 antistitem
1282 4156 1569 4212 Maximum
1601 4160 1838 4225 nomine,
1864 4175 2091 4216 censue-

503 4245 578 4301 rit
601 4259 823 4300 necesse
869 4255 970 4314 est,
1015 4262 1173 4316 quem
1215 4263 1401 4304 errans
1439 4252 1744 4321 scripserit,
1792 4253 2090 4324 imperante

505 4335 686 4390 adhuc
714 4335 972 4402 Honorio,
1001 4338 1197 4394 obiisse
1225 4348 1476 4395 mortem.
1500 4342 1609 4396 Nisi
1632 4342 1768 4397 forte
1796 4344 1915 4411 quis
1935 4345 2084 4407 velit,

508 4427 566 4481 τὸ
586 4427 790 4491 claruit,
838 4442 944 4496 quo
985 4427 1298 4484 Gennadius
1345 4445 1473 4484 usus
1518 4430 1722 4496 fuisset,
1765 4449 2087 4488 conversum

505 4516 634 4572 vitio
664 4517 1001 4571 librariorum
1031 4516 1195 4571 fuisse
1219 4519 1272 4572 in
1299 4522 1537 4574 moritur.

575 4607 826 4672 Rursum,
855 4608 946 4677 qui
969 4608 1181 4662 nonnisi
1215 4624 1379 4662 unum
1403 4611 1588 4678 quinto
1621 4613 1817 4668 Str-culo
1861 4621 2082 4668 censent

505 4698 667 4753 fuisse
690 4698 1094 4754 Taurinensium
1120 4699 1402 4769 praesulem
1428 4701 1745 4768 Maximum;
1773 4703 1932 4758 iidem
1955 4719 2085 4758 cen-

503 4795 646 4849 clntli
674 4795 917 4866 elﬁeique
956 4813 1024 4851 ex
1050 4797 1183 4865 .ejus
1210 4796 1429 4851 homilia
1458 4797 1491 4850 4
1515 4799 1576 4852 de
1606 4798 1891 4857 Nativitate
1907 4819 2080 4872 posse,

505 4884 852 4941 vehementer
875 4896 1087 4952 negant,
1137 4887 1524 4942 numerandum
1554 4889 1724 4959 ipsum
1755 4891 1809 4945 in
1839 4891 2085 4951 Patribus

575 5095 658 5183 (α)
675 5098 1168 5183 Atque-oscitantim
1183 5102 1394 5173 quidem
1413 5101 1767 5183 Gennadianat
1785 5105 2081 5183 ἁμαρτημά-

509 5165 608 5219 mi:
636 5165 882 5233 exempla
926 5168 1063 5246 haud
1093 5165 1263 5246 pauca
1291 5189 1357 5246 ex
1387 5173 1577 5228 eodem
1601 5165 1848 5246 catalogo
1879 5165 2083 5246 ftrofer-

506 5250 840 5315 I'GLPOSS'Qm;
867 5235 971 5315 sed,
1001 5235 1181 5315 eamne
1207 5243 1406 5315 nimius
1431 5259 1549 5315 esse
1571 5235 1834 5310 videatur,
1865 5235 2086 5315 praeter-

387 5375 404 5396 .
473 5305 682 5384 ,mitto.
707 5303 880 5360 Unum
898 5314 1015 5360 esto
1031 5307 1167 5386 illud
1191 5308 1256 5363 de
1275 5307 1484 5396 Jpliano
1505 5314 1787 5396 Eclanensi
1807 5303 2080 5396 episeopo,

506 5389 664 5454 quem
704 5390 923 5454 errans,‘
958 5375 1463 5454 episeOpurnfuisse
1503 5375 2076 5454 Capuanum-scribit.

504 5443 743 5524 Alterum
786 5444 852 5499 de
894 5443 1072 5499 Attico
1097 5443 1355 5524 antistite
1398 5443 2015 5524 Constantinopolitano,
2050 5470 2078 5508 a

504 5525 612 5579 quo
629 5513 1028 5585 impugnatum,
1060 5515 1154 5578 ait,
1189 5515 1351 5569 fuisse
1381 5517 1575 5585 dogma
1602 5513 2012 5584 Nestorianum,
2033 5523 2082 5576 id

505 5581 644 5648 quod
674 5581 1069 5640 cnnCedeudum
1101 5601 1206 5640 non
1237 5593 1338 5646 est,
1371 5581 1491 5639 cum
1522 5592 1688 5646 multo
1729 5603 1854 5648 ante
1892 5581 2088 5646 obierit

505 5651 714 5706 Atticus
737 5693 751 5715 ,
801 5670 960 5732 quam
1016 5655 1290 5712 Nestorius
1335 5669 1644 5725 perversum
1697 5661 1889 5732 dogma
1930 5678 2085 5718 suum

461 5775 466 5782 _
505 5734 758 5792 spargere
792 5726 1060 5796 coepisset.

2199 3247 2538 3301 siastieorum
2566 3247 2620 3301 in
2642 3262 2817 3316 eoque
2837 3264 2964 3304 suos
2987 3250 3152 3304 libros
3167 3250 3423 3306 adversus
3441 3249 3782 3306 Jovinianum

2201 3335 2372 3405 ipsum
2402 3337 2730 3406 per-scriptos
2749 3341 3200 3404 commemoravit,
3234 3355 3298 3395 ac
3321 3356 3427 3394 non
3459 3342 3619 3396 modo
3646 3344 3780 3396 Am-

2197 3426 2360 3482 brosii
2389 3427 2650 3495 ejusdem,
2693 3445 2882 3483 verum
2931 3431 3093 3484 etiam
3148 3432 3379 3486 aliorum
3424 3435 3778 3502 quoruuulam

2197 3518 2504 3571 meminerit
2533 3519 2622 3586 qui
2653 3520 2741 3572 vix
2770 3520 3058 3590 quidquam
3088 3523 3455 3591 publicassent
3494 3525 3779 3594 opusculo-

2193 3623 2333 3671 rum,
2367 3607 2580 3662 Maximi
2611 3609 2778 3678 ipsius
2818 3613 3146 3666 mentionem
3188 3615 3351 3668 l'uisse
3391 3618 3781 3683 praetermissu-

2193 3715 2334 3753 rum.
2364 3699 2471 3754 Sed
2490 3699 2573 3755 fac
2602 3698 2701 3772 (sic
2728 3711 2906 3757 autem
2930 3701 3150 3773 addunt)
3175 3704 3438 3760 Maximus
3465 3709 3778 3775 conventui,

2193 3817 2351 3870 quem
2382 3809 2580 3864 narrat,
2613 3803 2858 3868 adfuerit,
2889 3805 3012 3872 quid
3040 3805 3220 3862 obstat
3246 3809 3373 3875 quin
3406 3809 3448 3863 is
3477 3821 3783 3868 conventus

2192 3901 2404 3956 habitus
2425 3905 2578 3959 annis
2604 3903 2721 3971 plus
2751 3903 2937 3970 viginti
2967 3913 3091 3974 post
3119 3908 3382 3978 synodum
3413 3909 3780 3968 Mediolanen-

2190 4015 2304 4054 sem
2330 3999 2593 4055 Ambrosii
2617 4001 2807 4056 fuerit?
2831 4001 3126 4073 Episcopos
3147 4021 3235 4060 an.
3265 4006 3368 4060 M2
3388 4008 3454 4061 ad
3479 4008 3776 4066 Honorium

2195 4097 2487 4166 Augustum
2517 4099 2822 4170 confugisse
2869 4111 3103 4169 constat,
3137 4115 3407 4174 rogatum,
3451 4117 3508 4161 ut
3550 4109 3600 4162 in
3629 4107 3780 4165 Jovi-

2191 4200 2407 4254 nianum
2421 4201 2642 4270 ejusque
2663 4204 2916 4269 asseclas,
2933 4205 3024 4274 qui
3050 4205 3100 4260 in
3124 4207 3313 4261 haeresi
3332 4211 3779 4276 perstarent,con~

2192 4307 2487 4367 ventusque
2509 4299 2710 4354 habere
2732 4311 2884 4356 extra
2899 4304 3086 4358 urbem
3115 4320 3223 4357 non
3244 4316 3575 4371 vererentur,
3601 4310 3776 4363 anim-

2189 4397 2509 4453 adverteret.
2540 4397 2926 4470 Episcoporum
2962 4411 3142 4457 autem
3169 4402 3237 4457 de
3258 4405 3484 4460 coetibus
3513 4423 3775 4464 novorum

2116 4539 2166 4598 ι)
2188 4499 2540 4554 sectariorum
2566 4509 2720 4554 extra
2749 4502 2896 4556 urbis
2924 4505 3140 4569 mmnia,
3172 4505 3388 4573 querela
3418 4523 3538 4576 qua:
3558 4507 3774 4564 demum

2188 4597 2503 4666 interposita
2549 4608 2696 4654 tanta
2723 4602 3076 4657 consensione
3105 4605 3611 4673 conspirationeque
3641 4605 3772 4663 fuis-

2191 4704 2305 4763 set;
2351 4700 2452 4752 nisi
2488 4699 2560 4753 illi
2586 4699 2809 4753 Romam
2851 4715 2909 4755 se
2932 4702 3306 4767 contulissent,
3345 4713 3400 4758 nt
3439 4706 3490 4758 in
3522 4707 3771 4769 concilio,

2191 4813 2309 4851 cum
2355 4800 2608 4868 pontitice
2663 4815 2767 4853 una
2822 4800 3013 4862 simul,
3047 4801 3173 4868 quid
3225 4803 3478 4858 adversus
3530 4805 3776 4874 impieta-

2191 4907 2300 4953 tem
2347 4908 2534 4967 rogato
2579 4907 2886 4968 statutoque
2933 4908 3073 4956 esset
3121 4917 3272 4972 Opus,
3313 4903 3651 4972 judicarent?
3680 4907 3776 4962 At-

2221 5107 2587 5231 irglcScziSpfit
2617 5109 2663 5163 is
2691 5107 3000 5178 Catalogum
3033 5111 3316 5166 illustrium
3350 5114 3585 5170 virorum
3629 5131 3771 5172 anno

2187 5187 2400 5232 circiter
2430 5187 2550 5231 484.

2257 5249 2327 5317 (c)
2341 5247 2418 5303 Co
2439 5250 2523 5302 lex
2542 5248 2827 5303 Vaticanus
2853 5250 3031 5304 saeculi
3059 5267 3109 5306 rx
3128 5251 3286 5307 habet
3307 5252 3410 5308 hoc
3431 5254 3593 5311 modo
3619 5273 3631 5308 :
3651 5255 3770 5312 Ho-

2184 5317 2405 5390 ritur....
2430 5335 2570 5390 mino
2599 5319 2662 5371 ab
2683 5320 2805 5374 orbe
2822 5320 3086 5390 redempta
3115 5337 3335 5378 ccccxx.
3368 5324 3482 5390 Qua
3508 5340 3574 5379 ex
3604 5342 3665 5381 re
3686 5327 3770 5380 di-

2188 5389 2481 5508 gnoscitur,
2515 5389 2759 5444 librarios
2787 5389 3030 5444 intulisse
3071 5400 3273 5446 temere
3301 5409 3491 5448 manus
3531 5395 3584 5448 in
3632 5411 3771 5465 Opus

2237 5457 2448 5508 ennadii
2468 5496 2482 5508 .
2513 5458 2668 5508 eique
2700 5459 2938 5508 nonnihil
2969 5461 3233 5508 addidisse
3258 5476 3358 5508 sum
3387 5465 3665 5508 arbitratu-

2237 5457 2448 5526 ennadii
2468 5496 2482 5517 ,
2513 5458 2668 5526 eique
2700 5459 2940 5513 nonnihil
2969 5461 3233 5517 addidisse
3258 5476 3358 5517 suo
3387 5465 3666 5517 arbitratu.

2261 5525 2339 5603 ((1.)
2531 5525 2748 5603 pr‘mfat._
2771 5537 3003 5582 nostram
3035 5547 3178 5584 num.
3214 5532 3264 5597 5,
3300 5548 3420 5601 pag.
3456 5550 3544 5596 XL,
3576 5548 3728 5603 seqq.

2259 5595 2330 5667 (ε)
2359 5594 2694 5667 ξρίὰηῖιιπη.
2725 5597 2775 5662 4,
2808 5612 2928 5667 pag.
2962 5615 3103 5655 XLVI.

2257 5664 2325 5736 (Γ)
2357 5664 2550 5742 llomil.
2584 5664 2826 5742 47,_pag.
2860 5664 2979 5736 1⁷43,
3011 5679 3066 5724 et
3092 5684 3255 5725 serm.
3283 5669 3370 5736 77,
3401 5685 3522 5742 pag.
3555 5667 3676 5739 592,
3712 5679 3771 5729 et

2185 5733 2346 5788 serm.
2377 5733 2466 5800 8‘2,
2496 5749 2616 5806 pag.
2649 5733 2770 5790 δ’ἐξ).
