4138 6186
340 304 447 357 135

1448 301 1602 356 γιΤΑ
1640 302 1697 359 s.
1740 303 1985 359 MAxuu
2024 288 2489 361 rAunrNENSIs.

3514 308 3613 364 154

335 437 450 492 que
503 422 786 490 episcopos
839 418 980 488 apud
1035 418 1413 488 imperatorem
1479 418 1639 473 fuisse
1685 427 1926 487 questos,
1958 428 2002 485 Α
2032 428 2212 488 posset
2242 436 2253 471 ε
2286 418 2853 488 Synodalemttostrum
2891 430 3208 486 conventum,
3257 429 3383 487 etc.,
3416 424 3582 492 pmdi

340 516 488 571 idem
532 523 616 568 est
665 513 958 582 imperator
1007 512 1157 567 testis
1205 513 1515 582 cumprimis
1568 511 1789 585 [cxxxv]
1846 514 1927 567 lo-

339 607 550 677 cuples.
585 605 716 659 Nam
748 606 863 674 lege
900 604 970 658 53
1013 605 1212 660 codicis
1242 604 1625 667 Theodosiani,
1676 607 1767 659 lib.
1819 622 1925 666 xvi,

343 699 431 750 tit.
489 695 522 748 5
577 696 640 751 dc
690 695 960 749 licerelicis
995 698 1092 766 (a),
1144 697 1221 750 sic
1273 706 1357 751 est
1402 698 1468 751 ab
1509 696 1747 752 Honorio
1801 697 1925 749 scri-

344 799 497 858 ptqu
526 806 538 839 :
572 808 588 838 ‹
616 787 955 842 lovinianum
994 789 1067 858 (ὁ)
1099 790 1389 858 sacrilegos
1432 803 1590 857 agere
1637 796 1933 842 conventus

342 894 499 932 extra
529 894 713 932 muros
742 878 888 931 urbis
914 879 1290 932 sacratissima:
1312 919 1328 945 ,
1377 880 1750 948 episcoporum
1796 893 1930 945 que-

342 970 460 1023 rela
488 969 754 1037 deplorat.
788 966 966 1034 Quare
995 985 1155 1039 supra
1196 979 1551 1025 memoratum
1580 970 1778 1038 corripi
1807 985 1934 1039 pne-

254 1132 257 1143 Α
343 1062 592 1131 cipimus,
623 1071 676 1115 et
704 1069 988 1115 contusum
1017 1062 1256 1130 plumbo,
1289 1077 1409 1115 cum
1437 1062 1645 1117 caeteris
1673 1063 1781 1115 suis
1808 1076 1932 1129 par-

343 1152 615 1220 ticipibus,
649 1159 703 1205 et
731 1151 988 1205 ministris
1015 1152 1203 1205 exsilio
1232 1151 1472 1206 coerceri
1504 1168 1516 1204 :
1550 1152 1722 1220 ipsum
1752 1158 1930 1203 autem

343 1242 773 1297 machinatorem
821 1242 875 1295 in
924 1241 1149 1295 insulam
1202 1242 1370 1296 Boam
1418 1241 1608 1296 festina
1654 1242 1931 1295 celeritate

342 1332 572 1397 deduci;
605 1334 834 1396 ceteris,
875 1343 1035 1402 prout
1076 1334 1308 1399 libuerit,
1350 1334 1640 1388 dummodo
1679 1334 1937 1403 supersti-

344 1425 489 1478 tiosa
528 1424 833 1491 conjuratio
871 1425 1043 1478 exsilii
1092 1425 1258 1493 ipsius
1307 1425 1630 1500 discretione
1675 1426 1934 1489 solvatur,

345 1515 405 1567 in
435 1515 705 1568 solitarius
744 1523 799 1569 et
854 1514 1014 1583 longo
1043 1515 1217 1584 spatio
1247 1515 1387 1569 inter
1423 1530 1480 1569 se
1506 1516 1708 1583 positas
1736 1516 1935 1569 insulas

347 1606 406 1658 in
436 1615 753 1675 perpetuum
772 1605 1083 1674 deportatis.
1104 1604 1163 1660 Si
1183 1605 1306 1675 quis
1322 1614 1498 1661 autem
1519 1648 1533 1671 ,
1559 1607 1813 1675 pertinaci
1840 1607 1937 1659 im-

345 1695 624 1764 probitate
683 1696 847 1748 vetita
892 1704 946 1749 et
990 1695 1259 1760 damnata,
1308 1697 1649 1765 repetiverit,
1698 1697 1831 1751 sciat
1878 1712 1936 1749 se

2031 524 2293 577 carequc:
2320 511 2666 579 superioribus
2688 512 2861 564 diebus
2891 512 3133 565 haeresim
3162 510 3430 566 Joviniani
3451 512 3611 570 fuisse

2032 617 2140 655 uno
2166 618 2441 657 sacrorum
2468 604 2781 671 antistitum,
2806 605 2896 673 qui
2917 613 3301 671 convenerant,
3334 621 3430 660 ore
3456 607 3611 663 dam-

2034 700 2233 755 natam,
2266 709 2423 762 quam
2454 695 2581 748 item
2612 696 2855 749 haeresim
2883 698 2949 749 sit
2973 707 3238 751 exsecrata
3257 700 3346 768 pia
3372 702 3488 770 ipsa
3514 702 3614 753 im-

2034 783 2246 852 perialis
2293 795 2535 853 potestas.
2587 784 2771 854 Neque
2814 803 2943 840 vero
2982 788 3269 857 quidquam
3316 789 3509 844 virium
3563 791 3613 845 ei

2035 887 2349 945 argumento
2382 879 2537 941 inest,
2556 880 2695 946 quod
2729 880 2926 949 petitur
2946 896 3012 934 ex
3041 883 3312 936 nominata
3328 898 3358 937 a
3380 885 3612 940 Maximo

2036 969 2418 1024 Mediolanensi
2468 970 2721 1035 Ecclesia,
2772 987 2891 1040 quze
2932 972 3317 1041 blasphemiam
3344 974 3613 1029 Ioviniani

2036 1059 2307 1115 horruerit.
2343 1060 2473 1127 Quis
2519 1064 2659 1115 enim
2713 1064 2922 1131 ignorat
2959 1066 3246 1119 memorari
3300 1066 3615 1135 plerumque

2036 1154 2209 1219 abiis,
2240 1155 2329 1222 qui
2375 1154 2462 1207 diu
2511 1164 2632 1223 post
2658 1156 2918 1218 vixerint,
2968 1156 3182 1211 decreta
3212 1157 3609 1224 Ecclesiarum;

2037 1261 2209 1314 exque
2240 1246 2425 1300 iisdem
2454 1247 2687 1301 decretis
2714 1249 2884 1317 repeti
2905 1250 3035 1321 ῥητὰ
3061 1249 3323 1317 quzedam,
3356 1251 3613 1305 describi-

2036 1353 2140 1405 que
2169 1338 2382 1391 solere?
2411 1338 2587 1401 Quare
2616 1339 2809 1391 mirum
2835 1338 3001 1393 videri
3024 1354 3129 1394 non
3157 1339 3335 1404 debet,
3375 1342 3438 1404 si,
3469 1341 3610 1409 quod

2038 1428 2298 1482 Maximus
2326 1428 2535 1497 scripsit
2569 1446 2581 1479 :
2622 1428 2882 1481 Christum
2916 1427 3266 1498 (Iovinianus)
3298 1429 3615 1501 blasphemat

2028 1538 2102 1574 ea:
2125 1522 2323 1590 virgine
2344 1537 2447 1573 non
2468 1522 2692 1589 potuisse
2714 1522 2981 1590 generari,
3015 1538 3127 1574 cum
3156 1538 3350 1592 negare
3386 1539 3489 1576 non
3518 1540 3614 1575 au-

2038 1612 2174 1675 deat,
2207 1627 2270 1664 ex
2300 1611 2511 1664 muliere
2539 1610 2689 1663 editis
2718 1611 3055 1663 humanorum
3076 1613 3347 1681 pignorum
3368 1610 3612 1680 partubus

2037 1703 2257 1770 virgines
2278 1717 2579 1771 permanere
2602 1717 2618 1752 :
2650 1701 2700 1753 id
2728 1701 2794 1755 ab
2819 1701 3047 1769 epistola
3070 1702 3324 1771 synodica
3355 1701 3613 1754 Mediola-

349 1786 710 1839 austeriorem
751 1786 1073 1839 sententiam
1120 1787 1438 1841 subiturum.
1474 1788 1590 1841 Dat.
1624 1788 1760 1857 prid.
1804 1804 1931 1843 non.
1971 1796 2011 1853 Β
2042 1794 2219 1846 uensis
2265 1793 2477 1847 concilii
2525 1808 2612 1846 an.
2683 1791 2786 1845 589
2851 1799 3123 1846 mutuatus
3170 1792 3365 1858 fuerit,
3417 1793 3469 1846 iu
3510 1808 3616 1861 qua

349 1875 510 1928 Mart.
542 1874 779 1929 Honorio
810 1874 879 1927 lX
908 1885 961 1929 et
1011 1875 1315 1931 Theodosio
1342 1878 1387 1930 V
1414 1878 1665 1946 Augustis
1701 1879 1933 1933 consuli-

346 1964 469 2017 bus.
514 1983 531 2015 ι
567 1965 722 2017 Anno
751 1965 953 2019 scilicet
980 1965 1102 2019 412.
1136 1965 1216 2019 Ad
1244 1982 1363 2021 eam
1387 1967 1558 2035 legem
1589 1969 1702 2022 haec
1731 1977 1813 2023 est
1851 1985 1939 2037 ap-

350 2057 529 2124 posita
574 2070 605 2108 a
652 2055 853 2111 laccho
901 2056 1232 2113 Gothofredo
1277 2060 1713 2115 animadversio:
1765 2079 1783 2111 ι
1819 2060 1938 2115 Fuit

353 2155 566 2215 tempus
593 2163 712 2201 cum
742 2148 1037 2213 crederem,
1061 2164 1160 2218 pro
1180 2151 1531 2221 episcoporum
1552 2151 1637 2206 hic
1658 2151 1937 2219 legendum

349 2237 582 2306 episcopi
627 2236 870 2303 Romani,
902 2254 966 2291 eo
1014 2240 1157 2308 quod
1186 2241 1238 2293 in
1268 2241 1524 2309 peculiari
1563 2240 1677 2309 ejus
1721 2241 1939 2295 dimcesi

354 2327 600 2381 Romana
625 2327 938 2382 Jovinianus
960 2330 1057 2384 hos
1082 2340 1254 2385 cmtus
1282 2332 1529 2398 agitaret.
1556 2331 1937 2385 Verumtamen

355 2417 491 2470 nihil
521 2425 723 2471 temere
771 2421 1101 2473 mutandum.
1135 2420 1271 2487 Quin
1307 2436 1376 2475 ex
1404 2437 1470 2476 eo
1499 2422 1643 2491 quod
1673 2421 1940 2477 llonorius

353 2507 454 2559 hac
494 2508 621 2578 lege,
671 2509 827 2573 dicit,
885 2525 1238 2566 smscoronun
1288 2512 1562 2581 querelam
1609 2512 1934 2581 deplorasse,

352 2594 698 2651 Iovinianum
743 2608 1038 2654 conventus
1086 2616 1245 2668 agere
1290 2610 1441 2657 extra
1488 2618 1708 2669 muros,
1757 2604 1936 2672 colligi

358 2703 521 2758 posse
558 2690 789 2756 videtur,
834 2690 1069 2745 habitam
1109 2693 1213 2748 hoc
1258 2702 1501 2765 tempore
1544 2694 1707 2751 fuisse
1756 2696 1939 2751 Romae

355 2780 620 2850 synodum
668 2783 1061 2852 episcoporum,
1110 2785 1249 2839 haud
1297 2787 1455 2841 aliter
1500 2796 1662 2856 atque
1705 2790 1940 2860 synodus

358 2870 688 2940 Carthagine
735 2873 836 2928 hoc
882 2875 999 2943 ipso
1034 2892 1175 2930 anno
1202 2878 1379 2932 habita
1407 2878 1506 2933 fuit
1534 2880 1789 2935 adversus
1816 2880 1939 2936 Cm-

359 2961 575 3015 lestium
605 2962 761 3030 hujus
788 2962 1052 3017 Joviniani
1082 2967 1369 3035 gregalem.
1399 2988 1417 3020 ι
1445 2968 1647 3023 Eodem
1677 2969 1937 3037 recidunt,

358 3067 483 3122 quae
526 3055 836 3123 complexus
879 3065 960 3109 est
1000 3056 1240 3112 Flevrius
1287 3060 1376 3112 lib.
1422 3077 1550 3114 xxnt
1579 3060 1814 3116 historiae
1844 3063 1935 3133 (c).

2042 1880 2279 1953 [cxxxvt]
2309 1898 2454 1935 num.
2497 1881 2530 1933 4
2578 1882 2657 1951 ((1)
2703 1881 2929 1950 idipsum
2984 1881 3201 1935 effertur
3256 1883 3359 1936 hoc
3408 1880 3612 1935 modo:

2042 1972 2247 2036 Quanta
2277 1974 2531 2026 dementia
2569 1972 2888 2043 funestorum
2919 1974 3227 2036 latratuum,
3265 1980 3321 2025 ut
3347 1973 3502 2025 iidem
3531 1971 3615 2023 di-

2038 2072 2228 2126 cerent,
2264 2064 2517 2115 Christum
2539 2078 2603 2115 ea:
2633 2063 2830 2133 virgine
2857 2080 2961 2115 non
2984 2064 3209 2130 potuisse
3230 2062 3498 2131 generari,
3530 2062 3617 2132 qui

2039 2161 2293 2214 asserunt,
2325 2168 2390 2203 ex
2418 2150 2644 2215 muliere,
2668 2152 2818 2203 editis
2841 2151 3178 2203 humanorum
3201 2151 3471 2220 pignorum
3493 2166 3617 2219 par-

2039 2238 2207 2304 tubus,
2236 2241 2457 2309 virgines
2487 2256 2805 2308 permanere.
2838 2239 2906 2292 At
2930 2239 3093 2303 enim,
3124 2239 3278 2293 dicet
3309 2239 3519 2306 aliquis,
3563 2240 3615 2291 in

2038 2340 2279 2385 extrema
2325 2331 2512 2384 eadem
2558 2331 2784 2400 epistola
2843 2330 3097 2401 synodica
3154 2330 3350 2397 legitur
3403 2328 3617 2383 Maximi

2038 2422 2275 2491 episcopi
2304 2421 2660 2489 subscriptum
2692 2435 2906 2474 nomen.
2932 2419 3024 2473 Est
3053 2420 3123 2472 ita
3144 2419 3403 2488 profecto.
3421 2418 3618 2473 Verum

2038 2512 2316 2580 cujusnam
2360 2511 2507 2564 urbis
2554 2510 2835 2578 episc0pus
2882 2509 2971 2562 ille
3017 2508 3276 2562 Maximus
3305 2507 3478 2573 fuerit,
3510 2524 3619 2562 non

2039 2604 2167 2658 item
2196 2603 2407 2669 legitur.
2440 2601 2576 2656 Sunt
2617 2602 2707 2669 qui
2742 2602 3034 2655 antistitem
3073 2615 3192 2653 eum
3222 2599 3619 2667 Emoniensem,

2040 2702 2099 2749 ut
2138 2702 2217 2749 est
2245 2695 2298 2747 in
2323 2693 2563 2747 Romana
2594 2708 2817 2761 operum
2866 2692 3132 2746 Ambrosii
3173 2691 3425 2755 editione,
3459 2690 3621 2745 fuisse

2040 2786 2233 2841 ferant.
2261 2785 2369 2839 Nec
2397 2799 2525 2837 vero
2558 2784 2696 2837 ratio
2726 2792 2806 2837 est
2849 2783 2951 2836 ulla
2982 2798 3101 2850 quae
3143 2798 3257 2847 nos,
3286 2780 3414 2849 quin
3444 2782 3508 2834 iis
3534 2796 3622 2834 as—
3718 2822 3727 2829 .

2039 2876 2354 2941 sentiamur,
2400 2873 2685 2927 deterreat.
2737 2873 2848 2926 Imo
2896 2881 3084 2927 contra
3121 2881 3203 2927 est
3246 2873 3422 2942 aliqua
3461 2872 3623 2941 plane

2040 2966 2235 3034 gravis,
2266 2979 2383 3034 quae
2408 2964 2697 3026 convincit,
2739 2979 2805 3017 ne
2848 2978 2936 3016 an.
2988 2962 3090 3017 589
3120 2963 3327 3033 synodo
3373 2962 3624 3017 Mediola-

2040 3058 2193 3111 nensi
2220 3056 2434 3109 affuisse
2456 3064 2704 3125 putemus
2725 3070 2867 3119 eum,
2889 3069 3048 3122 quem
3082 3055 3363 3119 unum,cui
3387 3054 3621 3108 Maximo

362 3147 479 3214 Age
509 3162 633 3199 vero
681 3148 724 3199 si
749 3148 1019 3202 celebrata
1066 3165 1207 3204 anno
1255 3150 1359 3203 412
1388 3151 1570 3206 Romm
1590 3153 1822 3224 synodus
1846 3154 1939 3207 ad-
1964 3160 2008 3219 (ζ
2039 3156 2181 3202 esset
2209 3161 2422 3210 nomen,
2456 3146 2644 3212 quinto
2678 3145 2872 3199 saeculo
2919 3145 3285 3213 episc0patum
3331 3143 3622 3199 Taurinen-

364 3254 551 3292 versus
575 3236 914 3293 Jovinianum
943 3249 1043 3305 est,
1074 3242 1199 3310 quid
1228 3244 1467 3311 impedit,
1496 3244 1624 3311 quin
1654 3245 1940 3299 Maximum

362 3343 430 3381 eo
461 3344 520 3382 se
549 3329 869 3396 contulisse,
897 3330 1211 3401 synodoque
1237 3333 1335 3400 ipsi
1368 3332 1713 3405 interfuisse(
1752 3349 1941 3402 quem-

364 3419 651 3472 admodum
682 3430 821 3489 post,
852 3436 993 3475 anno
1025 3422 1231 3476 scilicet
1251 3421 1372 3487 465,
1421 3423 1684 3493 interfuit)
1711 3425 1937 3478 arbitrec

364 3510 521 3561 mur?
542 3508 677 3573 Quid
702 3510 879 3563 enim?
903 3511 983 3563 An
1013 3512 1104 3580 qui
1126 3528 1214 3565 an.
1256 3511 1361 3564 412
1389 3514 1473 3567 vel
1500 3512 1597 3566 411
1632 3515 1945 3584 episcopatu

369 3598 513 3665 fungi
544 3600 723 3668 coepit,
754 3601 796 3653 is
834 3617 939 3655 non
969 3602 1142 3671 potuit
1186 3601 1252 3656 ad
1281 3619 1367 3656 an.
1410 3602 1516 3656 465
1543 3618 1840 3674 propagare
1870 3604 1948 3657 vi-

369 3687 735 3743 tam?llosius
759 3690 973 3758 quidem
1016 3701 1181 3755 certe,
1226 3695 1317 3760 qui
1362 3694 1513 3749 initio
1553 3696 1729 3749 smculi
1756 3711 1806 3748 tv
1829 3694 1945 3763 epi-

366 3787 646 3846 scopatum
695 3780 971 3834 obtinebat
1013 3782 1450 3850 Cordubensem,
1500 3800 1640 3839 anno
1687 3785 1789 3839 557
1840 3795 1946 3840 tam

370 3869 536 3922 valuit
565 3869 786 3935 viribus,
821 3880 879 3924 ut
906 3872 1007 3927 iter
1035 3889 1100 3926 ex
1130 3872 1340 3944 Illyrico
1369 3874 1670 3930 Cordubam
1701 3877 1946 3933 institue-

367 3958 459 4021 rit,
510 3958 707 4026 ibique,
758 3961 858 4013 etsi
907 3977 1011 4014 uon
1054 3959 1339 4016 admodum
1379 3964 1508 4029 diu,
1551 3973 1607 4018 at
1640 3966 1948 4034 aliquandiu

368 4056 519 4101 certe
546 4050 696 4102 vixit.
744 4049 914 4115 Quid?
963 4050 1019 4105 Si
1066 4050 1325 4118 Gregorio
1358 4054 1653 4110 Turonensi
1703 4066 1856 4123 teste,
1889 4056 1945 4111 S.

370 4138 650 4207 Remigius
672 4140 998 4196 Rhemorum
1029 4144 1251 4197 antistes
1277 4145 1432 4198 annis
1462 4146 1579 4215 plus
1616 4148 1950 4215 septuaginta

368 4229 536 4295 gessit
564 4230 968 4299 episcopatum?
995 4232 1147 4286 Mitto
1172 4233 1238 4287 de
1259 4233 1606 4303 Simpliciano
1634 4238 1805 4291 sancti
1826 4238 1952 4291 Am-

370 4319 538 4372 brosii
558 4335 886 4385 successore,
913 4321 980 4375 de
1025 4322 1298 4389 Salviano,
1330 4325 1502 4395 deque
1531 4325 1668 4390 aliis,
1702 4327 1792 4395 qui
1822 4343 1952 4380 sane

371 4411 554 4480 plures
582 4409 817 4477 fuerunt,
849 4413 1047 4479 dicere,
1080 4416 1171 4484 qui
1200 4430 1401 4469 annum
1435 4416 1609 4469 natalis
1637 4432 1803 4485 prope
1823 4433 1950 4470 cen-

2042 3252 2152 3292 sem
2194 3236 2429 3289 tenuisse
2458 3234 2636 3304 prodit
2679 3234 2998 3302 antiquitas;
3045 3249 3310 3303 quemque
3354 3235 3625 3301 cognitum

2043 3337 2204 3395 atque
2245 3334 2580 3395 compertum
2626 3332 2745 3388 est,
2788 3339 2929 3379 anno
2993 3323 3098 3377 465
3146 3324 3369 3379 Romam
3414 3326 3629 3380 venisse

2042 3415 2380 3482 concilioque
2410 3412 2711 3467 interfuisse
2734 3450 2748 3476 ,
2801 3413 2943 3481 quod
2972 3412 3184 3468 Hilarus
3221 3412 3463 3482 pontifex
3491 3429 3626 3469 cou-

2043 3514 2277 3560 vocarat.

2115 3593 2209 3647 His
2230 3592 2555 3656 constitutis,
2588 3590 2747 3644 iidem
2776 3591 2868 3655 illi,
2902 3591 2994 3658 qui
3024 3590 3236 3644 nonnisi
3266 3606 3429 3644 unum
3462 3591 3629 3646 fuisse

2046 3686 2431 3739 Taurinensem
2465 3684 2774 3753 episcopum
2814 3681 2870 3735 S.
2914 3680 3206 3734 Maximum
3252 3689 3513 3749 pugnant,
3559 3681 3629 3735 ad

2045 3776 2293 3831 homilias
2318 3774 2662 3838 descendunt,
2688 3787 2805 3840 qua:
2834 3771 2981 3826 luere
3011 3787 3040 3825 a
3072 3770 3303 3826 Maximo
3328 3772 3443 3841 ipso
3471 3771 3629 3826 dicta:

2048 3868 2118 3921 de
2145 3866 2242 3922 SS.
2274 3865 2594 3936 martyribus
2620 3863 2923 3917 Alexandro
2948 3903 2962 3927 ,
3007 3862 3261 3934 Martyrio
3286 3869 3341 3917 et
3368 3861 3629 3917 Sisinnio.

2050 3958 2261 4026 Negant
2290 3957 2366 4011 illi
2396 3955 2681 4026 quidquam
2709 3956 2761 4009 in
2790 3955 2853 4007 iis
2898 3953 3162 4008 contineri
3202 3954 3347 4023 quod
3373 3968 3483 4007 sate
3510 3968 3633 4007 sen-

2050 4049 2230 4103 tentize
2274 4030 2555 4115 repugnet.
2602 4044 2734 4097 Nam
2776 4043 3038 4097 videritne
3080 4034 3174 4097 eos
3227 4051 3506 4114 martyres,
3550 4042 3633 4096 in-

2050 4141 2257 4210 quiunt,
2290 4138 2346 4191 S.
2374 4136 2595 4201 Prmsul,
2625 4150 2795 4189 necne
2824 4134 3013 4188 viderit
3039 4172 3053 4196 ,
3095 4134 3246 4202 parvi
3276 4134 3494 4188 referre.
3526 4132 3634 4187 Fac

2052 4233 2193 4286 enim
2220 4230 2429 4292 viderit,
2472 4242 2592 4281 cum
2639 4226 2905 4280 decimum
2953 4232 3139 4292 ageret
3177 4225 3351 4279 aetatis
3399 4239 3631 4287 annum;

2051 4321 2243 4391 ecquid
2272 4319 2397 4373 novi
2424 4318 2627 4381 fuisset,
2675 4316 2719 4368 si
2758 4314 3012 4369 decennis
3050 4316 3142 4382 qui
3174 4323 3289 4368 erat
3310 4330 3397 4368 an.
3433 4315 3535 4368 597
3562 4316 3635 4369 ad

2054 4428 2253 4466 annum
2297 4408 2402 4463 465
2446 4408 2786 4480 produxisset
2826 4406 3029 4460 vitam?
3058 4404 3289 4459 Vixisset
3327 4415 3473 4460 certe
3502 4420 3629 4459 ann.

372 4501 624 4555 tesimum
647 4503 954 4571 attigerunt.
980 4503 1134 4570 Quod
1162 4521 1258 4560 cur
1286 4506 1354 4560 de
1382 4506 1614 4560 Maximo
1655 4506 1952 4575 negandum
1984 4522 2029 4580 υ
2057 4500 2141 4554 78.
2174 4501 2313 4566 Quot
2338 4507 2517 4553 autem
2543 4505 2684 4557 sunt,
2726 4503 2964 4565 quotque
3009 4493 3226 4549 fuerunt
3250 4533 3265 4557 ,
3317 4494 3409 4563 qui
3449 4503 3634 4562 agant,

370 4591 462 4656 sit,
495 4607 563 4646 ne
591 4594 851 4663 suspicari
879 4595 1093 4663 quidem
1135 4611 1447 4665 possumus;
1497 4611 1618 4650 cum
1660 4597 1953 4665 praesertim

372 4682 495 4750 ejus
530 4682 583 4735 in
613 4684 746 4738 actis
786 4685 996 4738 concilii
1028 4684 1256 4739 Romani
1302 4701 1444 4740 anno
1468 4684 1574 4738 465
1610 4686 1789 4740 statim
1836 4695 1959 4754 post

372 4772 543 4826 Hilari
572 4772 857 4841 pontiﬁcis,
889 4775 1097 4842 legatur
1142 4776 1265 4843 ejus,
1301 4776 1653 4846 subscriptio;
1704 4791 1822 4844 qua:
1867 4792 1954 4831 res

371 4860 573 4915 indicio
602 4868 703 4927 est,
734 4861 899 4918 fuisse
929 4864 1076 4917 illum
1106 4866 1447 4935 episcopatus
1468 4865 1702 4934 suscepti
1733 4880 1954 4919 munere

371 4950 586 5006 caeteris
631 4952 723 5019 qui
771 4952 1066 5007 intererant
1116 4955 1491 5025 antiquiorem.
1536 4953 1652 5007 Jam
1698 4954 1741 5007 si
1770 4954 1818 5008 ei
1868 4970 1955 5026 sy-

372 5040 542 5106 nodo,
569 5055 689 5109 quae
716 5042 983 5097 celebrata
1013 5059 1101 5097 an.
1145 5043 1251 5097 M9
1296 5044 1473 5107 luerit,
1516 5043 1755 5099 interfuit
1782 5044 1954 5097 Maxi-

370 5143 526 5195 mus;
557 5145 718 5185 causa
765 5132 970 5187 scilicet
1014 5133 1156 5187 nulla
1186 5142 1322 5198 erat,
1360 5134 1710 5201 quamobrem
1756 5134 1871 5202 ipse
1900 5133 1953 5187 in

369 5219 620 5289 ltomilia,
652 5238 813 5292 quam
843 5238 953 5279 non
980 5225 1149 5280 multo
1178 5233 1298 5295 post
1318 5226 1589 5291 recitavit,
1621 5234 1747 5296 apte
1775 5225 1955 5280 dicere

479 5484 530 5555 ὁ)
560 5485 759 5555 Errore
811 5484 1147 5541 librariorum
1196 5488 1247 5540 in
1279 5490 1397 5541 cod.
1432 5484 1625 5555 legitur
1655 5485 1948 5540 Iovianum.

452 5554 714 5627 (c)ANum.
738 5555 800 5627 4,
828 5557 1012 5627 adan.
1044 5556 1177 5623 412,
1208 5559 1297 5611 ubi
1332 5576 1343 5609 :
1376 5557 1471 5611 Les
1493 5554 1727 5627 enemies,
1761 5555 1950 5622 inquit,

371 5625 507 5677 dunt
534 5625 608 5677 les
637 5626 858 5693 plaintes
882 5626 1165 5680 donnérent
1191 5630 1428 5681 occasion
1454 5630 1483 5679 ὰ
1506 5625 1633 5679 cette
1647 5626 1737 5691 loi,
1768 5626 1957 5677 étaient

373 5696 638 5756 νειμ-ῥινί
678 5695 953 5750 assemblés
993 5712 1055 5749 en
1097 5699 1339 5750 conciler‘t
1373 5696 1547 5751 Rome.
1596 5695 1646 5749 Il
1690 5697 1815 5748 n’est
1845 5695 1954 5763 plus

478 5415 530 5626 αξ
563 5415 715 5470 Tom.
749 5416 834 5480 Vl,
878 5433 999 5486 pag.
1032 5417 1133 5470 174
1156 5457 1170 5481 ,
1202 5417 1329 5471 edit.
1374 5417 1616 5486 Lugdun.
1662 5432 1749 5469 an.
1797 5412 1953 5467 1665.

479 5484 507 5537 ὁ
560 5485 759 5540 Errore
811 5488 1147 5541 librariorum
1196 5488 1247 5540 in
1279 5490 1397 5541 cod.
1432 5488 1625 5555 legitur
1655 5485 1948 5540 Iovianum.

478 5570 503 5606 c
547 5554 714 5626 Num.
748 5555 800 5620 4,
828 5557 894 5610 ad
924 5572 1012 5610 an.
1044 5556 1177 5623 412,
1208 5559 1297 5611 ubi
1332 5576 1343 5609 :
1376 5557 1471 5611 Les
1493 5558 1727 5626 évéques,
1761 5555 1950 5622 inquit,

2063 4593 2270 4660 egerint
2296 4588 2743 4660 septuagesimum
2766 4595 3013 4641 octavum
3041 4587 3215 4640 aetatis
3243 4586 3474 4639 annum?
3496 4584 3636 4637 Rur-

2061 4700 2178 4738 sum
2217 4683 2405 4737 demus
2450 4681 2699 4735 homilias
2753 4679 2967 4734 easdem
3009 4680 3169 4734 fuisse
3216 4692 3357 4731 anno
3402 4675 3505 4729 420
3548 4676 3635 4730 vel

2058 4772 2161 4825 4‘25
2205 4773 2431 4825 habitas.
2482 4770 2621 4825 Nihil
2663 4772 2807 4824 enim
2853 4770 3092 4839 impedit.
3140 4767 3348 4821 Recens
3392 4765 3640 4835 profecto

2058 4865 2266 4919 illorum
2309 4870 2603 4935 martyrum
2651 4863 2740 4932 qui
2770 4878 2857 4915 an.
2911 4860 3012 4914 597
3058 4858 3425 4922 decesserant,
3457 4858 3640 4927 passio

2057 4961 2184 5007 tunc
2230 4951 2442 5017 fuisset;
2491 4951 2776 5019 dicereque
2822 4958 2968 5003 recte
3016 4948 3278 5002 Maximus
3319 4950 3636 5018 potuisset:

2060 5043 2187 5097 Illos
2227 5043 2487 5096 oculorum
2529 5041 2955 5109 contemplatione
2983 5040 3366 5108 cognoscimus;
3421 5042 3638 5094 istorum

2059 5134 2309 5203 supplicia
2330 5134 2492 5186 vultus
2515 5131 2803 5184 testimonio
2826 5129 3162 5193 continemus,
3193 5137 3298 5183 etc.

2129 5223 2294 5278 Multo
2324 5238 2440 5279 esse
2480 5222 2666 5281 levius,
2700 5221 2868 5284 aiunt,
2902 5219 3046 5288 quod
3091 5221 3380 5290 opponitur
3411 5220 3478 5274 de
3519 5222 3633 5274 Ala.

2059 5413 2206 5482 parlé
2235 5412 2410 5484 depuis
2438 5411 2499 5463 de
2524 5408 2788 5474 Ioviuien,
2815 5411 2966 5484 sinon
2996 5430 3090 5482 que
3123 5413 3224 5465 l‘on
3256 5414 3329 5466 dit
3349 5413 3474 5484 qu'il
3519 5430 3642 5466 con-

2063 5486 2205 5560 tinua
2222 5482 2423 5560 jusqn’a
2453 5484 2504 5560 la
2527 5486 2660 5560 mort
2687 5482 2853 5560 sapio
2873 5485 3219 5560 voluptuense.

2134 5549 2403 5672 gd)Epist.
2456 5551 2700 5603 Ambros.
2734 5549 2804 5634 42
2831 5552 2896 5605 ad
2944 5549 3190 5606 Siriciuzn
3215 5591 3230 5613 ,
3278 5568 3423 5604 num.
3454 5551 3485 5602 4
3516 5562 3639 5619 pag.

2172 5622 2217 5672 1.
2248 5630 2378 5672 ῐοιη.
2412 5620 2473 5672 Ill
2503 5636 2649 5672 oner.
2683 5622 2810 5672 edit.
2839 5622 3056 5672 Veneta:
3082 5638 3169 5672 an.
3200 5621 3351 5672 1751.

2070 5620 2217 5685 1011,
2248 5630 2378 5673 tom.
2412 5620 2473 5673 lll
2503 5636 2649 5689 oper.
2683 5622 2810 5676 edit.
2839 5622 3056 5677 Veneta:
3082 5638 3169 5675 an.
3200 5621 3351 5673 1751.
