4138 6186
534 286 637 359 ίῦδ

1596 285 1756 345 VITA
1790 286 1850 345 S.
1889 287 2135 346 MAXIMI
2171 289 2638 351 TAURINENSIS.

3674 293 3778 349 £56

529 400 639 459 sici
658 397 973 471 irruptione.
1005 397 1124 456 Non
1151 398 1295 454 enim
1332 396 1475 454 hanc
1515 395 1742 452 indicari
1766 412 1799 452 a
1827 395 2059 454 Maximo
2082 440 2102 468 .
2130 406 2177 464 Α
2206 403 2467 459 intulisse.
2499 402 2632 459 Inde
2673 381 3040 473 progressum,
3087 399 3465 467 Concordiam,
3502 398 3782 475 Cenetam,

532 493 630 550 sed
656 506 796 558 eam,
811 505 974 561 quam
1001 488 1179 546 medio
1197 488 1394 545 saeculo
1420 504 1450 543 v
1477 489 1532 545 in
1551 488 1757 543 Italiam
1780 486 1906 543 fecit
1923 488 2108 545 Attila.

532 583 666 640 Nam
694 583 748 637 in
787 598 851 638 ea
879 581 1118 647 homilia,
1160 596 1279 650 qua:
1314 588 1397 636 est
1422 581 1486 635 de
1524 580 1716 636 Bellica
1761 580 1978 635 tumultu
2011 582 2110 653 (a),

533 674 699 742 agia
745 671 975 726 Maximo
1016 672 1082 725 de
1126 667 1367 725 barbaris
1412 670 1673 735 hostibus,
1712 671 1804 740 qui
1861 670 1913 725 in
1961 669 2115 724 finiti-

530 778 646 816 mas
678 761 926 829 Augustae
974 759 1328 814 Taurinorum
1368 760 1615 828 regiones
1662 759 1981 814 invasissent
2011 759 2107 831 (b).

531 852 749 928 Nan-ari
778 852 899 905 inde
931 868 944 903 :
977 850 1120 904 cives
1146 848 1486 920 perturbatos
1510 856 1656 904 metu
1683 890 1698 914 ,
1731 851 1938 905 munire
1966 850 2112 904 urbis

530 950 714 1011 portas
744 941 816 1013 (ε)
847 941 1105 1010 erupisse;
1147 940 1392 1010 prmsidia
1422 940 1475 994 in
1511 941 1676 995 muris
1704 948 1973 1008 statuere;
2012 957 2111 1011 ap-

532 1049 724 1103 parare
751 1034 983 1104 denique
1007 1033 1208 1097 omnia,
1252 1047 1371 1101 qua:
1415 1030 1661 1087 conferre
1687 1033 1752 1087 ad
1795 1032 1993 1087 bellum
2020 1049 2113 1087 su-

529 1123 835 1180 stinendum
865 1131 1101 1193 possent.
1127 1122 1183 1175 ln
1215 1121 1383 1176 altera
1410 1130 1591 1176 autem
1614 1122 1855 1189 homilia,
1886 1136 2005 1190 qua:
2030 1128 2113 1175 est

527 1215 595 1268 de
618 1213 866 1269 Hostibus
895 1231 999 1270 non
1024 1212 1279 1276 timendis,
1294 1225 1518 1280 qumque
1539 1220 1621 1267 est
1640 1228 1864 1268 numero
1887 1227 2101 1266 Lxxxvtt

533 1321 656 1378 pag.
712 1305 809 1359 29l
862 1321 1002 1376 seq.,
1044 1306 1252 1360 moneri
1307 1302 1375 1357 ab
1421 1304 1626 1373 optimo
1666 1305 2111 1373 sanctissimoque

530 1398 757 1468 praesule
779 1395 1138 1451 Taurinenses
1167 1398 1280 1469 (qui
1325 1413 1445 1453 sese
1473 1396 1541 1451 ad
1587 1396 1869 1450 tuitionem
1915 1409 2112 1464 parare

528 1488 850 1562 pergerent)
891 1497 951 1543 ut
988 1488 1042 1543 in
1081 1487 1416 1543 tribulatione
1445 1496 1590 1543 tanta
1627 1494 1864 1551 orarent,
1890 1485 2110 1557 jejuna-

528 1592 663 1648 rcut,
683 1582 984 1654 psallerent,
1008 1582 1389 1637 misererentur.
1419 1580 1576 1636 Hisce
1606 1576 1928 1647 adjumentis
1955 1574 2111 1630 Chri-

529 1672 732 1727 stianos
758 1685 878 1725 esse
904 1685 1123 1725 suorum
1150 1670 1386 1726 hostium
1407 1670 1639 1724 victores
1666 1667 1860 1722 solere.
1891 1664 2108 1719 Frustra

2213 495 2467 561 Altinum,
2508 495 2828 562 Tarvisium,
2867 494 3168 564 Patavium,
3208 495 3493 559 Vicetiam,
3523 492 3779 559 Brixiam,

2212 586 2532 655 Bergomum
2560 589 2787 659 cepisse.
2818 587 2949 645 Eam
2976 605 3091 645 rem
3133 598 3334 645 metum
3360 588 3572 644 auxisse
3599 585 3790 643 Tauri-

2211 679 2475 734 nensinm.
2508 677 2803 750 Quocnim
2832 681 3182 750 implacabilis
3217 681 3390 736 hostis
3417 678 3627 735 accedit
3662 695 3789 747 pro-

2213 769 2351 850 pius,
2374 783 2443 823 eo
2468 769 2725 838 majorem
2765 769 2957 826 incolis
2981 771 3310 826 commoveri
3346 778 3544 825 metum
3588 769 3780 825 solere.

2210 859 2259 914 ls
2306 861 2576 931 oppressis
2620 861 2862 931 oppidis,
2912 861 3130 916 Attilam
3181 860 3474 918 secundam
3516 860 3783 915 fortunam

2210 959 2483 1017 secutum,
2532 966 2679 1006 arma
2742 951 3101 1007 Mediolanum
3153 952 3359 1007 tulisse.
3402 950 3478 1004 Ea
3529 951 3580 1004 in
3629 951 3779 1017 urbe,

2211 1056 2369 1109 quam
2399 1041 2498 1096 sibi
2529 1042 2582 1095 in
2629 1050 2955 1111 potestatem
2995 1041 3298 1111 redegerat,
3340 1041 3456 1096 dira
3498 1041 3781 1097 barbarum

2210 1128 2444 1183 edidisse
2471 1129 2716 1199 exempla
2760 1130 3107 1185 crudelitatis.
3134 1128 3264 1183 Inde
3293 1128 3560 1198 conjicere
3595 1144 3782 1198 queui-

2211 1233 2317 1289 que
2367 1235 2544 1289 posse,
2590 1229 2823 1290 quantus
2871 1219 3228 1288 ingruentium
3274 1234 3545 1273 armorum
3590 1219 3782 1274 horror

2210 1311 2417 1366 animos
2442 1312 2695 1367 invaserit
2722 1310 3154 1376 Taurinensium;
3183 1325 3449 1380 quamque
3468 1311 3537 1365 ob
3564 1323 3781 1365 causam

2210 1415 2396 1454 eorum
2437 1399 2592 1455 multi
2640 1399 2927 1455 statuerint
2968 1399 3089 1467 fuga
3126 1398 3368 1470 pecunia:
3396 1413 3461 1453 ac
3486 1396 3641 1453 saluti
3670 1411 3782 1454 sua:

2208 1490 2536 1559 prospicere.
2569 1478 2909 1543 lmminutnm
2951 1503 3113 1558 porro
3142 1495 3401 1542 terrorem
3440 1484 3620 1550 fuisse,
3656 1501 3778 1541 cum

2209 1577 2375 1632 Attila
2405 1577 2708 1633 Mediolano
2735 1577 3037 1648 profectus,
3069 1576 3302 1632 Leonem
3332 1575 3637 1645 pontificem
3656 1617 3671 1641 ,
3703 1576 3782 1630 le-

2209 1677 2469 1738 gatosque
2496 1669 2832 1739 imperatoris
2861 1667 3216 1722 Valentiniani
3237 1666 3305 1721 Ill
3334 1665 3402 1723 de
3425 1683 3558 1737 pace
3584 1683 3781 1738 exspe-

530 1778 627 1818 eos
654 1763 876 1830 vigilare
899 1762 986 1834 qui
1011 1771 1214 1831 putant,
1245 1778 1302 1814 se
1322 1777 1529 1815 armare
1560 1759 1831 1821 civitatem,
1870 1773 1982 1810 cum
2008 1756 2108 1826 ipsi
2139 1765 2182 1824 Β
2210 1766 2471 1823 ctaturus,
2503 1775 2609 1814 non
2638 1757 2929 1814 admodum
2967 1759 3126 1827 longe
3159 1759 3225 1813 ab
3264 1759 3394 1813 urbe
3439 1757 3650 1812 Mantua
3670 1797 3686 1822 ,
3714 1774 3781 1813 eo

535 1854 658 1924 ﬁdei
681 1848 829 1907 arma
854 1870 958 1907 non
981 1850 1235 1917 habeant;
1260 1859 1477 1922 tuncque
1503 1866 1615 1903 esse
1648 1850 1897 1902 munitam
1928 1848 2106 1901 civita-

530 1950 653 2005 tem,
686 1958 801 1996 cum
819 1957 935 1996 eam
962 1941 1183 1995 custodit
1214 1939 1369 1994 Deus.
1401 1937 1600 1994 Eodem
1629 1937 1876 1992 bomilias
1895 1934 1963 1989 89
1983 1950 2104 2006 pag.

530 2029 635 2084 297
656 2045 831 2098 seqq.,
881 2038 936 2083 et
983 2028 1051 2082 90
1095 2042 1216 2098 pag.
1261 2027 1357 2082 50l
1406 2042 1583 2097 seqq.,
1634 2034 1690 2081 et
1727 2025 1789 2078 9i
1822 2038 1945 2094 pag.
1985 2021 2105 2089 505,

529 2120 817 2191 pertinere.
842 2117 899 2172 In
922 2117 1024 2172 hac
1051 2126 1321 2187 postrema
1351 2115 1596 2185 redargui
1633 2115 1777 2169 cives
1798 2130 1829 2168 a
1853 2113 2103 2178 Maximo,

530 2217 818 2281 propterea
870 2206 1014 2277 quod
1077 2206 1405 2261 imminentis
1454 2204 1718 2258 vastitatis
1748 2245 1763 2270 ,
1796 2203 2111 2272 ,excidiique

530 2307 695 2365 metu,
720 2312 840 2353 cum
874 2296 1096 2366 propius
1143 2295 1328 2351 hostes
1363 2295 1698 2358 accederent,
1730 2290 1986 2367 [cxxxvu]
2017 2307 2111 2362 pe-

530 2390 701 2445 cuniae
747 2388 817 2443 ob
861 2387 1139 2442 avaritiam
1187 2385 1466 2443 servanda:
1511 2400 1692 2451 causa,
1726 2384 1900 2452 fugam
1951 2400 2110 2454 para-

531 2487 684 2545 rent,
716 2479 1057 2534 immemores
1083 2478 1424 2546 sempiternse
1465 2476 1654 2530 salutis
1693 2490 1801 2529 sua:
1829 2476 1929 2545 (ά).
1950 2473 2113 2528 Cum-

530 2583 638 2639 que
704 2567 1054 2622 nihilosecius
1114 2567 1260 2622 cives
1311 2565 1648 2635 trepidarent
1708 2573 1888 2627 metu,
1943 2564 2112 2618 Maxi-

534 2674 680 2714 mum
729 2657 918 2713 homil.
974 2655 1064 2723 92,
1114 2670 1236 2727 pag.
1268 2655 1372 2709 507
1419 2670 1594 2725 seqq.,
1642 2662 1700 2709 et
1742 2653 1962 2708 homilia
2010 2652 2108 2719 9'5,

532 2762 655 2821 pag.
686 2747 784 2802 511
819 2762 993 2819 seqq.,
1024 2745 1272 2816 exemplo
1299 2744 1462 2801 Elisci
1504 2744 1778 2799 hortatum
1816 2744 1962 2814 ipsos
1990 2758 2113 2807 ma-

530 2838 705 2911 jorem
733 2839 786 2893 in
812 2838 1028 2893 modum
1054 2836 1236 2901 fuisse,
1259 2847 1319 2890 ut
1345 2851 1410 2890 ne
1431 2835 1622 2889 animis
1643 2833 1920 2897 caderent,
1946 2842 2111 2903 utque

533 2937 772 2985 orarent.
802 2927 859 2982 ιιι
889 2928 934 2983 si
959 2928 1226 2992 fecissent,
1250 2927 1401 2983 brevi
1430 2926 1662 2982 hostium
1691 2927 1949 2996 impetum
1969 2941 2113 2981 com-

535 3034 779 3090 pressum
812 3018 877 3072 iri
905 3016 1262 3073 conﬁderent.
1295 3015 1430 3072 llinc
1449 3023 1621 3071 aucta:
1649 3017 1702 3071 in
1728 3014 1846 3073 dies
1875 3015 2111 3085 trepida-

2209 1850 2263 1905 in
2294 1851 2433 1916 loco,
2463 1851 2555 1905 ubi
2584 1848 2809 1905 Mincius
2855 1849 2907 1903 in
2938 1846 3141 1904 Padum
3188 1847 3392 1914 influit,
3429 1849 3779 1902 constitisset.

2207 1940 2447 2010 Denique
2474 1939 2700 1995 desiisse
2726 1947 2969 1994 metuere
3009 1938 3192 2003 Italos,
3233 1946 3397 2008 atque
3433 1935 3571 1992 adeo
3597 1936 3785 1992 Tauri-

2205 2045 2420 2093 nenscs,
2451 2030 2541 2084 ubi
2585 2034 2970 2096 cognoverunt,
3011 2028 3294 2084 barbarum
3338 2041 3551 2096 regem,
3584 2027 3784 2082 Leonis

2207 2118 2476 2192 pontiﬁcis
2503 2120 2768 2184 oratione,
2810 2118 3127 2174 deterritum
3156 2134 3186 2172 a
3215 2118 3546 2186 cogitatione
3587 2133 3783 2188 proro-

2207 2211 2366 2280 gandi
2391 2210 2537 2275 belli,
2568 2209 2865 2278 transgredi
2896 2225 3102 2264 rursum
3148 2208 3339 2279 Alpes,
3367 2216 3529 2277 atque
3565 2208 3632 2262 ad
3658 2224 3784 2264 suos

2208 2301 2409 2357 reverti
2436 2300 2709 2356 statuisse.
2744 2299 2893 2355 Hanc
2932 2315 3052 2355 esse
3098 2298 3531 2368 gravissimorum
3559 2299 3784 2368 scripto-

2208 2406 2326 2445 rum
2370 2391 2711 2446 sentcntiam.
2752 2389 3053 2445 Tristanum
3096 2389 3349 2445 Calchum
3393 2388 3641 2445 Historia:
3668 2389 3782 2444 Me-

2209 2479 2527 2534 diolanensis
2566 2480 2660 2535 lib.
2706 2497 2791 2546 ut,
2832 2492 2953 2549 pag.
2984 2479 3083 2543 64,
3115 2479 3192 2534 sic
3220 2479 3455 2534 habere:
3494 2498 3512 2531 ι
3542 2477 3786 2536 Abeunte

2210 2569 2395 2632 Attila,
2425 2570 2577 2638 quies
2604 2569 2770 2623 italia:
2795 2576 2968 2639 parta.
3008 2568 3113 2624 Sed
3140 2568 3314 2638 qualis
3341 2576 3398 2625 et
3443 2577 3643 2637 quanta
3679 2569 3787 2623 cla-

2210 2657 2304 2712 des
2332 2666 2553 2728 accepta
2583 2662 2672 2724 sit,
2699 2659 2821 2726 quia
2845 2658 3025 2712 caeteri
3055 2658 3348 2728 scriptores
3386 2658 3605 2712 nimium
3639 2657 3791 2713 testi-

2211 2755 2401 2804 nantes
2448 2749 2549 2803 ista
2597 2756 2940 2818 prrctcreunt,
2985 2758 3046 2804 ut
3092 2749 3414 2815 declaretur,
3457 2749 3788 2820 subjicienda

2211 2840 2393 2896 censui
2440 2838 2653 2894 Maximi
2696 2835 3037 2896 Taurinensis
3083 2840 3321 2911 episcopi
3361 2840 3547 2901 verba,
3580 2854 3647 2894 ex
3676 2854 3792 2894 ser-

2212 2947 2393 2996 mone,
2416 2946 2577 3000 quem
2606 2930 2675 2985 ad
2705 2930 2850 2986 cives
2879 2930 3307 2987 Mediolanenses
3341 2929 3412 2985 de
3451 2931 3793 3001 reparatione

2210 3020 2448 3075 ecclesia:
2500 3027 2559 3075 et
2605 3018 2761 3075 Urbis
2803 3020 3010 3075 habuit.
3040 3040 3059 3073 ι
3106 3019 3258 3075 Haud
3298 3034 3453 3075 secus
3489 3019 3793 3088 Remigium

534 3110 698 3166 tionis
724 3109 1133 3164 Taurincnsium
1176 3109 1442 3164 rationem
1488 3107 1714 3176 intelligi
1751 3108 1904 3162 facile
1930 3121 2106 3178 posse,
2137 3110 2183 3173 C
2212 3107 2495 3165 Ceilleruln
2518 3111 2839 3166 monachum
2862 3110 3265 3166 Benedictinum
3289 3110 3604 3165 eruditionis
3632 3109 3793 3163 laude

535 3204 581 3258 si
611 3202 679 3258 ad
709 3201 1088 3266 incursionem,
1121 3209 1408 3269 motusque
1440 3199 1620 3254 Attila:
1659 3199 1901 3268 exigatur
1932 3217 1944 3251 :
1976 3215 2109 3253 con—

536 3303 640 3361 tra,
673 3295 718 3349 si
740 3291 807 3347 ad
839 3292 1054 3358 Alarici,
1092 3290 1317 3360 intelligi
1346 3299 1493 3346 recte
1521 3305 1628 3345 non
1668 3303 1845 3359 posse.
1870 3288 2107 3354 Attilam,

534 3387 627 3456 qui
658 3395 745 3440 an.
780 3383 875 3438 451
912 3383 1093 3439 multis
1125 3381 1310 3438 Galliae
1347 3382 1565 3437 urbibus
1592 3381 1936 3452 expugnatis,
1968 3379 2105 3435 dire-

533 3475 662 3545 ptis,
690 3472 913 3537 eversis,
946 3470 1315 3529 incredibilem
1346 3472 1399 3526 in
1430 3469 1649 3526 modum
1678 3471 1730 3525 in
1759 3471 1906 3525 cives
1927 3471 2114 3525 smvie-

534 3571 639 3628 rat,
656 3577 796 3619 anno
809 3561 913 3619 452
932 3575 1124 3631 magno
1143 3562 1383 3617 exercitu
1403 3568 1734 3632 comparato,
1747 3562 2113 3631 superatisque

531 3651 684 3710 Juliis
712 3654 949 3725 Alpibus,
979 3653 1033 3707 in
1062 3652 1267 3708 italiam
1312 3652 1549 3717 irruissc,
1579 3660 1638 3707 et
1666 3652 1902 3715 obsessa,
1934 3661 2109 3720 capta,

533 3743 806 3799 destructa
851 3742 1088 3810 Aquileia
1112 3781 1127 3805 ,
1176 3742 1471 3811 incolisque
1512 3742 1706 3812 partim
1754 3742 2110 3812 interemptis,

533 3836 727 3905 partim
746 3832 979 3889 redactis
997 3833 1050 3886 in
1079 3833 1414 3897 servitutem,
1428 3846 1533 3887 non
1551 3832 1808 3901 proximis
1823 3832 1995 3886 solum
2023 3847 2110 3887 re-

530 3927 799 3995 gionibus,
829 3922 926 3980 sed
947 3924 1110 3979 etiam
1133 3923 1516 3980 remotioribus
1534 3929 1797 3979 terrorem
1815 3923 2108 3979 maximum

606 4130 682 4202 (α)
709 4129 1027 4202 uomitu.
1057 4142 1180 4202 ρρε.
1210 4127 1334 4182 287.

608 4196 682 4273 (ὁ)
715 4200 840 4268 l’ag.
871 4199 976 4273 288
1008 4196 1358 4273 allicimus,
1403 4197 1604 4273 inquit,
1621 4199 1723 4253 ista
1756 4196 2003 4273 bellorum
2034 4200 2102 4254 vi-

529 4266 705 4324 cinum
745 4266 908 4341 magis
957 4268 1102 4341 nobis
1138 4266 1393 4324 Christum
1426 4266 1537 4322 esse
1569 4267 1906 4341 demonstrat.
1935 4270 2102 4341 Atque

531 4342 647 4394 ideo
669 4338 944 4394 venientem
963 4340 1315 4395 adversarium
1335 4341 1637 4408 timere_non
1659 4338 1833 4401 debeo,
1860 4339 1981 4408 quia
2011 4338 2103 4408 per

530 4411 642 4465 lucc
664 4412 814 4480 signa
841 4411 1010 4463 venire
1034 4411 1203 4479 potius
1230 4409 1462 4478 intelligo
1491 4406 1831 4480 Salutarem.
1858 4406 2100 4480 Quamuis

527 4482 670 4534 enim
690 4475 784 4532 iste
808 4489 995 4532 metum
1022 4475 1238 4531 incutiat
1267 4475 1616 4547 temporalem,
1645 4476 1734 4530 ille
1756 4486 1923 4532 tamen
1951 4476 2096 4531 salu-

530 4559 633 4605 tem
662 4550 826 4618 defert
862 4548 1245 4618 sempiternam.

605 4619 676 4690 (ο)
714 4612 866 4690 lbid.,
898 4612 1019 4685 pag.
1187 4632 1198 4666 :
1226 4613 1361 4690 Dum
1390 4615 1536 4690 enim
1559 4614 1703 4690 cauti
1729 4630 1901 4669 sumus
1940 4615 2011 4668 ad
2035 4631 2099 4669 ea

528 4683 954 4759 quie'cernimu's,
978 4683 1247 4759 cautiores
1281 4683 1354 4759 ad
1384 4683 1478 4737 illa
1510 4686 1899 4759 efﬁcimurquae
1926 4701 2099 4748 spera-

529 4753 664 4811 mus.
701 4756 791 4812 Vir
817 4765 988 4825 autem
1016 4754 1290 4825 sapiens...
1320 4753 1451 4825 dum,
1477 4753 1719 4825 perspicit
1754 4753 1809 4808 in
1838 4756 1933 4808 hac
1964 4770 2099 4825 com-

531 4827 672 4880 muni
701 4823 1095 4895 perturbatione,
1130 4824 1379 4895 primores
1408 4823 1542 4875 viros
1579 4824 1820 4895 tuitiones
1848 4825 1903 4877 in
1936 4824 2097 4877 muris

532 4892 861 4964 praeparare;
890 4899 1000 4964 ipse
1022 4892 1342 4955 admonetur,
1373 4892 1800 4964 quemadmodum
1835 4894 1891 4964 in
1920 4896 2097 4964 futura

530 4961 788 5033 eaersione
807 4961 980 5033 mundi
1001 4964 1345 5033 defensionem
1372 4961 1625 5033 praeparet
1653 4961 1941 5016 animabus.
1975 4961 2100 5016 Cer-

530 5032 702 5103 nimus
721 5032 915 5084 armari
950 5029 1168 5087 civitatis
1197 5029 1394 5103 portas,
1431 5029 1668 5103 debemus
1698 5036 1855 5084 etiam
1875 5034 2018 5101 prius
2041 5035 2097 5087 in

531 5097 680 5172 nobis
713 5108 886 5172 portas
925 5117 1129 5172 armare
1156 5097 1400 5172 justitiaz,
1431 5101 1493 5155 de
1530 5099 1710 5172 quibus
1742 5097 1950 5156 sanctus
1962 5119 2100 5172 _pro-

532 5168 687 5250 pheta
890 5167 1502 5250 :JAperite'miliiportas
1538 5167 1791 5250 justitiat,
1822 5180 1918 5250 etc.
1940 5167 2099 5250 _Tunc

533 5248 705 5310 autem
742 5240 963 5310 civitatis
989 5250 1139 5310 porta
1171 5240 1370 5296 munita
1406 5240 1771 5310 essepaterit,
1800 5241 1847 5293 si
1870 5242 2014 5308 prius
2042 5242 2096 5294 in

532 5309 680 5379 nobis
705 5318 869 5379 porta:
887 5307 1105 5377 justitiaz
1135 5312 1450 5364 muniantur.
1494 5307 1693 5363 Etenim
1725 5307 2094 5379 nihilpradest

531 5377 718 5432 bellum
733 5379 944 5448 munire
962 5379 1374 5447 propugnaculis,
1407 5389 1459 5432 et
1488 5379 1654 5434 Deum
1679 5377 1958 5448 provocare
1981 5396 2095 5447 pec-

531 5449 680 5519 catis.
722 5445 826 5501 Illa
852 5447 988 5519 enim
1022 5445 1361 5519 constituitur,
1384 5452 1555 5519 ferro,
1584 5445 1727 5504 saxis
1766 5460 1816 5503 et
1857 5445 2096 5519 sudibus;

532 5516 642 5569 lucc
662 5529 895 5571 armatur
921 5515 1305 5580 misericordia,
1348 5515 1669 5581 innocentia,
1706 5521 1960 5573 castitate.
1994 5517 2101 5573 Illa

532 5586 746 5661 telorum
784 5587 1112 5661 multitudine
1157 5584 1473 5652 custoditur,
1516 5588 1624 5643 lucc
1646 5592 1935 5643 orationum
1986 5590 2099 5661 fre-

529 5660 738 5724 quentia
759 5656 1066 5723 defenditur.

2212 3202 2473 3257 illustrem
2517 3202 2871 3258 existimasse.
2906 3201 3057 3258 llunc
3083 3202 3225 3258 enim
3254 3202 3320 3256 de
3356 3200 3591 3255 homiliis
3618 3201 3791 3255 sancti

2210 3292 2447 3360 Maximi,
2475 3309 2594 3364 qua:
2621 3302 2745 3348 sunt
2770 3293 2834 3348 de
2871 3291 3048 3348 bellico
3081 3292 3351 3357 Tumultu,
3396 3300 3664 3361 agentem,
3703 3304 3788 3347 re-

2211 3383 2336 3440 ferri
2365 3394 2459 3441 eas
2487 3393 2740 3456 oportere
2763 3384 3034 3455 iudicasse
3079 3384 3147 3438 ad
3190 3400 3278 3438 an.
3329 3382 3461 3449 452,
3489 3399 3595 3453 quo
3624 3381 3790 3436 Attila

2212 3474 2523 3530 Hunnorum
2553 3466 2681 3540 rex,
2704 3482 3054 3545 posteaquam
3079 3474 3281 3544 potitus
3319 3472 3620 3528 Mediolano
3666 3470 3791 3535 fuit,

2214 3571 2390 3618 tantos
2412 3564 2513 3617 sibi
2533 3564 2749 3634 spiritus
2776 3564 3019 3633 sumpsit,
3050 3571 3110 3616 ut
3136 3560 3363 3630 Liguria:
3390 3562 3606 3632 reliqum
3632 3561 3792 3615 vasti-

2214 3661 2376 3709 tatem
2416 3652 2610 3731 inferre
2651 3654 2942 3708 minaretur
2972 3654 3065 3725 (α).
3091 3651 3197 3709 Sed
3221 3653 3374 3722 plura
3403 3654 3651 3723 persequi
3683 3669 3791 3707 non

2212 3750 2383 3798 vacat.
2415 3742 2529 3800 line
2555 3744 2799 3812 equidem
2828 3742 3017 3798 addam
3058 3742 3223 3796 breve
3250 3758 3263 3793 :
3290 3739 3481 3795 conﬁci
3521 3753 3635 3795 rem
3666 3760 3792 3795 om-

2212 3848 2332 3889 nem
2359 3849 2391 3887 a
2420 3832 2648 3887 Maximo
2691 3833 2873 3887 homil.
2921 3829 3020 3897 94,
3051 3845 3170 3899 quae
3208 3838 3291 3885 est
3329 3830 3392 3885 de
3439 3829 3796 3901 Reparatione

2211 3922 2613 3980 Mediolanensis
2637 3922 2881 3988 ecclesiae;
2910 3935 3030 3992 pag.
3065 3917 3170 3977 315
3204 3936 3320 3992 seq.
3350 3918 3410 3976 ln
3438 3922 3543 3978 hac
3567 3929 3787 3992 captum

2278 4130 2362 4203 (di
2389 4128 2517 4203 Pag.
2560 4128 2664 4203 505
2688 4144 2801 4199 seq.
2831 4128 3313 4203 :Qiaitatipannisi
3354 4139 3564 4201 prapter
3599 4132 3790 4188 civium

2207 4200 2475 4272 peccatum
2500 4201 2723 4272 infertur
2750 4200 3024 4272 excidium.
3058 4200 3263 4272 Desine
3298 4200 3660 4272 ergokpeccare
3677 4241 3694 4272 ,
3735 4212 3789 4257 et

2208 4266 2387 4324 civitas
2414 4286 2519 4323 non
2547 4266 2748 4341 peribit.
2793 4266 2929 4333 Quid
2958 4271 3092 4341 fugis
3118 4266 3378 4341 patriam?
3415 4266 3476 4325 Si
3503 4272 3577 4324 vis
3613 4271 3790 4326 salvus

2208 4288 2387 4324 avitas
2414 4288 2519 4323 non
2547 4288 2748 4339 perwu.
2793 4288 2927 4333 υιιια
2958 4288 3092 4341 fugis
3154 4288 3377 4324 tunam!
3415 4288 3475 4325 at
3503 4288 3577 4324 vis
3613 4288 3786 4326 salvus

2208 4354 2336 4400 esse,
2369 4347 2457 4391 tua
2493 4339 2663 4409 potius
2690 4348 2898 4405 peccata
2926 4288 3233 4462 subtergtge.
3268 4339 3328 4394 Si
3359 4349 3409 4392 tu
3438 4356 3648 4408 peccare
3688 4342 3786 4394 de-

2208 4409 2378 4462 sieris.
2410 4408 2571 4462 victus
2600 4415 2676 4462 est
2708 4408 3059 4462 inimicus.....
3134 4408 3297 4462 iiusti
3314 4417 3452 4462 sunt.
3475 4409 3562 4462 aui
3587 4409 3786 4462 salvam

2128 4442 2176 4502 Ι)
2595 4415 2676 4502 est
2708 4408 3065 4502 inimicum":
3091 4408 3562 4502 Si'justisunt',.qui
3587 4409 3788 4502 salvam

2202 4478 2399 4559 faciunt
2418 4479 2673 4559 patriam;
2694 4479 2867 4559 utique
2884 4477 3078 4559 injusti
3088 4477 3228 4559 sunt,
3240 4548 3252 4559 .
3266 4478 3352 4550 qui
3373 4477 3682 4559 relinquunt.
3764 4518 3782 4534 .

2204 4545 2378 4600 Mater
2404 4545 2794 4618 quodammodo
2811 4545 2975 4600 dulcis
3003 4556 3080 4602 est
3115 4545 3308 4618 patria,
3348 4561 3462 4618 qua:
3498 4545 3546 4600 te
3584 4548 3781 4617 genuit,

2272 4632 2317 4670 te
2344 4622 2392 4669 te
2408 4616 2647 4688 nutrivit.
2682 4632 2796 4687 qua:
2831 4625 2888 4669 ut
2915 4619 3090 4688 fugere
3112 4617 3296 4686 possis,
3338 4624 3385 4667 te
3410 4616 3617 4688 divitem
3642 4618 3782 4686 fecit.

2263 4702 2349 4739 am
2369 4687 2415 4739 si
2434 4685 2525 4739 tibi
2553 4702 2655 4740 non
2682 4684 3282 4756 suppeteret'sumptuum
3313 4685 3519 4754 copiosa
3540 4684 3751 4756 substan
3768 4716 3783 4726 -

2204 4758 2298 4817 tia,
2340 4755 2567 4826 fugiendi
2593 4754 2891 4826 prtesidiumr
2926 4754 3301 4826 nonrltaberes;
3329 4763 3478 4826 atq'te
3502 4755 3615 4826 ideo
3653 4769 3782 4826 atta-

2204 4827 2326 4879 ritia
2341 4823 2528 4878 ductus
2546 4864 2560 4888 ,
2590 4823 2711 4876 dum
2740 4825 2921 4877 metuis
2944 4823 3151 4878 divitias
3180 4833 3295 4877 tuas
3323 4823 3565 4892 perdere,
3594 4823 3784 4892 impius

2204 4895 2258 4947 in
2290 4901 2507 4947 matrem
2529 4908 2640 4947 esse
2667 4909 2772 4947 non
2795 4892 3018 4947 dubitas.
3047 4892 3195 4947 Unde
3214 4891 3546 4959 intelligimus
3596 4901 3642 4945 te
3666 4891 3784 4959 plus

2202 4964 2432 5034 pecuniae
2450 4970 2553 5015 tua!
2571 4961 2853 5034 consulere,
2877 4979 3032 5034 quam
3052 4963 3232 5034 saluti.
3264 4961 3360 5034 Dic
3387 4961 3537 5034 milii.
3566 4977 3611 5034 no
3652 4961 3783 5034 bane

2203 5030 2346 5103 civis,
2389 5049 2481 5085 cur
2510 5033 2683 5103 fugere
2725 5030 2995 5101 disponis?
3036 5031 3139 5103 (iur
3177 5032 3401 5102 patriam
3440 5030 3785 5103 derelinquis?

2205 5099 3032 5172 Captivitatem'fbrtasse:metuis,
3057 5099 3185 5153 dare
3210 5116 3409 5172 ventum
3449 5116 3551 5172 non
3589 5099 3784 5172 intelli-

2202 5168 2385 5241 gis'?...
2418 5169 2561 5224 Dicit
2583 5168 2723 5241 Deus
2749 5170 2817 5224 ad
2839 5171 3116 5241 Abraham,
3149 5186 3241 5238 per
3260 5170 3432 5241 decem
3452 5169 3623 5239 justas
3657 5168 3781 5241 rivi-

2205 5237 2363 5310 t_atem
2402 5256 2549 5307 posse
2592 5239 2803 5310 salvari.
2852 5239 2996 5294 Male
3034 5237 3194 5310 igitur
3233 5240 3298 5310 de
3322 5247 3368 5291 te
3392 5237 3570 5310 seats,
3596 5237 3781 5310 popule

2202 5308 2513 5373 Christiane,
2544 5310 2587 5361 si
2615 5308 2668 5361 in
2700 5316 2844 5363 tanta
2868 5317 2994 5362 coetu
3022 5307 3200 5361 nostra
3229 5307 3300 5360 ad
3320 5307 3626 5360 saluandam
3652 5308 3781 5359 civi-

2200 5386 2360 5431 tatem
2385 5380 2559 5431 decem
2572 5378 2742 5448 justas
2770 5393 3001 5433 essenon
3025 5376 3378 5448 credis._ADnm
3412 5378 3549 5430 enim
3586 5375 3781 5428 deseris

2201 5448 2442 5518 patriam,
2464 5446 2724 5518 proﬁteris
2770 5465 2874 5502 non
2898 5448 2952 5501 in
2972 5464 3032 5501 ea
3054 5463 3165 5501 esse
3189 5446 3392 5517 dignas,
3432 5461 3647 5517 quorum
3668 5459 3780 5497 nte-

2203 5515 2317 5570 ritis
2347 5515 2608 5571 liberetur.

2268 5585 2346 5656 (e)
2381 5585 2521 5641 Hist.
2551 5602 2752 5657 gener.,
2791 5591 2924 5643 tom.
2952 5584 3090 5654 XIV,
3122 5596 3245 5655 pag.
3276 5579 3398 5642 608.
