4138 6186
550 240 650 306 135
1159 243 1189 310 ’ἒ

550 354 641 378 _._.
675 353 966 378 .___..-_-
1019 355 1066 378 ι..
1147 306 1247 378 ’33

545 355 653 411 rici
673 355 986 426 irruptione.
1019 355 1116 460 [γιο

547 447 640 480 ιωι
670 461 787 480 nam
826 461 984 480 ηησηη
1014 463 1032 480 ν
1120 447 1121 450 ‘
1177 454 1186 480 ι

547 447 644 502 sed
670 461 808 512 eam,
825 461 986 516 quam

545 535 761 606 min
801 553 863 592 ea
894 539 1007 594 how
1006 506 1184 638 3:13"!

537 623 988 714 Peratmwp
1177 657 1212 680 με

544 712 667 756 nost
701 702 934 756 medium
953 713 1133 756 "sua.
1150 717 1212 756 an

538 712 667 777 post
699 702 1155 784 ωεάίιιηίλδέέἐέτ

543 787 955 863 colunmamque
979 789 1484 868 lulianoApostatse
1512 786 1816 868 erigendam
1837 785 2113 851 curarint;

542 885 678 940 tanti
701 899 807 938 non
829 879 928 947 est,
956 889 1014 935 ut
1033 865 1438 951 possitheﬂicere
1472 865 1859 955 episco'patuin
1879 889 1942 929 ea
1963 873 2113 939 urbe,

541 976 598 1031 in
625 991 731 1044 qua
757 972 922 1050 aliqui
949 973 1140 1047 saltem
1167 978 1347 1028 essent
1375 967 1684 1033 Christiani,
1705 965 1935 1047 potitum
1958 964 2117 1018 fuisse

542 1066 829 1123 neminem.
880 1059 1014 1132 Nam
1042 1062 1173 1116 alias
1198 1061 1327 1126 item
1347 1059 1508 1114 fuisse
1535 1058 1779 1113 novimus
1807 1057 1860 1111 in
1881 1055 2026 1120 Asia,
2060 1055 2114 1108 in

539 1152 739 1226 Africa,
769 1153 821 1209 in
849 1152 998 1209 Italia
1027 1151 1189 1224 etiam
1217 1150 1557 1226 urbes,hqu:e
1584 1148 1874 1230 episcopos
1893 1145 2112 1226 habue-

540 1255 684 1313 runt,
715 1245 816 1302 etsi
844 1244 1049 1300 civibus
1077 1241 1308 1296 ethnicis
1335 1238 1689 1313 abundarent,
1727 1252 1958 1307 quorum
1987 1249 2113 1307 pars

537 1345 779 1394 senatum
810 1335 1180 1397 constitueret,
1207 1320 1406 1399 quique
1449 1327 1646 1397 templa
1690 1326 1955 1381 idolorum
1983 1323 2112 1378 reti-

539 1435 747 1483 nerent.
781 1425 950 1480 Roma
981 1425 1113 1496 ipsa,
1141 1431 1202 1476 ut
1223 1409 1330 1476 'est
1357 1419 1497 1489 apud
1526 1417 1864 1472 Ammianqu
1887 1413 2111 1470 Marcel-

537 1517 702 1572 linum
732 1515 826 1586 (b),
852 1522 1130 1568 senatores
1152 1511 1329 1581 plures
1355 1509 1560 1576 legatos
1584 1506 1650 1560 ad
1671 1504 1938 1561 Julianum
1959 1519 2109 1560 eum-

535 1606 656 1662 dem
687 1605 832 1660 misit
858 1602 1224 1674 superstitioni
1253 1600 1466 1656 deditos
1496 1599 1788 1663 idolorum;
1820 1596 2106 1666 templum-

535 1710 640 1766 que
667 1695 946 1766 Apollinis,
974 1693 1116 1763 quod
1145 1690 1484 1758 incendijam
1507 1696 1763 1760 coeperat,
1791 1703 1859 1742 ne
1878 1687 2106 1743 ﬂammis

1633 521 1879 580 ﬁcerent
1907 501 1974 570 ab
2005 501 2117 568 im-

1655 619 1846 675 magno
1872 619 2114 682 numero,

1673 283 1678 288 ’
1774 259 1822 374 Α
1856 315 1914 369 s.
1952 308 2200 367 unum
2237 309 2704 368 TAURINENSIS.

1740 407 1986 506 irestitui
2005 438 2117 506 sua
2147 425 2188 483 A
2221 425 2411 495 fundor
2435 427 2488 503 in
2511 428 2668 479 vobis.
2700 425 2826 478 tium
2855 424 2990 478 enim
3016 423 3176 489 video,
3210 429 3283 478 tot
3311 425 3788 482 commonitionibus

1183 717 1235 755 m
1261 716 1340 766 tv,
1367 677 1755 774 tuo-6(cultum
1781 677 2120 771 adhibuerint

3693 313 3790 372 ΗΟ

2222 515 2369 584 meis,
2399 497 2596 568 nullum
2623 531 2710 568 vos
2749 515 2935 568 habere
2980 517 3298 586 profectum;
3327 513 3474 568 labor
3497 531 3639 568 meus
3673 532 3786 585 jam

2220 622 2323 674 non
2353 605 2687 677 gratulationi
2716 613 2809 669 est,
2840 605 2930 660 sed
2978 606 3169 660 rubori.
3201 603 3336 660 Ecce
3363 622 3456 677 ego
3489 622 3642 676 pasco
3671 625 3782 678 gre-

2217 685 2333 768 gem
2373 695 2586 766 Christi,
2615 706 2664 752 et
2699 699 2866 770 gregis
2894 699 3118 769 fructum
3143 706 3444 769 extorquere
3468 703 3574 752 non
3613 699 3778 770 ualeo.

2219 785 2274 840 N
2277 786 2385 842 ulla
2413 787 2550 842 enim
2575 805 2656 842 me
2674 787 2796 858 ﬁdei
2824 788 2935 858 ejus
2958 779 3170 843 dulcedo
3200 780 3468 858 lwtiﬁcat;
3499 789 3591 842 sed
3630 787 3780 861 quid—

2215 877 2338 947 quid
2381 893 2446 930 εκ
2488 894 2548 931 eo
2593 868 2822 948 profluit,
2870 892 3108 946 asperum
3153 887 3202 930 et
3239 893 3473 930 amarum
3515 885 3612 931 est.
3655 876 3782 932 Tum

2213 960 2350 1020 enim
2378 975 2559 1036 pastor
2584 964 2776 1021 Christi
2803 967 2970 1036 gregis
3001 965 3134 1018 lacte
3163 966 3392 1035 reﬁcitur
3411 1009 3424 1034 ,
3455 967 3659 1036 quando
3688 965 3780 1021 bo-

2214 1073 2400 1111 norum
2441 1048 2649 1128 operum
2677 1056 2788 1127 ejus
2813 1055 3036 1109 candore
3063 1054 3302 1108 Iactatur.
3336 1052 3464 1118 Quis
3483 1057 3639 1121 enim,
3672 1058 3754 1126 fra

2215 1157 2340 1215 tres,
2370 1150 2424 1202 in
2452 1149 2588 1205 vobis
2617 1164 2721 1202 non
2766 1147 2990 1217 graviter
3017 1147 3149 1218 ferat
3171 1144 3294 1216 (non
3328 1161 3503 1200 Tum
3532 1162 3599 1200 ne
3629 1161 3781 1201 orm»

2213 1251 2306 1290 BUS
2354 1252 2506 1303 meo;
2537 1251 2669 1292 SUNT
2700 1252 2824 1291 EN“!
2871 1251 3033 1290 INTER
3060 1249 3176 1303 VOS,
3201 1250 3332 1298 QUOS
3375 1252 3443 1289 AD
3488 1252 3780 1292 RELIGIONIS

2211 1338 2425 1378 ευιτωί
2453 1341 2709 1379 pensans
2737 1341 2940 1379 nsnsnn
2963 1323 3250 1394 excurso),
3274 1326 3404 1395 quis,
3426 1326 3657 1396 inquam,
3675 1344 3776 1381 non

2193 1416 2419 1470 tmoleste
2448 1419 2602 1487 ferat,
2632 1417 2706 1470 sic
2733 1433 2818 1470 vos
2845 1433 2957 1470 esse
3003 1426 3184 1470 uestra:
3210 1415 3393 1470 salutis
3431 1417 3774 1485 immemores,

2207 1516 2264 1560 ut
2308 1510 2485 1577 etiam,
2515 1511 2641 1563 carlo
2687 1518 2832 1576 teste,
2862 1509 3116 1580 peccetis?
3144 1507 3286 1562 Nam
3331 1525 3447 1561 cum
3498 1500 3618 1562 ante
3666 1508 3774 1562 dies

2207 1599 2474 1671 plerosque
2502 1600 2567 1654 de
2613 1611 2795 1654 vestra:
2842 1601 3076 1655 avaritia:
3104 1599 3382 1669 cupiditate
3424 1599 3731 1670 pulsaverim
3753 1617 3772 1664 ;

2206 1691 2320 1760 ipsa
2349 1692 2433 1744 die
2462 1694 2600 1745 circa
2624 1708 2887 1762 vesperum
2909 1699 3055 1744 tanta
3084 1691 3381 1762 vociferatio
3410 1690 3583 1760 populi
3611 1699 3773 1745 exsti-

534 1786 906 1840 absumeretur
943 1782 1224 1852 diligenter
1256 1781 1414 1836 cavit.
1465 1777 1560 1832 Est
1589 1786 1848 1848 prmterea
1890 1775 2104 1831 dillicile
2137 1785 2180 1845 Β
2209 1784 2288 1849 tit,
2317 1792 2372 1834 ut
2398 1773 2757 1853 irreligiositas
2804 1783 2913 1853 ejus
2964 1790 3253 1852 penetraret
3290 1781 3360 1834 ad
3388 1781 3587 1835 emtum.
3622 1779 3773 1845 Quod

533 1877 754 1942 creditu,
782 1875 1058 1938 Vercellis,
1089 1887 1208 1943 quas
1229 1888 1335 1927 non
1375 1871 1532 1938 longe
1554 1870 1801 1924 abessent
1844 1867 2098 1934 Taurino,

533 1969 693 2024 fuisse
720 1967 1029 2038 praefectum
1048 1966 1216 2040 multo
1238 1973 1363 2020 ante
1388 1965 1716 2034 episcOpum,
1737 1961 1986 2030 Augustae
2007 1976 2101 2014 au-

533 2066 638 2114 tem
667 2048 1020 2112 Taurinorum
1047 2070 1154 2109 non
1177 2054 1370 2120 fuisse;
1393 2069 1513 2109 cum
1535 2052 1835 2123 praesertim
1854 2067 1917 2107 ea
1941 2051 2101 2106 fuerit

533 2149 797 2220 majorum
825 2148 984 2212 ratio,
1027 2147 1119 2216 qui
1145 2145 1391 2215 exempla
1446 2143 1792 2200 imitabantur
1831 2142 2102 2215 apostolo-

473 2309 476 2312 .
528 2255 644 2294 rum
687 2238 758 2310 (c)
790 2246 846 2293 ut
889 2238 952 2292 iis
993 2238 1166 2313 etiam,
1194 2236 1414 2291 urbibus
1459 2227 1696 2308 episcOpi
1743 2227 2003 2310 darentur
2047 2235 2100 2289 in

529 2329 717 2402 quibus
751 2328 839 2381 vix
887 2327 1050 2395 aliqui
1100 2341 1218 2380 esse
1267 2326 1595 2394 ccepissent,
1623 2328 1715 2396 qui
1740 2327 2099 2399 Christianam

527 2415 1106 2483 colerentreligionem.
1134 2413 1648 2478 Neocesariensibus
1669 2415 1824 2469 Ponti
1844 2415 2100 2470 Christia—

530 2507 628 2569 nis,
660 2504 751 2573 qui
780 2517 886 2557 non
923 2502 1102 2572 plures
1133 2500 1196 2578 18
1238 2511 1450 2569 essent,
1482 2502 1774 2557 antistitem
1825 2493 2100 2556 sacrorum

463 2607 467 2611 '
530 2594 689 2649 iufsse
729 2591 911 2662 datum
939 2590 1255 2658 Gzegorium
1285 2593 1743 2660 Thaumaturgum
1773 2590 1965 2644 saeculo
1993 2589 2097 2645 Ec-

527 2683 702 2738 (‘lesize
747 2680 926 2742 tertio,
958 2683 995 2732 a'
1017 2677 1265 2738 Patribus
1311 2689 1396 2737 est
1441 2681 1735 2735 litterarum
1788 2678 2096 2734 mandatum

529 2773 884 2832 monumentis
899 2772 1006 2849 td).
1039 2775 1156 2843 Quo
1177 2775 1344 2844 magis
1373 2773 1787 2829 Taurinensibus
1808 2772 1861 2827 id
1889 2788 1995 2827 non
2016 2755 2100 2827 est

521 2859 868 2924 adimendum
897 2868 1077 2933 decus,
1110 2883 1338 2942 quorum
1365 2880 1615 2934 magnum
1645 2879 1944 2931 numerum,
1969 2863 2095 2918 dum

517 2957 890 3027 episcopatum
937 2956 1196 3012 Maximus
1223 2970 1410 3024 gerere
1440 2956 1622 3024 coepit,
1652 2953 1810 3009 fuisse
1837 2953 2098 3009 Christia-

529 3063 653 3102 num
672 3047 858 3115 liquet,
883 3063 946 3102 ac
965 3047 1052 3100 vix
1074 3033 1372 3101 ethnicismi
1394 3046 1630 3115 reliquiae
1652 3046 1703 3100 in
1727 3046 1875 3114 pagis
1893 3044 2098 3113 aliquot

2203 1890 2315 1927 cum
2358 1875 2695 1945 requirerem,
2727 1874 2849 1945 quid
2877 1871 2972 1927 sibi
3015 1874 3210 1928 clamor
3237 1873 3318 1926 hic
3353 1875 3502 1939 velit,
3533 1873 3772 1928 dixerunt

2199 1967 2356 2035 mihi,
2387 1967 2524 2039 quod
2552 1966 2809 2021 laboranti
2855 1967 2992 2021 (ante
3018 1975 3184 2020 vestra
3214 1967 3513 2037 uociferatio
3534 1966 3770 2019 subveni-

2199 2068 2302 2126 ret,
2330 2068 2379 2112 et
2406 2045 2661 2130 defectum
2688 2058 2798 2129 ejus
2845 2059 2952 2112 suis
2993 2053 3302 2110 clamoribus
3327 2056 3611 2126 adjuvaret.
3645 2054 3768 2109 Cla-

2199 2146 2420 2201 mabatis
2443 2149 2599 2215 enim,
2617 2165 2679 2201 ne
2709 2139 2990 2202 tacentibus
3019 2146 3158 2201 vobis
3179 2146 3416 2216 perderet
3444 2146 3763 2199 elementum.

2202 2236 2466 2310 Tanquam
2492 2238 2730 2308 inﬁrmus
2759 2239 2896 2291 enim
2941 2246 2989 2290 et
3018 2235 3305 2301 imbecillis,
3337 2236 3438 2289 nisi
3467 2235 3646 2288 vestris
3667 2234 3765 2288 ad-

2191 2329 2459 2399 juvaretur
2484 2316 2708 2392 vocibus,
2733 2343 2835 2381 non
2855 2334 3027 2398 posset
3049 2325 3325 2380 luminaria
3341 2324 3632 2396 defend.re,
3654 2340 3769 2396 qua:

2201 2419 2406 2472 creavit.
2462 2417 2595 2473 Cum
2625 2417 2747 2473 inde
2773 2417 3044 2472 auditores
3071 2417 3191 2472 illos
3217 2432 3344 2472 suos
3371 2418 3459 2485 qui
3489 2415 3540 2470 id
3554 2431 3734 2486 .perpe
3751 2445 3764 2454 -

2198 2514 2406 2561 trarant
2433 2508 2581 2574 mali,
2606 2500 2830 2562 irridens
2856 2507 3146 2562 insectatus
3173 2515 3336 2574 esset,
3369 2515 3479 2560 tum
3511 2526 3524 2559 :
3558 2505 3671 2559 Hoc
3690 2515 3766 2560 est

2197 2593 2373 2663 plane,
2403 2595 2593 2663 inquit,
2623 2596 2758 2665 quod
2787 2597 2862 2649 ait
2891 2593 3164 2663 Salomon,
3214 2595 3388 2650 dicens
3416 2612 3432 2648 :
3467 2595 3668 2650 Stultus
3710 2608 3764 2651 ut

2197 2685 2323 2739 luna
2346 2691 2588 2737 mutatur.
2621 2677 2843 2738 Mutaris
2870 2685 3007 2738 enim
3033 2686 3164 2738 sicut
3185 2685 3333 2752 luna,
3360 2686 3478 2738 dum
3505 2687 3688 2740 stultus
3714 2697 3765 2741 et

2196 2774 2468 2844 insipiens,
2500 2772 2570 2826 ad
2597 2781 2791 2827 motum
2830 2775 2963 2844 ejus,
2993 2777 3078 2844 qui
3105 2773 3429 2830 Christianus
3460 2779 3653 2848 fueras,
3682 2780 3764 2832 in-

2197 2865 2324 2935 cipis
2351 2880 2464 2917 esse
2493 2864 2794 2933 sacrilegus.
2827 2863 3170 2934 Sacrilegium
3198 2866 3335 2918 enim
3361 2866 3584 2920 creatori
3621 2883 3760 2920 com-

2196 2956 2435 3021 mittitur,
2457 2954 2576 3007 dum
2604 2952 2924 3008 imbecillitas
2951 2955 3226 3010 ascribitur
3245 2967 3510 3011 creaturae.
3542 2955 3763 3012 Mutaris

2196 3061 2316 3116 ergo
2341 3044 2471 3096 sicut
2499 3043 2645 3110 luna,
2685 3050 2740 3095 ut
2763 3043 2849 3113 qui
2876 3043 3031 3113 paulo
3074 3049 3193 3098 ante
3218 3045 3342 3114 ﬁdei
3370 3044 3632 3100 iteratione
3660 3047 3763 3117 fut-

529 3138 768 3206 villisque
794 3141 1153 3208 superessent,
1185 3149 1288 3204 qua
1311 3134 1378 3189 de
1399 3149 1458 3188 re
1479 3142 1599 3204 post
1619 3131 1864 3202 equidem
1885 3133 2087 3188 videro.
2119 3129 2164 3191 C
2196 3133 2369 3205 gebas,
2401 3141 2575 3204 postea
2595 3132 2831 3204 perﬁdiae
2855 3134 3160 3203 inﬁrmitate
3204 3135 3437 3204 deﬁcias.
3477 3137 3638 3207 Atque
3661 3138 3759 3199 uti-

509 3210 698 3292 Duid?
727 3225 784 3296 Si
812 3223 1073 3278 Maximus
1110 3223 1249 3277 idem
1277 3223 1460 3277 homil.
1496 3221 1580 3289 16,
1610 3221 1731 3292 pag.
1764 3221 1854 3289 45,
1884 3223 2095 3292 episco-

525 3333 626 3391 pos
651 3329 1004 3386 przccessores
1029 3329 1152 3370 suos
1180 3313 1415 3369 iudicare
1441 3311 1721 3367 videatur?
1748 3311 1881 3368 Nam
1911 3314 2097 3370 Patres

527 3404 719 3460 ibidem
745 3411 1148 3467 commemorat,
1178 3403 1271 3471 qui
1308 3403 1726 3472 pra'cessissent;
1756 3403 2089 3459 corumdem-

525 3509 632 3564 que
681 3492 899 3548 Patrum
945 3493 1201 3565 allaquia,
1232 3492 1424 3561 quibus
1469 3492 1698 3546 instituti
1743 3491 2098 3547 Taurinenses

525 3583 766 3655 fuissent,
791 3582 1209 3639 Taurinensibus
1235 3582 1363 3653 ipsis
1391 3598 1422 3637 a
1455 3597 1520 3659 se.
1535 3584 1697 3652 repeti
1721 3581 1966 3646 aﬂirmat.
1990 3580 2096 3653 Sed

495 3673 675 3744 .plura
723 3673 1135 3741 deantiquitate
1177 3671 1517 3748 Taurinensis
1545 3672 1886 3748 episcopatus
1913 3685 2097 3742 perse-

511 3763 637 3833 qui,
667 3777 789 3818 cum
815 3761 1124 3836 magnitudo
1152 3761 1521 3835 commentarii
1548 3762 1840 3839 prohibet,
1869 3770 1988 3830 tum,
2017 3749 2096 3815 te-

531 3852 770 3916 stinatio,
802 3858 863 3904 ut
889 3865 952 3904 ea
1002 3863 1286 3918 exponam,
1314 3863 1432 3920 qnze
1477 3848 1543 3902 de
1571 3847 1801 3905 Maximo
1846 3850 2096 3905 constitui

529 3939 784 3996 scribere.
1027 4006 1034 4015 .
1113 4009 1116 4014 _
1339 4014 1342 4015 ν
1722 4007 1726 4014 ⁶

596 4026 741 4102 [οη]
783 4027 870 4082 IV.
917 4027 997 4082 De
1029 4014 1219 4083 studio
1273 4014 2091 4102 do‘cendoruquaurinensium,

528 4127 760 4189 recteque
783 4133 982 4171 morum
1009 4116 1282 4194 disciplina
1311 4117 1762 4184 instituendorum,
1789 4137 1885 4191 quo
1913 4119 2094 4174 Maxi-

529 4221 639 4260 mus
657 4206 771 4276 jam
797 4207 918 4261 inde
939 4224 971 4260 a
991 4215 1221 4276 suscepto
1244 4209 1538 4278 episcopatu
1559 4209 1798 4263 incensus
1821 4212 1934 4281 fuit.
1955 4241 2028 4251 —
2045 4209 2096 4266 Is

529 4304 587 4352 ut
636 4312 830 4370 munus
874 4298 1110 4371 suscepit
1136 4299 1506 4377 episcopatus,
1535 4301 1709 4356 studia
1738 4315 1963 4372 qumque
1999 4317 2094 4357 sua

527 4386 596 4442 ad
643 4388 853 4458 plebem
882 4389 956 4443 .in
1001 4404 1061 4443 re
1086 4388 1359 4452 doctrinae,
1389 4390 1552 4458 inque
1582 4377 1857 4460 disciplina
1885 4407 2092 4446 morum

2199 3242 2340 3293 nam,
2367 3243 2396 3280 ο
2423 3225 2593 3288 stulte,
2617 3227 2748 3280 sicut
2774 3227 2899 3279 luna
2926 3228 3230 3280 mutareris!
3252 3225 3354 3280 Illa
3393 3228 3529 3281 enim
3555 3229 3654 3282 cito
3693 3229 3762 3281 ad

2196 3314 2562 3386 plenitudinem
2596 3330 2741 3370 suam
2771 3315 2937 3379 redit;
2964 3323 3014 3366 tu
3053 3315 3121 3368 ad
3157 3317 3464 3387 sapientiam
3513 3333 3602 3370 nec
3647 3330 3762 3371 sero

2197 3406 2520 3458 converteris.
2577 3401 2681 3458 Illa
2721 3403 2958 3458 velociter
2994 3405 3190 3475 colligit
3225 3405 3358 3476 quod
3406 3407 3647 3460 amiserat
3677 3407 3760 3459 lu-

2196 3508 2344 3558 men;
2368 3502 2422 3546 tu
2443 3509 2533 3546 nec
2562 3492 2709 3546 tarde
2735 3492 2893 3562 ﬁdem
2932 3494 3138 3563 recipis,
3167 3511 3320 3565 quam
3363 3496 3582 3565 negasti.
3630 3493 3763 3547 Gra-

2194 3581 2304 3637 vior
2326 3599 2449 3654 ergo
2486 3589 2574 3635 tua
2601 3598 2751 3653 quam
2782 3585 2920 3637 luna:
2949 3586 3162 3639 mutatio
3194 3593 3288 3638 est.
3322 3583 3472 3638 Luna
3505 3584 3759 3656 defectum

2195 3673 2402 3727 luminis
2425 3674 2645 3744 patitur;
2677 3683 2728 3726 tu
2747 3673 2948 3727 salutis.
2971 3671 3152 3737 ‘Quam
3180 3674 3300 3728 bene
3326 3677 3570 3743 scriptum
3596 3675 3659 3728 de
3685 3691 3762 3728 sa-

2194 3764 2363 3834 piente
2389 3781 2408 3817 :
2437 3762 2508 3816 Et
2531 3765 2846 3834 permanebit
2884 3779 2996 3816 cum
3023 3764 3152 3817 sole.
3185 3763 3465 3816 Permanet
3511 3767 3648 3818 enim
3675 3783 3764 3819 sa-

2194 3856 2338 3925 piens
2363 3869 2476 3906 cum
2512 3853 2620 3906 sole
2642 3889 2657 3915 ,
2703 3869 2816 3906 cum
2853 3854 3145 3906 constantia
3183 3853 3304 3924 ﬁdei
3343 3863 3606 3922 permanet
3648 3873 3763 3910 eum

2196 3942 2532 3998 Saluatore...
2564 3939 2712 3994 Luna
2752 3958 2785 3995 a
2811 3950 2950 3995 statu
2970 3951 3062 3998 suo
3085 3959 3188 3997 non
3221 3953 3402 4011 sponte
3423 3951 3678 4010 mutatur;
3710 3955 3759 3999 tu

2196 4033 2258 4088 de
2284 4050 2434 4088 sensu
2469 4044 2552 4087 tuo
2575 4041 2756 4104 sponte
2783 4033 3021 4088 mutaris.
3055 4032 3159 4091 Illa
3190 4035 3245 4088 in
3271 4034 3656 4090 diminutionem
3681 4036 3761 4090 sui

2195 4124 2486 4178 conditione
2513 4123 2814 4190 deducitur;
2845 4132 2899 4178 tu
2929 4125 2985 4178 in
3013 4125 3374 4180 detrimentum
3401 4127 3476 4180 tui
3503 4127 3761 4182 uoluntate

2195 4215 2548 4286 pertraheris,
2599 4222 2703 4270 etc.
2754 4213 2899 4270 Satis
2944 4223 3122 4269 autem
3179 4215 3230 4270 ei
3277 4231 3386 4271 non
3428 4215 3602 4271 fuerat
3647 4217 3762 4273 huic

2195 4302 2415 4357 dixisse.
2441 4301 2745 4358 Tacendum
2766 4304 2908 4359 enim
2929 4304 3030 4359 sibi
3050 4320 3170 4360 esse
3197 4322 3306 4361 non
3333 4307 3554 4376 putavit,
3585 4306 3761 4376 quoad

2197 4392 2451 4466 radicitus
2468 4391 2531 4464 id
2560 4380 2956 4464 superstitiOuis
2984 4407 3150 4462 genus
3179 4397 3524 4466 exstir'patum
3548 4390 3662 4452 non
3680 4397 3761 4452 vi-

526 4488 673 4536 recte
700 4479 1075 4555 instituendam
1111 4481 1372 4557 contulit.
1427 4482 1609 4550 Itaque
1636 4483 2088 4562 superstitionem,
2118 4484 2170 4545 D
2194 4483 2378 4538 disset.
2409 4483 2586 4550 Quare
2618 4486 2836 4540 homilia
2865 4484 2987 4552 101,
3015 4477 3134 4556 pag.
3167 4487 3270 4542 557
3303 4505 3316 4541 :
3351 4489 3481 4542 Ante
3522 4477 3649 4554 dies,
3681 4477 3760 4543 in-

525 4570 572 4625 si
600 4586 704 4640 qua
726 4571 930 4638 reliqua
954 4569 1008 4623 in
1027 4569 1137 4623 suis
1166 4569 1352 4624 ovibus
1373 4579 1537 4638 esset,
1567 4573 1792 4642 primum
1811 4589 1876 4628 ex
1905 4575 2094 4632 animis

526 4673 712 4715 earum
735 4661 967 4716 evellere
993 4659 1215 4730 curavit.
1241 4659 1417 4726 Quare
1460 4677 1581 4716 cum
1609 4678 1727 4727 esse
1769 4680 1952 4730 earum
1977 4666 2094 4737 plu.

527 4762 616 4803 res
664 4741 1294 4820 animadvertissenqum
1340 4751 1448 4805 suis
1476 4753 1798 4826 clamoribus
1823 4755 2094 4811 deﬁcienti

527 4837 668 4906 lunae
712 4840 1022 4909 adjumento
1049 4855 1107 4894 se
1135 4838 1248 4905 fore
1297 4842 1717 4923 arbitrarentur,
1742 4859 1833 4898 eas
1861 4847 2094 4914 graviter

526 4931 809 5000 increpans
838 4951 851 4996 ;
889 4930 1101 4994 Videtis,
1125 4929 1296 4998 inquit
1323 4931 1421 5002 (e),
1451 4915 1659 5002 fratres,
1683 4915 1818 5004 quod
1849 4923 1961 4990 mea
1988 4952 2092 4991 non

527 5028 694 5074 cessat
721 5021 983 5077 humilitas
1011 5021 1153 5078 omni
1173 5020 1314 5080 circa
1341 5037 1427 5075 vos
1455 5020 1803 5077 sollicitudine
1831 5025 2088 5091 laborare,

523 5119 573 5163 et
595 5108 664 5162 ad
689 5110 886 5180 frugem
930 5107 1117 5164 bonam
1141 5130 1226 5167 vos
1275 5122 1383 5168 tota
1411 5111 1744 5187 festinatione
1779 5123 2086 5171 convertere.

525 5199 631 5254 Sed
657 5205 846 5271 quanto
877 5197 992 5268 plus
1015 5200 1190 5256 laboro
1218 5203 1497 5271 vobiscum,
1526 5213 1671 5260 tanto
1714 5203 1938 5278 amplius
1963 5222 2090 5260 con-

594 5338 671 5411 (α)
719 5335 848 5411 ifide
885 5335 1165 5411 epistolam
1203 5339 1503 5411 Symmachi
1531 5319 1601 5398 add
1625 5331 2088 5411 Valentinianum,

525 5403 1051 5478 quée'relerturhnte
1074 5403 1332 5478 'epistfts
1377 5411 1678 5477 Ambrosii,
1708 5421 1836 5468 lout.
1867 5413 1930 5467 ιιι
1960 5403 2090 5478 ope;

527 5430 644 5478 qua:
670 5430 897 5475 ΐυιυηυΐ
925 5430 1051 5460 ίιυιυ
1079 5430 1231 5476 υμιδι.
1266 5430 1332 5467 1ο
1377 5430 1641 5468 ΑΠΙΠΓΟΒΙΙ
1659 5451 1678 5477 ο
1708 5430 1836 5468 tom.
1867 5430 1930 5467 ΙΙΙ
1960 5430 1991 5468 Ο
2065 5444 2083 5454 ·

527 5493 642 5532 rum
671 5474 1095 5542 Ambrosianor.,
1119 5475 1245 5531 edit.
1279 5476 1497 5534 Venetae
1521 5497 1611 5537 an.
1643 5480 1799 5552 1751,
1831 5496 1952 5554 pag.
1985 5430 2083 5538 ﬁt

523 5561 674 5759 893g;
701 5613 816 5697 Lib.
845 5630 994 5679 nm,
1021 5627 1141 5685 pag.
1169 5612 1276 5696 257
1302 5629 1455 5684 seqq.
1645 5655 1649 5660 «
1837 5665 1844 5686 ,

620 5702 647 5739 c
705 5681 835 5741 Vide
875 5684 934 5742 S.
963 5684 1254 5743 Clementis
1295 5683 1523 5741 Roman.
1574 5689 1729 5758 epist.
1790 5690 1817 5744 1

620 5681 669 5759 c)
705 5681 835 5741 Vide
963 5681 1254 5743 Clementis
1295 5681 1523 5741 Roman.
1574 5689 1729 5758 epist.
1790 5681 1842 5744 1’
1869 5690 1938 5747 ad
1983 5689 2089 5747 Co-

2199 4574 2334 4643 quit,
2365 4577 2618 4645 prosecuti
2655 4583 2848 4639 sumus,
2878 4578 3083 4648 fratres,
3117 4578 3359 4632 adversus
3389 4571 3503 4633 illos
3535 4574 3618 4650 qui
3661 4596 3760 4650 ρας

2200 4671 2370 4718 tarent
2390 4665 2565 4719 lunam
2603 4666 2667 4719 de
2691 4667 2817 4720 ccelo
2846 4683 3112 4738 magorum
3151 4659 3462 4722 carminibus
3494 4685 3643 4738 posse
3665 4669 3759 4723 de-

2201 4753 2340 4819 duci,
2375 4762 2426 4808 et
2457 4741 2631 4808 eorum
2668 4755 2950 4838 retudimus
2988 4758 3283 4832 vanitatem,
3336 4759 3420 4829 qui
3458 4754 3562 4812 non
3593 4758 3764 4813 minus

2200 4843 2450 4914 defectum
2474 4844 2736 4914 patiuntur
2757 4841 2918 4897 animi
2939 4861 3087 4915 quam
3111 4847 3317 4901 luminis
3340 4849 3534 4918 patitur
3551 4849 3643 4902 illa
3666 4849 3762 4902 de-

2199 4936 2419 5014 fectum;
2442 4921 2567 5014 quos
2588 4943 2638 4987 et
2657 4933 2844 4988 hortati
2865 4951 3039 4989 sumus
3075 4947 3162 5003 ut,
3189 4923 3532 5008 prwtermisso
3590 4955 3762 4992 errore

2197 5011 2391 5097 gentili,
2423 5011 2533 5104 tam
2563 5026 2663 5080 cito
2697 5023 2766 5078 ad
2793 5017 3099 5097 sapientiam
3123 5025 3332 5081 redeant
3379 5044 3532 5099 quam
3563 5029 3663 5083 cito
3694 5015 3763 5081 ad

2197 5118 2562 5190 plenitudinem
2585 5134 2728 5172 suam
2761 5117 2855 5171 illa
2875 5120 3159 5173 revertitur.
3462 5181 3463 5184 η

2269 5208 2507 5263 Alterum
2529 5215 2642 5263 erat
2661 5214 2820 5278 caput
2834 5201 3241 5279 superstitionis,
3258 5224 3362 5279 qua
3379 5209 3541 5279 aliqui
3556 5219 3588 5265 e
3606 5205 3762 5280 plebe

2193 5337 2740 5417 rinthios_,qtt_1m._42,
2773 5343 2968 5417 tom._l_
2984 5343 3206 5417 fatrum
3253 5349 3608 5416 apostolicam,
3636 5360 3755 5417 pag.

2195 5413 2317 5478 151,
2347 5413 2476 5484 edit.
2499 5411 2749 5484 _Lugduu.
2780 5427 2866 5466 au.
2901 5412 3057 5484 174s.
3415 5476 3417 5478 η

2191 5539 2194 5542 ,
2266 5477 2342 5554 (ά)
2372 5477 2808 5554 Conterjuzeex
2830 5477 3096 5554 veteribus
3117 5477 3270 5539 a'tlert
3298 5477 3402 5554 hac
3428 5483 3576 5539 dere
3593 5485 3727 5554 Tille
3743 5516 3758 5528 -

2192 5548 2428 5608 montius
2456 5551 2529 5621 in
2561 5548 2665 5604 Vit.
2699 5548 2853 5620 Greg.
2882 5549 3143 5621 Neocws.,
3167 5561 3268 5609 art.
3295 5552 3352 5621 6,
3369 5560 3514 5611 'tom.
3542 5554 3608 5609 IV
3637 5551 3756 5610 Ho-

2191 5629 2478 5676 numentor.
2511 5620 2691 5674 histor.
2723 5622 2901 5675 eccles.

2261 5691 2333 5759 (ε)
2363 5689 2557 5748 Homil.
2586 5689 2706 5756 100,
2734 5703 2854 5758 pag.
2880 5681 3009 5746 355.
