4138 6186
366 364 471 420 Nl

1480 354 1639 423 vl'ra
1674 365 1732 423 s.
1774 365 2019 424 usam:
2054 368 2521 430 raumnmsrs

3540 391 3645 445 “2

360 478 794 549 capti,calendis
807 477 1072 534 Januariis
1087 479 1580 549 auspiciaementiti
1595 482 1829 548 fuerant,
1846 483 1961 551 qui—
1986 491 2033 548 Α
2061 501 2155 555 pro
2196 484 2464 539 honestate
2500 487 2637 558 falsa
2674 490 2939 559 turpitudo
2974 501 3024 546 et
3064 496 3365 564 perversitas
3398 500 3643 561 innovan-

361 570 471 625 bus
501 586 560 625 se
597 572 909 639 cognituros
946 570 1281 626 conﬁderent
1310 572 1604 629 adversane
1643 575 1744 630 sibi
1780 576 1961 630 omnia

360 677 438 715 an
466 663 706 717 secunda
735 678 820 727 eo,
851 678 1011 732 quem
1040 664 1264 729 inibant,
1295 679 1440 719 anno
1468 674 1723 721 eventum
1752 676 1955 722 essent.

357 750 553 821 Neque
576 752 744 827 [CXLI]
769 769 898 808 vero
929 755 1106 808 inania
1130 755 1303 809 solum
1327 757 1564 827 auspicia
1584 758 1954 823 observaram,

356 857 557 897 verum
586 844 750 897 etiam
782 844 938 897 ferias
959 843 1259 899 habuerant
1287 846 1626 901 ethnicorum
1648 862 1820 912 more,
1852 848 1959 903 l're-

358 944 703 1003 quentesque
732 934 799 988 ad
830 934 1072 989 scenicos
1101 935 1252 991 ludos
1281 938 1543 1004 coierant,
1569 939 1623 992 in
1651 940 1847 1007 quibus
1873 938 1957 993 di-

361 1026 557 1093 gnosci
586 1026 674 1078 vix
705 1035 903 1093 posset,
935 1025 1126 1094 plusne
1156 1026 1500 1095 turpitudinis
1520 1028 1736 1093 inesset,
1758 1042 1828 1082 an
1852 1029 1955 1082 im-

362 1116 604 1183 pietatis.
636 1114 693 1170 ld
720 1129 938 1185 quoque
965 1129 1133 1184 genus
1161 1118 1557 1187 superstitionis
1584 1118 1822 1173 funditus
1854 1119 1957 1173 tol-

362 1208 482 1262 lere
510 1207 768 1261 Maximus
798 1208 945 1262 omui
990 1208 1167 1264 studio
1200 1218 1287 1264 est
1328 1211 1538 1265 enixus.
1588 1210 1775 1281 Itaque
1814 1228 1957 1284 saepe

359 1313 432 1352 ac
461 1298 689 1351 multum
719 1314 839 1351 eam
869 1300 939 1354 ob
966 1315 1183 1354 causam
1212 1303 1469 1372 populum
1496 1305 1711 1358 vocavit
1740 1305 1792 1359 in
1821 1320 1954 1360 con-

368 1388 608 1443 cionem.
641 1387 735 1444 Est
780 1388 899 1457 ejus
945 1390 1132 1444 homil.
1185 1391 1251 1444 16
1302 1392 1365 1445 de
1407 1392 1645 1448 Calendis
1667 1394 1950 1449 Ianuariis.

368 1478 555 1549 Hujus
592 1480 742 1534 initio
799 1481 1043 1535 hortatur
1098 1482 1309 1552 plebem
1370 1494 1428 1538 ut
1475 1500 1543 1539 ne
1586 1501 1728 1554 aegre
1797 1488 1959 1542 toties

366 1572 564 1625 eadem
591 1572 659 1626 de
703 1587 763 1626 re
811 1574 996 1627 audire
1062 1573 1199 1628 lerat
1245 1574 1344 1646 (a).
1397 1575 1634 1631 Meminit
1668 1579 1957 1633 verborum

364 1663 619 1733 Apostoli
646 1664 838 1718 aientis
862 1663 935 1737 (b)
965 1684 976 1718 :
1004 1664 1219 1720 Fratres
1240 1668 1418 1721 cadent
1438 1667 1575 1722 vobis
1590 1668 1813 1723 scribere
1826 1671 1954 1724 mihi

358 1756 572 1825 quidem
602 1773 704 1809 non
734 1756 956 1826 pigrum,
987 1756 1125 1811 vobis
1150 1768 1321 1811 autem
1352 1762 1715 1815 necessarium.
1755 1762 1828 1815 Ac
1858 1780 1950 1815 ne-

2064 582 2166 627 tur.
2201 572 2406 629 Novum
2429 588 2611 632 vocant
2640 596 2861 647 annum,
2892 584 3041 655 quasi
3072 588 3189 639 novi
3214 588 3411 661 aliquid
3434 602 3523 646 aut
3552 612 3645 650 ca-

2065 662 2169 719 lum
2202 677 2321 721 tunc
2358 672 2626 737 ostendat,
2667 682 2758 726 aut
2787 682 2943 729 terra.
2995 675 3201 733 Novum
3224 698 3417 735 annum
3442 683 3643 741 Janua-

2058 760 2165 813 rias
2195 762 2463 832 appellant
2502 765 2765 831 calendas,
2813 785 2928 822 cum
2964 778 3160 825 vetusto
3204 789 3405 843 semper
3430 777 3643 834 horrore

2055 857 2106 903 et
2134 866 2310 905 errore
2350 853 2667 909 sordescant.
2713 858 2955 927 Auspicia
2995 862 3149 914 etiam
3186 865 3454 918 vanissimi
3491 867 3641 921 colli—

2057 958 2176 1011 gere
2202 958 2257 995 se
2285 943 2463 997 dicunt
2485 985 2500 1010 ,
2542 962 2602 998 ac
2642 956 2835 1001 statum
2871 950 2988 1004 vita:
3031 967 3139 1005 suae
3166 954 3407 1009 inanibus
3436 958 3643 1015 indiciis

2057 1033 2392 1099 testimantes,
2438 1052 2535 1105 per
2563 1037 2761 1091 incerta
2799 1042 2969 1095 avium
2999 1044 3323 1116 ferarumque
3339 1049 3512 1118 signa,
3540 1051 3641 1103 im-

2055 1123 2299 1176 minentis
2323 1126 2448 1179 anni
2467 1128 2641 1197 futura
2670 1130 2946 1197 rimantur,
2968 1150 3083 1185 cum
3109 1137 3281 1205 utique
3308 1139 3447 1207 apud
3474 1139 3639 1194 Deum

2056 1213 2224 1265 solum
2252 1215 2320 1267 sit
2361 1218 2545 1270 notitia
2576 1219 2888 1288 futurorum,
2942 1231 2991 1275 et
3012 1222 3193 1294 legalis
3231 1230 3509 1281 auctoritas
3538 1230 3640 1283 ista

2056 1302 2342 1371 prohibeat,
2364 1305 2537 1360 dicens
2560 1324 2577 1360 :
2609 1306 2693 1362 Ne
2714 1312 3100 1381 aruspicemini,
3128 1329 3192 1368 ne
3211 1318 3439 1387 auguriis
3466 1320 3639 1371 inten-

2057 1391 2215 1445 datis.
2250 1392 2358 1447 Sed
2377 1397 2550 1450 miseri
2575 1415 2638 1450 ac
2657 1401 2942 1455 miserandi
2968 1404 3199 1458 homines
3227 1408 3363 1479 rapti
3383 1409 3640 1462 erroribus

2056 1498 2396 1553 paganorum,
2447 1495 2499 1541 et
2543 1489 2711 1543 minus
2752 1492 2965 1559 provido
2991 1494 3146 1548 corde
3174 1498 3370 1561 cecati,
3403 1514 3515 1551 cum
3540 1500 3638 1553 im-

2056 1576 2246 1645 pietate
2272 1577 2336 1631 de
2365 1578 2597 1634 domibus
2644 1582 2751 1635 suis
2791 1584 3076 1653 prodeunt,
3116 1595 3167 1639 et
3205 1604 3320 1640 cum
3363 1590 3635 1661 sacrilegio

2057 1676 2396 1722 revertuntur.
2445 1670 2548 1723 Aut
2568 1671 2820 1741 quomodo
2852 1690 2907 1727 se
2934 1672 3283 1731 Christianum
3315 1686 3463 1749 putat
3489 1697 3637 1750 posse

2057 1759 2135 1812 vel
2160 1760 2285 1829 dici,
2309 1763 2397 1833 qui
2424 1763 2478 1815 in
2508 1764 2600 1817 tali
2636 1764 2990 1821 observatione
3031 1769 3157 1822 vidit
3192 1786 3247 1823 se
3275 1771 3486 1840 perﬁdis
3527 1788 3636 1826 esse

360 1848 667 1910 cessarium,
701 1846 889 1915 inquit,
922 1862 1016 1899 nec
1038 1849 1353 1917 superﬂuum
1379 1866 1515 1914 reor,
1538 1851 1583 1903 si
1608 1868 1703 1920 pro
1723 1868 1949 1906 commo-
1980 1858 2027 1917 B
2054 1854 2376 1907 consortem?
2406 1851 2735 1924 'Perceperat
2769 1873 2933 1927 porro
2975 1857 3235 1914 Maximus
3262 1860 3482 1931 uberem
3509 1877 3635 1916 sua-

358 1939 563 1989 nitione
577 1947 754 1990 sancta
782 1936 975 1990 dudum
1000 1936 1198 2003 habita,
1212 1938 1839 2007 praecedentium-Patrum
1863 1960 1954 1998 uo-

357 2027 438 2081 bis
462 2037 762 2097 repetantur
788 2028 1031 2097 alloquia.
1086 2026 1153 2080 Et
1194 2045 1386 2093 revera,
1428 2032 1549 2101 quid
1581 2033 1799 2101 fastidii,
1831 2034 1955 2105 quid

360 2122 541 2174 oneris
570 2120 719 2173 habet
747 2137 841 2191 pro
870 2121 1050 2174 salutis
1079 2121 1309 2191 profectu
1336 2123 1504 2188 utilia,
1536 2139 1597 2176 ac
1623 2123 1734 2179 Deo
1762 2125 1954 2195 placita

358 2211 716 2282 scrpedicere,
757 2213 1048 2282 frequenter
1095 2212 1318 2266 audire?
1363 2213 1432 2266 Et
1480 2214 1625 2279 ideo,
1674 2217 1950 2284 carissimi,

357 2304 470 2373 ﬁde
500 2320 559 2354 ac
587 2302 853 2355 devotione
893 2302 1046 2355 solita
1091 2304 1317 2374 religiosi
1345 2306 1546 2359 itineris
1573 2307 1700 2371 vias,
1732 2323 1795 2359 ac
1821 2309 1954 2361 veri-

358 2396 490 2448 tatis
516 2396 722 2447 semitas
750 2393 1077 2464 gradientes,
1117 2396 1283 2466 magis
1315 2398 1576 2468 magisque
1602 2415 1833 2452 errorum
1863 2400 1953 2453 de-

357 2486 445 2537 ria
470 2524 486 2547 ,
535 2494 583 2537 et
627 2482 886 2537 diabolica
932 2484 1130 2539 calcate
1168 2486 1437 2556 ﬁgmenta.
1499 2484 1613 2540 Nec
1640 2490 1775 2541 enim
1806 2488 1952 2542 debet

356 2576 537 2646 ﬁdelis
564 2576 774 2639 animo,
824 2592 939 2647 qua:
978 2577 1275 2647 angelorum
1316 2580 1578 2633 consortia
1616 2582 1949 2651 concupiscit,

359 2668 737 2720 dmoniorum
778 2664 973 2719 lusibus
1020 2666 1287 2720 delectari.
1361 2665 1542 2736 Neque
1587 2685 1702 2722 vero
1751 2670 1853 2723 luci
1889 2686 1951 2723 ac

358 2756 587 2810 tenebris
605 2796 619 2820 ,
652 2757 853 2810 veritati
881 2766 1032 2827 atque
1051 2756 1319 2809 mendacio
1338 2795 1352 2818 ,
1382 2758 1687 2824 turpitudini
1715 2768 1765 2812 et
1788 2759 1949 2813 hone-

358 2850 487 2903 stati
513 2848 651 2919 apud
672 2847 770 2901 Dei
795 2864 967 2901 servos
994 2848 1104 2899 ulla
1132 2857 1297 2918 potest
1324 2864 1435 2901 esse
1456 2850 1765 2905 communio.
1819 2846 1951 2913 Qui-

358 2958 561 3011 cunque
587 2957 708 3025 ergo
734 2939 1049 2992 credentium
1088 2941 1162 2991 vel
1197 2947 1275 2991 est
1310 2939 1557 3009 templum
1583 2938 1701 3005 Dei,
1738 2939 1817 2994 vel
1842 2957 1953 2994 esse

361 3031 644 3093 desiderat,
668 3030 887 3083 sollicite
911 3036 1086 3082 caveat
1124 3046 1189 3082 ne
1215 3036 1419 3083 mortua
1444 3037 1493 3082 et
1521 3046 1653 3083 vana
1680 3030 1950 3097 sectanda,

359 3122 605 3174 desinens
631 3136 743 3173 esse
766 3117 1011 3189 templum
1038 3117 1159 3184 Dei,
1193 3119 1288 3188 fiat
1318 3118 1568 3173 habitatio
1597 3120 1945 3186 tenebrarum,

2053 1956 2174 1995 rum
2214 1944 2645 1999 cohortationum
2684 1944 2934 2001 fructum.
2983 1947 3115 2002 Nam
3139 1950 3286 2005 cives
3311 1966 3438 2005 suos
3466 1951 3540 2005 ita
3569 1951 3637 2027 ab

2052 2030 2313 2099 ejusmodi
2353 2035 2735 2103 superstitione
2779 2036 3019 2102 deduxit,
3062 2046 3119 2091 ut
3164 2037 3342 2093 dicere
3365 2039 3485 2106 jure
3512 2048 3635 2095 tan-

2054 2121 2177 2175 dem
2200 2123 2473 2191 potuerit:
2526 2123 2611 2177 Ita
2638 2131 2688 2177 et
2725 2142 2831 2190 vos,
2883 2127 3173 2193 carissimi,
3205 2128 3512 2197 jamdudum
3541 2146 3634 2183 nec

2053 2210 2342 2276 observare,
2382 2227 2477 2266 uec
2498 2230 2725 2284 quaerere
2745 2216 3022 2285 manifesta
3049 2217 3300 2271 relatione
3322 2217 3509 2289 [CXLII]
3546 2236 3633 2273 co-

2052 2303 2226 2370 gnovi.
2267 2302 2341 2354 Ac
2368 2318 2545 2356 revera
2574 2319 2679 2357 non
2709 2311 2829 2357 sunt
2851 2322 2883 2357 a
2909 2304 3048 2359 vobis
3078 2308 3276 2375 penitus
3305 2308 3630 2377 inquirenda,

2051 2393 2137 2464 qui
2164 2394 2506 2463 omnipotenti
2551 2392 2662 2448 Deo
2692 2396 3016 2449 credimus...
3069 2396 3171 2450 Vos
3219 2399 3349 2450 sicut
3379 2399 3634 2469 hucusque

2051 2499 2145 2551 pro
2168 2481 2265 2535 Dei
2287 2483 2469 2537 timore
2495 2485 2720 2554 fecistis,
2744 2484 3015 2539 abhorrete
3039 2502 3203 2553 vana,
3230 2488 3448 2559 refugite
3475 2489 3634 2560 falsa,

2050 2572 2212 2641 impia
2233 2572 2508 2626 declinate.

2122 2662 2256 2717 Cum
2285 2672 2433 2718 tanta
2471 2664 2734 2721 Maximus
2776 2666 2829 2720 in
2877 2668 3255 2737 superstitione
3277 2684 3350 2724 ex
3388 2669 3520 2725 urbe
3547 2685 3635 2725 ex-

2050 2753 2389 2808 terminanda
2436 2770 2565 2809 usus
2608 2763 2751 2811 esset
2790 2756 3075 2822 felicitate,
3110 2766 3221 2812 tam
3261 2759 3396 2813 nihil
3444 2760 3634 2814 horta-

2050 2844 2256 2899 tionum
2281 2884 2295 2909 ,
2344 2844 2660 2915 diligentize,
2714 2862 2893 2917 operte
2932 2849 3288 2918 prmtermisit,
3337 2856 3395 2903 ut
3421 2864 3541 2903 eam
3567 2864 3631 2905 ex

2051 2937 2243 2991 animis
2271 2937 2527 2992 evelleret
2554 2938 2877 2993 rusticorum
2915 2940 3007 3011 qui
3050 2954 3215 3010 pagos
3251 2954 3519 3011 agrosque
3550 2942 3629 2996 in-

2052 3030 2312 3084 colerent.
2346 3029 2462 3084 Hoc
2503 3037 2563 3084 ut
2601 3029 2757 3085 facile
2785 3031 2998 3100 assequi
3027 3038 3240 3102 posset,
3270 3031 3533 3102 primores
3553 3033 3634 3087 ci-

2050 3119 2232 3173 vitatis
2269 3120 2472 3175 crebris
2513 3121 2861 3176 concionibus
2906 3137 3152 3191 premere
3190 3136 3487 3193 urgereque
3521 3138 3632 3178 cce-

360 3214 459 3283 ﬁat
487 3211 1145 3265 dcernonismonumentum.
1182 3206 1363 3276 Pergit
1390 3224 1551 3279 porro
1579 3211 1661 3264 vir
1688 3226 1945 3279 summus,
1975 3220 2024 3285 ε
2053 3210 2150 3280 pit.
2183 3209 2402 3266 Monere
2451 3227 2617 3281 porro
2646 3213 2790 3282 ipsos
2822 3213 2990 3268 etiam
3033 3222 3193 3284 atque
3214 3215 3383 3269 etiam
3417 3221 3476 3268 ut
3513 3230 3635 3269 con-

362 3319 466 3359 ac:
518 3301 719 3355 Insano
764 3308 882 3353 sunt
924 3301 1133 3365 omnia,
1166 3299 1369 3368 inquit,
1413 3316 1723 3373 quotcunque
1757 3301 1952 3357 diaboli

360 3396 581 3466 fallente
606 3393 894 3457 mendacio,
934 3391 1031 3445 Dei
1060 3393 1116 3445 iu
1157 3408 1213 3445 se
1252 3407 1355 3445 non
1384 3391 1569 3445 habent
1596 3394 1869 3447 virtutem:
1894 3402 1950 3448 et

362 3489 578 3543 illorum
600 3486 824 3557 gravior,
869 3492 1018 3555 atque
1060 3483 1454 3538 immedicabilis
1495 3483 1716 3555 languor
1743 3494 1839 3549 est,
1868 3486 1956 3556 qui

363 3580 785 3649 superstitionum
815 3578 989 3645 furore
1004 3585 1058 3629 et
1083 3575 1322 3629 ludorum
1349 3576 1604 3629 suavitate
1636 3576 1832 3646 decepti
1861 3576 1954 3630 sub

357 3671 535 3740 specie
562 3669 803 3722 sanitatis
831 3668 1115 3721 insaniunt.
1165 3667 1354 3721 Annon
1383 3668 1558 3720 omnia
1586 3684 1701 3738 qua:
1738 3685 1770 3721 a
1797 3670 1953 3722 mini-

360 3762 487 3815 stris
514 3760 808 3813 dcmonum
828 3758 933 3813 illis
961 3766 1187 3830 aguntur
1213 3757 1390 3811 diebus
1419 3759 1555 3829 falsa
1591 3766 1710 3811 sunt
1730 3767 1779 3812 et
1808 3760 1953 3812 insa-

358 3871 459 3921 na,
480 3869 596 3905 cum
631 3854 708 3905 vir
732 3852 916 3905 virium
960 3867 1177 3904 suarum
1222 3851 1395 3921 vigore
1439 3850 1656 3916 mollito,
1696 3860 1855 3904 totum
1896 3868 1955 3905 se

363 3920 566 4015 frangit
592 3942 648 3995 in
677 3943 951 4013 feminam,
984 3948 1225 4013 tantoque
1263 3920 1395 3995 illud
1431 3942 1625 3995 ambitu
1664 3950 1815 4013 atque
1843 3953 1955 3996 arte

358 4035 588 4107 frangit,
615 4033 762 4103 quasi
787 4033 1028 4101 paeniteat
1057 4031 1202 4085 illum
1230 4048 1359 4096 esse,
1390 4032 1526 4101 quod
1551 4033 1628 4085 vir
1656 4033 1769 4085 est?
1801 4030 1957 4085 Nun-

357 4123 492 4196 quid
518 4140 622 4177 non
664 4124 905 4175 universa
941 4120 1010 4174 ibi
1042 4121 1179 4192 falsa
1222 4127 1341 4173 sunt
1368 4127 1419 4173 et
1446 4121 1661 4188 insana,
1692 4137 1806 4173 cum
1838 4138 1894 4175 se
1920 4138 1954 4175 a

358 4213 479 4269 Deo
505 4214 719 4285 formati
743 4213 971 4267 homines
1000 4220 1089 4266 aut
1128 4212 1181 4264 in
1210 4210 1460 4281 pecudes,
1493 4219 1583 4265 aut
1610 4212 1662 4264 in
1690 4214 1847 4281 feras,
1871 4222 1961 4265 aut

356 4308 420 4360 in
446 4314 686 4372 portenta
702 4303 1110 4375 transformant?
1132 4299 1399 4365 Quomodo
1417 4319 1519 4356 non
1539 4318 1721 4355 sanum
1742 4304 1956 4372 sapien-

362 4401 507 4453 tibus
538 4408 697 4470 patet,
740 4398 872 4452 nihil
917 4396 989 4451 ibi
1033 4398 1198 4450 inesse
1239 4397 1499 4461 sanitatis,
1542 4394 1630 4448 ubi
1660 4396 1840 4465 impia,
1872 4394 1958 4448 ubi

359 4493 659 4556 inhonesta,
708 4491 1047 4561 universaque
1076 4489 1251 4543 omnia
1277 4499 1327 4541 et
1354 4489 1551 4558 faciunt
1576 4498 1624 4541 et
1645 4488 1959 4559 loquuntur?

2056 3302 2295 3356 sulerent
2334 3303 2491 3357 saluti
2537 3319 2667 3358 suae.
2718 3304 2795 3358 Ne
2834 3313 3088 3375 putarent
3146 3306 3225 3359 l'as
3266 3320 3388 3360 esse
3432 3306 3635 3360 homini

2055 3393 2364 3449 Christiano
2412 3394 2562 3464 pati,
2614 3402 2673 3448 ut
2718 3394 2771 3448 in
2826 3396 3036 3449 ruribus
3082 3396 3291 3463 agrisve
3331 3397 3443 3450 suis
3494 3395 3634 3449 idola

2053 3493 2329 3557 perstent;
2380 3486 2553 3556 iisque
2593 3500 2623 3540 a
2662 3484 2869 3540 colonis
2906 3500 3057 3539 sacra
3106 3484 3255 3551 ﬂant,
3287 3501 3351 3540 ac
3376 3486 3631 3548 honores,

2055 3576 2251 3642 cultus,
2282 3589 2473 3646 preces
2516 3574 2888 3629 adhibeantur.
2942 3573 3153 3628 Scirent
3200 3576 3298 3629 nisi
3340 3575 3453 3629 hcce
3493 3575 3637 3641 disji-

2054 3681 2196 3732 cere,
2229 3666 2498 3731 obterere,
2528 3665 2709 3720 delere
2727 3665 2914 3720 conati
2937 3666 3082 3719 omni
3110 3665 3308 3728 studio,
3340 3652 3490 3733 cura,
3522 3666 3633 3720 sol-

2055 3758 2328 3813 licitudine
2374 3758 2514 3823 sint,
2561 3764 2809 3811 auctores
2856 3757 3023 3826 ipsos,
3055 3771 3117 3811 ac
3146 3770 3269 3810 reos
3299 3755 3413 3810 fore
3442 3756 3633 3826 impie-

2057 3849 2182 3903 tatis
2210 3856 2265 3903 et
2292 3847 2691 3916 sacrilegiorum
2708 3886 2725 3911 ,
2754 3846 2947 3915 quibus
2967 3860 3154 3901 eorum
3182 3846 3341 3911 servi,
3373 3855 3631 3912 aratores,

2056 3939 2216 3994 villici
2246 3952 2367 3994 sese
2386 3938 2706 4008 polluerent.
2752 3935 2927 3992 Fuere
2955 3937 3067 4006 qui,
3099 3935 3387 3991 excusandi
3411 3950 3638 4006 purgan-

2057 4030 2218 4099 dique
2246 4028 2330 4084 sui
2372 4043 2534 4083 causa
2558 4066 2573 4092 ,
2625 4027 2868 4083 dicerent
2917 4043 3025 4082 non
3069 4042 3189 4083 esse
3217 4028 3387 4099 culpa:
3420 4037 3637 4083 verten-

2056 4121 2183 4176 dum
2212 4121 2348 4185 sibi,
2398 4119 2543 4189 quod
2592 4119 2681 4172 alii
2726 4118 2812 4174 vel
2845 4127 3043 4186 agant,
3071 4119 3155 4173 vel
3178 4120 3406 4187 egerint,
3436 4120 3638 4188 injussu

2057 4230 2176 4269 suo.
2207 4213 2315 4268 Sed
2343 4213 2444 4267 hos
2469 4211 2730 4265 Maximus
2749 4253 2765 4278 ,
2794 4218 2998 4279 quanto
3038 4210 3090 4263 in
3120 4225 3304 4265 errore
3332 4219 3638 4281 quantaque

2058 4308 2112 4362 in
2174 4305 2510 4377 ignoratione
2567 4300 2907 4357 decretorum
2956 4302 3227 4368 religionis
3276 4311 3632 4368 versarentur,

2059 4399 2292 4453 docens:
2324 4392 2588 4466 Quisquis,
2620 4392 2790 4461 inquit
2812 4390 2916 4464 (c),
2955 4392 3195 4462 intelligit
3227 4394 3454 4445 exerceri
3490 4394 3544 4445 in
3579 4409 3635 4445 re

2058 4505 2152 4542 sua
2190 4486 2461 4556 sacrilegia
2484 4525 2500 4550 ,
2543 4500 2634 4538 nec
2669 4484 2787 4555 ﬁeri
2816 4480 3090 4553 prohibet,
3124 4480 3498 4553 quodamnwdo
3526 4483 3635 4550 ipse

360 4582 536 4637 Grave
561 4584 736 4653 utique
764 4598 941 4636 eorum
970 4598 1060 4635 cor
1085 4590 1162 4635 est
1210 4590 1361 4651 atque
1395 4581 1536 4634 omni
1572 4582 1836 4651 impietate
1858 4581 1950 4635 de-
1978 4592 2031 4652 ι)
2055 4582 2306 4653 praecipit.
2342 4577 2579 4632 Tacendo
2619 4578 2756 4630 enim
2795 4584 2844 4629 et
2882 4591 2981 4629 non
3018 4574 3300 4646 arguendo,
3331 4589 3634 4627 consensum

358 4690 626 4742 pressum,
652 4676 738 4745 qui
774 4690 865 4743 per
894 4672 1176 4744 sacrilegos
1196 4674 1345 4742 jocos
1372 4673 1561 4726 divinis
1592 4674 1801 4728 monitis
1830 4674 1953 4727 illu-

356 4765 544 4817 dentes
558 4773 605 4817 et
630 4780 765 4817 vana
780 4764 1008 4833 diligunt
1027 4773 1078 4817 et
1098 4764 1235 4833 falsa
1256 4772 1538 4829 sectantur,
1558 4773 1606 4817 et
1626 4772 1737 4834 post
1754 4766 1953 4831 omnia,

358 4856 436 4909 ad
461 4855 768 4924 offensionis
802 4854 1204 4924 plenitudinem,
1251 4855 1359 4909 dies
1384 4855 1524 4926 ipsos
1554 4872 1745 4910 annum
1773 4874 1955 4911 nouum

356 4955 567 4999 vocant.
609 4942 917 5016 Quanquam
963 4961 1069 4999 non
1115 4946 1531 4998 inconvenienter
1579 4946 1857 4999 secundum
1901 4962 1956 5000 se

357 5054 551 5092 novum
574 5038 843 5108 appellant
862 5053 1076 5101 annum,
1106 5038 1352 5106 quoniam
1375 5052 1467 5106 per
1486 5037 1745 5107 nefandas
1776 5039 1954 5103 ferias,

436 5211 674 5296 (a)rP‘ag.
726 5212 990 5296 δείξαις.
1032 5212 1162 5296 itide
1207 5219 1263 5267 et
1303 5213 1491 5269 homil.
1524 5213 1645 5283 105,
1692 5228 1813 5284 pag.
1845 5214 1951 5268 543

355 5282 505 5354 seq,
538 5292 593 5338 et
620 5282 792 5365 Serm._
817 5284 870 5351 6,
892 5298 1013 5353 pag.
1046 5282 1152 5336 409
1173 5298 1288 5352 seq.

439 5352 514 5421 (b)
547 5356 626 5408 Ad
656 5353 1029 5421 Plultppenses
1079 5369 1153 5407 ιιι.

459 5424 507 5493 c)
539 5423 714 5478 Serm.
768 5422 893 5490 lOl,
936 5438 1057 5492 pag.
1099 5422 1224 5487 656,
1257 5430 1311 5477 et
1341 5438 1501 5477 scrm.
1534 5422 1623 5489 82,
1652 5437 1774 5493 pag.
1802 5422 1906 5477 610
1933 5442 1944 5476 :

357 5495 425 5551 Si
447 5493 677 5547 videntes
722 5493 814 5549 hoc
845 5504 1088 5558 tacemus,
1130 5495 1336 5547 silentes
1361 5502 1409 5545 et
1440 5495 1682 5563 patimur,
1716 5510 1829 5546 reos
1856 5511 1951 5547 nos

356 5566 661 5627 statuimus,
683 5566 728 5618 si
751 5581 854 5617 non
876 5567 1173 5627 operatione
1199 5565 1405 5617 sceleris
1422 5605 1435 5627 ,
1464 5572 1689 5616 attamen
1716 5564 1951 5617 dissimu-

359 5635 577 5687 lationis
604 5650 842 5693 assensu.
876 5633 1019 5688 Nam
1047 5638 1176 5703 sicut
1205 5635 1407 5689 obviare
1447 5633 1713 5703 sacrilegis
1742 5645 1951 5687 contra-

360 5706 622 5758 dicentem
634 5705 935 5774 justiﬁcat;
980 5706 1057 5756 ita
1082 5700 1406 5757 dissimulare
1434 5719 1547 5774 qua:
1588 5700 1775 5774 videris
1793 5745 1808 5769 ,
1831 5720 1945 5755 ma-

361 5774 509 5827 culat
526 5772 841 5828 reticentent.
876 5773 1058 5830 Solent
1095 5776 1231 5830 enim
1272 5772 1498 5843 plerique
1536 5774 1711 5828 miseri
1738 5772 1944 5826 dicere:

2056 4671 2275 4742 prcebuit
2304 4668 2610 4722 immolanti.
2652 4666 2893 4736 Apostoli
2917 4663 3068 4718 Pauli
3096 4664 3237 4719 hanc
3264 4678 3382 4717 esse
3410 4670 3631 4731 certam,

2059 4770 2118 4816 ut
2143 4776 2263 4831 qua:
2290 4761 2546 4815 instinctu
2572 4758 2753 4811 divino
2782 4755 2851 4810 sit
2878 4755 3239 4825 pronuntiata,
3270 4753 3590 4806 sententiam
3618 4772 3631 4806 :

2059 4852 2375 4908 Criminosos
2397 4867 2508 4905 esse
2537 4867 2641 4904 non
2672 4849 2836 4902 solum
2857 4848 2945 4919 qui
2980 4846 3205 4917 faciunt;
3247 4843 3338 4896 sed
3369 4844 3524 4896 etiam
3548 4845 3634 4915 qui

2054 4945 2379 4999 consentiunt
2426 4937 2749 5013 facientibus.
2795 4934 3150 5003 Quamobrem
3180 4940 3401 4988 nossent
3421 4948 3514 4987 eos
3541 4934 3635 5002 qui

2056 5043 2325 5089 aratorem
2370 5046 2556 5097 suum,
2593 5028 2739 5083 reive
2766 5026 2975 5080 rustica:
2998 5030 3305 5078 curatorem
3333 5021 3635 5079 sacriﬁcare

2056 5212 2268 5277 Nescio,
2302 5229 2404 5267 non
2423 5212 2580 5282 jussi,
2606 5225 2769 5282 causa
2802 5224 2915 5282 mea
2942 5223 3044 5260 non
3071 5216 3165 5282 est,
3202 5225 3303 5262 non
3331 5225 3419 5282 me
3442 5208 3628 5282 tangit.

2056 5284 2161 5337 Sed
2188 5285 2316 5341 hwc.
2346 5293 2403 5335 ut
2424 5278 2568 5342 dixi,
2594 5280 2819 5349 loquitur
2844 5278 3000 5331 miser
3023 5279 3235 5349 quisque
3265 5278 3341 5349 vel
3374 5279 3627 5349 trepidus.

2054 5352 2228 5425 Negat
2262 5354 2401 5425 enim
2443 5368 2506 5425 se
2520 5347 2745 5425 jussisse
2772 5350 2907 5419 ﬁeri,
2932 5347 3066 5425 quod
3086 5347 3264 5425 noluit
3296 5347 3520 5425 jubere,
3568 5366 3631 5401 ne

2051 5418 2216 5493 fier'et.
2267 5421 2407 5475 Nam
2432 5418 2603 5488 utique
2632 5418 2823 5472 malum
2843 5462 2857 5486 ,
2888 5418 3035 5493 quod
3063 5418 3137 5493 de
3153 5418 3517 5493 consuetudine
3544 5433 3632 5470 ve-

2054 5486 2146 5555 nit,
2180 5509 2293 5545 cum
2322 5508 2424 5546 non
2454 5486 2733 5556 coercetur,
2761 5486 3063 5547 admittitur.
3097 5487 3284 5549 Causa,
3310 5486 3491 5556 inquit,
3517 5502 3631 5539 mea

2051 5554 2271 5617 nonest.
2317 5560 2538 5615 Falleris
2579 5571 2628 5615 et
2665 5554 2895 5634 ignoras.
2939 5555 3125 5610 Nescis
3167 5556 3286 5625 quia
3334 5554 3630 5634 Dei-causa

2056 5642 2352 5705 cunctorum
2399 5639 2492 5697 est,
2522 5640 2571 5684 et
2609 5621 2744 5700 quod
2792 5627 2856 5682 ab
2894 5645 2994 5681 uno
3034 5621 3313 5698 peccatur,
3328 5626 3379 5705 in
3395 5621 3628 5692 pluribus

2057 5700 2364 5757 vindicatur.
