4138 6186
541 345 641 402 H3

1664 328 1820 389 VITA
1863 325 1919 383 S.
1954 320 2194 380 MAXIM!
2234 320 2703 380 TAURINENSIS.

3696 314 3794 372 M-i

538 460 695 518 idolis
731 456 956 521 scirent,
991 467 1088 508 nec
1115 449 1459 523 prohiberent
1485 486 1498 514 ,
1527 445 1642 516 ejus
1680 459 1802 500 esse
1828 441 2116 514 participes
2146 443 2190 499 Α
2221 452 2407 507 quare,
2437 448 2657 509 agerent
2691 452 2879 494 severe
2907 444 2962 493 et
3006 435 3260 506 graviter,
3299 442 3359 490 ut
3391 434 3481 504 qui
3514 432 3801 490 sacrificuli

539 547 853 620 impietatis,
881 553 940 600 ut
962 544 1071 613 qui,
1101 542 1200 597 etsi
1221 540 1431 610 copiam
1449 553 1556 594 non
1575 536 1784 598 darent,
1801 533 1918 603 ejus
1939 543 2118 586 tamen

539 641 806 706 foverent,
853 636 977 690 dum
1006 648 1114 688 non
1154 631 1486 694 cohiberent,
1516 627 1805 682 licentiam.
1832 625 1908 678 Ac
1936 622 1982 676 si
2011 636 2120 676 non

539 731 706 802 iussio
737 737 844 793 tua,
877 725 1067 794 inquit,
1100 730 1156 776 at
1183 731 1265 777 est
1287 731 1468 775 tamen
1494 718 1743 774 voluntas
1780 715 1835 768 in
1874 712 2117 768 crimine.

541 823 680 877 Dum
707 822 843 874 enim
872 827 1030 883 taces,
1056 815 1223 885 placet
1261 813 1353 867 tibi
1397 811 1530 882 quod
1562 811 1682 881 fecit
1709 807 1927 862 rusticus
1964 814 2118 857 tuus:

541 912 676 985 quod
713 912 758 964 si
801 925 902 962 non
952 909 1175 979 faceret,
1225 904 1445 975 forsitan
1490 900 1803 971 displiceret.
1839 894 1958 949 Non
1987 894 2123 948 enim

542 1005 643 1059 sibi
668 1010 865 1056 tantum
891 1005 1064 1070 peccat
1091 995 1322 1050 subditus
1343 1010 1455 1047 cum
1485 991 1768 1060 sacrificat,
1796 987 1888 1042 sed
1906 996 1956 1041 et
1975 986 2123 1039 dom-

544 1094 715 1156 nedio,
739 1093 823 1164 qui
854 1107 956 1144 non
986 1087 1253 1158 prohibet;
1284 1084 1369 1156 qui
1398 1085 1442 1138 si
1471 1080 1787 1154 prohiberet,
1820 1079 1992 1148 utique
2019 1092 2125 1129 non

543 1190 798 1256 peccaret.
828 1179 1036 1234 Grande
1072 1178 1230 1249 igitur
1258 1175 1452 1230 malum
1482 1181 1558 1226 est
1579 1169 1895 1224 idololatria.
1929 1164 2125 1219 Polluit

544 1280 836 1328 exercentes
853 1310 868 1335 ,
893 1269 1073 1340 polluit
1116 1265 1405 1319 habitantes
1421 1305 1437 1331 ,
1463 1261 1641 1332 polluit
1666 1261 1919 1313 intuentes
1937 1270 2128 1327 ,_pene—

548 1373 650 1418 trat
679 1362 747 1415 ad
789 1345 1049 1415 ministros
1075 1398 1089 1423 ,
1126 1363 1358 1427 penetrat
1387 1353 1456 1406 ad
1502 1353 1760 1413 conscios,
1793 1353 2027 1418 penetrat
2060 1343 2130 1396 ad

548 1460 792 1504 tacentes.
840 1446 1150 1501 Immolante
1171 1443 1307 1497 enim
1338 1441 1550 1507 rustico,
1581 1439 1878 1510 inquinatur
1915 1435 2128 1488 domne-

547 1541 680 1595 dius.
723 1537 846 1592 Non
892 1543 1058 1606 potest
1093 1551 1198 1588 non
1241 1549 1348 1586 esse
1376 1531 1597 1602 pollutus
1626 1528 1713 1582 ubi
1743 1527 1882 1582 cibus
1909 1526 2130 1594 capitur,

545 1645 695 1701 quem
721 1626 999 1697 sacrilegus
1041 1623 1206 1678 cultor
1243 1623 1503 1686 exercuit,
1535 1629 1671 1674 terra
1713 1626 1922 1672 cruenta
1947 1615 2130 1682 edidit,

551 1729 731 1776 tetrum
771 1721 1007 1773 horreum
1045 1716 1377 1770 conservavit.
1447 1714 1636 1786 Omnia
1685 1713 1820 1785 enim
1866 1709 1936 1763 ibi
1974 1708 2137 1779 inqui-

2219 533 2434 605 pejores
2462 543 2645 588 essent
2689 530 3104 601 gladiatoribus,
3156 529 3210 584 hi
3249 528 3318 584 de
3371 527 3801 582 Christianorum

2219 624 2398 680 fundis
2451 625 2952 679 exterminarentur.
3005 621 3180 691 Atque
3220 621 3352 675 alias
3399 620 3612 689 quidem
3660 635 3804 689 saepe

2224 716 2495 771 auditores
2522 731 2648 770 suos
2686 723 2901 769 sanctus
2939 713 3164 767 antistes
3190 717 3492 774 monuerat,
3529 715 3590 763 ut
3625 709 3802 776 legum

2222 808 2636 862 recordarentur
2672 821 2807 875 quas
2836 820 2899 859 ea
2930 804 2997 859 de
3024 818 3083 858 re
3114 800 3402 856 Christiani
3431 800 3679 853 tulissent
3707 799 3808 851 im-

2223 906 2520 970 peratores.
2553 896 2724 951 Serm.
2750 904 2930 950 autem
2961 894 3050 958 82,
3082 907 3202 963 pag.
3232 889 3335 944 610
3375 909 3388 943 :
3421 889 3580 954 Deus,
3613 889 3805 956 inquit,

2222 993 2476 1063 prwcipit,
2501 1000 2549 1043 et
2577 989 2645 1042 ad
2664 989 2774 1058 ejus
2801 995 3060 1058 prwcepta
3089 985 3390 1038 dormimus.
3418 981 3630 1046 Quoties
3655 996 3811 1034 man--

2227 1085 2365 1138 davit
2406 1082 2542 1136 idem
2583 1081 2723 1134 Deus
2765 1080 3021 1147 idolorum
3065 1076 3337 1147 sacrilegia
3383 1073 3721 1134 destruenda,
3761 1078 3811 1124 rt

2227 1190 2489 1243 nunquam
2510 1172 2578 1226 ad
2607 1172 2739 1224 hanc
2759 1180 2954 1239 partem
2983 1168 3191 1224 solliciti
3219 1182 3330 1220 esse
3357 1164 3624 1220 volumus?
3654 1163 3775 1217 Sent
3796 1190 3809 1201 -

2228 1284 2320 1338 per
2343 1265 2795 1325 dissimulavimus,
2822 1278 3020 1332 semper
3047 1261 3346 1332 sprevimus.
3381 1258 3570 1312 Postea
3592 1273 3688 1311 nos
3716 1256 3812 1309 ad-

2229 1361 2428 1414 monuit
2461 1355 2725 1425 imperiale
2750 1363 3126 1426 prazceptum...
3166 1351 3438 1421 Principes
3466 1349 3669 1421 quidem
3709 1357 3811 1401 tam

2232 1451 2350 1506 boni
2379 1449 2659 1505 Christiani
2689 1448 2824 1518 leges
2852 1464 2944 1518 pro
2970 1447 3216 1515 religione
3235 1442 3586 1512 promulgant,
3617 1439 3706 1494 sed
3726 1455 3814 1492 eas

2232 1551 2550 1597 exsecutores
2589 1557 2692 1593 non
2727 1545 2968 1592 exserunt
2992 1543 3362 1606 competenter;
3393 1543 3442 1586 et
3469 1531 3581 1585 ideo
3604 1539 3756 1584 exuto
3784 1547 3817 1583 a

2235 1637 2386 1705 culpa
2423 1634 2670 1704 principe,
2703 1639 2970 1684 exsecutor
2991 1635 3217 1682 remanet
3239 1627 3292 1680 in
3320 1634 3483 1689 reatu,
3515 1632 3618 1678 etc.
3647 1621 3816 1687 Quem

2235 1741 2367 1779 vero
2427 1724 2690 1777 Maximus
2737 1720 3026 1791 reportarit
3085 1715 3517 1772 adhortationum
3562 1711 3818 1766 monitio-

546 1821 698 1878 nata,
726 1809 900 1865 omnia
927 1816 1046 1860 sunt
1067 1804 1310 1877 nefanda,
1336 1804 1423 1857 ubi
1443 1803 1680 1858 diabolus
1699 1801 1896 1854 habitat
1924 1800 1978 1852 in
2001 1797 2129 1853 tedi-
2162 1799 2208 1858 Β
2237 1831 2469 1886 numque
2496 1830 2711 1869 suam“,
2747 1813 2997 1876 fructum,
3028 1826 3096 1865 ex
3123 1823 3374 1864 sermone
3404 1806 3526 1871 102,
3558 1819 3684 1876 pag.
3716 1801 3820 1855 ϐδεῖ

551 1904 667 1971 bus,
693 1904 746 1956 in
775 1901 939 1971 agris,
968 1901 1023 1952 in
1054 1899 1280 1952 rusticis.
1328 1895 1480 1950 Nihil
1508 1897 1580 1950 ibi
1618 1893 1832 1950 liberum
1858 1901 1936 1947 est
1963 1909 1995 1945 a
2023 1907 2133 1944 sce-

551 1995 675 2058 lere,
699 1992 782 2046 ubi
814 1999 974 2045 totum
1001 1998 1235 2044 versatur
1257 1989 1312 2042 in
1335 1987 1544 2042 scelere.
1571 1986 1697 2042 Cum
1723 1985 1906 2039 cellam
1928 1984 2134 2054 ingres-

549 2099 636 2138 sus
667 2083 846 2154 fueris,
876 2080 1098 2150 reperies
1125 2079 1178 2130 in
1205 2095 1266 2131 ea
1292 2077 1542 2147 pallentes
1572 2076 1783 2146 cespites
1811 2082 2135 2141 mortuosque

549 2171 832 2236 carbones,
893 2169 1104 2240 dignum
1154 2157 1466 2237 sacriﬁcium
1513 2165 1794 2231 daemonis,
1828 2181 1945 2217 cum
1991 2177 2135 2216 mor-

550 2275 636 2320 tuo
705 2262 906 2317 numini
961 2261 1111 2315 rebus
1158 2259 1374 2313 mortuis
1433 2258 1774 2328 supplicatur.
1851 2255 1922 2309 Et
1969 2257 2014 2310 si
2067 2255 2136 2308 ad

550 2371 733 2426 agrum
760 2351 1102 2424 processeris,
1153 2349 1323 2402 cernis
1368 2365 1488 2400 aras
1534 2349 1766 2418 ligneas,
1830 2356 1879 2401 et
1918 2347 2136 2401 simula-

550 2462 640 2500 cra
693 2444 917 2514 lapidea,
969 2457 1254 2511 congruens
1294 2441 1662 2501 ministerium,
1706 2439 1790 2491 ubi
1831 2439 1930 2492 diis
1969 2441 2140 2493 insen-

551 2533 819 2598 sibilibus‘,
868 2533 973 2584 aris
1023 2527 1446 2600 putrescentibus,
1478 2529 1818 2582 ministratur.
1861 2527 1986 2581 Cum
2020 2545 2134 2581 ma-

553 2625 716 2678 turius
761 2622 1078 2693 vigilaveris,
1128 2629 1177 2673 et
1216 2619 1400 2673 videris
1446 2620 1676 2671 saucium
1703 2619 1816 2672 vino
1857 2619 2133 2682 rusticum,

552 2713 686 2769 scire
724 2712 874 2767 debes
912 2712 1190 2783 quoniam,
1258 2711 1388 2764 sicut
1437 2710 1613 2763 dicunt
1643 2750 1658 2775 ,
1709 2718 1799 2762 aut
1845 2709 2136 2763 dianaticus

555 2804 679 2875 (seu
709 2801 895 2857 Diana:
924 2819 1160 2857 arvorum
1189 2802 1362 2855 inanis
1399 2802 1623 2855 numinis
1656 2800 2001 2872 sacriﬁculus)
2049 2808 2139 2853 aut

555 2913 780 2966 aruspex
827 2903 922 2948 est.
978 2893 1233 2947 Insanum
1277 2893 1415 2947 enim
1469 2909 1656 2945 numen
1715 2901 1969 2944 amentem
2009 2890 2140 2945 solet

557 2985 746 3038 habere
791 2982 1108 3052 pontificem.
1177 2979 1480 3050 Opplebant
1526 2981 1667 3034 enim
1706 2995 1825 3034 sese
1870 2981 1995 3035 vino
2022 2979 2140 3048 ejus

559 3073 773 3146 generis
795 3071 1118 3137 sacerdotes,
1148 3079 1207 3124 ut
1233 3071 1377 3140 (cum
1418 3070 1531 3124 deae
1571 3069 1762 3125 facturi
1795 3071 1924 3125 satis
1954 3071 2139 3141 plagas

2234 1922 2372 1975 seq.,
2406 1905 2629 1973 intelligi
2650 1905 2809 1975 plane
2836 1910 3034 1974 potest.
3066 1901 3156 1956 Sic
3184 1901 3326 1955 enim
3357 1914 3452 1952 eos
3480 1897 3571 1966 qui
3593 1895 3660 1950 ad
3685 1910 3819 1949 con-

2235 1999 2444 2052 cionem
2472 2003 2839 2052 convenerant
2867 1995 3129 2049 allocutus
3168 1992 3266 2046 fuit
3300 2009 3311 2045 :
3347 1989 3470 2045 Non
3500 2005 3681 2060 parum
3711 1995 3820 2040 tra~

2237 2097 2376 2143 ctatu
2405 2088 2676 2142 dominicae
2705 2087 2985 2156 superioris
3014 2082 3292 2155 profecisse
3318 2097 3402 2135 vos
3433 2079 3716 2143 credimus,
3745 2078 3820 2130 si-

2236 2178 2438 2250 quidem
2458 2177 2822 2248 prwdicatione
2842 2183 3020 2229 nostra
3041 2174 3103 2227 ab
3126 2174 3264 2227 omni
3297 2171 3554 2224 idolorum
3578 2169 3819 2239 inquina-

2237 2280 2407 2326 mento
2448 2271 2607 2324 corda
2654 2278 2822 2323 vestra
2852 2266 3198 2338 purgavimus.
3252 2262 3451 2318 Nostra
3497 2263 3632 2315 enim
3660 2259 3821 2313 corda

2237 2362 2570 2426 mandantur,
2603 2378 2716 2414 cum
2747 2359 2938 2414 diaboli
2967 2357 3202 2412 sordibus
3242 2356 3438 2427 polluta
3485 2360 3663 2407 nostra
3692 2368 3821 2405 con-

2239 2452 2454 2505 scientia
2493 2468 2597 2505 non
2628 2458 2841 2502 tenetur.
2870 2447 3134 2502 Polla-tam
3160 2456 3326 2498 autem
3369 2445 3413 2497 is
3453 2442 3822 2497 conscientiam

2240 2559 2343 2595 non
2377 2543 2544 2605 habet,
2585 2542 2668 2610 qui
2707 2539 2933 2592 exerceri
2971 2536 3243 2606 sacrilegia
3281 2535 3332 2588 in
3371 2550 3464 2585 sua
3505 2532 3822 2600 possessione

2239 2647 2342 2684 non
2381 2631 2594 2698 patitur.
2625 2627 2877 2681 Caeterum
2905 2627 2990 2698 qui
3035 2628 3130 2679 scit
3170 2627 3223 2679 in
3264 2641 3387 2696 agro
3416 2639 3507 2677 suo
3536 2621 3690 2675 idolis
3721 2622 3821 2673 im-

2239 2723 2445 2786 molari,
2496 2736 2588 2773 nec
2633 2718 2881 2790 prohibet,
2925 2719 3156 2788 quamvis
3199 2719 3310 2787 ipse
3353 2714 3500 2784 longe
3526 2713 3580 2766 in
3617 2711 3824 2764 civitate

2240 2815 2507 2875 consistat,
2539 2811 2753 2882 pollutio
2783 2818 2952 2863 tamen
2986 2808 3131 2862 illum
3173 2807 3401 2878 nefanda
3443 2805 3734 2873 continget;
3773 2810 3823 2854 et

2243 2905 2360 2959 licet
2381 2904 2490 2957 aris
2515 2904 2725 2956 assistat
2751 2902 2993 2965 rusticus,
3021 2898 3112 2970 (ad
3136 2896 3420 2964 dominum)
3454 2891 3822 2948 contaminatio

2243 2992 2564 3048 exsecranda
2587 2990 2892 3062 regreditur.
2918 2989 3187 3056 Particeps
3214 2987 3347 3039 enim
3387 2982 3516 3055 ejus‘
3528 2981 3758 3052 efﬁcitur,
3780 2979 3824 3032 si

2245 3099 2348 3138 non
2377 3081 2711 3147 conscientia,
2741 3090 2873 3134 certe
2901 3079 3105 3132 notitia.
3131 3077 3423 3148 Profecisse
3445 3091 3564 3144 ergo
3593 3088 3680 3126 vos
3709 3085 3826 3122 cre-

557 3145 658 3220 sibi
709 3163 1043 3232 inﬂigerent)
1089 3171 1180 3217 aut
1224 3178 1331 3216 non
1385 3163 1680 3227 sentirent,
1724 3171 1816 3217 aut
1868 3163 2139 3218 mollirent

2245 3175 2430 3238 dimus,
2463 3190 2576 3226 cum
2618 3171 2877 3242 sacrilegii
2907 3170 3096 3222 cultum
3123 3169 3177 3222 in
3218 3167 3398 3220 vestris
3423 3161 3826 3236 possessionibus

558 3256 904 3323 levarentque
950 3253 1192 3308 dolorem
1227 3272 1240 3307 :
1276 3253 1416 3307 Talis
1451 3255 1586 3307 enim
1624 3254 1862 3309 sacerdos
1897 3263 2052 3324 parat
2087 3270 2143 3308 se

548 3343 762 3420 '[cxun]
805 3347 921 3399 vino
960 3343 1028 3397 ad
1067 3344 1249 3414 plagas
1291 3343 1402 3398 dea:
1442 3361 1569 3408 suae,
1600 3353 1656 3396 ut
1685 3344 1806 3397 dum
1833 3352 1909 3398 est
1949 3345 2139 3410 ebrius,

559 3453 768 3506 plenam
799 3451 946 3490 suam
984 3436 1092 3505 ipse
1120 3451 1223 3489 non
1258 3435 1615 3489 sentiatgﬂoc
1645 3446 1814 3489 autem
1843 3453 1946 3490 non
1976 3436 2143 3490 solum

559 3526 625 3583 de
659 3527 1018 3597 temperantia,
1060 3525 1151 3578 sed
1177 3533 1226 3578 et
1255 3526 1318 3579 de
1346 3537 1458 3580 arte
1487 3527 1705 3598 faciunt,
1748 3535 1802 3580 ut
1829 3529 1996 3581 minus
2031 3527 2143 3581 vul-

557 3631 684 3674 nera
709 3635 804 3674 sua
842 3617 1071 3682 doleant,
1108 3617 1228 3673 dum
1253 3619 1359 3672 vini
1389 3619 1634 3673 ebrietate
1647 3607 1932 3689 jactantur:
1968 3619 2144 3674 Vanus

559 3711 713 3783 plane
734 3720 869 3764 vates
899 3718 992 3775 est,
1015 3711 1100 3780 qui
1127 3718 1273 3781 putat
1295 3711 1596 3765 crudelitate
1615 3720 1849 3766 astruere
1881 3713 2140 3778 pietatem.

561 3799 705 3854 Nam
729 3809 784 3852 ut
811 3799 1072 3869 paulisper
1101 3799 1447 3854 describamus
1478 3800 1707 3854 habitum
1746 3804 1872 3855 vatis
1915 3803 2143 3872 hujusce,

562 3901 638 3946 est
655 3893 702 3944 ei
723 3890 1026 3943 adulterinis
1048 3889 1310 3942 criniculis
1331 3889 1582 3960 hirsutum
1606 3899 1778 3961 caput,
1796 3893 1935 3945 nuda
1954 3893 2148 3948 habens

562 3990 792 4052 pectora,
824 3979 986 4050 pallio
1017 3996 1168 4032 crura
1196 3981 1516 4045 semicincta,
1553 3991 1602 4034 et
1635 3999 1775 4036 more
1798 3983 2150 4054 gladiatorum

564 4079 778 4142 paratus
816 4069 884 4122 ad
922 4086 1168 4140 pugnam,
1207 4072 1398 4141 ferrum
1441 4079 1606 4140 gestat
1643 4073 1697 4128 in
1742 4073 2004 4140 manibus;
2047 4077 2150 4129 nisi

565 4161 701 4232 quod
739 4160 1028 4232 gladiatore
1056 4159 1200 4231 pejor
1226 4168 1320 4225 est,
1359 4162 1479 4232 quia
1512 4163 1600 4217 ille
1646 4164 1887 4219 adversus
1929 4166 2148 4222 alterum

567 4251 816 4309 dimicare
856 4252 1083 4321 cogitur;
1130 4251 1227 4304 iste
1254 4260 1432 4305 contra
1461 4269 1516 4306 se
1547 4270 1780 4325 pugnare
1808 4257 2146 4326 compellitur.

569 4339 674 4399 Ille
700 4340 871 4394 aliena
899 4343 1024 4411 petit
1051 4341 1268 4408 viscera,
1291 4343 1385 4395 iste
1410 4345 1620 4413 propria
1641 4344 1867 4398 membra
1896 4346 2150 4413 dilaniat;

568 4433 690 4504 δαδὶ
721 4431 822 4486 dici
861 4440 1042 4502 potest,
1076 4432 1145 4484 ad
1173 4433 1526 4486 crudelitatem
1556 4435 1702 4488 illum
1742 4438 1953 4503 lanista,
1991 4440 2150 4496 istum

2241 3263 2495 3319 inhibetis.
2521 3262 2751 3317 Dicimus
2774 3263 2929 3326 enim,
2960 3271 3014 3313 ut
3043 3259 3326 3313 Christiani
3356 3258 3599 3320 hominis,
3622 3255 3717 3308 hoc
3745 3260 3821 3306 est

2242 3357 2420 3412 mundi
2455 3356 2570 3419 viri,
2602 3355 2668 3406 sit
2701 3351 2893 3405 munda
2932 3351 3206 3422 possessio.
3243 3349 3329 3402 Ait
3357 3349 3494 3400 enim
3531 3343 3780 3399 Salomon
3807 3356 3827 3393 :

2247 3447 2518 3504 Possessio
2554 3444 2776 3515 pretiosa
2801 3443 2877 3496 vir
2904 3440 3146 3495 mundus.
3187 3439 3246 3493 Si
3275 3454 3397 3509 ergo
3425 3436 3501 3490 vir
3520 3449 3675 3505 purus
3704 3449 3826 3502 pos-

2245 3538 2463 3593 sessioni
2493 3537 2875 3608 pretiosissima:
2900 3542 3248 3602 comparatur,
3279 3538 3468 3600 quanto
3497 3530 3600 3581 ista
3627 3540 3829 3596 posses-

2244 3631 2322 3684 sio
2349 3629 2562 3699 majoris
2594 3633 2670 3680 est
2699 3625 2870 3694 pretii,
2902 3625 2946 3677 si
2975 3624 3040 3676 sit
3062 3624 3260 3675 sincera
3288 3628 3337 3673 et
3357 3635 3506 3689 pura,
3530 3633 3622 3670 nec
3654 3615 3828 3685 aliqua

2251 3719 2445 3776 diaboli
2475 3719 2780 3790 contagione
2808 3715 3052 3770 vilescat?

2331 3813 2395 3867 V.
2439 3812 2584 3866 Cavit
2615 3813 2737 3863 item
2765 3808 3028 3861 Maximus
3076 3820 3139 3857 ne
3166 3819 3265 3874 qua
3293 3802 3542 3856 haereseos
3579 3799 3740 3870 pestis
3776 3799 3832 3852 in

2252 3918 2401 3957 suum
2423 3916 2623 3972 gregem
2649 3897 2924 3951 invaderet.
2949 3926 3020 3936 ——
3041 3893 3148 3948 Sed
3185 3893 3310 3947 dum
3348 3891 3612 3944 Maximus
3637 3889 3832 3943 acriter

2251 4001 2438 4048 contra
2461 3989 2730 4045 ethnicam
2752 3985 3183 4057 superstitionem
3212 3983 3500 4052 pugnabat,
3526 3979 3652 4034 illud
3673 3978 3830 4033 simul

2251 4085 2478 4141 cavebat
2523 4098 2592 4137 ne
2626 4096 2732 4151 qua
2771 4081 3038 4134 haereseos
3065 4077 3230 4146 pestis
3259 4075 3312 4128 in
3336 4089 3490 4128 sumn
3511 4085 3724 4140 gregem
3747 4069 3833 4123 in-

2251 4179 2489 4233 vaderet.
2525 4176 2766 4243 Cumque
2793 4178 3080 4240 cognosset
3105 4177 3364 4238 quantum
3394 4164 3618 4219 Manetis
3647 4161 3840 4231 impie-

2253 4277 2338 4324 tas
2359 4267 2623 4322 intulisset
2650 4266 2702 4319 in
2721 4264 2923 4317 Italiam
2945 4263 3105 4317 etiam
3131 4260 3572 4314 detrimentornm
3591 4295 3606 4320 ,
3638 4266 3834 4321 magno

2254 4361 2355 4417 sibi
2395 4373 2560 4430 opere
2603 4355 2912 4412 enitendum
2967 4349 3454 4417 elahorandumque
3499 4346 3730 4416 putavit,
3776 4351 3830 4396 ut

2256 4450 2543 4507 orthodoxi
2575 4447 2838 4516 dogmatis
2873 4445 3196 4513 cognitione,
3225 4441 3476 4495 adversus
3512 4437 3678 4506 ipsam
3715 4433 3834 4486 ani-

570 4538 757 4578 numen
777 4521 1032 4574 hortatur.
1062 4520 1176 4574 Hoc
1197 4522 1354 4591 igitur
1381 4522 1591 4577 indutus
1620 4523 1816 4589 habitu,
1849 4527 1944 4580 hac
1966 4545 2152 4582 crnen-
2181 4500 2231 4560 υ
2262 4559 2382 4598 mos
2419 4500 3115 4600 munireiu'l‘aurinenvsium,
3148 4500 3352 4600 hosque
3390 4531 3468 4585 sic
3512 4500 3832 4588 institueret.

573 4620 652 4664 tus
692 4610 858 4674 ccede,
880 4608 1118 4680 judicate
1154 4619 1325 4662 utrum
1373 4610 1634 4680 gladiator
1680 4616 1746 4667 sit
1781 4632 1850 4669 an
1889 4620 2147 4673 sacerdos.

571 4699 651 4754 Ita
692 4709 908 4759 sanctus
930 4701 1154 4756 antistes
1177 4715 1297 4755 cum
1333 4703 1677 4759 sacerdotum
1703 4707 1820 4776 ejus
1841 4711 2052 4776 generis
2077 4710 2154 4766 fe-

574 4794 750 4847 rinum
793 4805 1059 4859 ornatum,
1097 4803 1258 4865 atque
1300 4794 1570 4850 inimicam
1613 4807 1816 4854 natura:
1859 4802 2152 4870 hominum,

547 4880 562 4962 θ’
577 4880 858 4952 diramque
897 4885 1270 4940 crudelitatem
1306 4883 1718 4954 descripsisset,
1751 4897 1862 4943 tum
1891 4907 2152 4948 conversa

576 4971 644 5028 ad
665 4973 808 5027 cives
830 4979 920 5044 qui
943 4977 1170 5033 aderant
1191 4977 1454 5042 oratione,
1481 4978 1725 5033 hortatus
1749 4995 1843 5036 eos
1869 4985 2155 5040 vehemen-

579 5068 663 5115 ter
685 5060 783 5115 fuit
805 5071 862 5116 ut
903 5065 957 5118 in
978 5072 1292 5123 memoriam
1315 5067 1576 5135 redirent,
1603 5085 1706 5138 qua
1730 5072 1846 5140 lege
1875 5074 1942 5129 ab
1971 5075 2152 5131 Hono-

578 5152 660 5210 rio
693 5152 930 5222 Augusto
961 5157 1228 5214 sublatum
1258 5169 1400 5217 esset
1424 5170 1699 5217 certamen
1729 5165 2104 5232 gladiatorium
2135 5186 2150 5236 ;

651 5353 726 5426 (a)
756 5352 952 5438 licini].
986 5353 1253 5438 “apag.
1284 5358 1388 5412 582
1415 5377 1529 5430 seq.
1570 5362 1925 5438 :‘Htereticos,
1957 5367 2148 5438 inquit,

577 5423 757 5506 omne:
782 5423 1008 5506 arbitror
1034 5423 1266 5506 vulpibus
1294 5423 1689 5499 comparandos,
1719 5437 1803 5506 qui
1832 5423 1946 5490 cum
1984 5423 2155 5493 inldo:

579 5511 662 5548 mo
709 5491 921 5577 pomini
961 5491 1193 5577 habitare
1242 5513 1345 5550 non
1386 5491 1613 5574 possint,
1661 5491 2155 5562 conventiculaisibi

579 5563 1004 5648 quasdamfeluti
1033 5567 1205 5648 foveas
1242 5563 1561 5648 pra’p'aranth
1558 5563 1868 5648 tenebrosus,
1899 5577 1953 5630 in
1974 5579 2154 5648 quibus

581 5635 910 5716 pertinaciter
930 5636 1146 5716 latentes
1173 5635 1495 5716 insidiantur
1514 5636 1780 5716 Ecclesiae,
1794 5635 1866 5716 ui
1886 5648 1930 5700 si
1951 5635 2050 5716 qua
2067 5649 2152 5701 in-

584 5703 770 5762 nocens
808 5703 986 5760 anima
1022 5707 1155 5773 forte
1191 5707 1517 5775 processerit,
1547 5709 1678 5762 velut
1713 5703 1908 5775 pullum
1944 5703 2154 5781 éallina

2258 4643 2319 4690 ut
2347 4635 2389 4689 si
2418 4634 2469 4688 in
2503 4647 2661 4702 quem
2691 4630 2829 4684 forte
2867 4628 3175 4683 incidissent
3202 4625 3292 4693 qui
3332 4623 3383 4676 id
3421 4622 3686 4675 hmrescos
3705 4633 3837 4687 por-

2259 4733 2467 4781 tentum
2497 4724 2738 4789 ingerere
2768 4720 2897 4790 ipsis
2923 4718 3102 4780 vellet,
3140 4731 3261 4770 cum
3290 4714 3604 4780 dignoscere
3641 4709 3839 4762 vitare-

2259 4830 2367 4885 que
2413 4821 2649 4883 possent.
2690 4811 2857 4866 Norat
2899 4810 3042 4863 enim
3081 4805 3359 4860 haereticos
3402 4803 3539 4856 clam
3579 4798 3840 4869 imperitis

2265 4907 2598 4974 incautisque
2646 4903 2868 4958 insidias
2908 4903 3170 4957 instruere
3215 4897 3410 4962 solere,
3441 4911 3469 4948 a
3500 4893 3694 4963 quibus
3719 4891 3841 4944 dili-

2263 5007 2451 5067 genter
2486 4996 2680 5064 cuique
2718 4995 2808 5060 sit,
2840 4993 3151 5060 naviterque
3179 4986 3470 5044 cavendum
3505 4985 3604 5055 (a).
3637 4977 3840 5055 [cxuv]

2265 5088 2442 5154 Quare
2484 5085 2613 5140 illud
2643 5085 2890 5138 universe
2936 5078 3310 5136 animadvertit
3354 5094 3369 5130 ς
3416 5091 3538 5131 cum
3586 5071 3841 5128 novitatis

2261 5192 2441 5250 prava:
2467 5175 2828 5230 studiosorum
2855 5189 2971 5228 mos
2997 5172 3067 5227 sit
3091 5179 3150 5226 ut
3186 5185 3292 5225 una
3319 5169 3528 5224 ratione
3555 5165 3734 5220 metiri
3759 5161 3840 5217 di-

2253 5373 2439 5427 matris
2485 5367 2859 5424 absorbeant...
2917 5367 3149 5422 Vitemus
3188 5382 3327 5436 ergo,
3373 5365 3582 5436 fratres,
3628 5363 3839 5436 vi'emus

2253 5443 2522 5511 pestiferos
2551 5439 2776 5511 vulpium
2803 5438 3161 5511 insidiantium
3191 5433 3610 5511 dolos,:vitentus
3650 5433 3838 5511 morti-

2254 5503 2397 5582 feras
2422 5503 2850 5579 nequissimorum
2875 5508 3218 5560 animantium
3247 5505 3534 5582 captiones.
3566 5520 3694 5556 ne...
3722 5503 3836 5582 frn-

2253 5571 2366 5633 Etus
2386 5571 2678 5632 nostrarum
2700 5585 2946 5700 segetum,
2968 5571 3326 5646 pervenerunt
3344 5575 3646 5646 dogmatum
3664 5571 3840 5640 vulpes

2257 5658 2347 5700 aut
2388 5647 2694 5700 insidiarum
2781 5648 3041 5700 ecentione
3092 5647 3323 5700 capiant.
3380 5651 3471 5698 aut
3511 5645 3840 5700 ﬂammarum

2257 5658 2347 5719 aut
2388 5647 2694 5702 insidiarum
2744 5645 3041 5715 deceptione
3092 5647 3323 5719 capiant,
3380 5645 3471 5698 aut
3510 5645 3840 5713 ﬂammarum

2257 5717 2529 5776 adustione
2554 5726 2878 5774 consumant.
