4138 6186
318 340 424 397 145

1438 336 1593 395 νιτΑ
1627 337 1684 393 S.
1722 336 1966 393 MAXIM!
2004 336 2470 396 TAURINENSIS.

3485 343 3583 400 146

315 458 444 511 vina
482 468 737 525 quaeque,
781 452 1058 524 longisque
1107 451 1560 522 disputationibus
1604 451 1900 521 implicare,
1930 459 1977 516 Α
2008 468 2160 508 novre
2206 455 2338 521 legis
2388 461 2869 510 sacramentorum.
2924 455 3043 511 Non
3086 456 3327 511 nominat
3371 458 3585 529 quidem

315 557 481 617 atque
512 546 787 601 involvere
814 552 1077 601 conentur
1118 544 1229 616 (a),
1269 544 1559 600 curandum
1600 544 1906 600 orthodoxo

313 655 437 694 esse
458 653 527 691 ne
548 653 669 691 cum
693 636 759 689 iis
791 635 979 704 jungat
1008 635 1448 690 consuetudinem
1486 634 1578 706 (b).
1624 634 1754 690 Inde
1783 652 1905 690 sua-

313 745 434 784 rum
464 743 586 783 esse
612 727 793 781 ovium
814 734 994 795 partes
1034 735 1218 780 monet
1257 734 1314 781 ut
1350 727 1571 781 credant
1596 743 1759 781 unum
1785 742 1905 784 esse

314 821 507 883 Deum,
531 818 623 888 qui
645 834 712 872 ex
734 817 899 871 nihilo
920 818 1299 886 aspectabilem
1320 818 1462 871 hunc
1476 818 1731 872 mundum
1752 834 1905 873 crea-

313 912 395 963 vit
423 908 527 978 (c);
565 922 666 961 nec
718 906 810 960 ulli
840 908 1142 961 auscultent
1178 907 1268 976 qui
1310 905 1509 961 audeat
1548 908 1775 974 ratione,
1807 924 1901 965 seu

316 999 499 1069 potius
525 996 789 1050 arbitratu
817 1012 914 1051 suo
942 996 1008 1051 de
1036 995 1293 1052 Creatore
1315 1006 1573 1073 statuere.
1592 998 1901 1068 Investigari

314 1103 546 1156 namque
588 1087 705 1141 sola
743 1086 956 1141 ratione
1005 1102 1109 1140 non
1153 1103 1330 1157 posse,
1375 1088 1449 1141 ait
1482 1107 1494 1140 :
1530 1086 1795 1151 Quomodo
1836 1106 1900 1143 ex

313 1177 473 1231 nihilo
517 1176 691 1236 factus
742 1185 819 1229 est
862 1175 1115 1240 mundus,
1158 1178 1339 1230 coelum
1386 1177 1523 1231 unde
1563 1178 1897 1248 resplenduit,

314 1284 567 1336 aqua-rum
594 1274 784 1337 utquor,
812 1275 961 1320 terra:
981 1266 1219 1319 soliditas
1240 1285 1338 1338 qua
1360 1270 1561 1321 ratione
1582 1268 1865 1321 subsistunt
1878 1286 1897 1333 ;

311 1358 570 1429 quomodo
608 1359 762 1412 etiam
810 1358 874 1411 de
913 1366 1049 1411 terra
1093 1359 1264 1424 homo,
1310 1360 1372 1413 de
1408 1361 1635 1415 masculo
1682 1363 1894 1432 femina,

310 1452 533 1520 itemque
575 1467 668 1519 per
715 1450 963 1519 feminam
1004 1451 1293 1515 masculus;
1345 1452 1467 1522 quid
1502 1452 1631 1505 illud
1671 1462 1745 1505 est
1782 1460 1898 1523 post

310 1542 505 1603 omnia,
539 1540 675 1611 quod
697 1539 865 1593 lumen
895 1541 1055 1611 gignit
1084 1557 1145 1593 ac
1175 1541 1439 1607 tenebras;
1476 1543 1611 1613 quod
1642 1544 1794 1596 ritam
1816 1546 1899 1614 fa-

311 1631 380 1682 cit
408 1647 469 1682 ac
498 1638 733 1683 mortem.
767 1628 896 1684 Post
929 1647 940 1682 :
966 1630 1025 1684 Si
1054 1648 1193 1700 ergo,
1225 1632 1412 1700 inquit,
1448 1641 1493 1685 te
1518 1634 1704 1702 ipsum,
1729 1650 1758 1685 ο
1798 1634 1894 1685 ho—

311 1736 413 1781 Ino,
438 1727 487 1772 et
516 1735 631 1789 qua:
650 1727 859 1789 propter
882 1728 929 1771 te
950 1720 1090 1790 facta
1118 1730 1253 1784 sunt,
1285 1724 1504 1791 qualiter
1524 1732 1611 1775 aut
1640 1723 1773 1775 unde
1794 1723 1895 1776 sint

2011 542 2274 597 Maximus
2301 542 2641 610 Manichaeos,
2665 544 2757 615 qui
2785 545 2953 600 malas
2980 560 3099 601 esse
3127 546 3358 616 nuptias,
3388 548 3585 616 quique

2007 633 2205 686 malum
2245 648 2381 700 esse,
2412 642 2573 702 atque
2598 650 2629 688 a
2658 635 2798 689 malo
2839 636 3102 705 principio
3130 636 3403 691 conditum
3425 652 3583 691 inuu-

2007 722 2136 776 dum
2164 724 2308 778 hunc
2348 723 2447 777 sub
2496 739 2684 778 sensus
2730 725 3045 791 cadentem;
3079 726 3391 795 illatumque
3418 726 3584 782 Vetus

2006 810 2407 866 Testamentum
2448 812 2809 883 (Mareionem
2866 816 3101 886 aliasque
3144 824 3324 885 pestes
3370 818 3584 885 generis

2005 900 2243 971 ejusdem
2271 903 2461 973 secuti)
2491 906 2831 973 pugnabant;
2862 905 2957 959 sed
2986 906 3321 962 sanctissimo
3368 908 3582 978 praesuli

2004 1009 2112 1048 non
2141 1001 2248 1048 tam
2278 1003 2394 1049 erat
2421 1010 2579 1060 curm,
2631 1005 2690 1050 ut
2716 998 2932 1051 nomina
2968 1006 3234 1052 sectarum
3263 1000 3408 1055 cives
3454 1016 3581 1054 nos—

2000 1092 2121 1139 sent
2161 1086 2270 1151 sui,
2311 1101 2471 1154 quam
2500 1096 2560 1140 ut
2588 1086 2841 1156 dogmata
2865 1088 3064 1142 scirent
3109 1089 3427 1143 orthodoxze
3456 1088 3579 1143 reli-

2000 1175 2192 1243 gionis,
2216 1176 2409 1244 quibus
2435 1176 2773 1244 dogmatibus
2801 1178 3046 1247 cognitis,
3079 1179 3335 1234 sectarios
3360 1179 3580 1248 detege-

1998 1278 2058 1319 re
2086 1258 2151 1320 ac
2177 1265 2437 1334 repellere
2460 1274 2576 1320 tuto
2605 1275 2842 1335 possent.

2070 1353 2248 1421 Quare
2277 1355 2365 1409 ille
2392 1356 2749 1423 quorumdam
2770 1357 3148 1412 haereticorum
3178 1357 3270 1425 qui
3303 1371 3397 1411 sua
3420 1363 3579 1412 mtato

1998 1448 2051 1501 in
2091 1448 2339 1514 regiones
2382 1447 2633 1501 linitimas
2680 1448 3044 1517 invasissent,
3085 1449 3581 1518 circumvenireque

1999 1540 2278 1609 imperitos
2304 1554 2505 1603 rerum,
2543 1549 2703 1608 atque
2737 1541 2983 1597 incautos
3008 1551 3356 1610 conarentur,
3385 1543 3580 1597 tacitus

1996 1632 2234 1701 praeterit
2273 1631 2731 1701 appellationem;
2773 1632 2877 1687 hoc
2906 1641 3366 1700 unocontentus,
3407 1642 3467 1687 ut
3507 1646 3579 1690 ne

1996 1722 2115 1791 quis
2161 1718 2292 1777 civis
2335 1723 2604 1791 ignoraret
2649 1737 2767 1791 qua:
2821 1723 3057 1792 ipsorum
3115 1732 3258 1778 esset
3304 1724 3574 1793 impietas.

314 1810 455 1879 facta
501 1808 927 1879 comprehendere
972 1826 1074 1862 non
1122 1810 1279 1876 vales,
1328 1828 1428 1882 qua
1474 1816 1886 1883 praesumptione,
1922 1814 2177 1886 Bltaque
2221 1814 2437 1883 quinam
2507 1812 2582 1866 illi
2634 1806 2877 1867 hmretici
2928 1811 3125 1867 fuerint
3184 1813 3575 1883 incompertum

312 1914 472 1967 quave
524 1899 764 1963 stultitia,
817 1907 954 1951 tuum
996 1899 1177 1969 ipsius,
1229 1910 1378 1971 atque
1416 1903 1643 1955 omnium
1688 1903 1901 1957 discutis

314 1988 650 2042 Caenonem
668 1990 756 2042 ?...
790 1988 935 2055 Ilwc,
968 1991 1247 2057 carissimi,
1293 1994 1481 2045 rationi
1505 2010 1639 2047 cazca
1663 2003 1799 2060 sunt,
1830 1996 1898 2065 [i-

315 2077 394 2131 dei
436 2080 737 2149 manifesta.
788 2078 935 2132 Tunc
956 2081 1093 2133 enim
1120 2090 1269 2151 parte
1295 2099 1359 2135 ea:
1403 2083 1576 2153 aliqua
1615 2084 1900 2154 indefinito!

314 2171 601 2240 majestatis
630 2171 742 2240 ejus
769 2173 1047 2239 poferimus
1074 2166 1325 2225 immensa
1355 2174 1555 2236 rimari,
1588 2176 1631 2228 si
1664 2175 1899 2229 adverta-

310 2276 417 2313 mzis
444 2260 614 2330 qualis
635 2270 953 2332 quantusque
988 2264 1055 2315 sit
1088 2261 1224 2315 Deus
1251 2280 1282 2315 a
1322 2263 1469 2317 nobis
1499 2281 1601 2318 non
1636 2282 1784 2335 posse
1812 2282 1898 2318 co-

311 2353 503 2422 gnosci,
529 2360 586 2403 ut
608 2355 683 2405 ait
714 2350 963 2407 Dominus
984 2354 1053 2406 ad
1074 2353 1289 2425 Moysen
1322 2372 1338 2409 :
1364 2355 1438 2408 Tu
1478 2366 1646 2410 autem
1667 2374 1769 2411 non
1796 2375 1893 2423 po-

313 2444 433 2495 teris
456 2441 629 2495 ridere
658 2445 840 2513 faciem
881 2462 1066 2508 meam,
1107 2447 1161 2499 id
1183 2455 1278 2511 est,
1310 2464 1412 2499 non
1434 2456 1576 2517 potes
1604 2447 1897 2502 carnalibus

313 2533 472 2585 oculis
512 2550 719 2599 meam,
761 2537 913 2589 sicuti
953 2546 1058 2600 est,
1100 2538 1355 2607 inspicere
1401 2537 1660 2592 deitatem.
1707 2538 1897 2592 Beatus

311 2641 528 2695 namque
568 2624 739 2678 David
778 2628 1012 2680 virtutem
1042 2629 1427 2697 omnipotentiw
1455 2629 1568 2699 ejus
1598 2629 1890 2693 intendens,

310 2713 596 2777 clamabat,
628 2715 806 2769 dicens
849 2733 867 2769 :
914 2716 1183 2771 Mirabilia
1225 2736 1381 2788 opera
1423 2728 1525 2783 tua,
1560 2718 1797 2785 Domine,
1846 2729 1894 2772 et

312 2808 483 2858 animo
514 2824 630 2860 mea
660 2809 795 2860 norit
818 2807 981 2860 valde.
1016 2807 1179 2862 Valde
1201 2810 1335 2863 enim
1359 2810 1547 2864 sciebat
1575 2813 1749 2865 anima
1770 2829 1892 2882 pro-

311 2896 531 2964 phetalis
575 2914 731 2964 opera
753 2895 851 2950 Dei
879 2914 1079 2951 onmem
1100 2899 1479 2953 meditationem
1500 2902 1740 2955 humana:
1760 2919 1895 2956 men-

312 2987 372 3038 tis
400 2987 673 3051 excedere,
704 2997 913 3058 propter
950 2989 1086 3060 quod
1129 2992 1542 3059 sapientissimus
1570 2994 1890 3062 patriarcha,

311 3077 545 3131 mortalis
575 3095 752 3131 sensus
798 3082 1064 3135 conclusus
1107 3083 1386 3150 angustiis,
1426 3100 1538 3154 qua?
1588 3085 1895 3156 investigare

1999 1912 2100 1959 est.
2135 1902 2249 1958 Hoc
2277 1904 2542 1968 novimus,
2574 1902 2737 1958 fuisse
2768 1903 2870 1957 illis
2896 1904 3234 1973 prazpositos,
3263 1920 3398 1974 quos
3426 1921 3575 1975 pres-

1998 1996 2213 2067 byteros
2241 1994 2603 2064 appellabant.
2652 1994 2746 2048 His
2784 1995 3057 2062 negotium
3100 1995 3263 2049 fuisse
3294 1996 3477 2050 datum
3515 2004 3575 2051 ut

1997 2085 2169 2153 laico,
2208 2084 2300 2154 qui
2328 2100 2424 2140 sua
2465 2085 2592 2154 ipsis
2629 2092 2851 2153 peccata
2880 2082 3249 2151 conﬁteretur,
3280 2100 3388 2139 non
3411 2079 3572 2154 jube-

1995 2180 2114 2228 rent
2142 2182 2199 2227 ut
2218 2174 2579 2242 resipisceret,
2608 2181 2772 2241 utque
2812 2173 3037 2227 crimina
3077 2189 3173 2228 sua
3213 2174 3573 2229 detestaretur

1995 2270 2156 2332 atque
2184 2260 2443 2328 deﬁeret;
2473 2261 2567 2316 sed
2599 2269 2803 2315 tantum
2832 2263 3072 2332 pecuniae
3101 2263 3168 2317 ad
3199 2264 3571 2319 remissionem

1995 2354 2344 2423 imperarent,
2371 2362 2632 2422 quantum
2662 2354 2762 2423 ipsi
2791 2360 3111 2420 statuerent,
3135 2356 3270 2409 solvi
3298 2362 3569 2425 oportere.

1995 2445 2071 2500 Ne
2100 2460 2228 2500 vero
2256 2445 2316 2499 hi
2361 2445 2672 2514 quempiam
2715 2444 2983 2513 fallerent,
3023 2445 3289 2499 Maximus
3316 2445 3572 2501 advocata

1993 2536 2276 2602 concione,
2306 2534 2383 2588 sic
2410 2542 2493 2589 est
2519 2534 2773 2603 populum
2811 2534 3072 2588 allocutus
3102 2534 3165 2605 (j)
3202 2552 3214 2587 :
3247 2534 3437 2588 Mirari
3470 2551 3571 2589 non

1994 2625 2231 2680 debemus
2271 2624 2408 2696 quod
2444 2624 2737 2693 hujusmodi
2775 2624 3001 2678 hatretici
3037 2626 3093 2678 in
3131 2632 3307 2679 nostra
3333 2623 3572 2678 aberrare

1994 2719 2235 2786 cmperint
2262 2716 2490 2787 regione.
2523 2714 2738 2785 Semper
2765 2716 2901 2768 enim
2930 2730 3133 2786 gregem
3162 2716 3329 2767 ovium
3354 2714 3571 2767 insidia-

1995 2816 2075 2863 tor
2101 2808 2249 2878 lupus
2279 2808 2536 2877 sequitur;
2579 2822 2778 2873 semper
2804 2804 3157 2859 Christianum
3185 2815 3364 2859 castum
3392 2804 3570 2858 diabo-

1994 2899 2071 2952 lus
2099 2898 2338 2965 deceptor
2366 2897 2616 2950 incursat.
2654 2895 2804 2959 Quod
2831 2895 3032 2967 quidem
3057 2896 3115 2964 fit
3136 2896 3349 2956 utiliter,
3381 2902 3435 2947 ut
3464 2894 3571 2948 sol-

1994 2992 2212 3045 licitiore
2235 2988 2467 3042 custodia
2498 3003 2589 3041 nec
2610 3004 2814 3058 gregem
2840 2989 2944 3041 ovis
2966 2987 3188 3051 deserat,
3211 3002 3303 3039 nec
3326 2983 3571 3039 Christia~

1994 3098 2089 3134 nus
2134 3080 2421 3133 Ecclesium
2462 3079 2799 3149 derelinquat.
2850 3077 2998 3132 Unde
3035 3086 3083 3131 et
3130 3077 3403 3147 Apostolus
3448 3077 3571 3129 ait:

312 3184 413 3220 non
442 3178 646 3238 poterat
680 3170 1032 3223 mirabatur...
1069 3170 1182 3224 Hoc
1218 3172 1404 3241 ipsum,
1437 3174 1571 3243 quod
1599 3177 1888 3245 incompre-
1919 3184 1960 3243 ρ
1996 3171 2209 3240 Oportet
2248 3171 2403 3224 etiam
2442 3170 2663 3224 hwrcses
2703 3171 2943 3233 eristere,
2972 3176 3025 3220 ut
3067 3165 3267 3238 probati
3309 3167 3571 3237 manifesti

314 3256 577 3310 hensibilis
609 3266 683 3310 est
713 3257 869 3321 Deus,
896 3261 1068 3313 anima
1091 3262 1203 3331 ejus
1229 3260 1486 3331 (Davidis)
1510 3274 1735 3325 noverat,
1768 3280 1889 3318 caro

312 3350 498 3400 sentire
539 3365 642 3401 non
684 3359 904 3420 poterat.
940 3350 1119 3404 Omnis
1149 3370 1268 3423 ergo
1300 3354 1384 3424 qui
1412 3371 1567 3421 opera
1601 3353 1700 3407 Dii
1727 3358 1890 3425 magis

314 3443 411 3495 tult
457 3445 760 3495 examinare
806 3461 957 3515 quam
1006 3445 1231 3511 credere,
1288 3463 1390 3500 non
1428 3447 1653 3517 sequitur
1703 3449 1890 3502 anima:

314 3547 541 3596 sensum,
587 3533 679 3584 sed
704 3550 929 3585 errorem
970 3533 1067 3604 (d).
1107 3534 1298 3589 Datum
1337 3543 1595 3605 prteterea
1631 3536 1891 3592 Maximus

313 3620 568 3675 divinitus
603 3620 770 3675 Vetus
813 3621 1212 3677 Testamentum
1245 3625 1313 3696 (e)
1363 3626 1565 3691 scribit,
1615 3627 1764 3695 cujus
1811 3634 1890 3682 est

312 3712 533 3781 spiritus
562 3728 699 3766 unus
740 3728 801 3767 ac
830 3713 983 3779 Novi,
1017 3716 1255 3786 miraque
1295 3733 1415 3771 cum
1444 3718 1594 3771 Novo
1618 3718 1733 3787 ipso
1755 3734 1888 3772 eon-

312 3803 493 3857 sensio
519 3804 606 3874 (f).
640 3803 805 3858 Docet
852 3803 1024 3860 Patris
1068 3808 1255 3861 mterni
1294 3808 1387 3862 Dei
1418 3808 1607 3861 Filium
1631 3816 1890 3863 mteruum

311 3889 482 3945 Deum
524 3893 809 3947 humanam
862 3895 962 3948 sibi
1005 3896 1353 3965 assumpsisse
1401 3905 1674 3961 naturam,
1726 3905 1890 3967 utque

314 3983 612 4047 hominem,
646 3999 750 4037 non
782 3986 1077 4053 apparenti,
1109 3986 1201 4039 sed
1231 4002 1361 4041 vero
1391 3988 1666 4056 prmditum
1697 4000 1890 4057 corpo-

311 4088 391 4138 re,
439 4090 564 4129 vere
607 4090 823 4144 passum
870 4084 1248 4144 mortuumque
1289 4076 1470 4141 fuisse,
1514 4079 1885 4145 resnrrexisse,

311 4166 618 4219 ascendisse
640 4166 693 4219 in
722 4167 912 4220 cmlum
944 4167 1041 4237 (g),
1065 4166 1293 4235 indeque
1319 4183 1458 4233 esse,
1488 4176 1545 4220 ut
1572 4169 1722 4222 vivos
1740 4184 1884 4223 mor-

313 4265 543 4326 tuosque
566 4256 799 4325 judieet,
830 4257 1177 4311 adventurum
1208 4257 1305 4330 (lt).
1351 4257 1530 4331 [CXLV]
1561 4258 1890 4313 Constitutas

310 4348 440 4399 item
488 4347 562 4400 ait
602 4346 765 4401 fuisse
806 4364 835 4401 a
878 4348 987 4403 Deo
1018 4350 1252 4418 nuptias,
1283 4366 1416 4419 quas
1456 4350 1710 4420 deinceps
1734 4351 1887 4405 Chri-

309 4443 427 4489 stus
471 4436 815 4491 sanetilicarit
863 4438 957 4508 (i),
1008 4454 1102 4493 seu
1148 4440 1201 4494 in
1251 4455 1528 4496 numerum
1579 4442 1888 4511 provexerit

408 4636 464 4702 a)
492 4636 685 4707 liomil.
718 4636 804 4703 89,
836 4652 956 4707 pag.
984 4638 1103 4694 500.

406 4707 459 4773 b)
490 4705 684 4779 Homil.
722 4705 853 4771 104,
872 4705 992 4777 pag.
1026 4707 1127 4761 M6
1154 4726 1166 4760 :
1191 4706 1341 4763 Circa
1368 4709 1490 4779 ﬁdei
1524 4709 1713 4764 donum
1742 4709 1887 4764 solli-

308 4776 399 4832 citi
431 4793 558 4850 esse
581 4776 848 4850 debemus,
881 4786 930 4831 et
968 4779 1195 4848 providi,
1244 4787 1293 4832 et
1338 4776 1406 4831 ad
1450 4782 1736 4834 custodiam
1778 4780 1891 4850 ejus

306 4850 497 4902 mentis
524 4847 790 4920 devotione
816 4864 1013 4920 semper
1036 4865 1169 4920 esse;
1189 4851 1396 4913 armati,
1430 4866 1521 4903 nec
1550 4852 1649 4903 cito
1683 4847 1890 4920 fallaci-

306 4916 645 4990 buscredere
694 4916 1083 4990 blandimentis.
1132 4917 1277 4972 Solet
1321 4920 1457 4990 enim
1495 4920 1585 4972 sub
1632 4916 1885 4990 praetextu

303 4989 453 5067 pacis
491 4986 663 5067 hostis
713 4989 955 5067 irrepere,
999 4988 1095 5067 hqc
1132 4997 1209 5040 est
1256 4987 1347 5040 sub
1387 4986 1641 5067 pocabulo'
1658 4990 1888 5067 hominis

302 5056 1273 5129 Christianihatreticussubintrare,
1316 5060 1400 5129 qui
1446 5060 1514 5111 ad
1560 5060 1887 5125 decipiendos

300 5126 567 5195 simplices
607 5126 839 5180 homines
869 5125 1130 5179 Christum
1160 5127 1214 5180 in
1260 5125 1347 5181 ore
1374 5137 1574 5195 portat;
1623 5129 1886 5182 diabolum

299 5199 444 5267 gerit
472 5197 541 5269 in?
566 5197 749 5269 corde;
782 5205 830 5249 et
856 5213 982 5269 eum
1010 5197 1215 5267 quidem
1254 5198 1431 5267 lingua
1461 5200 1752 5269 conﬁtetur,
1797 5199 1888 5251 sed

297 5264 473 5321 mente
492 5264 834 5335 blasphemat.
859 5266 933 5317 Ab
964 5264 1058 5319 hoc
1088 5268 1245 5337 igitur
1274 5264 1471 5335 oportet
1499 5264 1700 5337 penitus
1729 5268 1888 5322 decli-

296 5338 445 5396 nari,
472 5352 562 5408 nec
582 5338 764 5408 aliqua
779 5338 1311 5408 societateconjungi,
1338 5344 1443 5408 etc.

371 5408 451 5487 (ε)
496 5405 691 5459 Homil.
736 5406 796 5469 7,
826 5420 947 5474 pag.
979 5405 1066 5472 22,
1115 5405 1384 5488 ethomil.
1431 5405 1514 5471 10,
1711 5407 1800 5473 28,
1832 5416 1888 5461 et

373 5476 491 5529 mil.
536 5474 623 5529 82.
654 5490 774 5529 nati.
805 5475 930 5529 270.
962 5482 1016 5529 et
1038 5476 1224 5529 homil.
1269 5476 1355 5529 89.
1389 5490 1509 5529 nati.
1546 5475 1611 5529 -9
1672 5492 1809 5529 δρα..
1832 5486 1885 5529 et

295 5473 491 5549 homil.
526 5474 623 5549 82,
654 5490 774 5543 pag.
805 5473 937 5549 2:19,
962 5482 1016 5529 et
1038 5476 1224 5531 homil.
1269 5476 1355 5540 89,
1389 5490 1509 5546 pag.
1541 5473 1647 5529 ‘299
1672 5492 1809 5549 scq.,
1832 5486 1885 5531 et

289 5546 491 5615 homil.
512 5544 638 5615 4116,
675 5560 795 5615 pag.
836 5544 959 5598 585.

368 5616 452 5683 (ιι)
481 5613 690 5685 ῌοιιιὶιξ
710 5614 793 5685 lt),
822 5630 942 5685 pag.
976 5614 1063 5666 9.8.

369 5688 447 5751 (ε)
478 5683 685 5757 Ηοιηη.⁸
714 5684 797 5749 11,
825 5683 944 5755 pag.
972 5684 1031 5739 51
1060 5725 1072 5751 ,
1101 5686 1281 5741 homil.
1333 5686 1413 5752 15,
1448 5701 1565 5757 pag.
1602 5687 1687 5753 51,
1718 5704 1875 5742 scrin.

287 5755 382 5817 18,
429 5768 549 5820 pag.
593 5753 713 5807 442.

1915 4644 1968 4704 ¹⁵
2065 4645 2082 4779 ἓ

1994 3262 2127 3329 ﬁant
2176 3261 2309 3313 inter
2356 3277 2462 3313 vos.
2518 3260 2783 3330 Tanquam
2829 3261 2872 3312 si
2912 3259 3103 3312 diceret
3144 3275 3160 3311 :
3207 3256 3422 3327 Oportet
3457 3274 3581 3311 esse

1997 3350 2303 3404 Christianis
2333 3350 2454 3419 ﬁdei
2473 3366 2718 3420 pugnam,
2749 3359 2806 3402 ut
2832 3352 2900 3403 sit
2929 3348 3156 3420 probatis
3180 3359 3317 3402 certa
3338 3349 3569 3403 victoria.

1999 3439 2169 3504 Nam,
2201 3449 2256 3493 ut
2286 3456 2459 3493 eorum
2499 3440 2705 3492 interim
2748 3438 3089 3510 blasphemias
3118 3456 3453 3511 seponamus,
3486 3456 3569 3492 re-

1998 3539 2228 3583 texumus
2263 3546 2375 3601 qua:
2408 3538 2527 3583 sunt
2554 3531 2781 3598 ipsorum
2820 3537 3075 3600 prwcepta
3103 3530 3317 3583 vivendi.
3352 3529 3569 3597 Priapo-

1997 3622 2083 3676 siti
2133 3639 2327 3684 eorum,
2377 3638 2500 3692 quos
2557 3619 2877 3691 presbyteros
2925 3627 3139 3681 uocant,
3176 3619 3415 3671 dicuntur
3465 3618 3569 3671 tale

1993 3712 2179 3765 habere
2199 3712 2591 3772 mandatum,ul
2616 3712 2661 3764 si
2691 3712 2801 3781 quis
2825 3711 3072 3763 laicorum
3101 3711 3269 3780 fassus
3286 3709 3440 3779 fuerit
3460 3708 3568 3761 cri-

1992 3821 2107 3857 men
2135 3803 2434 3865 admissum,
2481 3817 2581 3855 non
2622 3802 2758 3854 dicat
2781 3802 2858 3855 illi
2887 3818 2904 3855 :
2941 3802 3047 3871 Age
3074 3802 3443 3870 paenitentiam,
3472 3800 3566 3853 de-

1993 3894 2140 3964 plora
2170 3896 2308 3965 facta
2347 3901 2454 3954 tua,
2494 3892 2626 3961 deﬂe
2659 3901 2895 3963 peccata;
2922 3892 3011 3945 sed
3032 3892 3205 3946 dicat:
3228 3891 3334 3945 Pro
3357 3892 3569 3944 crimine

1992 3984 2059 4036 da
2091 3993 2287 4037 tantum
2316 3984 2477 4048 mihi,
2523 3991 2572 4036 et
2601 3984 2896 4055 indulgetur
2933 3982 3041 4037 tibi.
3084 3982 3261 4036 Vanus
3303 3982 3488 4053 plane,
3519 3991 3575 4036 et

1991 4077 2240 4143 insipiens
2266 4076 2547 4147 presbyter,
2576 4078 2662 4147 qui
2693 4093 2807 4131 cum
2835 4077 2922 4130 ille
2950 4076 3180 4146 prwdam
3209 4078 3445 4146 accipiat,
3470 4092 3569 4146 pu-

1992 4177 2093 4232 tat,
2127 4168 2263 4237 quod
2302 4178 2565 4237 peccatum
2601 4168 2832 4223 Christus
2887 4170 3171 4239 indulgeat.
3231 4167 3409 4221 Nescit
3451 4168 3570 4232 quia

1993 4255 2235 4311 Salvator
2274 4258 2400 4311 solet
2428 4267 2637 4327 peccata
2677 4258 2889 4320 donare,
2922 4268 2971 4310 et
3003 4274 3096 4325 pro
3126 4257 3310 4311 delicto
3344 4272 3569 4326 querere

1990 4350 2240 4419 pretiosas
2280 4349 2558 4419 lacrymas,
2605 4364 2709 4401 non
2756 4349 3000 4419 pecunias
3050 4363 3368 4400 numerosas.
3422 4345 3568 4400 Unde

1989 4442 2099 4512 ipse
2120 4443 2193 4495 ait
2218 4458 2233 4494 :
2267 4439 2440 4494 Gratis
2471 4440 2760 4511 accepistis,
2785 4441 2945 4511 gratis
2973 4440 3157 4494 date...
3183 4438 3410 4508 Suscipit
3431 4438 3567 4489 dona

2089 4640 2143 4711 f)
2172 4639 2385 4711 illoinil.
2418 4638 2501 4711 11,
2530 4653 2651 4709 pag.
2684 4638 2773 4711 51,
2802 4646 2856 4693 et
2876 4655 3035 4711 serui.
3069 4639 3154 4705 80,
3186 4656 3303 4710 pag.
3332 4640 3449 4695 605.

2087 4708 2139 4780 ῃ)
2171 4710 2304 4764 Vide
2336 4708 2545 4780 puniat;
2570 4724 2712 4762 num.
2741 4710 2791 4772 '5,
2818 4723 2938 4778 pag.
2970 4709 3035 4780 H_
3058 4708 3228 4779 seqq;
3264 4708 3318 4765 ei
3354 4726 3500 4765 num,
3532 4711 3566 4766 ι

1990 4777 2163 4848 seqq;
2190 4792 2314 4848 pag.
2341 4777 2417 4831 ’45
2462 4794 2637 4847 seqq.,
2669 4780 2755 4832 ubi
2798 4777 2980 4833 verum
3011 4777 3197 4842 Deum,
3241 4780 3561 4848 perlectum-

1990 4863 2095 4921 que
2121 4850 2390 4921 hominem
2428 4850 2757 4921 ostendimus
2784 4864 2814 4902 a
2841 4848 3073 4921 Maximo
3095 4849 3431 4921 crediatque
3463 4867 3560 4921 ap-

2028 4919 2176 4973 ellari
2205 4917 2495 4973 Christum.
2523 4917 2657 4973 Cum
2681 4928 2857 4972 autem
2888 4918 3115 4971 fateatur
3135 4917 3401 4973 Christum
3433 4917 3561 4989 per-

2015 4992 2191 5043 ectum
2242 4990 2546 5054 hominem;
2596 4989 2772 5041 anima
2820 4994 2996 5050 certe,
3038 4994 3093 5039 et
3131 5003 3357 5057 corpore
3401 4990 3564 5047 fuisse

1990 5058 2271 5127 pneditum
2301 5060 2371 5112 sit
2405 5058 2696 5127 confessus,
2733 5063 3069 5127 necesseest.
3100 5056 3267 5112 Homo
3294 5063 3447 5126 enim,
3482 5063 3564 5116 in-

1988 5124 2105 5198 quit
2145 5128 2599 5201 Margimus‘serm.
2636 5126 2723 5189 41,
2758 5139 2878 5201 pag.
2914 5124 3035 5191 567,
3068 5130 3243 5201 anima
3272 5139 3318 5182 et
3348 5124 3566 5201 corpore

1988 5196 2209 5253 constat.
2241 5198 2355 5252 Una
2385 5199 2497 5251 sine
2517 5198 2699 5257 altera,
2733 5196 2988 5269 disjuncta
3017 5213 3077 5269 ac
3099 5198 3352 5269 dissipata
3374 5196 3561 5253 natura

1989 5277 2083 5321 est.
2119 5269 2194 5322 De
2240 5284 2363 5323 vere
2393 5283 2569 5335 passo,
2603 5273 2834 5328 mortuo,
2868 5265 2935 5319 ad
2977 5267 3140 5319 vitam
3164 5265 3435 5330 revocato,
3469 5284 3557 5323 re-

1989 5346 2344 5405 surgenteqne
2385 5337 2617 5399 Christo,
2659 5336 2845 5389 confer
2865 5350 2982 5403 quso
3004 5352 3070 5391 ex
3096 5337 3327 5391 Maximo
3355 5339 3560 5393 descri-

1990 5408 2189 5476 psimus
2224 5406 2429 5459 Pnel‘at.
2485 5421 2629 5476 num.
2676 5405 2726 5468 6,
2777 5420 2895 5475 pag.
2932 5406 3000 5459 48
3044 5422 3215 5476 seqq.,
3271 5425 3417 5462 num.
3468 5408 3553 5473 l2,

1993 5473 2112 5545 pag.
2153 5476 2237 5546 55,
2268 5484 2323 5530 et
2345 5491 2488 5529 num.
2518 5473 2920 5546 lﬁiseqqq—pag.
2964 5476 3031 5527 49
3054 5473 3201 5546 seqq.

2064 5547 2140 5617 (h)
2166 5545 2363 5617 Confer
2392 5552 2544 5617 tract.
2578 5545 2628 5609 l,
2661 5547 2725 5597 de
2748 5546 3041 5617 Baptismo,
3061 5545 3180 5615 pag.
3216 5546 3309 5617 711
3346 5566 3455 5617 seq.

2060 5614 2129 5697 (ἱ)
2165 5614 2517 5738 Videpnefat.
2548 5624 2781 5669 nostram
2809 5631 2954 5668 num.
2984 5614 3069 5681 28,
3096 5630 3215 5685 pag.
3255 5616 3365 5671 101.

2060 5692 2130 5738 (ι)
2154 5686 2308 5738 Humi
2334 5725 2346 5738 .
2374 5684 2491 5738 194.
2526 5699 2644 5738 nati.
2677 5683 2779 5738 546
2807 5700 2921 5738 sca.

2059 5683 2130 5756 (j)
2154 5683 2346 5741 Homil.
2374 5684 2491 5749 104,
2526 5699 2644 5756 pag.
2677 5683 2779 5739 546
2807 5700 2921 5753 seq.
