4138 6186
347 240 452 296 N9

1457 236 1610 299 VITA
1646 236 1707 293 S.
1744 235 1991 294 MAXIMI
2025 237 2494 301 TAURINENSIS.

3516 247 3620 325 I59

342 364 465 420 stoli
494 361 637 416 Petri
661 362 815 433 fides.
840 361 1285 434 Tranquillitatem
1312 332 1491 413 autem
1504 376 1617 413 esse
1636 360 1721 414 ubi
1748 357 1933 413 Petrus
1962 362 2004 429 Α
2037 359 2157 412 bula
2178 363 2459 428 recusanti,
2475 372 2524 416 et
2542 370 2718 439 potum
2739 365 2999 437 porrigere
3025 365 3231 443 minime
3249 365 3472 430 sitienti,
3504 383 3618 421 cum

342 456 487 512 solus
526 456 769 524 navigat;
799 452 885 507 ubi
930 470 1047 506 vero
1085 451 1252 505 ludas
1280 446 1618 522 radjungitur,
1661 459 1934 520 tempesta-

346 559 448 602 tem
484 545 584 615 (a).
632 543 695 599 Ei
736 560 899 613 porro
940 544 1031 612 qui
1072 543 1219 597 ludas
1272 542 1410 597 facta
1460 542 1697 596 imitetur
1742 540 1933 610 ecquid

341 654 462 694 esse
492 637 707 705 reliqui,
736 635 836 689 nisi
867 643 923 689 ut
948 635 1191 690 exitiales
1213 633 1363 689 Judze
1402 633 1568 704 ipsius
1612 633 1786 689 exitus
1831 633 1930 686 ha-

342 729 513 784 beat?
1426 716 1429 717 ν

411 820 498 875 VI.
520 820 647 875 Non
660 821 832 873 minus
848 819 944 890 fuit
959 818 1176 889 diligens
1202 816 1465 871 Maximus
1491 818 1545 871 in
1568 833 1659 870 suo
1671 832 1822 888 grege
1843 817 1930 870 in-

339 910 601 967 stituendo
630 909 909 979 disciplina
929 924 1145 961 morum.
1165 906 1356 960 Palam
1370 908 1536 978 eloqui
1554 907 1710 960 voluit
1733 923 1926 961 verum.

341 1001 487 1056 Cavit
524 1019 589 1055 ne
622 1002 836 1053 nimium
858 1008 947 1053 aut
986 1014 1207 1061 severus,
1239 1006 1326 1050 aut
1356 998 1626 1070 indulgens
1654 1007 1803 1052 esset.
1830 997 1931 1052 Cu-

341 1096 474 1148 ravit
501 1102 558 1145 ut
578 1094 710 1146 cives
739 1074 819 1145 sui
849 1074 987 1143 dicto
1025 1089 1293 1143 audientes
1326 1099 1515 1153 essent,
1546 1092 1930 1161 frequentesque

340 1187 396 1261 in
424 1187 695 1241 ecclesiam
725 1165 1068 1237 convenirent.
1096 1178 1237 1244 Quas
1258 1182 1381 1253 ipsis
1408 1182 1602 1236 dederit
1630 1185 1931 1253 prwceptio-

340 1294 429 1330 nes
455 1291 675 1329 morum.
708 1302 779 1312 —
805 1272 989 1340 Neque
1011 1272 1184 1327 minus
1210 1272 1436 1341 diligens
1459 1273 1721 1328 Maximus
1750 1273 1846 1327 fuit
1876 1276 1929 1329 in

338 1362 673 1420 instituendo
702 1361 903 1433 populo
927 1360 1205 1431 disciplina
1228 1378 1458 1417 morum.
1483 1362 1926 1418 Animadverten-

334 1457 463 1511 dum
494 1460 676 1509 autem
705 1452 1016 1523 cumprimis
1034 1452 1203 1519 duxit,
1234 1452 1592 1517 sacerdotum,
1636 1454 1922 1523 episcopo-

335 1562 453 1601 rum
474 1544 797 1621 prmsertim,
819 1541 872 1597 id
897 1556 1090 1603 munus
1122 1556 1241 1596 esse
1268 1542 1543 1612 proprium
1564 1551 1622 1597 ut
1648 1544 1925 1599 veritatem

334 1636 511 1706 palam
533 1633 846 1704 praedicent,
879 1647 943 1687 ac
987 1632 1033 1687 si
1072 1631 1200 1702 quid
1230 1630 1410 1687 inferri
1441 1633 1591 1704 pravi
1621 1633 1923 1701 cognorint,

2036 450 2092 503 id
2118 452 2254 520 quod
2280 451 2457 519 offers,
2486 468 2590 507 non
2628 436 2734 507 tam
2765 452 2986 507 libenter
3028 436 3253 518 hauriat,
3284 446 3437 527 quam
3467 458 3617 526 fasti-

2035 541 2180 595 diose
2198 542 2351 596 veluti
2382 542 2723 599 turbulentum
2746 545 2961 611 reddat;
2995 556 3144 618 atque
3162 548 3237 601 ita
3256 549 3335 617 fit,
3367 557 3422 601 ut
3442 557 3617 619 paputt

2033 635 2301 687 sinceritas
2324 632 2563 705 [CXLVIII]
2603 630 2827 701 vitietur,
2849 646 2898 690 et
2919 652 3101 690 causas
3123 635 3291 690 delicti
3315 638 3615 709 fastidiosus

2034 732 2242 794 potator
2270 726 2519 779 inveniat.
2555 726 2644 781 Sic
2684 744 2807 797 ergo
2837 738 2886 782 et
2931 728 3141 781 caritati
3178 713 3358 783 vestrm
3385 730 3616 799 ingerere

2032 812 2281 895 dominici
2330 815 2502 885 poculi
2529 818 2952 885 prtedicationem
2996 821 3127 890 forte
3172 820 3487 890 superfluum
3516 828 3611 885 est,

2032 921 2146 959 cum
2172 906 2229 959 id
2249 908 2425 961 anima
2447 918 2613 962 vestra
2635 907 2823 963 clausis
2843 909 3113 966 visceribus
3136 928 3238 966 non
3260 920 3363 965 tam
3382 913 3615 965 sitienter

2032 998 2263 1064 hauriat,
2308 1017 2460 1069 quam
2508 999 2895 1055 dissimulanter
2930 1002 3180 1072 effundat.
3226 1001 3424 1057 Fundit
3476 1003 3611 1058 enim

2030 1088 2333 1143 mandatum
2353 1089 2596 1157 Domini,
2627 1094 2713 1161 qui
2742 1090 2870 1145 illud
2898 1109 3022 1146 aure
3058 1110 3152 1146 sua
3190 1095 3425 1164 percipit,
3459 1093 3614 1147 corde

2030 1197 2134 1234 non
2164 1170 2414 1238 retinet...
2439 1192 2489 1238 et
2510 1185 2583 1236 ita
2609 1184 2815 1237 domum
2836 1200 3022 1237 vacuus
3052 1184 3279 1254 repedat,
3310 1186 3395 1257 qui
3427 1184 3491 1237 de
3523 1201 3609 1237 ec-

2029 1271 2185 1324 clesia
2214 1281 2427 1327 onustus
2456 1274 2669 1327 exierat.
2703 1270 2820 1327 Jam
2868 1274 2968 1328 hos
3014 1289 3156 1343 smpe
3209 1281 3510 1337 monuerat,
3554 1282 3611 1327 ut

2030 1358 2310 1428 largitione
2355 1362 2590 1431 inopiam
2636 1378 2821 1417 eorum
2869 1364 3063 1431 quibus
3122 1364 3343 1418 adversa
3396 1362 3608 1418 fortuna

2029 1458 2190 1515 esset,
2221 1451 2493 1519 levarent,
2525 1462 2688 1521 utque
2725 1453 3070 1523 providerent
3095 1471 3163 1509 ne
3184 1455 3326 1523 quod
3356 1456 3408 1508 in
3434 1454 3610 1510 fundis

2028 1541 2139 1596 suis
2166 1542 2428 1612 reliquum
2452 1543 2653 1598 idolum
2683 1554 2861 1611 esset,
2894 1561 3028 1599 neve
3053 1546 3341 1600 familiares
3361 1547 3611 1601 catechu-

2029 1650 2217 1689 menos
2245 1636 2445 1691 diutius
2464 1644 2715 1705 expertes
2743 1653 2863 1692 esse
2887 1632 3324 1706 baptismi‘gratia
3355 1645 3607 1707 pateren-

335 1726 693 1788 detestentur,
725 1721 1137 1793 reprehendant,
1169 1736 1233 1776 ac
1259 1723 1475 1793 penitus
1511 1723 1677 1777 deleri
1712 1732 1919 1779 curent.
1953 1726 1997 1786 B
2028 1730 2142 1789 tur;
2173 1723 2265 1779 sed
2295 1725 2369 1778 ita
2391 1724 2604 1780 auditus
2631 1723 2825 1791 fuerat,
2872 1736 2931 1779 ut
2957 1727 3185 1780 inaniter
3206 1725 3320 1780 fusa
3347 1726 3463 1795 ejus
3486 1742 3606 1781 om-

333 1817 490 1887 Quod
536 1817 584 1871 si
618 1823 800 1871 tacere
836 1829 996 1884 quam
1025 1813 1205 1882 eloqui
1244 1815 1459 1879 malint,
1490 1830 1641 1871 suam
1683 1817 1827 1887 ipsos
1868 1817 1922 1872 in

333 1924 601 1965 summum
651 1906 938 1962 discrimen
990 1905 1218 1960 salutem
1273 1904 1557 1961 adducere.
1615 1906 1921 1963 Cavendum

331 2015 461 2055 vero
490 1999 556 2052 iis
586 1995 847 2066 majorem
886 1996 941 2050 in
978 1994 1195 2051 modum
1222 2009 1340 2050 esse
1370 2011 1439 2051 ne
1465 1997 1685 2051 nimium
1716 2006 1808 2053 aut
1831 2014 1920 2053 se-

331 2093 443 2147 veri
472 2092 603 2154 sint,
637 2095 730 2143 aut
758 2087 1110 2156 indulgentes.
1136 2087 1269 2142 Nam
1299 2089 1616 2159 prophetam
1644 2091 1805 2144 etiam
1835 2107 1926 2161 pe-

332 2183 496 2245 tiisse,
527 2190 587 2234 ut
614 2186 789 2235 nosset
832 2180 1054 2231 scienter
1088 2179 1450 2250 sapienterque
1495 2180 1808 2251 distinguere
1835 2182 1921 2251 qui

331 2276 433 2328 sint
463 2273 675 2327 termini
698 2270 962 2335 bonitatis,
986 2278 1034 2323 et
1054 2285 1207 2340 quam
1236 2269 1417 2322 debeat
1436 2267 1621 2323 habere
1648 2269 1922 2341 disciplina

332 2380 663 2425 mensuram;
692 2378 759 2414 ne
782 2363 915 2431 forte
960 2367 1051 2412 aut
1079 2360 1253 2413 nimia:
1280 2360 1596 2414 remissionis
1622 2360 1742 2414 vitio
1780 2361 1924 2413 inco-

332 2459 476 2529 gnita
500 2455 752 2527 findetur,
778 2460 868 2505 aut
895 2450 1173 2519 disciplina
1197 2449 1499 2521 durioripsa
1514 2452 1594 2504 sui
1625 2451 1922 2505 austeritate

335 2546 623 2602 erubescat.
657 2544 833 2613 Atque
861 2558 1004 2609 eum,
1032 2542 1118 2611 qui
1148 2539 1308 2595 bonus
1359 2557 1468 2594 esse
1513 2542 1745 2611 peccanti
1780 2542 1917 2605 velit,

331 2637 547 2709 benigne
575 2635 785 2708 quidem
836 2617 1042 2709 facere:
1077 2634 1172 2689 sed
1199 2640 1257 2688 ut
1284 2618 1483 2687 bonum
1520 2648 1708 2689 revera
1738 2632 1917 2699 faciat,

337 2728 513 2797 rigore
547 2727 629 2782 uti
660 2712 870 2780 debere
916 2724 1225 2793 disciplime,
1275 2740 1383 2794 quo
1430 2740 1525 2779 sua
1572 2726 1650 2778 illi
1679 2726 1921 2796 proﬁciat

331 2819 537 2875 bonitas
566 2820 621 2872 in
644 2818 891 2894 salutent;
916 2816 1114 2886 alioqui
1142 2804 1485 2887 perniciosam
1508 2802 1589 2872 illi
1633 2806 1745 2873 eam
1775 2804 1921 2872 boni-

332 2922 487 2966 tatem
509 2914 643 2983 fore,
676 2927 790 2982 qua:
820 2911 1077 2980 permittat
1102 2910 1268 2979 perire
1296 2897 1606 2979 peccantem,
1632 2927 1778 2981 quem
1807 2909 1921 2980 ipsa

330 3011 566 3075 potuerat
595 3002 799 3055 salva‘re
844 2990 1147 3069 correctum.
1187 2988 1404 3064 Rursus,
1445 2990 1652 3069 inquit,
1686 3003 1731 3055 si
1760 3003 1919 3056 nimio

331 3094 628 3163 disciplina:
655 3092 827 3162 vigore
850 3091 1044 3144 nullam
1064 3092 1299 3145 sanantis
1320 3091 1563 3146 bonitatis
1585 3093 1917 3162 prtetenderis
1947 3088 1989 3148 C

332 3185 675 3247 medicinam;
700 3183 818 3235 dum
860 3190 1105 3235 terrorem
1145 3189 1282 3234 tuum
1312 3182 1501 3252 refugit
1529 3197 1773 3251 peccans,
1800 3199 1919 3252 pec-

334 3277 501 3331 cantis
531 3274 891 3345 wgritudinem
915 3289 1019 3326 non
1068 3273 1287 3326 curabis.
1329 3271 1399 3326 Et
1427 3290 1540 3345 qua:
1594 3275 1800 3328 tandem
1842 3276 1918 3329 vi-

336 3369 487 3425 tendi
534 3368 671 3421 ratio
704 3368 831 3428 erit,
866 3380 979 3436 quce
1000 3365 1224 3435 justitia,
1254 3366 1297 3418 si
1347 3374 1435 3417 aut
1465 3366 1683 3420 solutior
1731 3366 1918 3421 lenitas

334 3460 711 3515 conniventiam
750 3454 976 3526 prtebeat
1001 3457 1300 3524 peccatori;
1329 3462 1419 3507 aut
1451 3456 1792 3509 immoderata
1834 3473 1917 3510 se-

334 3552 524 3606 veritas
554 3566 585 3602 a
608 3549 755 3618 lapsu
785 3562 888 3600 non
917 3554 1116 3599 revocet
1151 3546 1522 3617 delinquentem
1552 3545 1668 3618 (b)?
1707 3546 1796 3603 Sic
1820 3562 1917 3603 au-

336 3651 445 3696 tem
466 3656 527 3695 se
548 3640 692 3710 plebi
714 3652 856 3694 cura:
882 3652 992 3693 sua:
1030 3636 1247 3692 creditae
1272 3637 1610 3707 conﬁrmare,
1639 3647 1801 3708 atque
1828 3655 1917 3694 re-

335 3735 563 3805 cipere:
611 3732 846 3803 seipsum
892 3745 1011 3786 esse
1038 3728 1400 3784 venerabilium
1449 3729 1667 3785 Patrum
1714 3731 1787 3802 (c)
1817 3731 1921 3788 hac

334 3826 403 3881 de
434 3840 493 3879 re
514 3822 759 3892 exempla
779 3821 1125 3875 imitaturum.
1143 3818 1253 3875 Sibi
1274 3821 1435 3889 igitur
1456 3821 1917 3890 auscultentoves,

335 3933 460 3975 cum
503 3914 764 3970 ministris
792 3914 862 3968 sit
888 3912 983 3967 Dei
1010 3928 1119 3966 non
1165 3912 1337 3989 solum
1374 3913 1705 3968 adhibendus
1724 3914 1916 3979 honos,

333 4008 432 4064 sed
462 4007 625 4062 etiam
648 4002 1121 4077 obtemperantium
1153 4002 1256 4075 (ά).
1281 4002 1415 4057 Nam
1443 4004 1767 4075 dignitatem,
1798 4022 1911 4077 qua:

335 4098 590 4153 ministris
619 4096 846 4168 defertur
869 4133 883 4158 ,
915 4095 992 4148 illi
1042 4096 1153 4148 sine
1193 4093 1343 4147 dubio
1372 4094 1600 4148 exhiberi
1629 4097 1774 4166 cujus
1800 4106 1919 4151 sunt

336 4189 581 4244 ministri.
636 4186 905 4255 Repetant
949 4185 1207 4240 memoria
1264 4185 1543 4239 oraculum
1604 4185 1802 4242 Christi
1842 4190 1921 4245 sic

335 4278 617 4350 apostolos
666 4276 988 4345 alloquentis
1021 4294 1033 4328 :
1068 4273 1165 4340 Qui
1194 4292 1279 4330 vos
1323 4276 1486 4341 audit,
1529 4295 1610 4332 me
1662 4280 1838 4345 audit,
1870 4289 1920 4335 et

332 4372 423 4441 qui
475 4384 562 4422 vos
591 4367 792 4435 recipit,
817 4382 895 4419 me
923 4367 1118 4437 recipit.
1143 4364 1258 4420 Etsi
1287 4375 1443 4421 erant
1481 4369 1574 4436 qui
1602 4367 1660 4424 S.
1694 4371 1919 4425 antistiti

2025 1814 2108 1869 nis
2161 1815 2334 1870 oratio
2381 1814 2671 1871 videretur.
2702 1816 2833 1870 Eam
2866 1817 2935 1871 ob
2963 1832 3075 1871 rem
3106 1834 3122 1870 :
3162 1816 3385 1885 Vereor,
3406 1814 3606 1886 inquit,

2025 1922 2089 1958 ne
2136 1906 2246 1960 hare
2285 1898 2578 1978 evangelica
2609 1908 2757 1962 lectio
2787 1909 3042 1979 plerisque
3067 1909 3131 1961 de
3170 1907 3308 1962 vobis
3337 1916 3605 1980 congruat,

2022 2013 2134 2067 qua:
2155 1998 2266 2050 ait:
2293 1995 2627 2052 Cantavimus
2652 1996 2811 2061 vobis,
2842 2008 2892 2051 et
2930 2016 3030 2051 non
3060 1998 3323 2063 saltastis;
3354 1998 3606 2051 lamenta-

2020 2088 2201 2152 vimus,
2225 2098 2274 2140 et
2296 2104 2400 2141 non
2438 2088 2681 2157 plorastis
2712 2090 2730 2159 (
2744 2090 2817 2159 f).
2863 2087 3138 2142 Volueram
3168 2105 3288 2158 ergo
3310 2085 3604 2142 subtrahere

2020 2176 2160 2233 vobis
2183 2181 2456 2235 dominica!
2476 2181 2864 2251 prazdicationis
2899 2178 3133 2251 eloquia;
3157 2198 3257 2234 non
3278 2180 3414 2253 quod
3440 2182 3605 2235 iratus

2022 2273 2116 2335 hoc
2146 2274 2400 2342 facerem,
2448 2272 2538 2325 sed
2579 2281 2635 2324 ut
2664 2268 3009 2344 evangelicum
3046 2275 3351 2327 sententiam
3379 2273 3604 2327 custodi-

2021 2379 2147 2416 rem.
2171 2363 2257 2415 Ait
2284 2365 2421 2415 enim
2448 2360 2704 2415 Dominus
2737 2378 2755 2415 :
2786 2361 2887 2424 Qui
2916 2363 3086 2427 habet,
3118 2362 3323 2418 dabitur
3350 2362 3490 2429 ei,‘et
3517 2365 3604 2435 qui

2021 2470 2127 2507 non
2174 2451 2348 2518 habet,
2372 2452 2426 2504 id
2466 2452 2602 2522 quod
2630 2451 2801 2518 habet,
2834 2456 3096 2523 auferetur
3121 2452 3184 2507 ab
3212 2471 3340 2509 eo...
3364 2451 3477 2508 Hoc
3505 2464 3601 2522 est,

2020 2544 2108 2615 qui
2146 2543 2282 2597 dives
2329 2545 2483 2614 fuerit
2524 2540 2671 2597 bonis
2720 2540 2975 2615 aperibus,
3007 2538 3090 2597 hic
3117 2546 3282 2616 magis
3310 2543 3602 2615 evangelica

2020 2635 2390 2705 praedicatione
2419 2636 2683 2691 ditetur...
2717 2635 2969 2690 Caeterum
2997 2636 3043 2689 si
3077 2628 3383 2709 fornicatori
3410 2630 3601 2707 praedi-

2020 2742 2101 2780 ces
2131 2728 2267 2799 quod
2310 2720 2457 2799 virgo
2487 2728 2668 2783 debeat
2696 2718 3016 2798 permanere,
3049 2737 3099 2783 et
3141 2720 3297 2783 avaro
3325 2730 3461 2800 quod
3487 2746 3600 2784 om-

2020 2810 2109 2871 nia
2138 2834 2231 2871 sua
2270 2818 2548 2887 distrahat,
2591 2820 2809 2873 stultitia
2834 2819 2910 2873 illi
2936 2828 3078 2874 est...
3114 2818 3238 2893 Tale
3274 2821 3410 2873 enim
3435 2830 3510 2874 est
3536 2821 3601 2875 i.'s

2018 2895 2305 2979 prtedicare
2324 2907 2461 2979 quod
2481 2910 2764 2979 perfectum
2792 2918 2888 2973 est,
2915 2909 3070 2981 quale
3088 2911 3133 2964 si
3153 2900 3443 2966 mendicum
3468 2928 3600 2982 pan-

2022 2999 2102 3052 nis
2125 2998 2358 3051 obrutum
2389 2998 2675 3053 holoserica
2705 3000 2826 3053 velis
2846 3000 3079 3069 induere,
3101 3008 3203 3056 etc.
3224 3001 3316 3073 (g).

2091 3088 2211 3144 Jam
2241 3090 2486 3145 hortatus
2508 3091 2710 3146 crebris
2745 3093 3083 3147 sermonibus
3111 3092 3367 3162 majorem
3398 3093 3454 3148 in
3480 3110 3600 3149 mo-

2019 3180 2144 3236 dum
2170 3182 2426 3251 populum
2457 3182 2627 3237 fuerat
2662 3192 2721 3239 ut
2764 3184 3014 3253 frequens
3035 3185 3101 3255 ad
3128 3186 3439 3252 ecclesiam,
3466 3186 3599 3257 jeju-

2018 3273 2227 3327 niorum
2240 3274 2568 3341 temporibus
2584 3275 2829 3329 stationis
2847 3275 3103 3330 habenda:
3125 3292 3284 3333 causa
3299 3318 3313 3341 ,
3344 3277 3600 3347 festisque

2019 3363 2208 3419 diebus
2237 3362 2522 3418 dominicis
2552 3366 2869 3434 praesertim,
2900 3367 3211 3421 conveniret
3231 3405 3247 3431 ,
3276 3382 3384 3436 quo
3409 3369 3488 3423 rei
3516 3368 3600 3423 di-

2018 3455 2154 3509 vina:
2182 3454 2483 3522 interesset,
2513 3455 2758 3524 viresque
2780 3457 2941 3510 animi
2966 3458 3299 3512 eucharistize
3318 3460 3483 3514 sacris
3511 3474 3599 3515 re-

2020 3543 2223 3601 ﬁceret.
2252 3545 2607 3600 Nihilosecius
2634 3546 2785 3599 multi
2826 3546 2892 3601 ad
2920 3538 3160 3601 mensam
3189 3549 3461 3603 caelestem
3491 3566 3599 3606 non

2018 3635 2370 3702 accedebant,
2390 3652 2566 3704 neque
2591 3636 2658 3691 ad
2676 3637 2967 3692 ecclesiam
2989 3636 3226 3711 adibant,
3257 3646 3317 3693 ut
3342 3628 3426 3694 vel
3450 3655 3600 3696 esum

2018 3730 2087 3785 ad
2107 3730 2352 3786 convivia
2380 3731 2677 3798 szecularia,
2701 3731 2787 3785 vel
2817 3730 2886 3785 ad
2926 3731 3114 3799 saltus,
3144 3732 3408 3801 silvasque
3431 3749 3598 3789 vena-

2021 3829 2136 3875 tum
2164 3819 2505 3889 irentJEgre
2535 3820 2588 3874 id
2609 3820 2729 3875 tulit
2742 3820 3023 3876 Maximus.
3055 3821 3240 3890 Itaque
3268 3839 3361 3877 eos
3389 3824 3605 3893 publica

2019 3913 2170 3968 hisce
2215 3913 2396 3967 verb'is
2429 3919 2513 3967 est
2541 3908 2856 3968 insectatus.
2893 3911 3032 3978 Quid
3060 3914 3277 3968 dicimus
3306 3915 3369 3968 de
3395 3916 3478 3980 iis,
3502 3933 3599 3987 quo

2016 3996 2106 4058 eos
2126 4003 2263 4074 apud
2302 4001 2469 4057 Deum
2496 4000 2740 4058 vocabulo
2771 3992 3198 4073 nuncupabimus,
3222 4007 3306 4076 qui
3327 4006 3410 4059 die
3436 4007 3599 4060 donti-

2020 4093 2136 4146 nico
2183 4100 2392 4162 prapter
2447 4094 2731 4145 convivium
2768 4093 3045 4160 strculare,
3085 4095 3363 4162 prandium
3403 4097 3600 4150 cmleste

2022 4190 2370 4245 contemnunt,
2394 4189 2443 4232 et
2471 4197 2703 4233 mensam
2733 4180 2923 4234 Christi
2950 4182 3225 4249 deserunt,
3270 4185 3391 4237 dum
3420 4202 3598 4238 mensa

2022 4274 2243 4329 hominis
2300 4272 2657 4325 delectantur?
2700 4268 2844 4323 Nam
2889 4272 2970 4323 hic
3027 4275 3197 4342 printa
3252 4277 3598 4328 amicitiarum

2022 4364 2211 4418 Christi
2233 4364 2432 4432 offensa
2460 4370 2557 4428 est,
2586 4370 2641 4414 ut
2670 4377 2784 4414 cum
2813 4361 2899 4415 ille
2939 4361 3021 4415 die
3049 4362 3305 4416 dominico
3326 4381 3498 4417 omnes
3527 4366 3596 4416 ad

334 4467 613 4533 parerent,
638 4474 746 4512 non
774 4457 995 4512 deerant
1025 4464 1200 4532 tamen
1230 4457 1320 4527 qui
1340 4456 1483 4513 dicto
1498 4458 1774 4537 audientes
1802 4476 1920 4516 esse
1949 4447 1999 4511 Ι)
2024 4462 2350 4532 refectionem
2372 4460 2644 4523 vocaverit,
2662 4448 3006 4529 unusquisque
3026 4458 3315 4529 prapritese
3340 4458 3596 4529 voluptate

334 4556 651 4609 renuerent.
689 4546 748 4602 Id
792 4554 852 4601 ut
892 4546 1207 4623 damnosum
1252 4546 1399 4615 ipsis,
1453 4547 1531 4602 sic
1570 4548 1619 4602 ei
1657 4562 1819 4617 grave
1863 4559 1919 4605 et

335 4644 594 4715 acerbum
622 4648 757 4695 erat.
789 4639 974 4708 Itaque
1019 4646 1079 4693 ut
1105 4648 1159 4693 et
1205 4655 1424 4694 munere
1471 4640 1583 4710 ipse
1611 4626 1918 4711 fungeretur

330 4754 457 4800 suo,
475 4745 530 4791 et
559 4738 658 4791 hos
684 4735 1086 4807 quibuscunque
1107 4732 1280 4787 modis
1303 4742 1504 4807 posset,
1523 4741 1682 4802 atque
1710 4735 1912 4801 liceret,

333 4835 623 4885 revocaret
648 4826 715 4881 ad
744 4826 1053 4891 sanitatem,
1091 4824 1485 4887 adhortatione,
1518 4825 1914 4895 redargutione,

333 4919 495 4974 minis
523 4918 686 4973 etiam
737 4914 993 4970 utendum
1022 4915 1123 4969 sibi
1151 4929 1268 4969 esse
1306 4913 1583 4982 judicavit.
1614 4920 1787 4984 Atque
1814 4918 1915 4972 hos

331 5007 552 5078 quidem
604 5007 884 5075 alloquens
918 5003 988 5074 (ε)
1024 5021 1035 5056 :
1077 5002 1395 5075 Frequenter
1429 5005 1723 5059 studueram
1776 5007 1914 5076 apud

332 5116 417 5155 me
440 5100 627 5167 ipsum,
650 5095 841 5167 inquit,
869 5093 1168 5149 subtrahere
1198 5092 1333 5147 vobis
1362 5084 1913 5166 dominicaeprcedica-

328 5190 492 5244 tionis
510 5188 732 5258 eloquia,
763 5201 825 5239 ac
863 5201 967 5239 non
994 5184 1201 5255 elargiri
1230 5184 1418 5253 saepius
1447 5201 1735 5260 sermonum
1766 5188 1912 5241 caele-

323 5284 490 5337 stium
544 5284 892 5346 sacramenta.
926 5276 1195 5348 Siquidem
1236 5276 1371 5351 nihil
1395 5277 1560 5346 prosit
1602 5278 1788 5347 offerre
1813 5295 1909 5349 pa-

402 5442 489 5516 (ᾳ.)
522 5441 698 5516 ἓθτηὲξ
733 5439 853 5516 ῳῖδλ
884 5452 1007 5509 1³³8⁸

400 5506 481 5707 (t3
522 5511 719 5567 Homil.
754 5506 1017 5632 107,ξῖ18.
1045 5506 1148 5563 555
1168 5523 1279 5577 seq.

401 5586 456 5653 (c
521 5581 820 5651 Ibid.,pag.
846 5580 880 5633 5
956 5619 968 5631 .
1088 5645 1113 5663 ν

405 5656 424 5707 l
474 5660 489 5707 l
529 5650 728 5707 Homil.
750 5650 839 5707 67.
870 5664 988 5707 [κιρ.
1012 5649 1117 5704 illo
1143 5664 1271 5707 sequ

401 5581 481 5653 (ι)
521 5581 820 5653 Ibid-mas:
846 5581 968 5633 554-

405 5645 489 5721 (ά)
529 5645 728 5709 Ηοωίιι
750 5645 839 5719 67,
869 5664 988 5721 pag.
1012 5645 1117 5704 9.15
1143 5664 1289 5717 seqq.

2018 4550 2318 4605 lascivitatis
2342 4550 2557 4621 reﬁciat,
2580 4558 2630 4602 et
2654 4564 2757 4601 non
2784 4565 2844 4602 eo
2872 4550 3039 4619 potius
3068 4550 3350 4614 conveniat,
3380 4565 3478 4620 quo
3506 4544 3593 4603 de-

2019 4642 2121 4697 bito
2163 4642 2385 4713 quodam
2432 4640 2693 4712 religionis
2722 4641 3014 4696 adducitur.
3062 4640 3301 4710 Debitum
3346 4644 3482 4696 enim
3517 4652 3592 4696 est

2017 4732 2312 4789 Christiano
2339 4734 2423 4787 die
2459 4734 2717 4788 dominico
2748 4733 2817 4786 ad
2851 4736 3119 4788 ecclesiam
3134 4735 3421 4788 convenire.
3449 4734 3592 4788 Nam

2016 4825 2108 4878 illa
2138 4824 2220 4878 die
2242 4827 2376 4895 leges
2421 4824 2592 4888 silent,
2618 4824 2821 4896 judicia
2850 4832 3045 4887 tacent,
3076 4832 3132 4875 ut
3159 4823 3301 4878 salus
3329 4826 3593 4881 hominum

2022 4916 2185 4973 locum
2232 4916 2515 4971 devotionis
2566 4918 2835 4986 acciperet,
2866 4924 2917 4969 et
2953 4906 3053 4968 non
3093 4922 3197 4967 tam
3246 4917 3519 4987 feriaretur
3556 4936 3593 4974 α

2018 5008 2234 5080 publicis
2262 5008 2478 5072 actibus,
2503 5024 2655 5080 quam
2678 5008 2893 5077 feriatus
2922 5014 3055 5059 esset
3076 5023 3109 5059 a
3131 5007 3445 5077 facinoribus
3472 5027 3590 5079 pec-

2019 5108 2271 5154 catorum.
2305 5098 2411 5171 Sed
2430 5098 2565 5169 quod
2596 5098 2742 5167 pejus
2775 5104 2871 5161 est,
2900 5096 2956 5151 id
2981 5097 3115 5167 quod
3142 5099 3213 5152 ad
3239 5099 3590 5155 salubritatem

2019 5189 2197 5243 datum
2222 5196 2317 5254 est,
2361 5189 2568 5257 deputat
2596 5187 2691 5240 hoc
2716 5187 2871 5241 miser
2894 5182 3102 5261 quisque
3128 5188 3383 5257 lasciviae;
3410 5200 3460 5246 et
3488 5208 3589 5245 non

2021 5281 2191 5335 solum
2219 5279 2289 5346 ad
2318 5279 2589 5332 ecclesiam
2616 5285 2824 5347 propter
2848 5289 3057 5349 peccata
3088 5297 3192 5335 non
3218 5283 3477 5348 convenit,
3500 5282 3590 5337 sed

2086 5440 2159 5513 (ε)
2194 5438 2365 5513 Serm.
2400 5439 2519 5507 im,
2548 5454 2669 5513 pag.
2702 5439 2798 5495 661
2828 5457 2977 5513 seqq.

2088 5512 2169 5650 (fg
2196 5509 2351 5590 Ibid,
2378 5524 2499 5580 pag.
2523 5509 2645 5564 665.

2088 5582 2141 5650 (g
2191 5578 2347 5649 IbId.,
2370 5594 2488 5650 pag.
2523 5579 2628 5636 662

2088 5578 2162 5651 (g)
2191 5578 2347 5649 Ibid.,
2370 5578 2488 5652 pag.
2523 5579 2628 5636 662
2653 5596 2803 5652 seqq.
