4138 6186
527 320 621 375 151

1616 308 1776 368 ΫΠΔ
1811 310 1870 368 S.
1910 305 2157 365 MAXIM!
2193 305 2658 367 TAURJNENSIS.

3670 274 3777 366 «εἰ

521 429 829 490 vanitatibus
874 427 1105 496 studens,
1143 428 1434 482 accumulat
1455 423 1557 481 sibi
1581 425 1820 497 graviora
1857 429 2090 494 peccata,
2119 417 2173 479 Δ
2196 417 2339 474 uisse
2368 419 2656 475 Taurinum
2700 435 2786 489 se,
2837 436 2959 477 cum
3006 422 3162 493 plane
3208 421 3375 477 sensit
3420 436 3570 492 spem
3624 420 3771 477 illam

518 523 655 577 unde
679 539 765 576 vos
793 521 1110 586 omnipotens
1137 517 1277 572 Deus
1306 516 1605 571 emendatos
1634 511 1809 568 liberet
1831 514 1925 585 (a).
1952 509 2093 565 Rur-

519 627 636 666 sum
666 630 679 665 :
711 609 785 684 (b)
814 608 950 673 Quid
975 606 1204 679 prodest,
1229 607 1423 676 inquit,
1455 604 1699 678 jejrtnare
1722 600 2016 663 visceribus,
2046 608 2100 655 et

519 702 775 755 luxuriari
802 698 1095 763 venatibus;
1126 697 1382 753 abstinere
1410 697 1555 762 cibis,
1585 703 1636 750 et
1654 711 1829 749 errare
1851 694 2093 763 peccatis;

516 792 771 861 castigare
816 807 1002 860 corpus
1050 790 1245 857 inedia,
1290 790 1459 842 vinum
1502 793 1642 858 forte
1684 801 1787 839 non
1830 782 2015 850 bibere,
2046 792 2095 837 et

516 881 713 934 ebrium
734 881 1042 951 cogitatione
1068 880 1412 951 malignitatis
1432 875 1771 931 incedereik”
1799 872 2094 943 An’putatis

514 972 660 1025 illum
684 972 945 1041 jejunare,
976 972 1187 1041 fratres,
1208 970 1296 1040 qui
1323 969 1489 1039 primo
1519 966 1744 1021 diluculo
1772 980 1874 1018 non
1902 963 1972 1016 ad
2007 978 2095 1017 ec-

516 1061 725 1115 clesiam
769 1062 966 1132 vigilat,
1007 1076 1109 1113 non
1156 1059 1417 1113 beatorum
1444 1067 1729 1129 martyrum
1767 1058 1885 1112 loca
1911 1061 2095 1107 sancta

518 1152 796 1223 perquirit;
849 1149 942 1204 sed
986 1165 1199 1219 surgens
1241 1158 1521 1219 congregat
1564 1147 1819 1212 servulos,
1868 1144 2094 1215 disponit

517 1243 669 1310 retia,
693 1257 845 1295 canes
865 1240 1121 1310 producit,
1163 1241 1344 1303 saltus,
1375 1241 1628 1311 silvasque
1651 1238 1951 1309 perlustrat,
1979 1252 2093 1289 ser-

516 1332 677 1397 vulos,
708 1333 935 1401 inquam,
966 1346 1134 1384 secum
1154 1331 1425 1399 pertrahit,
1458 1332 1682 1401 fortasse
1707 1327 1874 1399 magis
1899 1325 1971 1379 ad
2004 1340 2091 1378 ec-

518 1408 729 1478 clesiam.
755 1425 922 1478 venire
971 1424 1246 1492 cupientes,
1279 1432 1328 1476 et
1374 1420 1718 1492 voluptatibus
1747 1422 1853 1474 suis
1880 1428 2093 1491 peccata

517 1514 804 1568 accumulat
847 1516 1038 1580 aliena,
1085 1515 1347 1577 nesciens,
1376 1528 1518 1566 reum
1540 1527 1594 1566 se
1631 1513 1859 1582 futurum
1896 1520 2001 1565 tam
2030 1510 2094 1562 de

514 1620 608 1658 suo
637 1604 841 1669 delicto,
870 1620 1023 1674 quam
1051 1602 1115 1658 de
1149 1602 1433 1673 perditione
1449 1603 1750 1656 servorum?
1778 1601 1907 1655 Tota
1934 1603 2094 1671 igitur

517 1694 601 1748 die
642 1692 904 1748 venatibus
954 1695 1374 1747 immoratur.....
1418 1692 1566 1746 lwtus
1617 1693 1663 1745 si
1698 1692 1893 1759 aliquid
1939 1708 2088 1762 cepe-

2197 526 2412 567 omnem
2452 510 2615 567 fuisse
2643 513 2875 568 inanem.
2915 512 3048 568 Nam
3085 513 3353 585 Comperi,
3397 511 3594 583 inquit,
3635 512 3774 584 quod

2195 619 2286 672 per
2346 601 2630 657 absentiam
2674 620 2838 658 meam
2887 606 2961 658 ita
3009 606 3117 659 rari
3164 607 3346 677 quique
3393 605 3463 657 ad
3505 605 3772 663 ecclesiam

2194 693 2439 757 veniatis;
2470 694 2545 761 ita
2572 696 2722 764 pauci
2748 694 3022 749 admodum
3043 694 3349 765 procedatis,
3380 695 3526 766 quasi
3548 712 3626 748 me
3644 712 3771 764 pro-

2193 783 2469 852 ﬁciscente,
2488 801 2681 837 mecum
2700 786 2893 855 pariter
2912 786 3177 848 veneritis;
3199 793 3248 839 et
3270 787 3439 856 quasi,
3455 802 3570 838 cum
3594 801 3771 839 neces-

2193 873 2428 929 sitatibus
2448 892 2539 945 ego
2556 876 2844 946 pertrahor,
2862 892 2949 936 vos
2972 892 3165 929 mecum
3188 877 3402 929 traxerit
3422 876 3533 945 ipsa
3558 877 3771 928 necessi-

2196 971 2293 1017 tas.
2316 963 2524 1019 Pariter
2543 982 2575 1016 a
2594 964 2744 1020 domo
2765 964 2864 1019 Dei
2884 965 3113 1019 absentes
3134 980 3341 1028 sumus;
3370 964 3461 1018 sed
3481 965 3575 1019 hoc
3602 967 3770 1019 inter-

2192 1061 2287 1117 est,
2318 1052 2453 1124 quod
2470 1070 2548 1108 me
2576 1053 2835 1109 absentem
2869 1056 3145 1109 necessitas
3183 1054 3361 1125 efficit,
3396 1072 3484 1109 vos
3510 1055 3761 1111 voluntas.

2194 1141 2424 1198 Nescitis
2442 1187 2458 1211 ,
2497 1146 2616 1216 quia
2644 1147 2738 1200 etsi
2770 1162 2861 1216 ego
2902 1145 2966 1199 ab
2986 1146 3199 1199 ecclesia
3226 1145 3429 1212 desum,
3456 1144 3690 1201 Christus
3708 1145 3768 1199 ab

2192 1235 2430 1291 Ecclesia
2453 1254 2566 1303 sua,
2588 1238 2674 1307 qui
2700 1247 2777 1291 est
2795 1235 2998 1308 ubique,
3029 1255 3131 1292 non
3161 1238 3335 1292 deest?
3371 1236 3547 1303 Venis,
3580 1240 3765 1309 frater,

2192 1329 2263 1383 ad
2288 1328 2572 1392 ecclesiam,
2606 1346 2709 1383 non
2752 1331 2947 1384 invenis
2986 1331 3060 1384 ibi
3100 1332 3452 1399 episcoporum
3479 1331 3772 1399 episcopum

2194 1417 2555 1473 Salvatorem?
2584 1417 2724 1473 Nam
2764 1417 3086 1474 Christianus
3127 1421 3212 1492 qui
3252 1429 3372 1473 tunc
3428 1428 3624 1472 tantum
3653 1436 3772 1488 pro-

2193 1507 2326 1563 cedit
2345 1508 2413 1561 ad
2437 1510 2722 1572 ecclesiam,
2754 1510 2958 1580 quando
2985 1511 3250 1580 episcopus
3278 1525 3505 1580 praesens
3537 1516 3639 1573 est,
3669 1524 3774 1562 non

2195 1608 2298 1654 tam
2336 1598 2433 1655 Dei
2462 1617 2618 1654 causa
2664 1600 2861 1653 videtur
2883 1601 3189 1669 processisse
3213 1616 3366 1671 quam
3394 1598 3642 1664 hominis,
3682 1614 3774 1651 nec

2190 1692 2427 1762 implesse
2453 1690 2735 1745 Christiani
2766 1692 2989 1744 timentis
3029 1692 3248 1761 officium
3267 1730 3282 1757 ,
3313 1689 3404 1743 sed
3444 1691 3594 1743 amici
3633 1690 3775 1761 defe-

516 1787 736 1851 rit,.....
794 1783 961 1837 Tanto
1008 1782 1177 1837 studio
1224 1784 1395 1853 gerit,
1450 1783 1595 1852 quasi
1663 1780 1777 1836 ideo
1845 1782 2091 1837 indictum
2127 1767 2171 1828 Β
2199 1783 2357 1836 rentis
2398 1780 2707 1853 obsequium.
2759 1780 2883 1836 Mox
2930 1796 3083 1837 versa
3132 1781 3201 1835 ad
3243 1781 3467 1836 clericos
3510 1781 3771 1845 oratione,

518 1872 719 1945 lcxux]
762 1874 1020 1945 jejunium
1071 1872 1255 1943 fuerit,
1313 1881 1368 1924 ut
1421 1880 1646 1925 venetur.
1721 1870 1788 1926 In
1842 1872 1923 1927 his
1974 1889 2095 1944 ergo

518 1966 763 2032 luxuriis,
789 1965 975 2030 dicite,
1015 1964 1126 2035 quis
1153 1963 1318 2017 cultus
1344 1963 1411 2017 sit
1441 1962 1556 2028 Dei,
1595 1979 1711 2034 quae
1728 1964 1910 2017 mentis
1936 1964 2098 2034 possit

518 2072 631 2111 esse
673 2055 885 2119 devotio,
912 2055 998 2126 qui
1025 2063 1296 2124 propterea
1318 2055 1543 2125 jejunat,
1573 2070 1676 2107 non
1713 2062 1770 2107 ut
1805 2053 1917 2108 Deo
1947 2062 2098 2125 atque

519 2143 832 2200 orationibus
859 2152 1032 2209 vacet;
1073 2144 1164 2199 sed
1207 2152 1266 2198 ut
1312 2153 1417 2199 tota
1457 2144 1540 2199 die
1585 2146 1809 2217 otiosus,
1857 2155 1907 2199 et
1950 2146 2096 2212 liber,

519 2238 755 2309 proprias
783 2244 1017 2290 exerceat
1034 2235 1351 2304 voluptates?
1374 2233 1616 2299 Quamvis
1641 2236 1814 2308 igitur,
1845 2236 1930 2307 qui
1956 2236 2097 2307 ejus-

520 2327 658 2382 modi
695 2343 778 2392 es,
820 2328 1001 2399 frater,
1043 2343 1247 2398 vespere
1284 2326 1354 2381 ad
1381 2326 1588 2381 domum
1618 2327 1827 2392 redeas,
1870 2329 2099 2398 quamvis

521 2417 834 2472 declinante-
847 2417 963 2486 jam
1000 2415 1108 2470 sole
1152 2415 1457 2481 manduces,
1506 2424 1647 2485 potes
1689 2416 1847 2469 videri
1900 2417 2100 2470 tardius

522 2508 785 2580 refecisse,
809 2524 913 2562 non
940 2515 1107 2560 tamen
1134 2505 1357 2561 Domino
1379 2507 1662 2577 jejunasse.
1691 2547 1704 2560 .
1732 2547 1745 2560 .
1779 2507 1926 2561 Scire
1952 2507 2100 2561 debe-

522 2615 655 2664 mus,
684 2599 898 2669 fratres,
926 2597 1021 2651 hoc
1049 2606 1310 2669 acceptum
1346 2594 1457 2651 Deo
1484 2612 1595 2650 esse
1624 2597 1901 2668 jejunium,
1926 2598 1971 2650 si
1996 2613 2100 2651 non

523 2689 688 2746 solum
708 2689 1021 2747 abstinentia
1040 2690 1346 2761 castigemus
1372 2705 1607 2760 corpora,
1638 2688 1730 2743 sed
1755 2691 1910 2744 etiam
1936 2689 2102 2744 humi-

518 2779 670 2834 litate
711 2779 923 2833 animas
972 2780 1278 2833 induamus.
1321 2778 1502 2834 Simus
1547 2779 1616 2833 ad
1660 2780 1895 2835 servulos
1938 2779 2114 2846 mites,

517 2867 703 2922 blandi
736 2869 807 2922 ad
830 2877 1134 2935 extraneos,
1171 2870 1535 2924 misericordes
1564 2870 1634 2923 ad
1664 2885 1943 2941 pauperes.
1973 2870 2110 2926 Sur-

404 3007 417 3017 ,
516 2966 692 3029 gentes
722 2958 896 3026 primo
929 2958 1168 3014 diluculo
1201 2957 1273 3012 ad
1300 2960 1579 3015 ecclesiam
1609 2961 1939 3031 festinemus,
1977 2961 2115 3030 refe-

2198 1886 2384 1926 eorum
2414 1871 2791 1940 negligentiam
2819 1871 3107 1927 accusavit.
3139 1871 3363 1940 Negavit
3404 1886 3463 1926 se
3515 1871 3779 1938 castigare

2197 1962 2427 2019 ﬁliorum
2449 1964 2720 2019 licentiam
2743 1978 2929 2033 posse;
2958 1978 3078 2017 cum
3101 1962 3373 2018 emendari
3395 1978 3424 2016 a
3448 1978 3506 2017 se
3532 1969 3776 2017 cerneret

2196 2054 2570 2123 negligentiam
2594 2068 2779 2107 eorum
2804 2069 2910 2107 non
2941 2068 3100 2124 posse
3138 2069 3273 2121 quos
3300 2051 3519 2107 fratrum
3549 2069 3774 2108 numero

2195 2145 2440 2200 haberet.
2498 2141 2712 2197 Addidit
2752 2158 2857 2197 non
2894 2142 2962 2197 de
2987 2143 3234 2198 omnibus
3261 2143 3408 2211 loqui
3435 2157 3512 2197 se.
3544 2141 3774 2212 Perspe—

2197 2246 2341 2292 ctum
2362 2235 2505 2290 enim
2534 2251 2651 2292 esse
2683 2242 2845 2305 atque
2873 2237 3207 2306 exploratum
3243 2236 3345 2292 sibi
3389 2250 3575 2290 eorum
3614 2251 3772 2306 quos-

2196 2327 2321 2382 dam
2367 2327 2547 2382 colere
2581 2326 2835 2397 pietatem
2881 2327 3266 2396 diligenterque
3306 2340 3492 2394 agere,
3524 2325 3620 2381 sed
3664 2342 3775 2382 non

2197 2419 2373 2474 minus
2400 2433 2460 2473 se
2501 2419 2637 2475 scire
2670 2434 2788 2475 esse
2813 2419 2946 2475 alios
2974 2420 3321 2489 negligentes.
3354 2417 3466 2474 Hos
3489 2418 3555 2473 ab
3579 2433 3643 2474 se
3662 2433 3747 2474 tuo
3764 2448 3777 2461 -

2198 2510 2313 2564 neri
2343 2518 2399 2565 ut
2429 2511 2711 2566 consulant
2739 2511 3081 2565 conscientiae
3110 2526 3173 2565 ac
3201 2509 3358 2564 saluti
3385 2524 3513 2564 sum.

2268 2597 2397 2669 Ejus
2425 2599 2683 2655 orationis
2713 2606 2859 2654 tanta
2900 2600 2980 2655 vis
3020 2598 3138 2667 fuit,
3184 2610 3242 2664 ut
3271 2600 3645 2665 Tam-incuses,
3676 2599 3776 2655 etsi

2199 2690 2373 2744 acrius
2398 2687 2627 2745 fortasse
2660 2704 2820 2759 quam
2847 2691 3102 2761 suspicari
3143 2692 3469 2762 potuissent,
3515 2698 3570 2745 at
3606 2706 3666 2746 se
3695 2697 3777 2744 ta-

2198 2796 2342 2844 men,
2374 2782 2569 2837 merilo
2607 2790 2755 2838 certe
2782 2798 2899 2848 suo,
2949 2783 3306 2854 reprehensos
3351 2799 3383 2838 a
3433 2781 3489 2838 S.
3539 2782 3779 2836 antistite

2199 2871 2309 2946 [CL]
2334 2872 2731 2929 confiterentur.
2757 2874 2939 2944 itaque
2978 2884 3233 2930 caverunt
3262 2889 3328 2930 ue
3349 2890 3508 2944 quam
3528 2874 3777 2944 deinceps

2198 2965 2400 3035 pastori
2421 2982 2519 3022 suo
2541 2982 2603 3022 ea
2626 2967 2693 3023 de
2715 2983 2774 3023 re
2794 2983 3007 3024 causam
3031 2968 3098 3023 ad
3120 2969 3543 3038 redarguendum
3563 2969 3773 3023 darent.

517 3063 700 3103 ramus
723 3046 830 3103 Deo
850 3049 1079 3119 gratias,
1097 3052 1325 3118 peccatis
1347 3052 1547 3106 veniam
1568 3054 1962 3123 postulemus...
1982 3051 2117 3107 Tota
2136 3116 2174 3128 _
2201 3053 2478 3123 Maximus,
2503 3058 2594 3127 qui
2617 3058 2907 3127 profecisse
2931 3059 3076 3128 ipsos
3098 3058 3391 3128 gaudebat,
3425 3074 3544 3114 cum
3570 3058 3781 3127 aliquos

518 3142 607 3197 die
630 3142 701 3197 sit
722 3141 875 3197 nobis
903 3142 1124 3197 assidua
1148 3141 1227 3197 vel
1252 3144 1449 3210 oratio,
1476 3145 1553 3199 vel
1576 3144 1753 3200 lectio.
1779 3145 1884 3212 Qui
1907 3116 2176 3200 litterasc
2206 3147 2433 3202 trist'tiae
2457 3116 2575 3205 sese
2606 3116 2886 3204 tradidisse
2914 3116 3186 3215 cerneret,
3217 3150 3354 3203 hanc
3378 3116 3440 3203 ut
3466 3149 3553 3203 vel
3580 3116 3774 3210 finiret,

520 3234 707 3296 nescit,
731 3241 975 3288 sanctum
999 3234 1170 3288 virum
1190 3236 1521 3306 perquirens,
1545 3236 1660 3305 ejus
1681 3235 2114 3306 confabulatione

516 3323 858 3395 pascatur.N
862 3324 960 3378 ulli
970 3333 1122 3379 actus
1136 3326 1320 3380 swculi
1333 3335 1482 3381 actus
1494 3325 1789 3379 divinitatis
1803 3325 2112 3392 impediant,

521 3433 625 3472 non
650 3416 808 3471 ludus
831 3415 1026 3472 tabulas
1048 3426 1272 3472 mentem
1298 3425 1497 3482 avocet,
1523 3433 1627 3471 non
1653 3416 1897 3487 voluptas
1921 3432 2112 3470 canum

521 3525 705 3564 sensus
748 3507 1049 3567 obducat...
1089 3507 1364 3577 Quidquid
1397 3508 1535 3562 enim
1573 3516 1766 3576 prwter
1798 3506 2111 3562 mandatum

521 3599 622 3654 Dei
651 3599 858 3669 feceris,
888 3601 1128 3669 quamvis
1172 3598 1464 3664 abstineas,
1496 3613 1598 3652 non
1620 3596 1856 3667 jejunus.
1895 3597 2008 3652 (Ioc
2037 3614 2114 3661 es:

521 3691 660 3747 enim
688 3692 927 3746 salutare
944 3690 1235 3760 jejunium,
1264 3701 1320 3744 ut
1347 3679 1483 3745 sicut
1509 3690 1807 3744 abstinetur
1829 3704 2018 3758 corpus
2043 3691 2108 3744 ab

524 3782 714 3852 epulis,
739 3781 813 3835 ita
835 3790 886 3835 et
908 3782 1087 3836 anima
1112 3781 1403 3844 refrenetur
1423 3798 1456 3835 a
1479 3782 1639 3835 vitiis.
1680 3781 1794 3836 llac
1821 3791 1928 3836 tam
1958 3778 2109 3852 gravi

530 3874 938 3944 redargutione,
972 3872 1166 3943 hisque
1199 3872 1424 3928 monitis
1459 3874 1608 3928 cives
1642 3873 1886 3944 plerique
1918 3888 2110 3929 omnes

526 3966 782 4037 permoti,
807 3964 975 4019 multo
1001 3965 1207 4035 majore
1231 3965 1560 4022 assiduitate
1584 3976 1750 4038 atque
1774 3966 2106 4037 frequentia,

531 4045 686 4097 statis
714 4043 1009 4112 praesertim
1034 4043 1243 4109 diebus,
1278 4045 1331 4098 in
1359 4046 1527 4099 aedem
1555 4062 1760 4103 sacram
1789 4062 2108 4105 concurrere

534 4139 829 4202 cmperunt.
873 4131 948 4186 Ea
972 4148 1058 4189 res
1078 4132 1307 4190 Maximo
1336 4137 1642 4206 aliquandiu
1667 4139 1914 4195 solatium
1953 4157 2109 4196 cura-

533 4237 654 4276 rum
691 4237 755 4277 ac
795 4222 1038 4305 laborum
1089 4222 1208 4279 fuit.
1258 4224 1364 4280 Sed
1411 4225 1637 4282 decursu
1665 4230 1954 4299 temporis,
1986 4246 2107 4286 cum

532 4312 618 4368 vir
644 4322 859 4369 sanctus
887 4313 953 4368 ad
981 4314 1241 4386 synodum
1281 4317 1550 4387 profectus
1577 4330 1719 4376 esset
1738 4323 1932 4392 publici
1961 4339 2109 4379 com-

533 4406 681 4461 modi
709 4421 898 4471 causa,
928 4405 1234 4477 diutiusque
1278 4408 1438 4464 domo
1485 4408 1766 4479 abfuisset;
1822 4414 1894 4468 illi
1927 4415 2108 4485 (quasi

2203 3239 2290 3294 vel
2314 3239 2598 3309 mitigaret,
2630 3240 2709 3295 sic
2730 3255 2823 3295 eos
2849 3241 3221 3296 est'allocutus
3246 3259 3258 3301 ;
3291 3242 3529 3295 Amarior
3558 3242 3782 3313 fortasse

2203 3331 2358 3403 fuerit
2379 3331 2681 3399 praedicatio
2705 3347 2819 3384 mea
2848 3332 3106 3402 superiore
3125 3331 3400 3397 dominica,
3423 3331 3560 3400 quod
3580 3331 3788 3399 pleros-r

2204 3437 2298 3491 que
2323 3420 2386 3475 de
2403 3421 2581 3475 vestris
2609 3423 2779 3474 acrius
2806 3421 3115 3491 magisteriis
3139 3430 3188 3474 et
3207 3422 3416 3474 veritate
3438 3420 3775 3481 convenerim,

2204 3521 2256 3567 et
2296 3514 2395 3567 sim
2435 3521 2761 3583 prosecutus,
2803 3529 2916 3584 qua:
2961 3513 3237 3585 aliquantis
3283 3513 3631 3567 blandimenta
3676 3528 3779 3565 non

2204 3601 2480 3675 afferrent,
2511 3604 2601 3658 sed
2642 3605 2902 3665 tristitiam
2928 3605 3236 3675 irrogarent.
3278 3602 3465 3656 Verum
3494 3602 3627 3656 nihil
3665 3617 3781 3655 mea

2203 3697 2435 3754 interest.
2479 3694 2526 3750 F
2530 3714 2592 3768 go
2621 3697 2756 3749 enim
2797 3696 2993 3766 gaudeo
3037 3697 3198 3748 sciens
3250 3695 3488 3763 discipuli
3518 3694 3781 3746 tristitiam

2205 3787 2441 3857 magistri
2483 3802 2594 3839 esse
2637 3786 2887 3839 lanitium.
2940 3784 3080 3836 Tunc
3124 3785 3260 3836 enim
3305 3782 3509 3836 auditor
3552 3785 3780 3852 proﬁcit,

2204 3876 2408 3950 quando
2429 3886 2713 3929 austeriora
2735 3874 3007 3927 annuntiat
3035 3873 3364 3943 prwdicator.
3390 3872 3530 3926 Tunc
3560 3874 3696 3927 enim
3735 3875 3782 3927 ei

2206 3967 2345 4020 salus
2374 3967 2619 4037 gignitur,
2644 3964 2843 4035 quando
2868 3964 3075 4017 tristitia
3102 3963 3474 4018 emendationis
3507 3965 3776 4034 ingeritur.

2206 4057 2349 4111 Dicit
2400 4058 2535 4111 enim
2588 4056 2763 4111 beatus
2805 4054 3079 4126 Apostolus
3114 4070 3132 4108 :
3171 4052 3310 4108 Nam
3354 4070 3467 4125 qua:
3505 4054 3782 4108 secundum

2207 4147 2373 4203 Deum
2409 4158 2485 4203 est
2523 4132 2750 4211 tristitia,
2799 4146 3142 4217 paenitentiam
3186 4147 3243 4199 in
3288 4145 3503 4199 salutem
3549 4145 3781 4198 stabilem

2206 4249 2466 4309 operatur.
2501 4237 2655 4292 Recte
2680 4255 2802 4307 ergo
2841 4238 3006 4299 laetor,
3047 4238 3165 4307 quia
3190 4237 3401 4289 salutem
3436 4253 3637 4306 operor,
3669 4252 3783 4289 cum

2208 4331 2451 4402 objurgo;
2482 4330 2598 4383 licet
2639 4340 2848 4383 maereat
2874 4329 3013 4399 filius
3050 4344 3165 4383 mea
3212 4327 3485 4382 acerbitate
3513 4326 3780 4388 sermonis,

2212 4423 2298 4492 qui
2319 4436 2433 4475 eum
2453 4420 2701 4490 proﬁcere
2721 4419 2949 4490 intelligo
2969 4434 3060 4489 per
3080 4433 3365 4471 maerorem.
3383 4416 3466 4469 Ait
3486 4416 3781 4486 Apostolus:

536 4494 771 4567 praefecti
814 4496 1052 4550 moribus
1095 4497 1259 4551 soluti
1303 4496 1527 4553 fuissent
1553 4502 1720 4570 metu)
1761 4481 1990 4557 tantum
2010 4504 2110 4559 sibi
2136 4481 2186 4541 D
2215 4481 2341 4574 ῥιιὶε
2380 4481 2463 4565 εει.
2493 4481 2630 4565 enim
2674 4511 2811 4580 filius
3035 4525 3139 4563 non
3172 4507 3400 4562 verberat
3437 4481 3622 4577 pater?
3661 4506 3783 4563 Non

537 4588 764 4644 licentia:
790 4593 1153 4657 sumpserunt,
1191 4594 1249 4641 ut
1285 4588 1394 4642 rari
1416 4588 1485 4643 ad
1503 4591 1745 4660 synaxim
1773 4593 2106 4649 accederent.

538 4676 775 4734 Auxerat
795 4677 848 4733 id
868 4676 1070 4732 malum
1090 4677 1344 4746 segnities
1369 4686 1531 4747 atque
1551 4680 1752 4737 incuria
1773 4683 2108 4742 clericorum.

538 4767 595 4823 id
624 4779 684 4824 ut
704 4769 967 4824 Maximus
1007 4766 1301 4837 Augustam
1344 4767 1698 4826 Taurinorum
1725 4774 1936 4831 rediens
1957 4791 2108 4832 acce-

538 4859 635 4929 plt,
667 4861 787 4914 tulit
812 4860 1023 4916 acerbe.
1054 4859 1239 4929 Itaque
1259 4875 1367 4916 non
1388 4869 1510 4931 post
1531 4864 1699 4919 multo
1725 4865 1883 4934 plebe
1908 4868 1961 4922 in
1985 4884 2114 4924 con-

539 4952 751 5006 cionem
777 4963 988 5019 vocata,
1008 4961 1230 5025 questus
1257 4960 1340 5009 est
1360 4954 1611 5023 graviter.
1640 4955 1833 5014 Dolere
1851 4973 1911 5014 se
1954 4961 2108 5026 dixit,

540 5039 686 5111 quod
712 5054 834 5094 cum
860 5050 1086 5110 paterna
1110 5044 1311 5115 pietate
1358 5045 1528 5115 ipsam
1575 5061 1794 5103 monere
1840 5064 2112 5118 nunquam

539 5131 853 5195 destitisset,
885 5141 998 5187 tum
1023 5135 1158 5189 nihil
1197 5136 1490 5207 profecisse
1516 5138 1805 5194 videretur.
1858 5138 2115 5211 Sperasse

542 5221 757 5292 quidem
785 5236 864 5290 se,
892 5220 1028 5289 fore,
1053 5232 1111 5278 ut
1137 5241 1169 5281 e
1193 5238 1385 5284 senatu
1405 5227 1624 5284 Palmm
1652 5230 1723 5303 (ο)
1752 5245 2015 5299 reversus,
2047 5232 2114 5289 de

543 5312 706 5369 rebus
731 5321 876 5370 esset
901 5321 1137 5382 acturus,
1180 5331 1298 5387 quae
1336 5328 1390 5375 et
1430 5322 1679 5391 jucunda:
1725 5324 1825 5379 sibi
1853 5333 1908 5380 et
1950 5334 2114 5394 grata:

544 5408 744 5481 popqu
771 5414 932 5479 atque
957 5407 1115 5463 utiles
1141 5422 1260 5465 esse
1299 5423 1538 5481 possent.
1589 5414 1786 5472 Verum
1812 5416 1901 5475 vix
1927 5432 2117 5488 perve-

642 5545 698 5617 α)
726 5543 902 5617 ξενω-
929 5543 1021 5617 θὲη
1052 5556 1175 5616 pas.
1198 5543 1325 5617 6.53-

642 5612 695 5688 δ)
720 5614 893 5688 ἓεηιξτ
921 5613 1008 5688 ἳβε
1027 5612 1157 5688 ᾔδει
1180 5612 1306 5688 ‘5‘}:

645 5684 693 5757 c)
722 5684 917 5744 Homil.
949 5684 1074 5757 ΗΞ,
1101 5684 1224 5759 pag.
1255 5685 1360 5742 373
1387 5700 1499 5756 seq.
1542 5708 1553 5741 :
1583 5689 1860 5759 Deberem,
1902 5696 2107 5760 fratres,

2213 4603 2349 4656 enim
2387 4618 2584 4672 semper
2624 4609 2769 4670 pater
2796 4598 3057 4654 osculatur
3096 4598 3280 4668 filium,
3313 4597 3403 4651 sed
3429 4605 3479 4651 et
3503 4598 3783 4670 aliquando

2211 4696 2452 4766 castigat.
2498 4691 2639 4763 Ergo
2678 4691 2880 4763 quando
2918 4690 3197 4759 castigatur
3235 4691 3321 4759 qui
3361 4689 3611 4759 diligitur,
3669 4697 3785 4743 tunc

2214 4789 2351 4839 circa
2385 4800 2498 4837 eum
2526 4784 2686 4853 pietas
2712 4789 2990 4834 exercetur.
3024 4778 3195 4834 Habet
3215 4781 3348 4833 enim
3368 4787 3418 4832 et
3436 4795 3583 4833 amor
3604 4780 3786 4851 plagas

2215 4892 2354 4939 suas,
2406 4889 2520 4946 qua:
2567 4872 2818 4926 dulciores
2863 4879 2999 4935 sunt,
3047 4887 3161 4925 cum
3193 4870 3420 4924 amarius
3473 4871 3784 4942 infamatur.

2216 4965 2430 5019 Dulcior
2473 4964 2609 5018 enim
2653 4972 2729 5016 est
2774 4962 3012 5033 religiosa
3070 4962 3338 5032 castigatio
3393 4977 3545 5033 quam
3596 4960 3788 5015 blanda

2214 5056 2479 5119 remissio;
2523 5053 2657 5107 unde
2686 5054 2759 5106 ait
2804 5051 3091 5121 propheta:
3122 5050 3369 5105 Dulciora
3416 5060 3536 5105 sunt
3577 5051 3787 5105 vulnera

2215 5146 2370 5201 amici
2405 5161 2557 5216 quam
2584 5143 2871 5198 voluntaria
2899 5142 3073 5197 oscula
3104 5143 3317 5196 inimici.
3356 5141 3542 5213 Igitur,
3575 5143 3784 5213 fratres,

2216 5235 2337 5306 quia
2365 5242 2479 5304 post
2503 5241 2579 5288 tot
2604 5232 2971 5303 increpationis
3000 5247 3125 5286 mete
3158 5231 3305 5285 utilia
3333 5230 3482 5286 verba
3524 5231 3677 5285 credo
3702 5248 3789 5285 vos

2217 5327 2527 5399 benignitate
2545 5341 2782 5380 sensuum
2809 5325 3104 5395 profecisse,
3137 5324 3199 5377 de
3217 5324 3378 5377 sacris
3404 5322 3590 5377 litteris
3613 5324 3787 5395 aliqua

2217 5420 2551 5488 conferemus.
2594 5414 2740 5470 Sicut
2783 5415 2919 5468 enim
2965 5415 3100 5482 fons,
3131 5414 3214 5485 qui
3251 5429 3354 5468 non
3389 5412 3542 5467 solito
3581 5412 3790 5466 humore

2215 5556 2331 5623 post
2359 5549 2452 5601 hos
2479 5546 2766 5617 complures
2792 5545 2900 5623 dies
2937 5518 3143 5623 aliquid
3167 5545 3368 5623 uberius
3400 5545 3709 5623 prxdicare,
3738 5555 3790 5599 et

2217 5615 2469 5675 revertens
2492 5632 2524 5670 a
2545 5615 2688 5670 tanto
2708 5616 2943 5671 examine
2963 5615 3301 5679 sacerdotum,
3322 5615 3457 5670 dulci
3478 5631 3565 5671 vos
3593 5632 3787 5671 sermo-

2218 5708 2282 5745 ne
2308 5688 2536 5754 reﬁcere,
2564 5694 2669 5740 etc.
