4138 6186
538 263 643 318 {55

1631 251 1792 316 YlTA
1827 255 1885 310 S.
1925 251 2169 311 MAXIM!
2207 251 2674 320 TAURINENSIS.

3680 261 3780 316 156

535 375 667 429 relut
690 374 901 436 victores
925 373 1148 446 requiem
1175 369 1524 440 acquiramus,
1564 377 1614 436 et
1639 367 1832 436 laboris
1870 367 2104 445 quasdam
2135 370 2186 444 Α
2273 366 2411 457 Vlll.
2446 366 2574 432 Quae
2599 371 2755 441 fuerit
2783 369 3050 443 diligentia
3078 369 3297 425 Maximi
3317 373 3397 426 sui
3414 373 3582 444 gregis
3603 373 3661 457 in,
3676 375 3782 444 fide

534 463 710 537 palma
735 463 800 516 sit
827 462 1028 532 soporis
1055 459 1257 515 oblivio.

607 552 718 608 γυ.
743 551 820 608 De
835 551 1048 606 basilica
1067 550 1278 606 Taurini
1293 557 1553 616 exstructa
1574 566 1606 612 ιι
1625 550 1756 603 comi
1761 547 2109 602 te.——Iuterea

539 646 760 714 basilica
803 642 1056 712 Augustae
1085 641 1437 698 Taurinorum
1478 641 1588 696 Deo
1633 639 1846 712 Optimo
1876 638 2108 696 Maximo

535 750 645 792 aere
689 733 901 793 comitis
944 732 1299 799 statuebatur,
1345 730 1414 787 ad
1459 745 1686 800 eamque
1732 727 2109 784 absolvendam

536 822 829 882 Vitalianus
864 829 920 879 et
956 821 1227 889 Maianus,
1256 819 1404 897 [cur]
1445 821 1656 880 obscuri
1687 820 1810 875 licet
1838 819 2110 886 homines,

536 914 679 992 pleni
709 922 886 974 tamen
912 912 1186 980 religionis
1213 920 1267 967 et
1304 911 1517 982 pietatis
1559 925 1740 966 curam
1770 910 1897 964 item
1937 925 2111 978 suam,

536 1018 804 1074 quamque
842 1011 1092 1074 poterant
1137 1003 1443 1074 pecuniam,
1490 1000 1858 1059 conferebant.
1907 998 2010 1056 Ubi
2049 1015 2113 1071 ea

539 1091 776 1164 perfecta
819 1100 979 1160 atque
1033 1091 1277 1148 absoluta
1316 1098 1421 1166 est,
1463 1091 1722 1146 Maximus
1766 1098 1946 1162 partes
1989 1106 2113 1146 suas

540 1167 764 1254 putavit,
795 1183 1007 1254 publice
1048 1178 1254 1237 deinde
1284 1189 1392 1236 tam
1435 1181 1716 1249 magniﬁce
1744 1181 2002 1260 aediﬁcata
2031 1181 2113 1236 in-

537 1281 764 1342 structa,
794 1281 1008 1346 ornata,
1057 1271 1262 1338 dicere;
1311 1272 1604 1341 laudesque
1647 1271 1896 1342 persequi
1925 1286 2113 1326 eorum

537 1364 630 1434 qui
673 1364 916 1433 ejusdem
956 1378 1115 1420 causa
1144 1371 1352 1428 tantum
1397 1378 1559 1429 curm,
1611 1363 1830 1430 laboris,
1872 1362 2114 1432 pecuniae

536 1455 1012 1524 consumpsissem.
1037 1454 1213 1521 Quare
1237 1469 1483 1513 sermone
1501 1452 1623 1522 “2,
1647 1466 1766 1524 pag.
1791 1452 1894 1516 685
1915 1469 2028 1523 seq.
2051 1453 2113 1509 Si

537 1545 922 1599 commendatur
942 1544 1186 1613 Domino,
1217 1544 1415 1613 inquit,
1444 1545 1694 1611 centurio,
1725 1545 1809 1620 qui
1838 1543 2114 1613 wdiﬁcavit

540 1634 902 1710 Synagogam,
933 1643 1124 1707 quanto
1161 1644 1237 1689 est
1264 1635 1685 1700 commendatior,
1713 1637 1797 1708 qui
1838 1637 2113 1707 wdiftcavit

2209 456 2451 511 adversus
2482 457 2796 529 Pelagianos
2825 460 3145 515 instituendi.
3167 493 3239 504 —-
3259 461 3472 517 Zosimo
3499 462 3574 533 (a)
3592 506 3606 531 ,
3630 463 3783 519 dein-

2209 561 2440 616 cepsque
2481 546 2662 602 Leone
2709 548 2782 620 (b)
2823 551 3162 619 pontiﬁcibus
3205 552 3482 620 maximis,
3531 554 3586 607 in
3631 553 3780 611 Italia

2210 643 2397 690 contra
2426 634 2739 703 Pelagianos
2769 631 2978 694 constat
3015 648 3306 695 conventus
3333 641 3496 696 fuisse
3535 653 3783 712 peractos

2211 725 2607 795 episcoporum.
2658 725 2752 782 His
2799 728 3098 784 interfuerit
3142 746 3310 787 necne
3339 731 3600 788 Maximus
3627 734 3779 789 latet.

2210 816 2342 871 lllud
2371 817 2654 873 novimus:
2683 821 3092 894 prmtennissam
3131 837 3160 876 ιι
3205 821 3261 876 8.
3308 823 3544 879 antistite
3583 825 3783 883 nullam

2211 906 2375 963 fuisse
2395 909 2467 963 ita
2488 909 2794 966 instituendi
2814 913 2989 981 gregis
3008 915 3484 984 opportunitatem,
3507 923 3565 970 ut
3591 917 3635 970 is
3647 903 3784 987 grex

2213 999 2315 1054 sibi
2356 997 2511 1056 facile
2555 1002 2623 1056 ab
2650 1003 2912 1072 ejusmodi
2957 1005 3119 1059 etiam
3165 1006 3303 1075 lupis
3346 1022 3537 1063 cavere
3578 1017 3784 1079 posset.

2213 1086 2348 1142 Cum
2375 1090 2517 1144 enim
2555 1089 2825 1160 Pelagiani
2853 1093 3112 1150 dixissent
3149 1096 3351 1152 nullum
3379 1113 3500 1154 esse
3528 1099 3786 1168 originale

2213 1184 2512 1248 poematum,
2528 1188 2688 1251 atque
2708 1169 2968 1238 Adamum
2989 1185 3162 1254 ipsum
3175 1201 3233 1241 se
3251 1187 3421 1242 solum
3443 1188 3662 1255 laesisse,
3679 1206 3786 1247 non

2214 1273 2394 1324 autem
2413 1270 2703 1326 humanum
2725 1285 2892 1340 genus
2915 1273 3008 1346 (c),
3033 1273 3294 1332 Maximus
3313 1291 3454 1347 saepe
3478 1293 3544 1334 ac
3562 1279 3786 1338 multum

2214 1361 2468 1418 adversus
2488 1363 2541 1418 id
2562 1379 2784 1433 pravum
2803 1365 2993 1435 dogma
3013 1369 3237 1424 munivit
3257 1371 3534 1440 populum,
3549 1380 3610 1426 ut
3630 1386 3694 1428 ex
3717 1374 3790 1428 lo-

2212 1451 2289 1506 cis
2307 1467 2426 1520 quze
2447 1453 2769 1522 prmfationis
2790 1465 2986 1511 nostra:
3020 1473 3169 1512 num.
3211 1455 3278 1511 19
3307 1459 3686 1530 descripsimus
3705 1472 3788 1518 est

2213 1543 2571 1599 manifestum.
2604 1545 2834 1601 Rursum
2883 1547 3193 1620 cumiidem
3223 1549 3298 1604 illi
3323 1550 3562 1606 hmretici
3586 1565 3788 1622 pugna-

2214 1639 2334 1688 rent
2359 1634 2585 1701 gratiam
2613 1635 2708 1690 Dei
2735 1637 3026 1692 secundum
3056 1638 3246 1693 merita
3285 1647 3466 1695 nostra
3503 1640 3639 1709 dari,
3669 1657 3787 1696 san-

535 1728 835 1784 ecclesiam?
859 1767 873 1781 .
901 1768 915 1782 .
939 1766 957 1783 .
979 1727 1221 1782 Centurio
1258 1743 1378 1798 ergo
1409 1729 1455 1781 si
1475 1727 1793 1797 justiﬁcatus
1812 1736 1888 1781 est
1905 1736 2115 1798 propter
2216 1731 2332 1780 ctus
2359 1725 2582 1780 antistes
2606 1725 2818 1795 plebem
2840 1727 3124 1788 instituens
3152 1743 3335 1782 suam:
3361 1726 3687 1808 Notandum,
3710 1733 3791 1786 in-

537 1833 664 1889 apus
693 1819 898 1890 fragile,
927 1818 1002 1874 uel
1032 1828 1305 1883 terrenum,
1327 1818 1698 1889 justificandus
1724 1820 1879 1886 plane
1906 1821 1982 1874 vir
2008 1820 2118 1874 cla-

540 1910 775 1970 rissimus
802 1919 852 1964 et
877 1909 1348 1980 providentissimus
1369 1926 1534 1964 comes
1563 1917 1737 1964 noster
1759 1919 1968 1983 propter
1988 1928 2115 1982 opus

536 2008 644 2053 tam
671 2008 991 2070 perpetuum,
1014 2000 1091 2054 uel
1110 2000 1326 2068 caeleste,
1355 2001 1439 2071 qui
1466 2017 1654 2065 comes,
1683 2001 1814 2055 sicut
1839 2009 1915 2055 est
1942 2009 2118 2054 centu-

535 2091 697 2147 rionis
709 2091 962 2162 dignitate
987 2093 1178 2166 potior,
1207 2093 1282 2145 ita
1326 2099 1376 2144 et
1413 2091 1516 2160 ﬁde
1544 2090 1689 2145 debet
1727 2109 1840 2146 esse
1867 2092 2112 2146 devotior.

538 2180 760 2251 Sapiens
787 2182 882 2252 vir,
913 2188 962 2234 et
987 2180 1258 2252 religiosus
1291 2197 1481 2247 comes,
1519 2181 1604 2252 qui
1625 2190 1869 2251 quantum
1895 2181 1950 2235 in
1988 2179 2117 2235 bello

536 2273 856 2341 imperatori,
885 2272 1072 2325 militat
1113 2270 1374 2327 Saluatori
1395 2313 1412 2340 ,
1453 2280 1503 2326 et
1543 2280 1786 2342 quantum
1817 2273 2028 2343 festinat
2055 2272 2119 2327 de

535 2361 755 2416 hostium
784 2360 1016 2414 manibus
1050 2363 1273 2430 captivos
1306 2378 1508 2426 eruere,
1542 2370 1685 2416 tanta
1714 2365 1879 2436 magis
1907 2365 2119 2434 festinat

535 2470 566 2507 a
593 2452 784 2507 diaboli
811 2469 865 2506 se
890 2452 1160 2523 sacrilegio
1183 2451 1419 2505 liberare.
1456 2491 1471 2505 .
1507 2491 1522 2506 .
1550 2491 1565 2506 .
1610 2453 1850 2523 Sapiens,
1881 2456 2116 2526 inquam,

536 2545 621 2614 qui
650 2545 781 2597 sicut
823 2559 992 2598 comes
1037 2545 1363 2611 imperatoris
1391 2552 1500 2612 est,
1544 2546 1618 2599 ita
1644 2553 1695 2598 et
1721 2562 1888 2599 comes
1926 2546 2120 2602 Christi

538 2649 649 2686 esse
677 2632 955 2686 desiderat.
989 2630 1129 2686 Nam
1159 2631 1284 2686 bene
1309 2634 1500 2704 utique,
1543 2642 1593 2688 et
1636 2635 1870 2708 religiose
1891 2637 2114 2708 agendo,

541 2723 843 2796 dignitatem
884 2741 1033 2784 suam
1078 2726 1216 2797 cupit
1261 2741 1372 2786 esse
1411 2735 1725 2800 perpetuam.
1753 2766 1767 2780 .
1797 2767 1811 2782 .
1838 2767 1851 2781 .
1887 2725 2119 2783 Excusat

537 2815 696 2886 igitur
723 2816 973 2880 centurio,
1001 2825 1051 2869 et
1079 2831 1143 2869 ne
1163 2815 1254 2874 sub
1285 2825 1470 2892 tectum
1507 2818 1621 2894 ejus
1659 2818 1980 2890 ingrediatur
2003 2818 2118 2874 Do-

538 2907 708 2969 minus
736 2906 1001 2976 indignum
1028 2922 1083 2976 se
1116 2908 1257 2960 dicit.
1284 2906 1418 2961 Ecce
1438 2907 1622 2980 dignus
1643 2917 1719 2962 est
1739 2925 1904 2963 comes
1924 2918 2118 2980 noster,

540 2994 632 3049 sub
659 2996 802 3064 cujus
833 3005 1014 3064 tectum
1043 2997 1194 3051 hodie
1214 2997 1457 3060 Salvator
1479 2999 1768 3069 ingreditur
1797 3039 1812 3054 .
1846 3038 1860 3052 .
1895 3040 1909 3054 .
1944 3039 1958 3054 .
1993 3040 2007 3055 .
2039 2999 2119 3054 De

2216 1814 2352 1883 quit,
2377 1822 2453 1868 est
2485 1817 2605 1888 quia
2625 1814 2851 1886 Spiritus
2871 1817 3037 1872 sancti
3055 1819 3224 1888 gratia
3245 1818 3357 1890 lege
3371 1835 3475 1874 non
3498 1821 3788 1891 stringitur,

2217 1903 2382 1978 [cun]
2412 1906 2744 1962 necessitatis
2770 1908 2984 1964 vinculo
3005 1923 3112 1963 non
3151 1915 3380 1974 tenetur,
3408 1909 3501 1964 sed
3531 1911 3670 1965 sicut
3698 1911 3790 1966 ubi

2216 1997 2331 2052 vult
2356 1998 2554 2068 Spirat,
2586 1999 2663 2054 sic
2690 2006 2746 2054 et
2771 1999 2963 2068 quibus
2990 2000 3120 2064 vult,
3149 2000 3318 2070 gratis
3353 2015 3451 2058 sua
3487 2001 3629 2056 dona
3678 2003 3789 2059 dis-

2216 2095 2404 2156 pensat
2451 2087 2551 2157 (d).
2592 2086 2686 2142 His
2737 2087 2977 2156 adjunxit
3003 2105 3016 2141 :
3046 2087 3337 2143 Cavendum
3374 2107 3438 2144 ne
3465 2090 3586 2162 quid
3620 2093 3790 2148 virtuti

2217 2178 2596 2250 prudentiaque
2637 2188 2826 2233 nostra:
2861 2180 2924 2233 de
2951 2180 3050 2245 his,
3079 2195 3192 2249 qua
3211 2190 3345 2238 recte
3373 2181 3610 2252 gerimus,
3640 2198 3789 2237 arro-

2216 2284 2410 2338 gemus,
2453 2269 2653 2322 dicente
2696 2267 2922 2328 Domino
2959 2267 3028 2322 ad
3053 2270 3314 2339 apostolos
3339 2286 3459 2324 suos
3481 2286 3499 2323 :
3539 2272 3657 2342 quia
3681 2273 3789 2326 sine

2217 2373 2299 2410 me
2326 2358 2457 2412 nihil
2484 2361 2696 2427 potestis
2717 2361 2903 2430 facere.
2932 2359 3044 2426 Qua
3063 2359 3316 2412 sententia
3343 2371 3706 2430 prtcmonente,
3727 2362 3789 2416 ab

2216 2450 2330 2520 ipso
2381 2449 2527 2503 nobis
2566 2449 2824 2519 speranda
2861 2458 2980 2503 sunt
3025 2449 3218 2503 omnia.
3278 2447 3472 2504 Cuncta
3500 2450 3653 2505 etiam
3681 2468 3788 2518 qua

2217 2555 2457 2608 prospere
2477 2541 2679 2594 veniant
2704 2540 2842 2594 illius
2892 2539 3173 2609 reputando
3202 2541 3511 2606 muneribus,
3541 2541 3652 2611 sine
3671 2559 3787 2612 quo,

2217 2637 2272 2680 ut
2294 2628 2400 2696 ipse
2427 2627 2569 2690 dicit,
2601 2627 2794 2684 nullum
2813 2630 3012 2698 penitus
3042 2638 3269 2683 uotorum
3297 2640 3584 2693 nostrorum
3605 2649 3787 2702 possu-

2217 2735 2331 2774 mus
2352 2718 2537 2790 ltabere
2561 2735 2845 2780 successum
2864 2718 2956 2790 (e).
2978 2719 3221 2776 Perrexit
3241 2737 3404 2791 porro
3427 2721 3647 2778 docere:
3674 2723 3730 2777 Ν
3733 2743 3786 2782 os

2219 2826 2321 2880 non
2340 2827 2406 2864 ex
2427 2809 2680 2880 operibus,
2703 2811 2794 2868 sed
2819 2813 2931 2881 ipsa
2959 2814 3125 2882 gratia
3145 2830 3255 2868 esse
3274 2814 3560 2884 redemptos
3587 2816 3698 2886 (f);
3728 2833 3787 2870 ac

2218 2916 2392 2958 omnes
2421 2911 2564 2956 actus
2583 2911 2804 2969 nostros,
2832 2901 3035 2957 Christo
3063 2903 3213 2958 veluti
3232 2905 3390 2971 socio,
3413 2905 3488 2959 rel
3517 2915 3640 2960 teste
3659 2923 3786 2961 com-

2219 2994 2376 3064 plere,
2407 2994 2504 3050 hac
2524 2995 2716 3050 scilicet
2757 2994 2955 3052 ratione
2988 3004 3045 3051 ut
3081 2993 3212 3055 bona
3248 2997 3360 3066 ipso
3388 3006 3594 3051 auctore
3621 2999 3785 3068 facia-

537 3083 783 3156 fratribus
805 3102 921 3142 vero
949 3089 1139 3141 nostris
1159 3091 1353 3142 sanctis
1375 3090 1497 3143 viris
1539 3089 1797 3145 Vitaliano
1822 3101 1872 3145 et
1892 3091 2107 3149 Maiano

2212 3101 2353 3151 tntts,
2383 3085 2522 3139 mala
2550 3095 2758 3156 prapter
2785 3085 2946 3155 ipsius
2998 3086 3381 3142 contubernium
3411 3088 3785 3144 declinemus...

536 3177 658 3250 quid
684 3177 887 3246 dicam?
917 3178 1039 3236 Scio
1071 3179 1186 3238 illos
1207 3181 1426 3252 gloriam
1446 3179 1510 3234 ab
1533 3181 1820 3239 hominibus
1850 3200 1950 3238 non
1971 3201 2113 3256 qutu-

493 3299 504 3309 -
537 3284 671 3335 rere,
699 3268 800 3321 nisi
830 3285 862 3321 a
889 3268 1000 3323 solo
1027 3267 1174 3334 Deo;
1221 3269 1312 3323 sed
1343 3280 1509 3325 tamen
1540 3272 1742 3326 laudem
1781 3291 1975 3342 eorum,
2016 3278 2111 3330 etsi

536 3375 629 3430 ego
673 3367 890 3426 taceam,
929 3361 1042 3429 ipsa
1084 3378 1238 3431 opera
1267 3362 1557 3434 loquuntur.
1602 3364 1685 3417 Ad
1726 3366 1953 3435 ipsorum
1978 3369 2113 3422 enim

537 3447 742 3502 laudem
785 3455 1006 3520 pertinet
1047 3452 1294 3524 quidquid
1320 3455 1375 3507 in
1403 3454 1524 3508 aliis
1549 3457 1702 3526 paulo
1731 3467 1853 3511 ante
1877 3458 2112 3514 laudavi-

535 3556 668 3595 mus.
695 3539 836 3595 Nam
852 3543 945 3597 hoc
966 3543 1344 3598 tabernaculum
1365 3547 1462 3600 etsi
1475 3546 1684 3616 plurimi
1697 3559 2112 3620 construxerunt,

534 3631 588 3686 Ιιὶ
616 3641 784 3686 tamen
825 3643 1080 3704 sumptum
1123 3637 1323 3706 operati
1357 3646 1476 3690 sunt
1503 3655 1606 3692 uno
1643 3656 1874 3706 assensu.
1917 3639 1987 3694 Et
2012 3658 2112 3713 quo

535 3722 742 3778 tandem
763 3733 986 3793 sumptu,
1003 3742 1117 3782 cum
1137 3728 1240 3780 sint
1260 3729 1314 3782 in
1335 3730 1520 3786 saeculo
1539 3731 1818 3791 mediocres
1837 3742 1886 3787 et
1905 3741 2075 3796 tenues
2087 3736 2114 3790 2

537 3809 640 3868 Illo
658 3813 854 3871 scilicet
878 3814 940 3868 de
960 3830 1058 3884 quo
1086 3817 1160 3872 ait
1197 3817 1469 3886 Apostolus
1494 3835 1512 3871 :
1533 3819 1863 3884 Abundantia
1890 3824 2034 3894 fidei,
2063 3834 2114 3896 et

535 3900 725 3962 diuitiis
745 3902 1108 3971 simplicitatis.
1132 3901 1228 3957 Est
1247 3905 1384 3957 enim
1404 3907 1596 3960 sanctis
1617 3909 1737 3968 viris
1757 3925 1954 3980 semper
1971 3912 2112 3976 diues

535 3991 650 4061 ipsa
669 3999 982 4062 paupertas;
1011 3993 1147 4048 unde
1175 3994 1346 4062 credo,
1371 3996 1465 4050 hos
1502 3996 1674 4051 beatos
1695 3999 1826 4052 hanc
1845 4001 2111 4057 ecclesiam

536 4096 640 4136 non
666 4082 836 4135 minus
863 4082 1181 4138 orationibus
1213 4102 1363 4156 quam
1391 4087 1665 4158 impendiis
1691 4088 1991 4160 fabricasse.
2020 4093 2110 4154 Sic

534 4172 672 4228 enim
697 4172 986 4244 oportebat,
1012 4184 1066 4226 ut
1086 4192 1213 4248 opus
1242 4174 1433 4232 Christi
1459 4180 1692 4249 precibus
1719 4183 1883 4254 magis
1911 4199 2109 4238 cresce-

534 4269 612 4316 ret
629 4278 779 4332 quam
798 4265 1078 4320 caementis.
1101 4265 1280 4319 Totam
1300 4269 1437 4322 enint
1455 4268 1793 4325 substantiam
1815 4281 1862 4326 et
1881 4273 1935 4325 in
1955 4273 2110 4343 huius

534 4354 790 4425 facturam
814 4355 982 4425 operis
1003 4356 1354 4427 expenderunt
1370 4400 1386 4426 ,
1416 4369 1464 4412 et
1483 4361 1611 4430 ipsis
1638 4371 1770 4416 certe
1797 4363 1925 4416 nihil
1945 4362 2102 4417 deest.

2215 3179 2291 3250 (g)
2319 3176 2592 3241 Cln'istum
2619 3187 2788 3240 autem
2806 3179 2864 3234 in
2889 3177 3037 3234 bonis
3054 3179 3340 3252 adjutorem
3377 3197 3517 3245 esse,
3547 3184 3600 3236 in
3626 3181 3781 3235 malis

2213 3278 2641 3335 conseruatorem,
2683 3286 2779 3326 seu
2831 3271 3094 3344 agentem,
3138 3279 3196 3340 ut
3215 3287 3280 3329 ea
3306 3273 3634 3328 declinemus.
3659 3273 3784 3329 Plu-

2209 3358 2347 3418 rima
2371 3358 2585 3429 quidem
2615 3357 2855 3428 proterre
2879 3375 3174 3430 possemus,
3197 3361 3293 3420 sed
3318 3362 3505 3422 modus
3534 3362 3784 3421 adhiben-

2212 3447 2312 3504 dus
2339 3455 2440 3508 est.
2466 3445 2587 3504 Pari
2609 3448 2883 3518 diligentia
2919 3457 3108 3506 contra
3136 3451 3378 3524 haeresim
3417 3451 3784 3512 Nestorianam

2207 3537 2323 3599 suis
2345 3539 2676 3614 temporibus
2697 3548 2872 3606 ortam
2899 3548 3061 3609 atque
3087 3541 3496 3598 condemnatam
3518 3544 3646 3612 egit,
3675 3559 3782 3613 qua

2211 3630 2279 3689 de
2304 3646 2364 3701 re
2382 3630 2705 3698 conferenda
2733 3640 2875 3698 sunt,
2905 3647 3023 3702 qua:
3051 3635 3375 3703 praelationis
3420 3644 3617 3690 nostra:
3643 3644 3783 3704 part.

2211 3736 2269 3784 ιι,
2292 3736 2436 3783 num.
2468 3721 2502 3776 ’ὁ
2521 3737 2696 3790 seqq,
2718 3723 2983 3798 complexi
3001 3738 3200 3778 sumus.
3227 3722 3356 3776 lnde
3376 3737 3496 3777 cum
3520 3723 3784 3794 Eutyche;

2212 3811 2358 3877 virus
2384 3811 2582 3876 erroris
2601 3812 2680 3870 sui
2700 3810 2992 3868 diﬂ'underc
3013 3818 3237 3870 conatus
3259 3819 3426 3876 esset,
3456 3821 3565 3866 tum
3588 3811 3784 3880 Leonis

2211 3909 2362 3972 pont.
2392 3917 2534 3970 max.
2559 3901 2754 3965 celebri
2781 3901 3108 3972 cumprimis,
3140 3902 3427 3972 divinaque
3455 3905 3683 3972 epistola
3712 3907 3780 3962 ad

2213 3990 2522 4056 Flavianum
2565 3991 2824 4056 refutatur.
2851 4006 2916 4052 ac
2953 3991 3234 4057 damnatus
3269 4000 3370 4058 est,
3401 3995 3700 4064 meruitque
3725 4005 3782 4053 ut

2209 4081 2330 4136 lata:
2371 4080 2484 4150 jam
2511 4098 2543 4146 a
2573 4080 2753 4147 Leone
2776 4082 2892 4152 ipso
2918 4081 3195 4143 sententia:
3215 4091 3456 4138 sanctum
3481 4082 3778 4141 Chalcedo-

2210 4186 2376 4227 nense
2403 4187 2555 4235 conc.
2587 4187 2656 4234 an
2697 4171 2794 4224 451
2828 4173 3068 4238 habitum
3095 4171 3389 4228 adhzcreret
3412 4175 3509 4244 (It).
3539 4174 3776 4246 Cumque

2209 4259 2265 4315 8.
2297 4259 2538 4329 pontifex
2573 4261 2688 4329 ejus
2713 4261 2811 4322 rei.
2843 4276 2906 4316 ac
2928 4261 3129 4317 reditus
3154 4271 3412 4332 praeterea
3439 4264 3776 4321 Chalcedone

2209 4351 2352 4406 sedis
2380 4352 2690 4420 apostolici:
2713 4352 3010 4422 legatorum
3033 4355 3291 4414 certiores
3333 4357 3612 4426 episcopos
3649 4373 3778 4427 pro-

535 4441 663 4514 lpsa
691 4443 844 4514 plane
870 4453 965 4511 est,
995 4446 1126 4498 sicut
1154 4447 1402 4515 diximus,
1432 4448 1594 4517 dives,
1630 4451 1950 4524 locuplesque
1972 4469 2104 4523 pau-
2130 4451 2184 4512 D
2207 4445 2394 4501 vincite
2440 4445 2852 4502 Mediolanensis
2883 4447 3133 4514 fecisset;
3157 4449 3210 4502 hi
3233 4464 3373 4504 anno
3395 4449 3582 4504 eodem
3612 4450 3663 4504 in
3691 4467 3779 4522 sy-

533 4541 726 4604 pertas,
755 4549 870 4604 qua:
894 4535 1134 4604 expendit
1157 4537 1352 4604 omnia,
1400 4547 1450 4590 et
1492 4539 1718 4608 possidet
1761 4543 1953 4595 omnia.
1999 4541 2106 4597 Sed

533 4623 640 4680 hac
668 4642 701 4679 a
731 4623 838 4679 Deo
868 4623 1133 4679 benedicta
1153 4634 1250 4694 est,
1279 4628 1409 4696 sicut
1444 4630 1536 4694 illa
1582 4631 1733 4703 vidua
1763 4633 1826 4702 de
1858 4651 1956 4707 qua
1981 4634 2108 4688 dicit

532 4712 785 4779 Dominus
811 4717 866 4779 in
883 4714 1170 4788 Evangelip
1195 4733 1213 4771 :
1235 4716 1428 4782 Mulier
1453 4720 1561 4788 huic
1588 4721 1739 4794 vidua
1761 4740 1954 4798 pauper
1989 4725 2107 4795 plus

531 4819 685 4877 quam
724 4823 898 4862 omnes
926 4809 1104 4862 misit:
1139 4825 1262 4882 nam
1299 4827 1480 4866 omnes
1507 4811 1561 4865 hi
1589 4830 1652 4868 ea:
1689 4815 1975 4874 abundanti
2011 4817 2109 4871 sibi

531 4894 810 4960 miserunt;
841 4897 948 4952 haec
975 4906 1146 4968 autem
1169 4907 1327 4962 totum
1349 4899 1533 4953 victum
1553 4917 1720 4976 suum,
1741 4919 1889 4973 quem
1907 4904 2104 4974 habuit,

536 4984 694 5036 misit.

607 5098 684 5169 (α)
706 5097 901 5156 Confer
917 5115 1038 5169 quae
1055 5103 1252 5169 Marius
1273 5105 1540 5166 Mercator
1551 5105 1736 5162 scribit
1754 5106 1821 5161 de
1841 5116 2110 5165 conventu

532 5167 748 5250 liatrum
768 5169 866 5250 ειη)
881 5167 1121 5241 Ζρεἰιιιο,
1135 5167 1506 5250 Commonitor.
1526 5192 1644 5247 cap.
1666 5176 1727 5230 51
1748 5184 1839 5250 ;_et
1853 5175 2103 5250 Garner.,

767 5235 1011 5326 ῥίζαιιᾶ
1029 5235 1118 5296 est
1156 5243 1240 5326 de“
1268 5235 1486 5326 synodis
1515 5235 1702 5326 contra
1738 5235 2017 5326 Pelagiani.
2052 5235 2107 5305 ui

530 5263 742 5293 umscrt.
787 5263 838 5306 ι,
867 5263 985 5308 qua:
1029 5263 1112 5296 est
1156 5263 1223 5299 oe
1268 5263 1294 5300 s
1334 5263 1486 5302 IIOOIS
1515 5263 1702 5302 contra
1753 5263 2017 5316 retagian.
2052 5265 2101 5305 Ix

529 5307 743 5378 synod.,
767 5315 899 5362 tom.
923 5307 1013 5364 XII
1033 5326 1183 5380 oper.
1207 5313 1263 5368 S.
1289 5263 1538 5384 Kugust.,
1567 5317 1695 5372 edit.
1724 5315 1981 5387 Autuerp.
2009 5332 2101 5372 an.

537 5375 692 5442 I700,
721 5386 777 5432 et
800 5376 999 5442 Synod.
1035 5396 1142 5442 xlv,
1174 5396 1296 5442 pag.
1331 5385 1451 5439 155.

603 5395 692 5444 υυ,
721 5395 777 5432 et
801 5395 999 5448 aynoo.
1035 5396 1142 5446 xlv,
1174 5396 1296 5451 pag.
1331 5395 1451 5439 155.

603 5444 678 5516 (b)
719 5445 846 5500 Vide
873 5447 1097 5526 epist._6
1123 5450 1179 5505 8.
1205 5448 1572 5526 Leonig,_eap.
1604 5454 1659 5523 2,
1689 5468 1810 5526 pag.
1841 5453 1929 5521 5|,
1963 5462 2093 5511 tom.

531 5513 574 5570 ll
601 5513 844 5584 operum,
875 5513 1004 5572 edit.
1037 5517 1190 5574 Rom.
1221 5535 1310 5580 an.
1343 5513 1500 5577 1735.

602 5580 842 5662 (ELVide
869 5596 972 5662 act.
1001 5589 1189 5662 sypod.
1228 5588 1529 5662 Diospolitt,
1570 5603 1698 5648 tom.
1739 5592 2095 5661 lConcilior.,

531 5666 650 5730 pag.
688 5653 852 5721 anu.
886 5653 1220 5718 editfParis.
1258 5653 1532 5723 an.'l7li.
1565 5671 1619 5719 et
1656 5661 1840 5729 synod.
1874 5653 2092 5723 Milevitl

2211 4535 2412 4590 nodum
2439 4552 2758 4602 convenere,
2789 4537 3114 4608 prmsideque
3143 4537 3371 4593 Eusebio
3399 4537 3776 4596 Mediolanensi

2209 4626 2468 4693 antistite,
2489 4627 2728 4697 pontiﬁci
2755 4629 3077 4697 rescripsere
3110 4645 3122 4680 :
3154 4628 3270 4697 ejus
3291 4643 3348 4682 se
3367 4629 3648 4682 litterarum
3667 4631 3776 4701 for-

2207 4735 2344 4772 mam
2370 4735 2479 4773 esse
2505 4727 2720 4783 secutos,
2752 4717 3053 4789 modumque
3079 4719 3394 4789 praescripta:
3436 4719 3776 4792 ordinationis

2206 4827 2453 4876 servasse,
2501 4817 2606 4865 etc.
2660 4809 2746 4881 (ἰ).
2798 4809 2856 4864 ln
2910 4825 3094 4874 eorum
3135 4810 3506 4880 episcoporum
3556 4826 3776 4886 numero

2207 4901 2470 4955 Maximus
2515 4898 2630 4964 fuit,
2680 4898 2832 4968 cujus
2884 4899 2997 4954 haec
3037 4900 3227 4968 legitur
3247 4900 3298 4954 in
3320 4898 3508 4970 synodi
3536 4899 3776 4968 ejusdem

2207 4991 2340 5046 actis
2386 4989 2741 5060 subscriptio:
2781 4988 2893 5061 Ego
2950 4987 3210 5044 Maximus
3236 4989 3502 5060 episcopus
3529 4987 3776 5042 Ecclesia:

2212 5123 2332 5164 can.
2354 5103 2408 5168 2,
2438 5117 2558 5173 pag.
2589 5103 2743 5173 1217,
2768 5112 2896 5159 tom.
2919 5104 3040 5162 eod.

2307 5176 2362 5241 ά)
2383 5171 2554 5243 Serm.
2585 5171 2672 5243 6|,
2698 5187 2818 5243 pag.
2843 5173 2966 5243 7554.

2303 5246 2352 5312 ε)
2373 5242 2545 5298 Serm.
2572 5242 2659 5312 67,
2689 5242 2808 5312 pag.
2837 5242 2957 5312 57t.

2289 5310 2355 5384 Τ)
2379 5313 2550 5367 Serm.
2579 5310 2704 5378 l07,
2722 5310 2842 5382 pag.
2866 5311 2988 5366 672.

2272 5315 2353 5520 ily!)
2380 5381 2575 5463 Homil.
2599 5379 2687 5462 89,
2714 5395 2834 5451 pag.
2857 5379 2978 5433 297.

2332 5455 2351 5520 )
2386 5450 2514 5504 Vide
2559 5458 2716 5520 epist.
2761 5450 2847 5515 78,
2891 5450 2960 5520 al.

2305 5379 2314 5384 ⁷
2337 5379 2353 5450 )
2380 5381 2575 5435 Homil.
2599 5379 2687 5442 89,
2714 5379 2834 5451 pag.
2857 5379 2978 5433 297,

2297 5401 2351 5504 ί)
2386 5450 2514 5504 Vide
2559 5451 2716 5504 epist.
2761 5450 2847 5504 78.
2891 5450 2960 5503 al.
2990 5450 3075 5504 77.
3099 5449 3156 5504 8.
3183 5448 3374 5504 Leonis
3397 5448 3464 5504 ad
3489 5450 3572 5504 eoi

2386 5450 2514 5504 Vide
2559 5448 2730 5534 epist;
2761 5450 2851 5534 78,
2891 5450 3075 5534 ἐξίῃ,
3099 5449 3156 5504 8.
3183 5448 3374 5534 Leonis
3397 5448 3464 5514 ad
3485 5450 3771 5534 gpisc‘opos

2201 5509 2494 5642 Ga‘llialtgism
2523 5509 2644 5591 cap.
2669 5519 2721 5588 4,
2752 5509 2872 5590 pag.
2897 5518 3019 5586 278,
3048 5509 3175 5576 tom.
3200 5519 3244 5574 ll
3263 5509 3412 5590 oper.
3438 5509 3568 5583 edit.
3611 5509 3764 5576 Rom.

2203 5607 2289 5642 an.
2461 5629 2474 5642 .

2203 5607 2289 5647 an.
2320 5607 2341 5642 l
2365 5607 2474 5642 I00.

2273 5661 2335 5727 (i)
2357 5657 2558 5718 Confer
2579 5665 2696 5718 acta
2713 5657 2902 5728 synod.
2937 5675 3056 5727 cap.
3089 5659 3138 5727 5,
3173 5657 3300 5736 ibid.
3311 5698 3326 5728 ,
3349 5672 3470 5752 pag.
3497 5657 3613 5727 280.
