4138 6186
308 280 417 338 157·

1417 282 1570 339 ΠΤΑ
1606 282 1666 339 8:
1706 282 1952 339 MAXIM
1990 282 2481 344 TAURINENSlS-

3479 303 3582 359 158

307 396 609 450 Tauriuam
626 397 681 450 in
702 397 877 450 omnia
897 404 1250 467 suprascripta
1269 396 1507 450 consensi
1524 404 1573 449 et
1588 395 1886 466 subscripsi,
1920 400 1969 461 Α,
1996 399 2137 456 forte
2188 414 2298 453 non
2350 400 2604 470 perdant,
2632 403 2799 475 quod
2853 407 3133 476 possident
3158 414 3540 481 temporarium
3565 423 3579 465 :

308 488 583 539 anathema
606 487 786 540 dicens
819 486 925 539 illis
951 485 1039 556 qui
1084 484 1149 539 de
1187 487 1563 541 incarnationis
1605 486 1891 542 ﬂaminica:

308 586 631 630 sacramento
663 577 823 646 impia
843 585 1108 629 senserunt
1137 576 1237 646 (α).

378 665 467 720 IX.
508 668 671 721 Attila
705 667 1010 721 Hunnorum
1034 684 1125 721 rea:
1150 669 1204 721 in
1229 666 1440 722 Italiam
1481 669 1694 723 invadit.
1739 667 1820 722 Ea
1840 684 1896 722 re

313 757 477 811 territi
502 756 869 829 Taurincnses,
902 757 1108 811 hortatu
1128 756 1367 822 Maximi,
1388 759 1460 811 ad
1475 776 1653 830 preces
1672 757 1897 829 jejunio-

311 866 406 924 que
432 849 759 919 confugiunt,
805 856 856 901 et
896 848 1176 919 periculum
1203 848 1719 904 declinant.-Attila
1752 848 1900 902 Hun-

313 957 506 998 norum
555 955 674 1003 rex,
729 947 789 993 ut
815 955 973 1009 supra
1004 947 1087 995 est
1112 940 1557 1005 demonstratum,
1602 955 1743 994 anno
1794 939 1899 993 452

316 1036 587 1090 invaserat
627 1030 836 1087 Italiam
860 1071 876 1096 ,
933 1041 988 1087 et
1028 1032 1268 1097 subacta,
1294 1032 1521 1101 direpta,
1550 1032 1723 1088 diruta
1742 1033 1900 1102 Aqui-

317 1125 440 1189 leia,
473 1123 728 1191 omnique
751 1121 951 1176 circum
980 1122 1200 1189 regione
1226 1129 1451 1189 vastata,
1478 1123 1677 1179 incolas
1704 1125 1897 1194 partim

318 1212 679 1275 interfecerat,
706 1210 902 1281 partim
924 1210 977 1264 in
999 1210 1248 1266 miseram
1264 1211 1547 1281 redegerat
1564 1215 1895 1268 servitutem.

318 1300 393 1355 Ea
422 1316 482 1356 re
507 1302 725 1369 cognita
773 1297 1108 1365 Taurinates,
1160 1300 1260 1355 sibi
1282 1316 1495 1371 quoque
1523 1310 1763 1359 metuere
1785 1319 1897 1358 coe-

315 1398 531 1463 perunt.
583 1389 866 1455 Maximus,
907 1389 998 1458 qui
1038 1397 1297 1458 quantum
1322 1392 1659 1461 impenderet
1677 1393 1899 1462 periculi

315 1481 539 1536 videbat
569 1479 665 1550 (b),
690 1488 874 1534 monet
901 1488 959 1533 ut
979 1480 1025 1534 si
1055 1481 1225 1536 averti
1252 1497 1281 1535 a
1303 1497 1361 1536 se
1381 1482 1613 1536 hostium
1642 1483 1899 1551 impetum

317 1572 504 1637 velint,
531 1570 639 1625 ﬁde
663 1586 721 1625 se
746 1570 1015 1639 armisque
1035 1570 1342 1626 coelestibus
1360 1573 1622 1627 muniant.
1644 1572 1701 1626 Id
1736 1589 1900 1629 unum

319 1682 438 1722 esse
466 1665 655 1721 salutis
702 1664 755 1718 in
802 1663 1108 1718 discrimine
1178 1672 1326 1719 tanto
1381 1663 1677 1734 perfugium
1719 1666 1899 1721 docet.

1998 491 2207 545 animas
2248 504 2396 548 certe
2445 503 2707 549 aaternum
2748 496 2944 552 misere
2966 507 3092 553 sunt
3118 500 3401 569 perdituri.
3430 503 3586 559 Resio

1997 582 2223 653 piscant.
2268 585 2508 652 Discant,
2556 603 2676 643 cum
2700 589 2861 646 rebus
2883 592 3133 645 secundis
3160 592 3459 661 gaudeant,
3484 596 3582 651 ad-

1997 687 2181 727 versas
2200 673 2382 739 etiam,
2428 675 2474 729 si
2502 691 2620 745 qua:
2640 678 2907 744 accidant,
2937 696 3043 733 non
3066 690 3286 748 gravate
3307 684 3475 749 ferre;
3508 686 3581 739 si-

1997 760 2161 831 bique
2204 762 2567 831 persuadeant
2619 774 2874 835 utrasqtne
2923 784 2954 823 e
3001 772 3249 825 manibus
3311 774 3579 842 proﬁcisci

1998 850 2473 908 beneficentissimi
2525 862 2687 923 atque
2732 860 3082 926 praepotentis
3106 860 3218 915 Dei.
3250 861 3421 931 Hujus
3444 864 3579 919 iram

2001 954 2179 1007 prece,
2199 940 2441 1009 jejuniis.
2463 942 2820 1014 eieetuosyais
2841 945 3055 1014 placare
3069 950 3295 1015 naviter,
3315 952 3581 1020 enixeque

2000 1030 2271 1087 studeant.
2304 1032 2361 1089 Id
2388 1034 2432 1086 si
2455 1033 2697 1099 fecerint,
2730 1045 2950 1105 sperent
2976 1040 3157 1099 omnia
3191 1041 3291 1095 sibi
3323 1040 3581 1113 deinceps

2001 1136 2255 1192 prospere
2277 1130 2554 1178 eventura.

2072 1212 2180 1268 Sed
2203 1229 2323 1268 cum
2354 1214 2569 1271 barbari
2593 1215 2847 1285 progredi
2877 1226 3016 1272 mtra
3053 1229 3358 1288 pergerent,
3408 1200 3613 1277 visum,

2002 1303 2237 1359 Maximo
2286 1312 2373 1359 est
2412 1305 2677 1360 retardari
2721 1308 2976 1376 impetum
3018 1325 3202 1366 eorum
3244 1328 3401 1381 posse
3427 1328 3583 1368 seve-

2004 1394 2145 1449 riore
2188 1395 2533 1461 abstinentia,
2585 1397 2840 1466 cultuque
2882 1398 3226 1468 jejuniorum.
3254 1400 3431 1467 Quare
3454 1418 3585 1458 con-

2002 1485 2251 1539 cinnatur
2296 1500 2328 1539 e
2375 1494 2646 1553 suggestu.
2689 1486 2889 1541 Statuit
2911 1491 3217 1559 exemplum
3238 1492 3289 1544 in
3315 1492 3578 1547 Ninivitis.

2003 1578 2118 1633 Hoc
2159 1588 2217 1632 ut
2260 1579 2575 1633 Tauriuates
2604 1580 2879 1634 imitentur
2907 1582 3113 1638 suadet.
3150 1583 3333 1653 Itaque
3370 1585 3585 1656 legatia-

2004 1685 2117 1722 nem
2164 1670 2232 1721 ad
2276 1668 2437 1722 Deum
2475 1687 2565 1737 per
2585 1670 2788 1740 jejunio
2817 1671 3177 1727 destinandam
3208 1676 3463 1744 proponit
3484 1676 3581 1745 (Ῑ).

322 1758 685 1813 Hortaturut
728 1754 942 1809 Davidis
990 1755 1349 1821 meminerint,
1380 1756 1470 1825 qui
1497 1771 1605 1810 non
1646 1756 1777 1822 telo,
1804 1756 1900 1812 sed
1936 1763 1980 1827 Β
2078 1761 2456 1816 Verumtamen
2507 1760 2865 1816 Mediolanum
2902 1762 3009 1831 jam
3031 1764 3291 1819 barbarus
3312 1780 3585 1834 expugna-

322 1850 702 1920 imploratione
728 1848 961 1903 nominis
1016 1846 1183 1901 divini
1225 1845 1533 1902 Goliathum
1585 1848 1894 1918 prostravit,

322 1942 546 2011 ejusque
570 1939 743 2009 capite
772 1938 1008 1993 abscisso
1029 1946 1189 2007 atque
1211 1938 1438 2004 sublato,
1463 1937 1743 1993 audaciam
1764 1953 1909 1995 com-

323 2032 517 2103 pressit
565 2028 988 2084 Philistinorum.
1039 2027 1155 2084 Non
1202 2036 1325 2098 post
1353 2028 1542 2094 multo,
1572 2044 1695 2085 cum
1723 2044 1910 2087 rumor

320 2122 720 2195 percrebuisset
760 2117 1011 2190 progredi
1041 2118 1279 2184 Attilam,
1311 2120 1663 2189 exemplaque
1707 2119 1907 2190 passim

322 2214 482 2269 edere
526 2210 893 2276 crudelitatis;
950 2209 1266 2264 Taurinates
1313 2210 1412 2265 etsi
1446 2210 1558 2279 jam
1582 2209 1831 2280 praesidia
1852 2208 1909 2265 iu

323 2303 489 2358 muris
510 2307 833 2363 statuerant,
853 2307 1140 2369 portasque
1161 2298 1307 2354 urbis
1328 2300 1520 2355 muniri
1536 2308 1789 2355 curarant
1810 2300 1904 2370 (ε),

327 2400 506 2449 tamen
561 2391 856 2464 perturbati
910 2390 1115 2460 majore
1160 2398 1329 2455 metu,
1362 2406 1619 2461 quorsum
1647 2397 1909 2460 appetens

325 2486 494 2544 hostis
518 2484 791 2549 evaderet,
824 2483 1149 2553 cogitabant.
1174 2482 1377 2551 Horum
1400 2483 1608 2537 animos
1630 2491 1908 2538 erecturus

325 2575 607 2639 Maximus,
640 2574 801 2641 inque
824 2587 919 2643 spe
947 2572 1247 2627 declinandi
1268 2572 1463 2627 furoris
1491 2572 1757 2627 barbarici
1783 2588 1911 2628 con-

329 2665 653 2729 ﬁrmaturus,
682 2663 929 2718 ascendit
950 2663 1001 2717 in
1025 2663 1362 2718 concionem.
1405 2662 1723 2733 Exemplum
1749 2662 1911 2717 Davi-

329 2759 409 2813 dis
425 2773 642 2813 rursum
663 2764 1070 2812 commemorat.
1097 2756 1489 2821 Recordentur,
1506 2757 1678 2825 jubet,
1704 2756 1910 2811 oraculi

330 2849 647 2914 Psalmistce,
692 2846 839 2918 quod
888 2845 1086 2901 ferret:
1117 2846 1323 2915 vigilari
1352 2845 1545 2901 frustra
1598 2860 1629 2900 a
1680 2846 1912 2902 civitatis

328 2938 663 3002 custodibus,
704 2938 757 2990 ni
788 2936 927 2991 Deus
955 2950 1076 2991 esse
1123 2936 1288 3005 ipsius
1309 2943 1491 2990 custos
1518 2943 1679 3004 atque
1705 2950 1909 3006 propu-

328 3041 518 3102 gnator
564 3031 712 3085 velit.
770 3029 1031 3084 Rescrent
1076 3036 1262 3099 portas
1292 3027 1528 3098 justitim.
1558 3027 1909 3097 Prece,jeju-

2008 1861 2121 1917 rat,
2168 1854 2421 1924 brevique
2461 1854 2613 1923 signa
2652 1853 2942 1911 Tauriuum
2996 1853 3242 1911 illaturus
3280 1856 3582 1912 videbatur.

2007 1943 2135 1998 Inde
2179 1944 2508 1999 incredibilis
2550 1953 2729 2000 terror
2762 1946 3057 2001 incesserat
3085 1946 3423 2015 Taurinatcs,
3450 1966 3590 2017 quo-

2008 2050 2125 2089 rum
2150 2051 2274 2103 pars
2303 2049 2513 2103 magna,
2542 2051 2608 2090 ne
2637 2037 2689 2089 in
2713 2052 2771 2090 se
2793 2052 3027 2105 suosque
3050 2038 3343 2092 crudeliter
3363 2041 3445 2106 agi
3469 2056 3589 2094 cer-

2009 2132 2182 2188 ueret,
2235 2132 2295 2178 ut
2335 2124 2574 2178 stevitum
2624 2126 2885 2181 ab~hoste
2906 2127 3081 2180 fuerat
3109 2127 3161 2183 in
3185 2127 3585 2197 Aquileienses,

2011 2213 2133 2281 fuga
2155 2213 2277 2278 sibi,
2304 2212 2571 2280 rebusque
2607 2214 2717 2267 suis
2738 2214 3045 2283 prospicere
3064 2215 3307 2284 parabat.
3335 2216 3467 2271 Tam
3492 2234 3589 2273 ne-

2009 2305 2245 2362 cessario
2271 2311 2529 2373 tempore,
2556 2311 2667 2358 tam
2688 2304 3004 2375 propinquis
3038 2307 3299 2371 hostibus,
3345 2316 3491 2362 tanta
3534 2310 3589 2365 in

2007 2394 2415 2465 perturbatione
2434 2408 2632 2459 rerum,
2652 2410 2760 2449 non
2789 2396 2956 2451 modo
2980 2413 3085 2452 non
3111 2397 3328 2452 demisit
3351 2400 3588 2453 animum

2008 2487 2301 2547 Maximus;
2345 2484 2441 2540 sed
2484 2484 2825 2540 continuavit
2867 2488 3027 2541 etiam
3074 2488 3216 2543 cives
3238 2505 3382 2554 suos,
3408 2488 3587 2543 deter-

2009 2580 2220 2648 ruitque
2242 2594 2271 2633 a
2319 2586 2570 2647 suscepta
2613 2578 2748 2647 fugze
2789 2580 3134 2647 cogitatione.
3168 2580 3317 2634 Diem
3340 2580 3589 2636 concioni

2009 2673 2304 2730 constituit.
2352 2671 2432 2725 Eo
2474 2670 2563 2725 die
2605 2678 2826 2728 coactos
2875 2672 2928 2725 in
2950 2672 3227 2727 basilicam
3255 2674 3399 2728 cives
3420 2672 3589 2727 vehe-

2010 2775 2221 2822 menter
2269 2766 2509 2827 incusat,
2561 2763 2705 2833 quod
2749 2763 2910 2819 dimsi
2948 2765 3059 2819 Deo
3101 2766 3271 2835 patria
3314 2764 3581 2820 excedere

2009 2854 2355 2912 meditemur.
2380 2854 2630 2924 Cogitent
2669 2854 2917 2923 indignos
2950 2870 3070 2909 esse
3109 2853 3335 2909 ﬁliorum
3366 2856 3585 2909 nomine

2008 2962 2104 3004 eos
2145 2947 2236 3016 qui
2286 2945 2536 3001 deserant
2560 2946 2611 2999 in
2632 2944 2922 3000 discrimen
2944 2945 3130 3000 salutis
3153 2944 3440 3000 deductam
3470 2960 3585 2999 ma-

2014 3045 2169 3092 trem.
2195 3036 2273 3091 Ne
2292 3032 2583 3101 conﬁdant,
2607 3034 2651 3089 si
2674 3034 3050 3097 abscesserint,
3078 3047 3196 3089 sese
3231 3042 3321 3087 aut
3368 3034 3584 3098 liberos.

333 3125 431 3179 niis
453 3132 617 3193 atque
645 3121 853 3176 liberali
882 3120 935 3175 in
966 3126 1188 3188 egentes
1229 3119 1513 3187 largitione
1541 3120 1717 3174 Deum
1738 3120 1908 3191 ipsum
1938 3127 1985 3197 ε
2014 3137 2105 3183 θυι
2127 3129 2301 3183 minus
2324 3126 2565 3183 infelices
2609 3125 2741 3181 fore.
2768 3125 2996 3195 Quoquo
3021 3124 3236 3183 demum
3270 3140 3388 3179 sese
3411 3133 3573 3180 contu

332 3217 430 3271 sibi
458 3214 748 3286 propitium
777 3211 1008 3267 reddant
1034 3211 1133 3282 (ά).
1167 3210 1285 3277 Quo
1337 3213 1514 3266 minus
1562 3213 1912 3268 remittebant

334 3306 569 3361 furorem
613 3302 1095 3371 crudelitatemque
1134 3302 1370 3368 barbari,
1410 3317 1478 3357 eo
1507 3303 1704 3359 civium
1737 3311 1912 3359 terror

334 3395 761 3466 ingravescebat.
818 3393 986 3447 Erant
1036 3394 1229 3448 horum
1280 3395 1445 3463 aliqui
1493 3396 1565 3449 ita
1613 3395 1912 3465 perturbati

333 3496 534 3551 mente,
575 3494 635 3541 ut
674 3500 794 3539 cum
815 3484 968 3539 malis
991 3484 1194 3538 artibus
1222 3485 1463 3553 superari
1493 3486 1559 3540 ab
1584 3484 1790 3540 Hunnis
1814 3501 1911 3539 no-

331 3588 474 3633 stros
518 3577 924 3641 arbitrarentur,
957 3574 1110 3629 obliti
1137 3574 1415 3643 religionis
1445 3590 1509 3630 ac
1533 3574 1697 3649 [cuv]
1728 3574 1851 3632 ﬁdei
1880 3592 1912 3631 a

331 3670 487 3723 malis
536 3666 870 3723 daemonibus
910 3666 1212 3737 praesidium
1258 3667 1359 3722 sibi
1411 3668 1598 3723 salutis
1640 3676 1906 3738 peterent.

331 3758 616 3823 Maximus,
644 3766 937 3813 convocata
952 3757 1109 3827 plebe
1131 3757 1223 3829 (e),
1247 3757 1487 3827 queritur
1503 3772 1622 3812 esse
1644 3758 1907 3825 homines,

329 3852 423 3921 qui
447 3866 565 3906 cum
592 3863 652 3904 se
672 3849 975 3904 christiana:
997 3848 1195 3902 militiae
1218 3848 1433 3904 nomina
1457 3846 1668 3903 dedisse
1689 3847 1916 3915 glorien-

330 3950 448 4007 tur,
496 3948 607 3995 tum
664 3940 739 3994 rei
782 3938 1055 3993 familiaris
1098 3937 1322 4007 jacturre
1360 3937 1621 3993 facienda:
1642 3946 1807 4003 metu,
1841 3939 1913 3993 ita

330 4031 619 4089 cozzcidant
645 4031 851 4095 animis,
890 4036 949 4083 ut
979 4027 1220 4083 fortunas
1243 4043 1361 4097 qua:
1389 4027 1730 4093 intercidant,
1770 4044 1911 4098 pne-

330 4126 477 4179 ferre
498 4123 782 4178 videantur
826 4122 1064 4177 felicitati
1100 4121 1438 4191 sempiterna:
1465 4136 1593 4174 suae.
1626 4119 1913 4175 Auctorem

2012 3222 2190 3287 leriut,
2239 3221 2434 3285 sciant,
2461 3235 2519 3273 se
2541 3227 2841 3273 extremm
2864 3233 3218 3287 perpessuros
3242 3226 3362 3271 eSse
3383 3215 3591 3270 mendi«

2012 3312 2249 3367 citatem.
2278 3309 2447 3374 Quem
2469 3308 2614 3363 enim
2638 3308 2690 3361 in
2713 3308 3045 3377 peregrinos,
3073 3316 3233 3376 atque
3256 3306 3467 3361 exsules
3484 3314 3593 3361 tam

2011 3402 2287 3457 liberalem
2308 3400 2617 3455 existiment
2640 3398 2895 3464 biturum,
2921 3407 2981 3454 ut
3009 3399 3111 3463 his,
3137 3413 3296 3466 quam
3337 3398 3467 3459 suis,
3499 3397 3594 3465 qui

2010 3499 2221 3561 egeant,
2270 3490 2477 3546 civibus
2515 3489 2800 3544 subvenire
2842 3488 3027 3541 malit?
3069 3487 3322 3540 Desinant
3343 3496 3595 3555 peccare,

2012 3582 2378 3650 auxiliumque
2421 3579 2710 3649 implorent
2752 3578 2866 3631 Dei.
2915 3575 3006 3631 Sic
3053 3576 3549 3630 eisseconﬁrmare
3576 3592 3591 3629 ε,

2013 3673 2065 3727 id
2090 3674 2135 3727 si
2155 3673 2297 3726 bona
2322 3671 2426 3725 ﬁde
2448 3671 2675 3738 egerint,
2700 3670 2974 3723 civitatem
2997 3683 3105 3721 non
3126 3681 3245 3721 esse
3266 3666 3581 3736 perituram.

2012 3762 2169 3829 Quod
2224 3762 2269 3817 si
2311 3770 2455 3826 sunt,
2500 3761 2591 3830 qui
2634 3758 2886 3815 difﬁdant
2925 3758 3044 3823 sibi,
3069 3773 3167 3812 cur
3188 3771 3295 3813 non
3317 3755 3594 3811 conﬁdant

2012 3870 2233 3911 suorum
2282 3853 2477 3908 civium
2514 3852 2800 3921 precibus?
2844 3850 2924 3904 An
2972 3849 3112 3904 adeo
3159 3849 3297 3905 male
3328 3848 3398 3903 de
3420 3848 3597 3918 patria

2012 3949 2271 4012 sentiunt,
2298 3954 2358 4000 ut
2378 3946 2580 4000 nullum
2602 3944 2670 3997 ab
2692 3958 2754 3997 ea
2777 3944 2948 3998 civem
2972 3943 3106 3997 bene
3126 3949 3410 4003 moratum,
3428 3941 3596 4010 pium-

2012 4052 2118 4106 que
2161 4036 2231 4091 ali
2278 4034 2653 4091 arbitrentur?
2700 4032 2755 4087 Si
2780 4042 2957 4087 autem
2981 4038 3105 4085 suht
3127 4046 3355 4102 quorum
3378 4031 3603 4100 insignis

2012 4133 2098 4181 est
2133 4125 2333 4194 pietas;
2377 4124 2506 4192 quid
2544 4133 2626 4179 est
2665 4123 2812 4193 quod
2858 4124 3054 4185 merito
3089 4124 3282 4177 civium
3326 4122 3598 4191 iustorum

328 4231 392 4271 se
441 4216 570 4284 ipsis
598 4229 717 4269 esse
746 4213 893 4279 dicit,
928 4221 987 4267 ut
1013 4228 1081 4267 ne
1126 4212 1438 4267 memoriam
1469 4210 1743 4281 deponant
1788 4226 1913 4265 ver-
2015 4215 2392 4279 decem,si-tot
2414 4212 2665 4273 Sodomae
2690 4215 2935 4277 fuissent,
2953 4230 3072 4268 eam
3098 4216 3281 4268 urbem
3305 4231 3411 4269 non
3436 4214 3603 4269 fuisse

329 4309 529 4365 borum
556 4306 752 4361 Christi
782 4305 1051 4361 monentis
1084 4322 1095 4358 :
1132 4304 1404 4358 Timcndos
1447 4321 1550 4359 non
1577 4320 1689 4358 esse
1714 4320 1799 4358 eos
1832 4305 1916 4374 qui
2015 4309 2184 4365 Deum
2242 4306 2547 4363 deletumm
2595 4304 2855 4370 eruiant;
2900 4322 3011 4358 non
3054 4305 3299 4369 credant,
3327 4306 3395 4359 ob
3418 4306 3599 4374 plures

332 4415 523 4469 corpus
571 4398 829 4461 occidunt,
886 4399 1115 4451 animum
1154 4414 1269 4451 vero
1291 4413 1393 4450 non
1421 4404 1635 4466 possunt
1663 4395 1912 4450 occidere.
2012 4399 2187 4467 justos
2206 4397 2472 4452 salvatum
2494 4395 2557 4449 iri
2581 4393 2871 4463 Augustam
2894 4392 3251 4449 Taurinorum
3293 4393 3405 4463 (g)?
3428 4392 3594 4460 Spetu

332 4490 477 4558 Quid
518 4504 576 4544 se
617 4488 894 4555 aftlictent,
947 4498 1041 4541 aut
1085 4503 1181 4542 cur
1220 4487 1444 4569 timeant
1475 4485 1591 4541 fore
1615 4494 1674 4540 ut
1699 4485 1802 4540 sibi
1831 4500 1918 4538 ar—
1946 4487 1993 4548 D
2020 4490 2073 4543 in
2096 4488 2208 4544 Deo
2231 4486 2583 4551 constituant,
2610 4500 2779 4554 eaque
2805 4484 2925 4538 freti
2968 4483 3037 4543 ad
3062 4499 3214 4538 arma
3234 4483 3591 4547 oonclament,

335 4588 542 4644 menta,
568 4587 869 4646 argentum,
894 4577 1275 4647 patrimonium
1301 4576 1615 4645 eripiantur,
1641 4590 1759 4646 qua:
1784 4575 1919 4639 lues,

334 4685 461 4741 qua:
506 4669 711 4739 pundo,
756 4684 874 4739 qua:
922 4668 1095 4722 hostis
1121 4667 1329 4722 auferre
1350 4667 1547 4737 possit;
1573 4682 1798 4737 quinque
1819 4665 1922 4735 ipsi

335 4778 463 4817 cum
487 4762 697 4816 mortali
721 4762 823 4816 hac
844 4761 949 4814 vita
970 4758 1254 4827 aliquando
1272 4766 1397 4813 sunt
1416 4757 1692 4812 amissuri?
1709 4755 1923 4811 Christo

336 4868 464 4908 sese
509 4852 806 4917 addicant;
838 4853 961 4908 huic
1012 4852 1384 4922 obtemperent
1417 4869 1430 4914 ;
1461 4851 1604 4907 hunc
1640 4866 1799 4907 unum
1822 4850 1919 4905 ha-

334 4946 503 5000 beant
532 4942 707 5008 cordi,
736 4959 896 5014 quem
918 4959 1010 4996 nec
1028 4943 1204 5012 praedo
1230 4942 1471 5012 diripere,
1518 4958 1610 4995 nec
1640 4940 1797 4994 hostis
1822 4956 1921 4993 au-

336 5039 495 5107 ferre,
530 5051 621 5089 nec
642 5034 915 5105 captivitas
944 5050 1185 5105 separare
1210 5032 1391 5101 possit.
1416 5030 1564 5097 Mox,
1588 5030 1658 5085 ad
1684 5046 1781 5087 eos
1794 5047 1925 5087 ,ωηο

332 5141 497 5181 versa
523 5126 769 5180 oratione
804 5125 895 5195 qui
923 5122 1161 5177 subsidio
1190 5122 1292 5177 sibi
1324 5121 1437 5177 fore
1460 5122 1630 5176 malos
1653 5121 1926 5177 daemones

331 5214 711 5279 conﬁdebant,
763 5230 859 5269 eos
880 5214 1111 5283 graviiter
1133 5213 1395 5285 increpat.
1430 5212 1647 5267 Nescire
1686 5212 1926 5267 infelices

331 5311 420 5365 ait
466 5307 599 5379 quid
638 5307 879 5373 faciant,
933 5304 1130 5377 quidve
1170 5306 1459 5376 loquantur
1490 5323 1503 5358 :
1533 5307 1623 5375 qui
1668 5306 1713 5361 si
1745 5306 1925 5361 statim

412 5467 497 5550 (ε’)
516 5466 696 5550 'lPid-z.
715 5479 837 5550 Ρέξι
860 5464 985 5550 93‘?-

524 5535 726 5618 Ilomil.’
744 5535 831 5601 86,
857 5549 981 5605 pag.
1002 5535 1107 5590 287
1128 5551 1278 5609 seqq.

417 5610 492 5675 (ε)
526 5606 657 5661 Ibid.

417 5678 500 5744 (ά)
532 5675 729 5735 llomil.
754 5676 845 5745 87,
871 5691 989 5747 pag.
1023 5675 1144 5732 99!.

2022 4580 2213 4649 quibus
2242 4594 2341 4634 nos
2366 4578 2482 4647 ipse
2507 4576 2693 4632 instrui
2717 4576 2977 4646 praecipit.
3011 4573 3224 4639 Preces,
3245 4572 3464 4642 jejuuia,
3488 4572 3593 4626 mi-

2022 4667 2372 4725 sericordiam
2397 4667 2451 4724 id
2474 4682 2593 4723 esse
2612 4681 2784 4736 genus
2804 4680 3074 4721 armorum
3100 4664 3200 4734 (It).
3226 4664 3339 4718 Hac
3385 4663 3596 4717 ratione

2023 4775 2145 4817 curn
2194 4768 2342 4815 metu
2384 4776 2521 4829 pene
2570 4760 2906 4814 exanimatos
2940 4757 3297 4821 sublevasset,
3324 4764 3484 4825 atque
3505 4770 3596 4809 re-

2026 4858 2281 4912 creasset,
2308 4850 2736 4920 induxissetquc,
2762 4857 2821 4904 ut
2841 4849 3002 4904 armis
3024 4847 3289 4915 ejusmodi
3316 4847 3486 4915 captis
3527 4847 3601 4900 si-

2026 4955 2128 5011 gna
2157 4939 2492 5006 conferrent;
2539 4948 2652 4997 tum
2673 4940 2799 4998 belli
2834 4939 3007 4995 exitus
3038 4936 3427 4993 demonstravit
3471 4936 3600 4992 nihil

2025 5047 2150 5089 eum
2170 5030 2363 5091 frustra
2386 5032 2497 5089 suis
2518 5031 2723 5088 civibus
2744 5028 3069 5099 promisisse.
3094 5027 3262 5082 Nemo
3287 5030 3428 5083 enim
3453 5037 3604 5081 vete~

2027 5137 2147 5176 rum
2189 5120 2306 5186 fuit,
2354 5121 2447 5191 qui
2485 5120 2773 5177 Taurinuut
2802 5131 2970 5185 usque
2992 5117 3189 5173 bellum
3220 5116 3380 5173 fuisse
3404 5115 3605 5187 produ-

2028 5222 2175 5269 ctum
2203 5212 2483 5269 scriberet.
2507 5211 2618 5266 Imo
2645 5218 2753 5266 tam
2778 5224 2882 5264 non
2906 5207 3123 5267 fuerunt
3155 5210 3446 5263 imminuttc
3473 5222 3606 5277 opes

2030 5304 2470 5368 Taurinensium.
2514 5309 2575 5359 ut
2615 5307 2803 5359 contra
2845 5301 3073 5371 pecunia
3120 5300 3473 5365 abundarint,
3498 5313 3603 5369 qua

2126 5466 2174 5533 e)
2201 5463 2393 5517 Ilomil.
2422 5461 2511 5533 88,
2535 5473 2656 5532 pag.
2688 5459 2795 5533 255
2814 5475 2964 5530 seqq.

2128 5530 2178 5604 f)
2203 5533 2397 5604 Ηοηιίιο
2432 5530 2663 5604 90.1%
2691 5530 2796 5604 ξω,
2817 5546 2970 5600 seqq-

2126 5599 2178 5673 ἐι)
2210 5603 2404 5673 Homil-
2428 5601 2516 5673 9!.
2541 5599 2661 5671 ras.
2695 5599 2803 5673 33953
2816 5599 2973 5668 seqq.

2108 5668 2183 5743 θ’)
2208 5671 2401 5729 Hemi].
2435 5670 2521 5741 92,
2544 5668 2673 5743 pag.
2702 5668 2803 5728 507
2830 5684 2977 5743 seqq.
