4138 6186
494 296 595 350 159

1599 284 1760 346 VHA
1795 283 1853 341 S.
1895 283 2138 338 MAXlMl
2178 279 2644 337 TAURINENSIS.

3653 269 3751 327 160

493 427 606 466 rem
630 409 944 465 familiarem
969 423 1123 464 suam
1146 405 1552 476 ampliﬁcarent.
1584 401 1701 468 Qua
1721 417 1790 460 ex
1812 417 1872 458 re
1894 400 2069 470 conji-
2098 405 2147 463 Α
2246 398 2334 452 XI.
2365 397 2672 452 Gensericus
2721 393 2987 447 Vandalus
3032 393 3086 446 in
3127 391 3340 446 Italiam
3377 405 3489 443 eum
3527 389 3754 442 exercitu

494 518 618 559 cere
658 502 884 573 quisque
936 506 1116 570 potest
1160 499 1420 552 barbaros
1466 509 1575 549 non
1635 493 1810 550 solum
1869 492 1937 546 ab
1987 492 2072 545 in-

497 593 634 663 juria
673 593 727 646 iu
775 590 1117 665 Taurinatcs,
1165 595 1328 656 atque
1367 601 1398 639 a
1427 583 1570 657 [cu]
1600 581 1862 640 maleficio
1909 580 2077 635 absti-

499 683 725 746 nuisse;
778 696 961 736 verum
1021 680 1184 733 etiam
1242 677 1487 730 retulisse
1535 674 1792 743 gradum,
1853 681 2081 743 postque

504 789 608 827 non
657 773 824 826 multo
867 771 932 824 ad
969 781 1114 825 suos
1141 769 1193 822 in
1231 766 1559 821 Pannoniam
1610 764 1912 819 revertisse.
1945 762 2084 818 Sunt

502 863 594 932 qui
644 861 930 916 Maximum
983 859 1052 913 ad
1100 857 1316 912 Attilam
1354 855 1596 919 venisse,
1650 855 1717 908 ab
1759 867 1932 921 eoque
1979 853 2080 908 im-

503 961 743 1022 petrasse
791 951 963 1005 ferant
989 957 1046 1004 ut
1073 965 1140 1004 ne
1168 949 1356 1003 urbem
1399 954 1735 1016 oppugnaret
1762 957 1898 999 neve
1925 958 2084 1013 agros

509 1045 856 1099 Taurinatum
915 1043 1282 1113 popularetur.
1340 1039 1446 1094 Sed
1488 1040 1544 1094 bi
1597 1039 1922 1108 scriptores,
1964 1050 2082 1090 cum

505 1140 750 1187 recentes
801 1132 950 1197 sint,
1009 1131 1110 1185 etsi
1158 1145 1285 1184 vera
1332 1128 1558 1184 fortasse
1604 1135 1861 1192 narrent,
1939 1125 2085 1180 nullo

509 1231 688 1278 tamen
734 1231 916 1277 vetere
973 1221 1214 1276 nituntur
1259 1225 1644 1283 monumento,
1695 1231 1801 1286 quo
1857 1215 2086 1285 probare

507 1313 756 1381 cuiquam
809 1311 955 1380 quod
1001 1316 1220 1365 narrant
1264 1309 1487 1379 possint.
1537 1307 1654 1363 Hoc
1697 1315 1904 1362 certum
1957 1315 2081 1361 est:

508 1401 826 1457 Taurinates
855 1417 986 1471 pace
1012 1401 1230 1464 abusos,
1264 1414 1384 1468 qua:
1409 1401 1550 1452 bona
1578 1406 1766 1452 contra
1791 1397 1878 1466 jus
1907 1395 2089 1464 fasque

509 1493 724 1547 barbari
752 1490 988 1546 finitimis
1017 1491 1228 1560 populis
1263 1487 1635 1556 nonnullisque
1661 1487 1820 1541 etiam
1850 1485 2090 1542 fortassis

510 1597 727 1636 suorum
759 1573 954 1636 civium
984 1579 1312 1648 eripuerant,
1341 1577 1622 1632 coemisse.
1656 1575 1828 1631 Grave
1853 1576 1906 1630 id
1929 1575 2090 1631 fuisse

511 1675 762 1728 Maximo.
796 1673 972 1740 Quare
995 1673 1165 1743 ipsum
1196 1671 1483 1726 allocutum
1513 1685 1608 1724 eos
1634 1670 1686 1723 in
1709 1669 1847 1723 hanc
1875 1676 2091 1722 senten-

2179 493 2335 546 renit.
2369 489 2626 544 Timentes
2649 487 2954 540 Taurinates
2979 485 3240 539 Maaimus
3264 493 3320 537 ut
3348 483 3416 536 ad
3451 482 3613 537 Deum
3631 499 3758 537 con-

2181 583 2382 654 fugiant
2442 581 2695 634 hortatur.
2737 607 2810 619 ——
2846 576 3216 630 Valentiniano
3276 574 3341 628 lll
3401 574 3754 643 imperatore,

2180 671 2418 727 Petronii
2463 668 2680 722 Maximi
2715 665 2936 737 perfidia
2979 681 3067 720 an.
3119 663 3223 718 455
3274 664 3501 734 imperio
3545 664 3759 732 vitaque

2180 762 2408 831 privato,
2433 773 2553 814 cum
2581 756 2864 811 Petronius
2886 755 3026 810 idem
3045 755 3218 810 dictus
3239 755 3531 824 imperator
3551 753 3756 818 fuisset,

2181 850 2587 918 Eudoxiamque
2631 847 2989 901 Valentiniani
3044 845 3253 901 viduam
3302 859 3443 914 aegre
3497 843 3757 899 ferentem

2181 950 2349 1012 atque
2369 939 2590 996 invitam
2618 940 2855 994 duxisset
2887 939 2939 992 in
2967 937 3385 1001 matrimonium,
3420 950 3504 1001 ea,
3536 943 3595 988 ut
3621 934 3762 1003 inju-

2183 1036 2320 1090 riam
2357 1035 2555 1089 iilatam
2592 1033 2693 1088 sibi
2733 1039 3067 1098 mortemque
3097 1029 3193 1083 viri
3229 1029 3597 1093 ulcisceretur,
3625 1027 3761 1081 Car-

2187 1126 2453 1194 thaginem
2496 1124 2563 1179 ad
2611 1121 2954 1178 Gensericum
2992 1119 3351 1175 Vandalorum
3397 1132 3577 1186 regem
3620 1118 3761 1174 clam

2185 1220 2358 1273 virum
2387 1218 2487 1274 sibi
2516 1215 2830 1270 familiarem
2857 1229 2976 1270 cum
3007 1213 3196 1268 litteris
3225 1221 3468 1281 rogatum
3507 1213 3649 1266 misit
3678 1221 3757 1279 ut,

2187 1323 2380 1378 magno
2409 1308 2649 1363 exercitu
2675 1312 2883 1368 coacto,
2917 1305 3140 1358 Romam
3169 1302 3536 1368 contenderet,
3565 1304 3763 1373 ipsam-

2188 1415 2294 1468 que
2333 1399 2625 1454 vindicaret
2672 1399 2724 1452 in
2772 1397 3092 1452 libertatem.
3143 1395 3464 1451 Gensericus
3501 1411 3606 1451 non
3649 1396 3765 1466 jam

2191 1489 2439 1557 Augustae
2485 1488 2706 1558 parendi
2751 1488 3044 1553 voluntate,
3087 1487 3184 1542 sed
3225 1502 3320 1556 spe
3359 1487 3568 1557 prmdze,
3603 1504 3765 1558 quam

2192 1589 2340 1636 certo
2383 1581 2604 1646 sciebat,
2651 1580 2882 1650 Opimam
2913 1578 3047 1642 fore,
3079 1594 3335 1648 quantum
3381 1581 3552 1650 potuit.
3596 1581 3768 1636 celer-

2192 1671 2326 1724 rime
2372 1670 2424 1723 in
2462 1670 2666 1724 Italiam
2697 1671 3006 1724 transmisit.
3036 1670 3290 1740 Cumque,
3325 1686 3387 1725 ea
3417 1687 3473 1726 re
3502 1674 3764 1738 nuntiata,

511 1773 642 1822 tiam
687 1768 848 1821 fuisse
878 1768 954 1837 (a)
988 1785 1000 1818 :
1031 1765 1170 1818 Dicit
1217 1764 1487 1832 Scriptura
1517 1762 1586 1815 ad
1630 1761 1766 1832 ﬁlios
1797 1760 1965 1814 Israel
2000 1759 2090 1820 :A
2125 1776 2166 1834 Β
2195 1776 2224 1814 a
2252 1761 2506 1814 militibus
2526 1761 2829 1830 populoque
2857 1761 3098 1816 Romano
3123 1760 3400 1816 Petronius
3422 1762 3770 1834 interemptus

515 1857 674 1910 bestia
712 1866 916 1926 captum
946 1873 1008 1908 ne
1038 1855 1284 1925 tetigeris,
1307 1861 1434 1917 etc.,
1459 1861 1508 1906 et
1535 1869 1624 1922 per
1645 1851 1741 1904 hoc
1763 1851 1984 1904 deterior
2003 1850 2092 1902 be-

513 1950 612 2002 stia
639 1956 714 2002 est
742 1950 966 2020 quisquis
997 1949 1150 2001 sumit
1178 1945 1312 2018 quod
1340 1945 1516 2000 bestia:
1545 1945 1819 2015 superavit.
1863 1942 1962 1996 Dic
1990 1943 2092 2013 igi-

516 2048 600 2091 tur
626 2039 770 2103 mihi,
803 2048 854 2090 tu
882 2037 1191 2102 Christiane,
1237 2053 1327 2090 cur
1367 2035 1597 2104 prwdam
1640 2035 1871 2088 relictam
1895 2051 1926 2086 a
1955 2049 2094 2100 μναῖ-

516 2129 736 2182 donibus
763 2128 1239 2197 prwsumpsisti?...
1282 2126 1388 2180 Sed
1399 2127 1631 2194 forsitan
1659 2126 1844 2177 emisse
1869 2133 1917 2176 te
1945 2124 2093 2187 dicis,

515 2227 565 2271 et
584 2217 698 2272 ideo
719 2219 950 2272 avaritiae
971 2226 1023 2270 tu
1044 2219 1235 2270 crimen
1257 2216 1451 2270 evadis.
1478 2213 1602 2269 Non
1622 2216 1695 2268 ita
1716 2213 1845 2267 solet
1865 2223 2101 2268 constare

517 2308 705 2377 emptio
731 2316 882 2379 atque
909 2307 1154 2362 venditio.
1189 2305 1390 2360 Bonum
1421 2315 1496 2359 est
1532 2321 1718 2366 emere,
1751 2304 1841 2357 sed
1868 2305 1921 2358 in
1949 2321 2096 2374 pace,

519 2399 654 2468 quod
679 2401 887 2468 propria
915 2399 1175 2452 uoluntate
1201 2398 1454 2460 venditur,
1483 2412 1588 2449 non
1612 2396 1666 2448 in
1695 2395 2098 2464 deprwdatione.

525 2488 739 2558 Respice
789 2497 1079 2544 contractus
1142 2490 1412 2558 originem,
1468 2486 1772 2540 venditionis
1819 2495 2098 2553 auctorem,

524 2581 673 2650 pretii
694 2581 1049 2650 quantitatem,
1080 2586 1128 2631 et
1156 2577 1404 2647 intelligis
1432 2576 1624 2645 pra'dat
1652 2577 1839 2645 magis,
1867 2592 1969 2628 non
1993 2593 2106 2628 renv

525 2671 734 2725 ditionis
762 2679 1060 2741 emptorem.
1109 2668 1258 2723 Unde
1299 2669 1435 2722 enim
1472 2666 1694 2720 barbaro
1735 2668 1848 2720 auri
1886 2684 2107 2737 gemma-

425 2773 440 2783 ’
525 2778 735 2833 rumque
758 2761 1006 2816 monilia?
1029 2761 1174 2815 Unde
1193 2761 1368 2831 pellito
1391 2761 1554 2814 serica
1575 2759 1912 2813 vestimenta?
1935 2758 2102 2825 Unde,

526 2871 668 2924 rogo,
720 2853 957 2908 Romana
1002 2855 1263 2920 mancipia
1300 2853 1499 2906 sumis?
1528 2850 1732 2905 Scimus
1771 2868 1832 2903 ea
1871 2866 2108 2920 compro-

528 2945 821 2998 vincialium
844 2953 1137 2998 nostrorum
1165 2960 1291 3005 esse,
1318 2941 1395 2996 rel
1433 2943 1634 2995 civium.
1678 2940 1865 2993 Faciat
1893 2957 2014 3012 ergo
2051 2949 2109 2994 ut

526 3035 677 3092 Chris
703 3038 852 3090 ianus
881 3045 930 3090 et
959 3036 1100 3100 civis,
1144 3036 1228 3105 qui
1265 3033 1377 3087 ideo
1417 3035 1558 3098 emit,
1590 3042 1646 3085 ut
1675 3032 1876 3086 reddat.
1915 3031 1989 3085 ιω
2022 3032 2110 3086 ille

2195 1857 2358 1914 esset,
2389 1858 2444 1903 et
2482 1849 2750 1904 Vandalus
2792 1848 2986 1904 Urbem
3026 1850 3079 1903 in
3120 1859 3436 1920 potestatem
3478 1851 3772 1920 redegisset

2197 1953 2259 1992 ac
2287 1937 2610 2006 diripuisset,
2643 1947 2699 1992 et
2744 1939 3034 2006 Augustam
3077 1938 3129 1992 in
3173 1938 3402 1993 Africam
3429 1941 3772 1999 transducere

2200 2029 2359 2082 veluti
2401 2029 2663 2098 captivam
2705 2031 3089 2094 constituisset,
3134 2030 3398 2100 plenaque
3446 2040 3587 2087 esset
3626 2035 3774 2102 regio

2198 2122 2580 2188 barbarorum,
2630 2123 2861 2193 indeque
2915 2139 3124 2178 rursum
3177 2123 3491 2179 Taurinates
3536 2133 3777 2181 metuere

2199 2215 2504 2284 cmpisseut,
2539 2214 2596 2270 S.
2636 2216 2859 2271 antistes
2904 2217 2981 2271 sic
3027 2225 3109 2271 est
3154 2217 3207 2270 in
3254 2216 3518 2286 frequenti
3546 2218 3777 2274 ecclesia

2201 2305 2458 2375 populum
2489 2307 2750 2362 allocutus
2781 2307 2854 2378 (ὁ)
2886 2325 2898 2359 :
2925 2307 3005 2359 Ad
3037 2307 3197 2361 Deum
3229 2309 3382 2362 castis
3413 2307 3663 2380 obsequiis
3688 2327 3778 2363 ac-

2201 2396 2461 2450 cedamus.
2489 2394 2602 2450 Nec
2629 2399 2870 2466 quoniam
2893 2396 3270 2468 allophylorum
3311 2400 3778 2471 circumstrepenti-

2203 2491 2294 2544 bus
2324 2491 2483 2543 armis
2512 2492 2767 2561 angimur,
2801 2506 2914 2562 qua:
2938 2490 3293 2544 dissidentium
3315 2507 3489 2561 regum
3518 2493 3778 2548 suscitavit

2204 2581 2481 2643 discordia,
2513 2581 2628 2634 ideo
2658 2579 2868 2634 Natalis
2892 2581 2992 2634 diei
3014 2580 3224 2635 Domini
3255 2583 3493 2652 mysteria
3512 2600 3626 2636 cum
3651 2601 3779 2655 gau-

2205 2672 2289 2727 dio
2338 2671 2590 2726 celebrare
2635 2689 2738 2726 non
2794 2672 3065 2738 debemus;
3115 2675 3343 2744 quinimo
3389 2677 3554 2744 potius
3599 2679 3779 2731 eadem

2206 2763 2602 2833 competentibus
2630 2763 2830 2833 gaudiis
2859 2779 3170 2829 veneremur,
3209 2763 3368 2819 Deum
3404 2779 3692 2831 error-antes,
3723 2777 3781 2822 ut

2207 2853 2270 2906 ab
2300 2854 2414 2906 istis
2453 2853 2691 2922 periculis
2721 2851 2883 2925 [cur]
2919 2870 3010 2907 nos
3040 2854 3259 2908 liberare
3299 2864 3346 2908 et
3389 2859 3645 2912 custodire
3684 2877 3778 2913 sua

2209 2949 2395 3019 pietate
2421 2947 2679 3018 dignetur.

2279 3035 2390 3090 ΧΠ.
2439 3036 2666 3091 Basilica
2705 3039 2941 3108 princeps
2980 3036 3117 3092 urbis
3159 3037 3440 3094 Mediolani
3473 3041 3538 3094 ab
3573 3040 3781 3097 Hunnis

525 3126 798 3194 redarguit
838 3141 933 3179 eos
973 3124 1064 3194 qui
1110 3123 1494 3194 supellectilem
1523 3131 1784 3176 auxerant
1811 3122 1984 3176 aliena
2012 3121 2098 3190 ja-
2127 3133 2176 3198 ο
2207 3146 2378 3183 eversa
2407 3129 2469 3183 ab
2510 3129 2732 3184 Eusebio
2758 3131 2996 3200 episcopo
3025 3131 3326 3184 restituitur.
3363 3131 3494 3203 Ejus
3532 3135 3782 3187 accersita

531 3224 708 3281 ctera,
739 3216 1025 3284 docuitque
1064 3214 1273 3270 restitui
1315 3214 1542 3268 dominis
1569 3222 1819 3283 oportere
1843 3213 1986 3282 quod
2009 3227 2107 3282 per

533 3308 635 3362 vim
667 3308 795 3377 ipsis
824 3306 1028 3370 fuisset,
1062 3306 1414 3376 injuriamque
1443 3321 1472 3358 a
1506 3305 1746 3359 barbaris
1770 3303 2066 3374 dereptum.

603 3399 670 3453 Χ.
704 3399 782 3454 De
810 3399 1032 3453 Maximi
1061 3401 1115 3452 in
1144 3406 1349 3469 egentes
1371 3399 1587 3468 pietate,
1620 3397 1778 3466 deque
1807 3397 1918 3466 ejus
1948 3395 2108 3450 virtu-

536 3492 668 3545 tibus
715 3492 935 3544 cteteris.
976 3517 1049 3527 —
1076 3489 1177 3542 Vix
1221 3503 1410 3553 annus,
1460 3487 1727 3558 pauloque
1773 3486 2001 3556 amplius
2043 3485 2110 3540 ab

536 3583 710 3637 Attila:
758 3582 808 3635 in
856 3579 1186 3636 Pannoniam
1229 3579 1403 3633 reditu
1449 3580 1843 3642 intercesserat,
1881 3593 2002 3632 cum
2041 3578 2111 3632 ob

537 3672 900 3728 incredibilem
949 3673 1244 3727 siccitatem
1287 3670 1402 3724 ltali
1441 3669 1509 3724 ad
1548 3671 1625 3724 rei
1663 3669 2021 3723 frumentaria:
2049 3684 2114 3724 ac

537 3761 744 3829 frugum
773 3761 1007 3830 inopiam
1046 3761 1276 3824 adducti,
1312 3759 1506 3813 famem
1535 3760 1800 3814 sustinere
1824 3776 1931 3814 non
1955 3775 2114 3829 posse

538 3853 864 3906 viderentur.
897 3851 1067 3916 Quam
1099 3860 1224 3905 tunc
1264 3851 1494 3905 eluxerit
1524 3851 1695 3920 pietas
1733 3852 1785 3904 in
1813 3866 1940 3906 suos
1963 3866 2026 3906 ac
2052 3851 2115 3904 li-

539 3940 794 3995 beralitas
836 3941 1050 3995 Maximi
1095 3941 1311 3997 difﬁcile
1367 3950 1449 3997 est
1507 3942 1830 3998 existimare.
1877 3942 1937 3998 ια
1973 3943 2114 3999 enim

543 4033 755 4086 virtutis
781 4046 967 4100 genus,
999 4033 1142 4101 quod
1171 4033 1259 4088 ille
1284 4034 1464 4092 verbis
1488 4049 1695 4090 summo
1723 4049 1934 4104 semper
1953 4050 2117 4105 opere

543 4123 660 4177 aliis
700 4123 1118 4189 commendarat,
1161 4139 1220 4179 re
1267 4124 1444 4194 plane,
1473 4140 1633 4194 quam
1663 4125 1716 4179 in
1746 4141 1805 4181 se
1851 4134 1994 4181 esset
2021 4141 2117 4181 ex-

543 4213 761 4276 cellens,
793 4213 1042 4268 ostendit.
1093 4215 1226 4269 Nam
1271 4216 1338 4270 ad
1384 4217 1546 4282 cives,
1573 4233 1798 4286 quorum
1834 4218 2119 4288 pauperies

544 4314 686 4361 esset
714 4307 1007 4374 angustior,
1037 4309 1378 4375 accurrebat;
1411 4317 1572 4378 atque
1601 4309 1763 4378 ipsos,
1794 4309 2119 4378 quibuscun-

545 4411 649 4466 que
675 4397 833 4451 rebus
855 4403 1084 4466 poterat,
1108 4397 1348 4466 juvabat.
1379 4399 1560 4467 Neque
1581 4399 1634 4452 id
1658 4408 1784 4454 tunc
1810 4401 2004 4464 solum,
2025 4398 2117 4452 sed

2209 3232 2489 3294 rogataque
2516 3222 2776 3277 Maximus
2810 3224 3094 3278 orationem
3138 3224 3206 3276 ad
3244 3225 3486 3296 populant
3513 3225 3680 3279 liabet.
3711 3257 3784 3267 —

2211 3312 2418 3368 Interea
2438 3313 2658 3368 basilica
2680 3313 3088 3369 Mediolanensis
3109 3329 3269 3382 quam
3307 3315 3615 3370 llunnorum
3637 3314 3785 3370 furor

2212 3410 2496 3467 everterat,
2530 3401 2741 3457 Eusebii
2775 3404 3010 3473 episcopi
3055 3419 3181 3458 cura
3224 3420 3287 3459 ac
3329 3405 3599 3472 diligentia
3629 3405 3785 3458 resti-

2213 3500 2328 3546 tuta
2359 3491 2472 3546 fuit.
2505 3491 2583 3546 Eo
2611 3508 2732 3548 cum
2770 3492 3050 3560 Maximus,
3077 3493 3427 3548 dedicationis
3455 3510 3632 3559 causa,
3673 3493 3783 3547 Eu-

2213 3582 2346 3636 sebii
2395 3583 2559 3652 ipsius
2596 3591 2786 3650 rogatu
2812 3584 3180 3652 accersituque
3210 3585 3457 3646 venisset,
3491 3585 3786 3638 orationem

2215 3673 2420 3738 habuit,
2447 3689 2566 3741 qua:
2587 3682 2668 3727 est
2695 3673 2946 3743 inscripta
2975 3673 3036 3726 de
3058 3673 3405 3742 Reparatione
3426 3675 3650 3728 ecclesia:
3670 3673 3787 3728 Me-

2216 3765 2527 3818 diolanensis
2556 3765 2646 3834 (c).
2688 3765 2744 3818 In
2774 3765 2875 3818 hac
2913 3764 2979 3817 de
3009 3763 3215 3831 justitia
3246 3763 3336 3818 Dei
3376 3763 3426 3816 in
3457 3771 3659 3826 sontes,
3693 3765 3789 3818 de—

2215 3868 2319 3922 que
2366 3852 2726 3908 misericordia
2776 3866 2900 3920 erga
2945 3851 3320 3920 resipiscentes
3353 3853 3629 3920 bonosque
3658 3855 3787 3922 egit.

2218 3944 2540 3999 Restitutum
2568 3943 2700 3998 dixit
2725 3959 2842 4000 esse
2867 3952 3026 3998 tanta:
3053 3945 3200 3999 urbis
3222 3946 3496 4015 templum,
3526 3948 3790 4016 praacipue

2219 4031 2433 4087 Eusebii
2458 4031 2696 4102 ejusdem
2725 4049 2909 4103 opera.
2941 4033 3108 4103 Hujus
3145 4050 3429 4091 mmrorem
3460 4037 3510 4090 in
3540 4037 3788 4105 gaudium

2219 4140 2433 4180 versum
2475 4126 2929 4179 commemoravit.
2976 4123 3246 4179 Orandum
3286 4127 3514 4195 denique
3561 4128 3786 4194 monuit,

2218 4228 2275 4270 ut
2299 4219 2570 4288 sicuterga
2597 4217 2727 4269 cives
2754 4217 3072 4286 indignantis
3103 4215 3200 4269 Dei
3230 4217 3451 4270 vindicta
3478 4235 3579 4271 non
3606 4219 3786 4289 defuit,

2219 4309 2292 4362 ita
2319 4310 2445 4380 ipsis
2472 4309 2801 4379 propitiantis
2828 4310 2988 4378 pietas
3029 4320 3394 4378 perseveraret.
3432 4309 3621 4381 'Redux
3667 4312 3790 4366 inde

2221 4397 2483 4452 Maximus
2526 4397 2812 4466 Augustam
2863 4397 3215 4452 Taurinorum
3274 4414 3462 4467 passus
3522 4416 3792 4469 nunquam

545 4487 707 4541 etiam
736 4487 1102 4553 continenter,
1117 4486 1227 4556 jam
1259 4487 1381 4542 inde
1409 4488 1476 4542 ab
1510 4503 1576 4542 eo
1606 4497 1865 4558 tempore,
1899 4503 2008 4556 quo
2031 4503 2122 4543 ce—
2146 4502 2197 4562 ι)
2224 4497 2322 4552 est,
2353 4497 2412 4544 ut
2440 4489 2546 4543 ulla
2573 4504 2605 4542 a
2632 4504 2690 4543 se
2719 4489 2901 4559 populi
2929 4487 3154 4544 docendi
3192 4498 3443 4558 recteque
3481 4491 3790 4546 instituendi

547 4586 701 4646 perat
728 4579 1112 4648 episcopatum,
1137 4580 1429 4646 praesertim
1459 4588 1637 4634 autem
1666 4596 1808 4636 anno
1835 4579 1956 4646 450,
1982 4596 2122 4636 sum-

550 4682 640 4721 mo
670 4667 848 4722 studio
875 4675 930 4722 et
957 4683 1082 4722 cura
1111 4668 1250 4732 fecit,
1283 4685 1390 4739 quo
1419 4671 1634 4739 quidem
1663 4687 1803 4728 anno
1831 4673 1979 4727 Italia
2000 4687 2116 4727 om-

550 4757 634 4811 nis
678 4759 793 4826 pari
841 4756 1142 4814 conflictata
1203 4757 1376 4813 fuerat
1419 4775 1644 4814 annona:
1698 4763 1938 4818 caritate.
1983 4763 2121 4830 Quin

549 4848 710 4902 etiam
739 4865 859 4904 cum
891 4851 964 4905 ita
995 4859 1137 4906 esset
1177 4851 1467 4915 institutus,
1509 4859 1566 4904 ut
1594 4868 1700 4906 non
1746 4853 1913 4921 magis
1947 4854 2123 4908 verbis

549 4953 713 5006 quam
752 4943 999 5012 exemplo
1053 4943 1199 5000 clero
1246 4959 1305 4998 se
1341 4943 1646 5013 populoque
1693 4944 1881 5013 praeire
1926 4945 2124 5000 debere

549 5027 831 5098 iudicaret,
874 5033 946 5086 ita
991 5036 1142 5101 uixit,
1172 5043 1230 5091 ut
1274 5035 1551 5104 religione,
1581 5049 1763 5090 amore
1792 5036 1846 5090 in
1874 5036 2041 5091 Deum
2070 5045 2127 5092 et

556 5117 855 5190 proximos,
882 5120 1115 5190 justitia,
1153 5125 1492 5191 fortitudine,
1538 5126 1914 5196 temperantia,
1947 5127 2123 5182 conti-

556 5213 760 5280 nentia,
800 5214 1136 5283 liberalitate,
1179 5221 1374 5277 virtute
1402 5220 1632 5290 denique
1651 5220 1797 5275 omni
1827 5228 2120 5291 prmstaret,

557 5309 794 5378 nihilque
831 5309 1077 5366 oratione
1121 5313 1462 5380 praeciperet,
1508 5311 1652 5383 quod
1697 5327 1804 5370 non
1846 5311 1961 5383 ipse
2001 5321 2126 5366 ante

556 5399 844 5470 perfecisse
869 5415 1034 5472 opere
1063 5400 1348 5455 videretur.

630 5604 707 5676 (ςι)
735 5603 928 5676 nomn.
963 5601 1050 5676 96.
1083 5579 1354 5676 passu.

627 5670 703 5741 (ὁ)
735 5673 927 5730 ﬂenti].
960 5670 1011 5736 6,
1041 5670 1170 5740 pag.
1197 5674 1282 5728 20.

2225 4579 2550 4635 intermissio
2580 4579 2750 4633 lieret.

2298 4669 2432 4724 Xlll.
2476 4670 2739 4724 Maximus
2776 4685 2915 4723 anno
2944 4668 3048 4722 465
3074 4669 3293 4724 Romam
3323 4673 3473 4736 venit,
3506 4672 3795 4742 synodoque

2229 4762 2290 4816 ab
2329 4762 2518 4815 Ililaro
2555 4760 2798 4832 pontiﬁce
2827 4769 3019 4813 coactte
3050 4761 3303 4830 interfuit.
3326 4790 3398 4800 ——
3425 4760 3524 4814 An.
3557 4760 3660 4815 465
3690 4761 3798 4815 Ro-

2229 4867 2371 4906 mam
2399 4867 2459 4906 se
2485 4851 2550 4904 ad
2579 4849 2926 4919 apostolicam
2964 4850 3145 4904 sedem
3176 4850 3416 4904 contulit.
3449 4850 3604 4918 Cum,
3639 4858 3696 4904 ut
3732 4866 3798 4905 ex

2229 4943 2343 5012 ejus
2360 4940 2590 4995 liomiliis
2615 4939 3055 5018 sermonibusque
3075 4947 3282 4994 constat
3306 4940 3404 5011 (d),
3423 4941 3641 5010 insignis
3661 4950 3799 4996 esset

2229 5034 2395 5104 ipsius
2415 5045 2539 5099 erga
2562 5030 2618 5084 S.
2654 5030 2867 5084 Petrum
2894 5031 3255 5100 apostolorum
3284 5032 3575 5102 principem
3597 5033 3798 5102 pietas;

2229 5125 2576 5180 dubitandum
2605 5139 2711 5178 non
2750 5132 2850 5187 est,
2883 5123 3010 5192 quin
3047 5139 3188 5194 saepe
3221 5124 3286 5178 ad
3319 5125 3435 5194 ejus
3476 5127 3798 5196 sepulcrum,

2229 5219 2462 5283 cultum,
2511 5217 2802 5280 honorem,
2843 5232 3032 5285 preces
3074 5216 3437 5284 adhibiturus,
3493 5220 3796 5274 accesserit.

2235 5305 2360 5362 Erat
2384 5315 2512 5361 tunc
2533 5305 2743 5361 Hilarus
2767 5315 2966 5363 sancta:
2997 5307 3248 5362 Romana:
3272 5307 3522 5364 Ecclesia:
3543 5309 3797 5382 pontifex.

2231 5397 2282 5452 is
2303 5399 2492 5454 litteris
2514 5398 2725 5454 Ascanii
2745 5398 3162 5458 Tarraconensis
3183 5401 3417 5472 episcopi
3437 5401 3608 5459 factus
3632 5401 3802 5459 fuerat

2305 5599 2376 5741 ἕο)
2408 5600 2598 5655 llomil.
2632 5600 2721 5664 94,
2745 5615 2862 5671 pag.
2893 5600 2997 5655 515
3022 5613 3169 5670 seqq.

2327 5671 2382 5741 d)
2422 5670 2550 5726 Vide
2564 5670 2768 5740 praefat.
2801 5679 2993 5726 nostrae
3022 5688 3165 5726 num.

2327 5671 2382 5742 d)
2422 5670 2550 5726 Vide
2564 5669 2768 5740 praefat.
2801 5679 2993 5726 nostrae
3022 5669 3165 5726 num.
3196 5669 3282 5735 5‘3,
3311 5683 3431 5741 pag.
3465 5669 3583 5726 illi.
