4138 6186
316 334 417 388 161

973 325 1379 381 TESTIMONIA
1414 322 1631 415 SCRIP.
1680 320 1953 377 ECCLES.
1996 322 2084 375 DE
2122 324 2178 378 S.
2225 322 2490 381 MAXIMO
2530 324 2959 380 TAURINENSI.

3492 332 3594 385 162

307 446 540 507 certior,
572 442 848 498 Silvanum
878 440 1157 510 praesulem
1187 438 1734 506 Calagurritanorum,
1763 450 1907 505 spre-
1933 453 1983 512 Α
2011 451 2244 505 vereque
2273 442 2522 492 senserit.
2553 440 2628 493 De
2658 438 2775 503 hac,
2811 454 2876 493 ne
2923 439 3087 493 multa
3129 455 3439 511 persequar,
3469 461 3589 499 cum

311 538 388 590 Iis
411 533 790 590 ecclesiasticis
820 532 1040 598 legibus,
1073 530 1320 599 sedisque
1359 528 1667 597 apostolica:
1696 526 1908 581 institu-

311 629 413 686 tis,
434 642 533 679 suo
555 624 838 685 arbitratu,
866 620 1005 674 nulla
1032 620 1211 673 habita
1242 617 1641 687 nletrOpolitani
1661 616 1911 671 antistitis

310 717 556 779 ratione,
609 713 924 784 presbytero
966 711 1144 765 nescio
1174 710 1260 764 cui
1290 708 1457 763 invito
1494 723 1556 762 ac
1592 709 1909 777 repugl‘untl

312 822 517 862 manus
560 804 897 875 imposuisse,
930 816 1159 869 eumque
1187 800 1417 870 populis,
1447 800 1535 868 qui
1578 798 1646 852 ad
1687 800 1906 853 alteram

312 896 599 950 dimcesim
639 895 990 965 pertinerent,
1022 892 1312 960 quidquam
1356 891 1458 944 tale
1496 905 1562 943 ne
1593 890 1909 958 suspicanti-

316 987 427 1041 bus
454 987 670 1056 quidem
697 985 1004 1053 episcopum
1034 983 1395 1037 constituisse.
1421 982 1596 1046 Quare
1623 989 1677 1034 et
1702 982 1909 1034 muneri

319 1095 449 1145 suo,
497 1088 552 1133 et
599 1078 828 1132 Ascanio
875 1076 941 1129 ad
987 1075 1142 1129 tidem
1184 1090 1279 1129 ore
1317 1074 1615 1143 apostolico
1643 1073 1908 1126 laudatam

317 1170 676 1239 confogienti,
708 1167 1057 1238 poscentique
1086 1167 1347 1235 majorem
1374 1166 1426 1218 in
1456 1165 1693 1228 modum,
1724 1171 1780 1217 ut
1806 1162 1908 1217 Pe-

319 1262 399 1314 tri
427 1260 582 1313 sedes
608 1273 671 1313 ea
705 1258 773 1312 de
818 1273 877 1311 re
904 1256 1029 1324 quid
1071 1255 1212 1310 facto
1253 1263 1394 1310 esset
1423 1270 1583 1324 opus,
1616 1262 1905 1318 statueret,

318 1350 573 1421 pontifex
623 1349 763 1403 idem
809 1346 1194 1411 satisfacturus,
1245 1346 1505 1417 synodum
1557 1345 1695 1413 apud
1742 1344 1909 1397 (edem

317 1442 503 1496 beata:
540 1441 741 1505 Mariae,
785 1440 967 1493 Flavio
1006 1439 1261 1493 Basilisco
1291 1446 1343 1491 et
1374 1436 1739 1492 llerminerico
1769 1454 1909 1492 coss.

319 1546 419 1588 xvi
453 1533 556 1587 cal.
589 1532 895 1587 Decembris
918 1533 1094 1598 coegit
1125 1532 1221 1601 (a).
1259 1530 1437 1584 Adfuit
1465 1530 1746 1595 Maximus,
1771 1531 1916 1599 prio-

321 1641 502 1695 reque
523 1626 641 1680 loco
661 1633 783 1694 post
802 1624 1059 1686 Hilarum,
1084 1624 1401 1677 sententiam
1426 1630 1641 1690 rogatus
1660 1623 1793 1676 dixit
1817 1621 1912 1692 (b).

324 1716 448 1782 Qua
470 1732 538 1770 ex
565 1716 829 1771 sententia
852 1716 1155 1785 perspicere
1174 1715 1399 1784 quisque
1424 1723 1619 1783 potest,
1639 1729 1797 1782 quam
1828 1715 1916 1769 ille

327 1806 406 1860 de
433 1806 661 1861 Romani
700 1807 951 1861 antistitis
980 1807 1299 1861 auctoritate
1334 1806 1625 1874 sapienter,
1666 1807 1919 1875 prteclare

2018 528 2329 594 magnitudo
2382 530 2751 583 commentarii
2800 530 3069 599 pgohihet,
3123 540 3232 583 tum
3280 533 3477 598 cautio,
3526 552 3593 589 ne

2018 636 2227 673 rursum
2256 620 2321 675 de
2351 621 2414 674 iis
2443 635 2615 690 agam,
2647 637 2767 691 qua:
2794 622 2900 676 alio
2930 622 3048 677 loco
3076 622 3317 692 pluribus
3343 624 3409 695 (c)
3444 641 3593 681 cotu-

2016 712 2410 780 prchenderim.

2086 799 2222 856 XIV.
2252 804 2327 855 L’e
2345 805 2513 857 sancti
2538 803 2757 857 Maximi
2779 805 2936 859 obitu.
2960 837 3031 847 ——
3054 805 3420 861 Decesseritne
3464 823 3593 863 vero

2014 888 2275 947 Maximus
2305 894 2493 947 eodem
2536 910 2695 959 anno,
2739 910 2806 947 an
2851 895 3049 948 diutius
3087 896 3298 960 vixerit,
3333 886 3591 952 incertum

2015 992 2114 1039 est.
2148 984 2283 1039 Sunt
2304 986 2392 1052 qui
2417 993 2602 1054 putent
2622 1000 2741 1038 eum
2766 1002 2835 1038 vn
2859 984 3066 1042 calend.
3097 983 3261 1039 Julias
3286 1003 3591 1055 supremum

2015 1078 2212 1131 obiisse
2249 1077 2388 1131 diem
2428 1077 2526 1145 (ά).
2562 1077 2919 1132 Taurinenses
2946 1077 3194 1131 traditum
3235 1079 3333 1131 sibi
3364 1095 3393 1131 a
3422 1079 3594 1146 majo-

2012 1169 2157 1223 ribus
2187 1178 2403 1222 narraut
2442 1169 2497 1223 S.
2542 1169 2792 1223 aulistitis
2820 1186 3014 1237 corpus
3053 1171 3317 1238 sepultum
3358 1170 3410 1223 in
3449 1179 3591 1224 tem-

2016 1262 2103 1331 plo
2150 1263 2203 1316 S.
2251 1260 2471 1315 Joannis
2500 1262 2751 1331 Baptista:
2778 1263 2843 1315 de
2873 1262 3110 1329 Colcgno
3145 1263 3323 1327 fuisse,
3357 1264 3421 1316 ad
3450 1264 3591 1332 quod

2014 1353 2235 1421 quidem
2260 1354 2537 1423 templum,
2571 1352 2693 1406 dum
2724 1352 2876 1416 vixit,
2928 1352 3175 1420 frequens
3204 1362 3409 1406 oratum
3447 1354 3594 1407 adire

2014 1444 2396 1500 consucvisset.
2431 1444 2599 1496 Distat
2632 1443 2674 1496 is
2709 1444 2857 1497 locus
2887 1444 2951 1495 ab
2986 1444 3117 1497 urbe
3147 1444 3379 1509 Augusta
3409 1442 3595 1496 Tauri-

2016 1552 2207 1589 norum
2238 1536 2346 1588 mil.
2380 1551 2521 1604 pass.
2555 1533 2811 1601 quinque.
2844 1534 2945 1585 Sed
2980 1534 3033 1586 in
3068 1549 3133 1587 co
3182 1534 3383 1586 nullum
3423 1539 3594 1587 exstat

2021 1626 2237 1680 Maximi
2284 1633 2707 1678 monumentum.
2740 1623 2796 1676 1d
2825 1632 3002 1676 autem
3047 1624 3212 1675 videri
3253 1640 3359 1675 non
3402 1622 3599 1676 debere

1982 1731 1989 1737 '
2019 1718 2233 1780 mirum,
2260 1732 2381 1769 cum
2423 1715 2473 1769 id
2523 1715 2777 1783 templum
2822 1728 3068 1767 eversum
3098 1712 3245 1775 olim,
3280 1712 3438 1781 longo
3478 1720 3597 1782 pest

2022 1816 2264 1877 tempore
2289 1806 2448 1861 fuerit
2468 1806 2793 1860 restitutum.

405 2001 486 2073 (a)
520 2002 675 2073 Tom:
714 2000 1100 2073 ll_Concilior.,
1133 2012 1254 2069 pag.
1280 1995 1381 2050 799
1410 2013 1557 2067 seqq.
1592 2000 1917 2073 edit._Paris.
1954 2009 1993 2067 Β
2024 2017 2110 2057 an.
2146 1999 2301 2055 1559.
2324 2000 2671 2073 Dollandiaui
2706 1997 2927 2073 perinde
2972 1999 3152 2073 statui
3173 1999 3600 2073 animadvertunt

405 2001 486 2125 (αὶ
520 2002 673 2056 Tom.
714 2001 755 2054 ll
788 2001 1100 2083 Concilior.,
1133 2012 1254 2069 pag.
1280 2001 1381 2050 799
1410 2013 1557 2067 seqq.
1592 2001 1717 2053 edit.
1748 2001 1907 2055 Paris.

329 2090 421 2126 an.
492 2072 616 2124 7H.
640 2071 839 2125 Confer
866 2081 1026 2126 etiam
1058 2073 1260 2141 pnefat.
1288 2078 1481 2122 nostra:
1504 2085 1651 2123 num.
1676 2070 1763 2132 32,
1790 2085 1907 2141 pag.

332 2143 484 2282 Πῗᾶ)
531 2210 689 2277 lbid.,
721 2226 841 2282 pag.
884 2210 1017 2275 801,
1056 2219 1109 2266 et
1147 2212 1351 2281 prtefat.
1397 2220 1591 2267 nostrae
1640 2226 1784 2265 num.
1825 2209 1912 2274 '52,

334 2282 725 2421 pafcflgfmfat.
759 2360 954 2406 nostrm
978 2368 1122 2406 num.
1152 2351 1239 2415 52,
1274 2367 1393 2421 pag.
1422 2350 1510 2404 26.

406 2418 484 2492 (d7)
535 2422 873 2492 Martyrolog.
918 2422 1071 2475 Rom.
1117 2424 1182 2475 ad
1221 2418 1365 2476 diem
1391 2439 1460 2475 vu
1489 2422 1590 2492 cal.
1623 2418 1727 2492 Jul.
1756 2419 1911 2473 Card.

334 2490 530 2545 Daren.
574 2493 626 2545 in
668 2490 779 2545 not.
814 2491 879 2544 ad
915 2492 1158 2545 eumdem
1208 2492 1479 2561 Martyrol.
1517 2490 1910 2561 Rom._locum,_

336 2563 424 2616 ubi
454 2564 616 2615 etiam
658 2562 899 2615 meminit
938 2562 1075 2615 idem
1118 2557 1401 2614 statuentis
1442 2560 1629 2613 Bellini
1676 2557 1916 2610 Patavini

330 2632 452 2685 0rd.
476 2631 759 2687 Eretnitar.
784 2631 837 2685 S.
867 2631 1145 2699 Augustini
1176 2630 1517 2700 Martyrolog.
1552 2630 1680 2683 edit.
1722 2627 1909 2681 Venet.

2024 2073 2076 2125 iu
2106 2073 2291 2125 codice
2321 2066 2787 2137 llagenoiensi,’et
2816 2084 2843 2121 a
2874 2066 3077 2121 Joanne
3108 2069 3319 2122 Molano
3351 2070 3600 2138 theologo

2020 2140 2357 2200 Lovaniensi,
2394 2140 2485 2209 qui
2520 2138 3123 2209 Lovanii,iannoil573,
3164 2138 3598 2209 Martyrologium

2022 2209 2247 2264 Usuardi
2286 2212 2395 2263 suis
2413 2207 2861 2277 annotatiOnihus
2902 2207 3219 2277 illustratum
3252 2207 3389 2277 typis
3418 2208 3600 2263 Hiero-

2022 2281 2165 2350 nymi
2207 2279 2385 2332 Vellzei
2415 2295 2499 2350 an.
2548 2277 2685 2350 17:77
2716 2276 2978 2350 vulg_avit._
3001 2277 3115 2350 Non
3146 2276 3366 2350 dissidet
3393 2278 3601 2350 Galesi-

2021 2345 2168 2410 nius,
2214 2356 2272 2401 ut
2319 2364 2385 2402 ex
2428 2348 2544 2412 ejus
2594 2346 2867 2415 Martyrol.
2914 2347 2979 2398 ad
3030 2346 3169 2415 diem
3210 2346 3278 2399 25
3314 2345 3434 2399 Jun.
3472 2346 3599 2400 edit.

2022 2417 2238 2471 Veneta:
2285 2433 2371 2470 an.
2419 2417 2555 2470 1758
2605 2414 2763 2481 plane
2805 2416 2989 2481 liquet.
3034 2414 3231 2469 Confer
3278 2416 3600 2478 Ferrarium,

2030 2432 2238 2471 Veneta:
2285 2433 2371 2470 an.
2419 2432 2555 2470 ιιῡδ
2646 2432 2763 2467 lane
2805 2432 2989 2481 liquet.
3034 2432 3231 2469 uenter
3278 2432 3600 2478 rerrartum,

2022 2487 2262 2608 JCatrrlog.
2294 2500 2519 2539 sanctor.
2553 2432 2681 2539 edit.
2718 2482 2931 2537 Mediol.
2966 2500 3053 2538 an.
3090 2485 3246 2551 1615,
3280 2488 3346 2539 ad
3373 2486 3513 2539 diem
3536 2484 3603 2538 25

2059 2574 2185 2608 unn.

2059 2574 2185 2610 Ullll.

384 2744 3584 2770 W-

774 2866 1393 2943 TESTIMONIA
1460 2864 2095 2941 SCRIPTORUM
2174 2864 3157 2943 ECCLESIASTICORUM

1043 3021 1126 3076 DE
1164 3020 1467 3077 SCRIPTIS
1504 3020 1747 3075 SANCTI
1785 3020 2032 3074 ΜΔΧΙΜΙ
2072 3021 2375 3076 EPlSCOPl
2417 3022 2889 3078 TAURINENSIS.

829 3313 1009 3387 [CLvuj
1039 3311 1443 3367 GENNADIUS.

678 3406 744 3461 In
771 3406 1006 3477 catalogo
1034 3405 1310 3459 illustrium
1331 3405 1574 3457 virorum.

406 3501 674 3558 Maximus
703 3499 1044 3553 Taurinensis
1065 3496 1317 3550 Ecclesia:
1346 3495 1631 3564 episcopus
1657 3493 1731 3563 (a)
1763 3493 1814 3547 in
1839 3492 1918 3547 di-

335 3594 479 3648 vinis
529 3590 818 3659 Scripturis
846 3589 975 3643 satis
1005 3587 1259 3648 intentus,
1292 3593 1348 3639 et
1393 3584 1461 3637 ad
1503 3583 1802 3637 docendam
1850 3598 1916 3637 ex

335 3695 583 3754 tempore
638 3681 847 3751 plebem
895 3678 1196 3740 sufﬁciens,
1249 3675 1553 3744 composuit
1603 3674 1653 3727 in
1705 3673 1918 3727 laudem

335 3776 707 3848 apostolorum
737 3778 1017 3831 tractatus,
1043 3777 1098 3823 et
1121 3770 1173 3821 in
1195 3766 1419 3821 Joannis
1444 3766 1722 3834 Baptista},
1748 3772 1803 3818 et
1825 3778 1909 3832 ge«

333 3869 581 3923 neralem
628 3865 864 3919 omnium
922 3870 1216 3932 martyrum
1272 3859 1564 3912 homiliam.
1617 3854 1723 3911 Sed
1770 3856 1917 3911 etde

333 3957 589 4027 capitulis
651 3954 1062 4021 Evangeliorum
1127 3958 1183 4004 et
1254 3948 1479 4003 Actuum
1554 3948 1916 4018 apostolorum

333 4050 507 4104 multa
558 4048 831 4116 sapienter
876 4044 1143 4113 exposuit.
1197 4042 1347 4095 Fecit
1392 4048 1448 4095 et
1492 4040 1625 4093 duos
1653 4040 1718 4093 de
1748 4040 1917 4094 sancti

334 4140 557 4193 Eusebii
584 4137 936 4192 Vercellensis
965 4134 1203 4205 episcopi
1226 4141 1281 4187 et
1306 4132 1628 4187 confessoris
1650 4133 1757 4184 vita
1780 4139 1919 4184 trac-

334 4237 518 4292 tatus;
545 4236 601 4281 et
640 4226 705 4281 de
752 4226 921 4280 sancti
970 4224 1219 4295 Cypriani
1260 4222 1545 4292 specialem
1572 4220 1639 4276 de
1669 4219 1918 4289 baptismi

333 4320 524 4374 Gratia
557 4319 748 4372 librum
772 4317 957 4372 edidit.
977 4316 1203 4385 Scripsit
1230 4315 1295 4369 de
1317 4314 1562 4379 avaritia,
1588 4313 1653 4367 de
1679 4312 1919 4381 hospita-

335 4410 517 4475 litate,
542 4408 609 4462 de
630 4408 841 4461 defectu
868 4408 1024 4471 luna},
1057 4406 1121 4459 de
1146 4405 1518 4475 eleemosynis,
1550 4403 1615 4457 de
1661 4418 1727 4457 eo
1774 4402 1919 4472 quod

332 4502 596 4569 scriptum
646 4507 729 4553 est
768 4500 820 4552 in
852 4498 985 4552 Isaia
1017 4516 1029 4550 :
1064 4497 1331 4566 Caupones
1380 4498 1450 4549 tui
1480 4496 1694 4548 miscent
1734 4511 1918 4565 aquam

330 4593 485 4653 vim);
510 4589 579 4642 de
625 4589 872 4658 passione
901 4588 1141 4651 Domini,
1176 4587 1242 4641 de
1262 4586 1467 4655 jejunio
1495 4600 1770 4639 servorum
1802 4585 1914 4649 Dei,

1945 3312 1991 3375 C
2024 3310 2097 3380 (b)
2143 3326 2276 3379 quas
2304 3311 2532 3367 retineo.
2575 3313 2798 3368 Moritur
2827 3315 3066 3372 Honorio
3095 3327 3148 3371 et
3172 3319 3476 3375 Theodosio
3503 3319 3568 3375 Ju

2019 3402 2172 3457 niore
2201 3405 2550 3471 regnantibus
2581 3407 2651 3477 (c)
2677 3423 2819 3461 anno
2845 3410 2912 3463 ab
2934 3411 3063 3464 orbe
3085 3411 3362 3481 redempta
3384 3412 3503 3466 420.

2286 3512 2629 3571 llONORlUS
2659 3516 2794 3571 AUC
2808 3517 3331 3574 USTODUNENSIS.

2648 3623 2862 3661 succo
2886 3625 2976 3661 xu.

2018 3696 2097 3751 De
2142 3686 2505 3771 Luminaribus
2548 3697 2812 3771 Ecclesiae,
2839 3703 2942 3753 sive
2969 3701 3033 3753 de
3058 3700 3408 3771 scriptoribus
3439 3716 3574 3757 eme

2435 3770 2678 3829 sinsticis,
2712 3768 2801 3822 tib.
2828 3787 2917 3835 xx,
2950 3788 3065 3839 cap.
3092 3768 3184 3823 29.
3278 3774 3291 3781 '

2090 3880 2350 3935 Maximus
2395 3881 2740 3936 Taurinensis
2794 3882 3046 3937 Ecclesia:
3074 3885 3355 3953 episcopus
3378 3927 3392 3950 ,
3437 3887 3521 3939 vir
3549 3887 3598 3941 in

2018 3971 2212 4026 divinis
2236 3972 2525 4042 Scripturis
2549 3974 2679 4028 satis
2709 3973 2965 4039 intentus,
2992 3978 3291 4044 composuit
3316 3977 3365 4029 in
3392 3977 3477 4030 lau
3500 3979 3601 4032 lem

2021 4065 2387 4135 apostolorum
2422 4074 2698 4128 tractatus,
2734 4075 2789 4119 et
2818 4067 2869 4119 in
2898 4065 3119 4121 Joannis
3144 4067 3408 4136 Baptistae,
3442 4079 3495 4123 et
3516 4085 3604 4137 ge.

2022 4155 2262 4209 neralem
2294 4156 2531 4209 omnium
2563 4165 2857 4226 martyrum
2884 4157 3178 4211 homiliam.
3211 4158 3313 4212 Sed
3341 4169 3395 4213 ct
3418 4160 3482 4212 de
3512 4177 3597 4213 ca-

2019 4244 2200 4315 pitulis
2246 4243 2654 4313 Evangeliorum
2683 4253 2736 4298 et
2766 4246 2991 4299 Actuum
3019 4249 3384 4316 apostolorum
3432 4251 3597 4304 multa

2020 4337 2293 4405 sapienter
2338 4335 2602 4404 exposuit.
2652 4334 2806 4388 Fecit
2851 4342 2905 4388 et
2933 4335 3067 4389 duos
3096 4337 3161 4389 de
3191 4340 3601 4393 conversatione

2020 4426 2192 4479 sancti
2250 4424 2465 4478 Eusebii
2520 4424 2875 4479 Vercellcizsis
2929 4425 3167 4495 episcopi
3198 4434 3244 4479 et
3280 4427 3602 4482 confessoris

2021 4524 2300 4571 tractatus.
2333 4516 2408 4570 De
2438 4523 2623 4571 sancto
2653 4518 2947 4587 Stephano,
2972 4518 3038 4572 de
3061 4518 3305 4588 baptismi
3327 4517 3507 4573 Gratia
3536 4520 3591 4574 li-

2021 4609 2174 4662 brum
2206 4608 2393 4675 edidit,
2417 4607 2483 4663 de
2512 4608 2756 4674 avaritia,
2788 4608 2854 4664 de
2882 4608 3266 4680 hospitalitate,
3299 4609 3364 4663 de
3393 4610 3601 4665 defectu

330 4681 402 4733 de
428 4678 634 4771 Jejunif’
656 4678 877 4771 speciali
905 4677 1356 4771 (ξυθδνίξβθδίωως
1384 4682 1440 4729 οι
1464 4673 1739 4771 αυοίξθωξ
1766 4673 1837 4771 δὴ
1862 4673 1913 4771 in
1944 4686 1995 4745 Ι)
2022 4701 2181 4767 lunae,
2212 4699 2278 4753 de
2305 4673 2683 4771 eleemosynis,
2708 4673 2773 4754 de
2802 4673 3050 4770 passione
3082 4702 3312 4767 Domini,
3346 4701 3411 4754 de
3453 4700 3597 4769 jeju-

331 4786 397 4823 ea
426 4768 739 4837 iocandum,
764 4768 830 4822 de
851 4767 983 4821 Juda
1006 4768 1286 4832 traditore,
1317 4765 1383 4820 de
1412 4780 1569 4819 cruce
1590 4764 1817 4828 Domini,
1851 4762 1918 4819 de

329 4862 586 4932 sepulcro
613 4860 730 4929 ejus
760 4868 815 4915 et
833 4860 898 4914 de
923 4860 1316 4915 resurrectione
1360 4858 1543 4927 ipsius,
1578 4856 1645 4912 de
1670 4866 1919 4913 accusato

331 4960 389 5003 ct
416 4949 670 5003 damnato
696 4949 923 5004 Domino
945 4948 1083 5018 apud
1105 4947 1351 5013 Pilatum,
1377 4946 1445 5001 de
1468 4946 1711 5001 kalendis
1730 4945 1921 5000 Janua-

334 5042 423 5095 rii.
454 5040 680 5111 Scripsit
708 5041 871 5095 etiam
902 5040 1146 5093 homilias
1174 5038 1241 5092 de
1266 5038 1438 5091 Natali
1464 5038 1707 5102 Domini;
1740 5037 1919 5090 homi-

332 5134 439 5186 lias
467 5132 533 5186 de
561 5132 931 5200 Theophania,
964 5138 1020 5184 et
1048 5129 1116 5183 de
1147 5127 1373 5191 Pascha,
1399 5137 1453 5183 et
1492 5128 1559 5182 de
1601 5126 1921 5181 Pentecoste

328 5222 552 5285 multas,
600 5222 669 5276 de
698 5221 948 5275 hostibus
990 5219 1295 5274 carnalibus
1324 5234 1431 5272 non
1464 5219 1729 5283 timendis,
1760 5228 1815 5272 et
1856 5218 1923 5273 de

327 5314 521 5381 gratiis
545 5321 669 5382 post
695 5314 876 5368 cibum
920 5313 1032 5365 Deo
1065 5311 1302 5380 agendis,
1332 5312 1399 5366 de
1430 5312 1744 5381 paenitentia
1775 5311 1925 5365 Nini--

325 5405 586 5466 vitarum,
612 5412 667 5457 et
692 5403 887 5457 multas
907 5403 1038 5456 alias
1061 5401 1175 5471 ejus
1195 5401 1443 5455 homilias
1461 5402 1528 5456 de
1550 5401 1776 5457 diversis
1794 5402 1917 5471 legi,

370 5602 651 5689 .(a)_Cod.
698 5605 818 5659 Vat.
852 5604 982 5674 Reg.
1026 5619 1147 5659 δίης.
1180 5620 1269 5658 vut
1318 5604 1481 5659 habet
1512 5643 1522 5656 .
1558 5605 1633 5657 vir
1679 5604 1731 5657 in
1779 5606 1908 5659 air:-

325 5686 661 5809 Ἣῒὺῗιξάθιη
690 5743 810 5801 cod.
842 5743 971 5813 Reg.
1004 5743 1132 5812 legit
1165 5759 1177 5772 ·
1209 5760 1336 5801 duas
1359 5758 1449 5797 nec
1477 5750 1688 5828 retineo.

2024 4791 2112 4844 nio
2142 4790 2357 4860 speciali
2382 4790 2827 4860 Quadragesimae,
2852 4793 2919 4847 de
2945 4792 3185 4845 kalendis
3212 4791 3447 4846 Januarii
3471 4810 3484 4858 ;
3511 4794 3601 4846 ho-

2022 4880 2197 4935 milias
2223 4880 2291 4935 de
2320 4881 2607 4936 Nativitate
2650 4882 2879 4949 Domini,
2910 4881 2976 4935 de
3021 4880 3347 4949 Epiphania,
3387 4880 3452 4937 dc
3502 4881 3590 4935 Pa-

2023 4972 2170 5037 scha,
2203 4971 2271 5027 de
2319 4971 2639 5029 Pentecoste
2690 4973 2903 5039 multas,
2934 4979 2988 5025 et
3043 4971 3146 5024 alia
3194 4972 3439 5042 plurima.
3488 4973 3599 5030 Sub

2023 5064 2329 5120 Theodosio
2345 5066 2555 5119 claruit.

2415 5151 2715 5209 JOANNES
2764 5150 3201 5207 TRITHEMIUS.

2653 5256 2868 5295 ειεωιο
2898 5258 2986 5295 XV.

2024 5334 2090 5389 In
2120 5335 2434 5391 Bibliotheca
2462 5334 2830 5401 ecclesiastica,
2856 5352 2968 5388 cum
2989 5336 3123 5389 notis
3148 5337 3360 5389 editoris
3383 5336 3594 5389 Aubcrtt

2093 5404 2285 5475 Mirei,
2319 5405 2606 5474 Hamburgi
2636 5402 2793 5473 1718,
2820 5406 2955 5458 inter
2982 5407 3255 5475 scriptores
3279 5407 3591 5461 ecclesiasti-

2093 5605 2354 5728 (f)thJCI:t
2384 5606 2529 5673 cod.,
2562 5618 2829 5679 regnante.
2861 5607 2977 5665 Non
3021 5607 3183 5663 habet
3211 5606 3372 5661 verba
3412 5621 3424 5637 ·
3454 5623 3594 5662 αηηο

2112 5694 2171 5728 ον
2205 5693 2251 5728 θ.
2284 5691 2312 5728 e
2337 5692 2385 5728 ε.

2112 5691 2251 5738 owe,
2284 5691 2385 5731 etc.
