4138 6186
545 343 647 402 163

1397 324 1809 386 TESTIMONIA
1843 317 2284 380 SCRIPTUM]?!
2323 315 2997 380 ECCLESIASTI'CORUM

3706 316 3813 375 164

614 475 703 513 cos
722 473 754 511 α
779 455 986 511 Joanne
1001 453 1244 510 Fabricio
1266 450 1458 506 relatos
1479 451 1534 502 in
1566 463 1662 502 sua
1687 445 2002 502 Bibliotheca
2029 441 2127 495 Ec-
2153 440 2209 498 Δ
2227 435 2534 494 Christiana
2564 439 2915 511 illaweraque
2943 437 3281 510 philosophia
3314 438 3468 509 (citra
3500 451 3663 506 quam
3690 453 3811 493 om-

616 527 928 594 clesiastica,
951 542 1074 596 pag.
1106 522 1193 576 40.

607 639 878 695 Maximus
898 637 1180 708 episcopus
1207 633 1561 688 Taurinensls
1590 633 1645 687 in
1673 627 1965 700 Scripturis
1990 626 2121 681 divi-

547 733 632 788 nis
651 729 1064 796 eruditissimus,
1086 726 1140 780 in
1168 723 1506 780 declarandis
1533 722 1768 777 homiliis
1788 719 1854 774 ad
1875 717 2131 788 populum

545 822 678 876 nulli
707 831 806 875 suo
832 827 1076 888 tempore
1103 814 1392 880 secundus,
1423 825 1532 867 non
1551 811 1736 866 solum
1775 807 2020 863 doctrina
2045 805 2132 859 in-

547 912 715 980 signis
736 909 855 975 fuit,
886 908 983 963 sed
1007 908 1171 963 etiam
1193 903 1629 960 vitte‘sanctitate
1657 899 1985 956 clarissimus
2006 895 2113 951 emi

549 1002 679 1056 cuit.
728 999 956 1069 Scripsit
1000 996 1167 1052 multa
1209 993 1422 1063 egregia
1474 990 1754 1062 opuscula,
1783 1003 1903 1057 quae
1948 991 2134 1041 sancta

548 1090 985 1146 mater'Eccl‘esia
1024 1101 1146 1144 cum
1173 1099 1362 1154 magna
1392 1083 1718 1138 auctoritate
1759 1077 1987 1148 legenda
2009 1092 2134 1132 sus-

549 1183 711 1254 cepit.
742 1181 784 1235 E
812 1181 1008 1251 quibus
1025 1178 1265 1248 subjecta
1291 1176 1570 1231 feruntur:

619 1275 700 1330 De
729 1271 1132 1344 Evangeliorum
1171 1269 1408 1339 capitulis
1436 1267 1526 1320 lib.
1559 1263 1612 1317 1.
1639 1293 1713 1306 --
1741 1260 1808 1315 In
1833 1259 1992 1313 Actus
2016 1272 2138 1328 apo-

551 1367 799 1423 stolOrum
827 1363 915 1418 lib.
939 1361 993 1416 2.
1019 1393 1090 1404 -—
1117 1359 1182 1414 In
1213 1359 1417 1414 laudem
1435 1355 1658 1409 Joannis
1689 1351 1936 1423 Baptista:
1962 1348 2053 1402 lib.
2077 1346 2139 1400 2..

551 1457 719 1510 -—De
743 1457 847 1510 vita
889 1450 1099 1506 Eusebii
1140 1448 1481 1504 Vercellensis
1511 1445 1600 1499 llb.
1648 1443 1702 1496 2.
1735 1471 1806 1484 --
1831 1442 1908 1496 De
1951 1450 2135 1496 saneto

552 1545 813 1618 Cypriano
834 1553 1063 1613 martyre
1083 1541 1172 1594 lib.
1197 1538 1252 1593 2.
1280 1571 1353 1581 -——
1375 1535 1454 1590 De
1477 1537 1650 1606 gratia
1680 1533 1935 1604 Baptismi
1962 1531 2054 1586 lib.
2081 1531 2131 1584 1.

551 1668 624 1680 —-
653 1633 854 1710 [cum]
881 1633 960 1688 De
980 1632 1203 1686 avaritia
1229 1630 1319 1684 lib.
1334 1627 1394 1682 '1.
1411 1658 1478 1668 —
1494 1626 1572 1679 De
1585 1626 1941 1694 hospitalitate
1965 1622 2068 1676 lib.
2082 1621 2131 1675 1.

540 1726 730 1781 u—‘De
770 1726 969 1796 defectu
994 1725 1132 1778 lunae
1177 1720 1268 1775 lib.
1301 1721 1350 1773 1.
1379 1751 1448 1762 ——
1479 1718 1557 1772 De
1585 1717 1924 1786 elemosynis
1952 1715 2042 1769 lib.
2081 1715 2132 1767 1.

2229 529 2313 582 nis
2354 529 2620 598 sapientia
2647 530 2874 584 stultitia
2902 531 3008 600 est)
3039 527 3371 583 restituenda
3392 571 3407 596 ,
3437 528 3812 598 locupletanda

2227 617 3016 687 defendendaque-sumendum
3039 620 3140 679 sibi
3181 619 3471 674 existimat.
3504 619 3679 689 Atque
3703 619 3813 674 uti-

2225 722 2354 762 nam
2383 722 2450 763 eo
2464 703 2651 763 animo
2671 724 2910 764 essemus
2932 725 3137 776 omnes,
3154 718 3215 764 ut
3234 726 3344 764 non
3366 709 3485 779 plus
3508 709 3816 766 dubitemus

2226 798 2502 870 perditum
2533 799 2586 854 in
2628 800 2702 870 pii
2731 799 2992 869 cujusque
3019 799 3308 856 Christiani
3343 800 3634 869 scriptoris
3665 800 3816 855 lucu-

2227 889 2583 955 brationibus,
2612 905 2771 960 quam
2793 892 2848 944 in
2867 891 2952 944 his
2978 906 3098 959 qua:
3123 892 3209 944 vel
3234 889 3460 954 Cmcia,
3478 891 3571 944 .vel
3595 890 3816 946 Latium

2223 981 2925 1050 inscriptoribusethuicis
2949 980 3224 1036 desiderat
3253 999 3265 1033 :
3297 982 3419 1052 plus
3455 980 3690 1051 denique
3730 983 3815 1036 in-

2223 1079 2454 1126 ventum
2475 1071 2554 1126 sit
2598 1071 2745 1142 quod
2766 1072 3028 1142 pietatem
3061 1078 3295 1139 augeat,
3317 1086 3481 1139 quam
3506 1073 3550 1126 si
3577 1073 3816 1128 scientia:

2227 1161 2379 1216 illam
2403 1162 2938 1232 comprehensionem
2960 1161 3271 1230 locupletet,
3299 1162 3368 1216 ab
3395 1163 3614 1217 interitu
3637 1163 3815 1218 vindi-

2235 1255 2554 1310 caverimus.
2582 1253 2785 1323 ltaque,
2811 1253 3014 1322 optime
3052 1252 3328 1315 Damiane,
3356 1268 3469 1307 non
3497 1269 3687 1322 parum
3722 1253 3816 1310 tibi

2235 1346 2422 1401 deberi
2470 1347 2703 1401 arbitror
2746 1346 2967 1414 verique
3023 1345 3275 1400 studiosis
3333 1347 3616 1408 omnibus,
3667 1347 3817 1415 quod

2221 1438 2553 1507 scriptorem
2576 1436 2966 1502 doctissimum,
2988 1451 3088 1491 nec
3108 1436 3285 1491 minus
3312 1436 3682 1506 eloquentem,
3713 1439 3816 1492 mi-

2227 1527 2488 1597 nimeque
2514 1530 2777 1602 νεόφυτον,
2808 1536 2865 1584 et
2894 1528 3170 1599 (utsemel
3195 1527 3394 1598 dicam)
3434 1527 3672 1584 divinum
3723 1530 3819 1584 ab-

2216 1619 2580 1688 solutumque
2596 1619 2751 1675 nobis
2765 1621 2824 1674 in
2834 1620 3196 1675 Studiosorum
3207 1620 3433 1688 gratiam
3447 1619 3815 1676 excudendum

2239 1708 2473 1773 dederis,
2503 1709 2686 1764 divum
2732 1709 3022 1764 Maximum
3064 1710 3374 1780 episcopum
3404 1717 3460 1764 et
3506 1711 3817 1779 theologum

553 1847 623 1858 —
650 1818 730 1871 De
751 1815 915 1872 verbis
961 1814 1126 1868 Isaia:
1152 1813 1243 1867 lib.
1276 1811 1327 1866 1.
1355 1844 1424 1855 --
1455 1809 1533 1864 De
1562 1807 1775 1882 jejunio
1831 1806 2138 1878 Quadrage—
2167 1808 2214 1868 Β
2241 1808 2526 1869 utrumque
2575 1800 2888 1866 maximum,
2911 1815 3074 1869 quem
3102 1801 3164 1855 esi
3189 1807 3430 1855 vetustas
3455 1802 3818 1868 commendat,

553 1911 700 1962 sima:
719 1905 807 1961 lib.
834 1905 886 1959 1.
913 1905 992 1976 De
1009 1905 1214 1976 jejunio
1235 1914 1505 1957 seruorum
1525 1901 1622 1954 Dei
1639 1900 1868 1970 generali
1893 1899 1982 1952 lib.
2003 1898 2137 1950 1.-

555 1998 635 2052 De
651 1997 793 2050 Juda
813 1996 1064 2050 traditore
1091 1994 1180 2048 lib.
1209 1994 1258 2046 1.
1282 2023 1355 2034 —-
1370 1992 1464 2045 De
1483 2007 1634 2045 cruce
1653 1988 1867 2044 Domini
1885 1987 1980 2042 lib.
2014 1987 2136 2042 1.—

554 2090 636 2144 De
655 2090 888 2160 sepulcro
908 2087 1122 2141 Domini
1146 2085 1238 2140 lib.
1274 2085 1323 2138 1.
1351 2083 1530 2137 —'De
1554 2083 1718 2154 oﬂicio
1752 2079 1933 2135 Missa:
1960 2079 2049 2134 lib.
2083 2079 2132 2132 1.

553 2213 626 2226 -ο
645 2180 722 2235 De
740 2181 1072 2234 accusatione
1116 2177 1328 2232 Domini
1359 2176 1448 2229 lib.
1494 2174 1544 2228 1.
1567 2206 1638 2216 ——
1660 2173 1738 2227 De
1762 2173 2138 2226 resurrectione

555 2272 764 2326 Domini
786 2268 1090 2326 humiliari.
1121 2258 1302 2320 —-~iDe
1323 2273 1503 2320 sancto
1529 2262 1808 2316 Laurentio
1831 2261 1970 2315 liam.
1989 2260 2044 2313 5.
2067 2287 2140 2303 -ι-

556 2361 636 2416 De
662 2370 840 2422 sancio
861 2361 1128 2424 Stephano
1157 2359 1297 2413 hom.
1329 2357 1384 2410 1.
1401 2356 1564 2410 ——De
1602 2355 1837 2410 kalendis
1864 2352 2139 2406 Ianuariis

559 2452 698 2505 liam.
735 2451 786 2502 1.
815 2481 887 2492 -—-
905 2449 986 2502 De
1011 2446 1198 2500 Natali
1241 2445 1456 2500 Domini
1471 2443 1694 2496 ltom.5.
1718 2473 1787 2482 —
1809 2441 1887 2494 De
1910 2441 2140 2512 Epipha-

557 2541 650 2593 nia
691 2539 827 2592 hom.
859 2536 914 2591 2.
944 2567 1017 2578 ——
1044 2535 1123 2588 De
1146 2534 1355 2587 Pascha
1377 2533 1514 2586 Imm.
1548 2532 1599 2584 ’5.
1623 2563 1694 2573 -
1732 2529 1809 2582 De
1836 2529 2140 2583 Pentecoste

561 2630 700 2684 noon.
726 2628 777 2682 5.
799 2637 880 2670 ιδ
900 2625 980 2680 De
1009 2624 1311 2696 paenitentia
1341 2621 1694 2675 Ninivitarum
1729 2619 1868 2673 hom.
1895 2618 1946 2671 1.
1963 2645 2035 2659 —-—
2061 2617 2140 2671 De

557 2738 661 2776 non
683 2719 923 2774 timendis
945 2716 1175 2773 hostibus
1204 2715 1504 2770 carnalibus
1521 2715 1672 2768 ham.
1691 2713 1735 2766 1.
1761 2742 1830 2756 —-
1859 2711 1940 2767 De
1957 2713 2140 2784 gratiis

556 2820 670 2876 post
693 2809 858 2863 cibum
890 2807 1126 2880 agendis.

625 2900 853 2970 Scripsit
898 2907 954 2954 et
1003 2898 1110 2952 alia
1161 2895 1330 2951 multa
1378 2913 1392 2949 :
1433 2907 1724 2949 sermones
1757 2899 1814 2947 et
1856 2899 2138 2954 tractatus,

557 2990 814 3060 epistolas
843 2997 897 3043 et
924 2987 1191 3052 homilias,
1217 3002 1338 3055 quae
1359 2985 1426 3040 ad
1446 2984 1692 3040 notitiam
1719 2999 1893 3038 meam
1919 3000 2026 3038 non
2039 3000 2142 3040 ve-

557 3087 772 3136 nerunt.
815 3078 1018 3134 Claruit
1041 3079 1140 3133 sub
1181 3077 1414 3132 Arcadio
1443 3074 1758 3131 etllonorio
1789 3076 2138 3146 principibus,

2240 1891 2293 1944 id
2313 1898 2396 1945 est
2417 1905 2513 1961 per
2536 1898 2616 1946 tot
2637 1906 2902 1946 annorum
2925 1891 3095 1960 spatia
3117 1889 3543 1946 Christianorum
3566 1891 3820 1949 Ecclesia:

2241 1981 2557 2050 approbatio
2573 1989 2729 2036 tanto
2759 1982 3041 2036 beatorum
3073 1980 3420 2052 Hieronymo,
3453 1991 3508 2036 et
3535 1981 3820 2039 Ambrosio

2221 2074 2503 2128 'minorata
2549 2073 2725 2128 locum
2769 2073 2955 2138 habet,
2988 2081 3188 2142 quanto
3229 2073 3314 2128 his
3341 2075 3607 2144 posterius
3652 2075 3820 2145 vixit,

2234 2181 2376 2234 quos
2397 2167 2643 2235 proxime
2671 2165 2926 2235 sequitur.
2953 2165 3050 2220 Vir
3079 2167 3198 2221 sine
3219 2167 3590 2223 controversia
3612 2166 3819 2236 dignis-

2241 2259 2408 2315 simus
2435 2259 2525 2326 qui
2549 2258 2814 2313 hactenus
2840 2258 3014 2312 latuit.
3037 2257 3170 2312 Nam
3198 2266 3395 2328 prtetcr
3431 2260 3822 2329 sermonis-pu—

2243 2349 2476 2413 ritatem,
2506 2349 2952 2417 suavitatemque,
2983 2364 3087 2417 qua
3135 2347 3396 2404 lectorem
3429 2363 3540 2404 suo
3584 2349 3819 2419 quodam

2241 2440 2399 2510 genio
2442 2440 2884 2508 retinet,.pr.rter
2907 2439 3327 2505 sententiarum,
3369 2441 3646 2508 inquibus
3673 2448 3822 2496 totus

2241 2542 2343 2597 est,
2363 2548 2615 2598 acumen,
2648 2532 3028 2599 allegationum
3055 2532 3266 2600 copiam
3289 2540 3345 2586 et
3366 2531 3648 2601 judicium,
3680 2532 3822 2588 vires

2241 2622 2787 2691 argumentationum,
2816 2622 2874 2676 in
2898 2620 3231 2690 bbjurgaudo
3243 2623 3620 2688 severitatem,
3633 2637 3638 2660 ί
3653 2625 3706 2678 in
3728 2638 3823 2678 ex-

2242 2711 2514 2768 hortando
2523 2712 2854 2781 gravitatem
2871 2713 3474 2783 peculiaris-thesaurus
3495 2713 3822 2769 conlutatio-

2243 2820 2372 2859 num
2397 2813 2500 2870 est,
2531 2811 2588 2858 et
2609 2803 2974 2858 testimonium
3014 2802 3271 2860 adversus
3285 2804 3453 2874 hujus
3473 2806 3651 2860 seculi
3671 2821 3825 2861 erro-

2242 2909 2350 2950 res.
2378 2894 2516 2962 Quid
2558 2894 2624 2949 de
2653 2895 2791 2948 inter
2837 2894 3170 2951 Christianos
3218 2896 3506 2952 concordia
3526 2937 3541 2963 ,
3572 2896 3823 2956 divorum

2243 2987 2390 3042 cultu
2437 2993 2495 3041 et
2539 2987 2906 3052 veneratione,
2940 2988 3260 3042 auctoritate
3287 2987 3558 3054 Ecclesizn,
3589 2989 3826 3044 eleemo-

2246 3092 2400 3149 syna,
2425 3076 2633 3147 jejunio
2672 3077 2843 3145 magis
2891 3077 2958 3132 ab
2995 3079 3213 3148 optimis
3261 3079 3559 3149 quibusque
3587 3087 3641 3134 et
3666 3079 3826 3136 bona:

557 3188 701 3228 anno
729 3171 942 3226 Domini
996 3169 1100 3224 420
1119 3209 1134 3236 ,
1165 3179 1220 3224 et
1264 3169 1363 3224 sub
1396 3167 1702 3223 Theodosio
1753 3165 1974 3222 Juniore
2017 3182 2138 3222 mo-
2164 3159 2212 3222 C
2245 3169 2368 3224 ﬁdei
2387 3169 2695 3224 hominibus
2721 3169 2897 3238 optari
2923 3177 3162 3239 poterat,
3187 3184 3346 3238 quam
3385 3185 3504 3240 quae
3532 3186 3562 3225 a
3591 3171 3827 3229 Maximo

558 3272 716 3319 ritur.

627 3353 686 3408 ιη
707 3353 848 3410 notis
868 3353 1062 3421 legitur
1093 3369 1118 3405 εν
1137 3351 1250 3407 lmo
1289 3349 1531 3407 interfuit
1569 3349 1745 3406 adhuc
1769 3350 1999 3407 concilio
2026 3349 2140 3407 Ito-

559 3457 723 3501 mano
750 3459 892 3499 anno
920 3441 1117 3499 Christi
1146 3441 1270 3496 465.

1002 3533 1299 3590 JOANNES
1345 3531 1709 3590 CYMNICUS.

565 3647 832 3720 Religioso
852 3665 914 3701 ac
941 3648 1370 3720 pereruditoAviro
1401 3645 2024 3720 DamianoiAscendiensi
2052 3667 2140 3705 or-

634 3716 768 3772 dinis
799 3719 900 3772 divi
929 3716 1191 3772 Benedicti
1219 3716 1449 3774 Coloniae
1477 3719 1618 3776 apud
1646 3719 1900 3774 Sanctum
1935 3720 2142 3775 Panta-

628 3789 833 3842 leonem
858 3793 998 3840 anno
1035 3785 1194 3840 1555.

631 3897 854 3952 Multum
878 3899 1171 3952 merebitur
1189 3898 1330 3969 apud
1351 3915 1493 3955 vera:
1515 3909 1570 3956 et
1588 3900 1906 3958 Christiana:
1927 3904 2142 3975 religio-

557 3991 646 4047 nis
672 3991 910 4045 sinceros
939 3991 1174 4046 cultores
1202 3991 1488 4048 laudabilis
1516 3993 1605 4048 illa
1635 4001 1726 4048 tua
1745 3995 2015 4062 voluntas,
2045 4014 2144 4068 op-

558 4084 692 4137 time
711 4081 1424 4149 doctissimeque‘Damiane,
1449 4085 1503 4139 in
1530 4087 1872 4155 exquirendis
1891 4090 2143 4145 exhiben-

556 4171 752 4240 disquc
805 4177 1046 4225 veterum
1111 4174 1431 4244 scriptorum
1507 4179 1899 4240 monumentis,
1949 4179 2142 4233 horum

558 4261 856 4334 prmscrtim
879 4262 969 4331 qui
1013 4263 1168 4317 malis
1197 4265 1280 4336 (ut
1320 4283 1462 4322 nunc
1506 4283 1593 4323 res
1624 4278 1750 4323 sunt
1794 4269 2140 4326 infelicissimi

556 4354 754 4425 status)
786 4355 904 4409 aliis
931 4369 999 4409 ex
1027 4355 1144 4409 aliis
1167 4360 1631 4426 procrescentibus
1677 4357 1919 4416 antidota
1968 4377 2142 4432 oppo-

562 4465 695 4505 nere
724 4449 946 4520 possint.
977 4448 1168 4517 Magno
1205 4451 1397 4520 plausu
1422 4453 1780 4522 excipiuntur,
1807 4454 1899 4522 qui
1928 4470 2014 4509 res
2042 4471 2139 4509 ex-

2243 3263 2500 3334 episcopo
2522 3261 2741 3317 minime
2768 3262 2988 3327 leviter,
3013 3277 3190 3332 neque
3211 3263 3581 3332 superstitiose
3618 3273 3826 3320 asserta

2243 3362 2301 3410 et
2337 3355 2652 3410 conﬁrmata
2690 3363 2837 3410 sunt.
2868 3352 2976 3410 Sed
3006 3353 3203 3409 frustra
3217 3353 3284 3408 .in
3313 3354 3576 3409 laudando
3605 3363 3830 3412 auctore

2242 3461 2450 3510 versor,
2481 3448 2573 3516 qui
2605 3447 2721 3517 ipse
2769 3445 2962 3502 lectori
3001 3447 3093 3516 pio
3113 3446 3194 3500 ita
3219 3461 3277 3500 sc
3315 3445 3736 3513 commendabit,
3769 3457 3830 3502 ut

2247 3553 2344 3593 nos
2364 3538 2496 3591 nihil
2515 3537 2633 3607 ejus
2649 3537 2851 3592 dixisse
2871 3535 3169 3591 videamur.
3192 3535 3377 3605 Neque
3395 3537 3556 3592 velim
3577 3537 3826 3606 cuiquam

2244 3625 2466 3681 dubium
2511 3627 2806 3695 quidquam
2834 3627 2889 3682 in
2935 3627 3041 3683 hoc
3065 3627 3237 3682 videri
3261 3628 3681 3698 supposililium,
3704 3645 3828 3684 cum

2243 3717 2299 3773 in
2325 3718 2573 3787 catalogo
2606 3716 2932 3781 Gennadius,
2965 3733 3032 3772 ac
3056 3727 3179 3787 post
3217 3733 3341 3772 eum
3370 3717 3698 3774 Trithemius
3727 3721 3827 3774 ab-

2243 3807 2341 3864 bas
2378 3809 2484 3863 hoc
2509 3824 2646 3878 opus
2682 3808 3052 3876 inter-reliqua
3083 3806 3247 3879 [eux]
3277 3807 3394 3876 ejus
3419 3820 3744 3879 numerent,
3775 3820 3832 3867 et

2243 3901 2424 3954 omnia
2465 3900 2543 3955 sic
2587 3898 3100 3955 consentiuntinter
3124 3915 3213 3964 se,
3240 3909 3300 3956 et
3341 3917 3463 3959 cum
3494 3903 3579 3958 his
3606 3917 3831 3973 quoque

2207 4004 2363 4059 nqua‘.
2407 3989 2954 4060 superioribusaunis
3001 3989 3145 4045 edita
3195 3999 3606 4063 sunt,.quieque
3653 3995 3832 4051 adhuc

2244 4083 2524 4138 nobiscum
2579 4091 2704 4138 sunt
2754 4081 2992 4137 nondum
3047 4099 3281 4150 excusa,
3315 4092 3375 4139 ut
3411 4087 3624 4141 tametsi
3673 4088 3830 4145 titulo

2243 4175 2389 4230 fraus
2427 4173 2895 4240 commissa-foret,
2927 4177 3190 4231 orationis
3217 4177 3444 4246 qualitas
3472 4179 3652 4234 dolum
3685 4182 3829 4236 indi-

2243 4281 2368 4320 care
2397 4266 2715 4335 possit,.qua
2758 4265 2811 4319 in
2852 4280 2912 4320 re
2948 4267 3128 4335 magni
3157 4266 3363 4322 Erasmi
3392 4270 3701 4325 testimonio
3729 4289 3832 4328 nos

2209 4387 2212 4392 -
2243 4357 2485 4411 contenti
2505 4371 2708 4420 sumus,
2725 4357 2882 4425 quod
2904 4357 2950 4411 si
2971 4358 3110 4412 nolis
3137 4359 3364 4414 aliorum
3392 4361 3560 4415 oculis
3581 4376 3829 4432 cernere,

2239 4448 2366 4518 .ipse
2415 4448 2678 4517 expende:
2707 4450 2906 4504 omnia.
2949 4449 3102 4519 Vale,
3131 4451 3742 4522 Damianeadoctissime,
3773 4468 3832 4514 et

561 4540 788 4610 quisitas
834 4549 889 4593 et
933 4553 1117 4604 novas,
1151 4555 1530 4610 nonnunquam
1583 4544 1763 4608 etiam,
1791 4545 2136 4614 perniciosas,
2169 4525 2289 4605 δεῖ
2341 4540 2470 4610 quid
2522 4540 2699 4610 huius
2732 4542 3010 4611 scriptoris
3055 4543 3319 4612 reliquum
3351 4545 3492 4614 apud
3537 4554 3590 4600 te
3617 4556 3718 4613 cst,
3760 4549 3829 4603 da

562 4618 831 4685 aut'cer'te
859 4643 964 4682 non
993 4629 1214 4682 multum
1244 4629 1402 4686 u’ti‘les
1453 4633 1727 4689 inveniunt
1755 4653 1766 4688 :
1800 4635 1992 4691 famam
2023 4654 2140 4692 Ine-

559 4727 746 4774 I'entur
773 4721 910 4790 apud
933 4720 1215 4786 litteratos,
1247 4729 1302 4774 et
1327 4723 1553 4789 gratiam
1581 4740 1815 4794 quoque,
1846 4727 1937 4796 qui
1969 4729 2145 4783 instu-

559 4810 668 4867 diis
696 4813 933 4882 protanis
957 4821 1212 4868 exercent
1240 4813 1471 4882 ingenia,
1494 4825 1584 4870 aut
1605 4817 1689 4872 his
1719 4821 1987 4876 undelibet
2014 4838 2141 4892 pro-

563 4903 690 4957 sint.
723 4903 852 4969 Quis
871 4905 1014 4960 enim
1043 4913 1099 4960 et
1126 4904 1341 4974 quidem
1362 4921 1471 4961 non
1500 4907 1741 4978 impense
1768 4910 1913 4966 lavet
1939 4913 2030 4966 his.
2049 4914 2141 4983 qui

565 4992 707 5063 quod
754 4995 808 5046 in
853 4996 1136 5062 gentilibus
1181 4997 1528 5067 seriptoribus
1585 4998 1981 5069 desideramus,
2040 5005 2142 5060 etsi

563 5083 880 5138 Christianae
901 5087 1088 5154 pietati
1111 5105 1220 5145 non
1248 5090 1472 5144 multum
1500 5091 1782 5160 conducat,
1809 5095 2141 5164 reperiendis

565 5189 786 5244 operam
825 5177 1075 5232 sumunt?
1102 5177 1170 5233 Et
1214 5195 1343 5237 sane
1381 5181 1433 5236 in
1471 5183 1646 5252 aliqua
1690 5184 1935 5240 homines
1978 5186 2139 5240 situm

565 5265 730 5320 rebus
754 5265 1012 5337 publicis,
1044 5276 1099 5322 et
1127 5274 1355 5338 posteris
1390 5284 1662 5344 utcunque
1692 5275 1966 5344 prodesse,
1991 5275 2138 5344 quod

564 5359 681 5414 sive
707 5358 861 5414 fama:
887 5359 1183 5430 cupiditate
1203 5364 1492 5434 sollicitati,
1512 5368 1625 5423 sive
1645 5367 1904 5422 mercede
1918 5367 2139 5422 adducti

567 5448 822 5516 cﬂieiant,
854 5450 1018 5506 modo
1047 5455 1348 5507 communis
1374 5459 1579 5514 utilitas
1607 5458 1934 5525 obtineatur,
1957 5457 2138 5514 debita

567 5554 662 5595 sua
690 5539 852 5595 laude
882 5541 1100 5595 minime
1127 5548 1252 5595 sunt
1278 5541 1580 5601 fraudandi.
1608 5548 1677 5602 At
1703 5555 1905 5618 quanto
1935 5549 2141 5618 majore

533 5629 536 5634 ’
567 5630 944 5686 benevolentia
971 5646 1161 5687 eorum
1206 5639 1462 5688 conatum
1477 5645 1892 5706 prosequemur,
1924 5654 2139 5695 succes-

568 5723 715 5780 sibus
761 5723 1031 5781 liberalius
1076 5724 1493 5792 gratulabimur,
1521 5729 1611 5791 qui
1650 5729 1788 5783 hunc
1819 5730 2055 5786 laborem
2087 5731 2139 5784 in

2247 4649 2468 4704 operam
2519 4642 2579 4688 ut
2621 4633 2930 4704 propediem
2980 4635 3034 4688 iu
3067 4635 3258 4690 lucem
3284 4637 3484 4691 veniat.
3518 4635 3650 4704 Quis
3682 4640 3832 4694 enim

2221 4725 2618 4778 abstrusorum
2646 4721 2884 4777 fructus?
2914 4722 3154 4780 Studiosi
3200 4725 3514 4782 Christiana:
3543 4727 3832 4797 theologia:

2248 4814 2556 4867 multumse
2587 4811 2680 4866 tibi
2708 4811 3341 4869 debere-existimabunt.
3374 4815 3612 4872 Coloniae
3642 4833 3709 4872 ex
3743 4828 3831 4891 ty-

2245 4901 2538 4972 pographia
2573 4909 2767 4956 nostra
2812 4917 2953 4958 anno
2983 4919 3012 4956 a
3042 4903 3295 4972 Virgian
3342 4917 3498 4976 partu
3528 4908 3832 4964 millesimo

2247 4994 2690 5064 quingentesimo
2705 4993 2978 5048 tricesimo
2999 4995 3208 5062 quinto,
3241 4995 3418 5053 idibus
3440 4996 3582 5052 Maii.

2712 5105 2968 5161 -SIXTUS
3003 5107 3345 5164 SENENSIS.

2244 5198 2318 5254 Ine
2343 5199 2590 5254 Bibliotlt.
2616 5216 2770 5254 sacra
2796 5199 2896 5254 Pio
2925 5199 2981 5322 Vi
2991 5202 3231 5324 ἒὲιὲιίρσὶ
3241 5203 3474 5258 maxime
3491 5203 3664 5256 dicata
3691 5221 3831 5259 anno

2314 5361 2602 5426 Maximus,
2623 5359 2968 5416 Taurinensis
2996 5360 3250 5416 Ecclesia:
3278 5363 3587 5435 episcopus,
3617 5373 3832 5418 sancta-

2242 5470 2359 5508 rum
2407 5453 2801 5524 Scripturarum
2852 5453 3203 5522 peritissimus
3232 5463 3288 5509 et
3314 5457 3696 5527 extemporalis
3739 5457 3832 5511 de-

2242 5546 2504 5599 clamator
2519 5543 2876 5608 admirabilis,
2902 5544 3115 5614 scripsit
3135 5545 3568 5614 elegantissimas.
3583 5546 3833 5603 homilias

2243 5639 2298 5694 in
2345 5639 2523 5692 varios
2571 5638 2846 5706 utriusque
2877 5636 3205 5692 Testamenti
3245 5638 3409 5694 locos.
3462 5637 3686 5696 Moritur
3731 5639 3834 5696 sub

2245 5731 2560 5789 Theodosio
2574 5730 2796 5786 Maiore
2819 5744 2960 5786 amo
2992 5730 3201 5786 Domini
3219 5728 3350 5785 ἰεῦ.
