4138 6186
560 263 660 321 167

1384 258 1789 315 TESTIMONIA
1825 255 2264 314 SCRIPTORCM
2304 256 2973 317 ECCLESIASTICORUM

3703 262 3816 318 ’168

557 385 670 447 νοτε
699 376 862 430 cibum
889 375 994 430 Deo
1025 374 1260 447 agendis,
1291 375 1552 445 ipsissizna
1580 382 1702 428 sunt
1729 371 1988 426 Gennadii
2020 386 2140 424 ver-
2173 374 2218 428 A
2249 372 2360 439 ipse
2385 373 2639 442 incidere,
2663 374 2798 428 vela
2828 374 3020 444 quibus
3048 373 3226 430 hausit
3244 372 3555 445 Capreolus,
3589 373 3814 430 Vincen-

559 467 625 521 ba
673 466 747 520 De
793 468 1009 520 avaritia
1057 465 1290 532 vitanda,
1322 475 1368 518 et
1399 465 1462 517 de
1491 483 1547 518 eo
1571 466 1706 536 quod
1735 465 1986 534 scriptum
2015 471 2090 516 est
2123 477 2139 514 :

562 555 730 609 Erant
757 557 829 610 eis
859 558 1029 610 onmia
1059 558 1369 609 communia.
1406 555 1690 624 Reperitur
1712 554 1874 625 apud
1916 554 2143 607 Ambro—

560 649 697 703 sium
728 665 886 703 serui.
911 649 978 702 9.1
1009 649 1086 702 De
1114 647 1277 702 verbis
1306 649 1568 719 Apostoli;
1598 663 1718 702 esse
1749 655 1926 701 tamen
1955 644 2142 714 genui-

563 756 686 795 nam
717 741 930 796 Maximi
958 741 1229 795 homiliam
1253 741 1505 795 discimus
1532 755 1600 795 ex
1627 738 1924 794 Gennadio.

633 832 877 887 Secunda
907 831 984 886 De
1009 833 1184 886 eodem
1217 841 1538 901 argumento.
1572 831 1648 884 De
1671 829 2004 900 elcemosynis
2032 827 2141 880 lar-

564 925 761 995 giendis
792 925 1017 978 homiliw
1044 924 1104 988 9;
1152 940 1219 978 ex
1247 922 1545 977 Gennadio.
1589 921 1668 976 De
1701 921 2049 992 hospitalitate
2079 920 2138 984 l;

565 1029 632 1068 ex
661 1015 871 1068 eodem.
910 1014 988 1067 De
1027 1015 1227 1086 defectu
1257 1015 1424 1080 (ante;
1463 1029 1530 1068 ex
1559 1013 1767 1067 eodem.
1802 1011 1880 1064 De
1911 1029 1968 1066 eo
2005 1009 2140 1081 quod

565 1107 809 1175 scriptam
838 1115 914 1159 est
943 1106 993 1159 in
1037 1103 1202 1168 Isaia,
1235 1123 1350 1176 cap.
1393 1121 1408 1159 ι
1442 1122 1454 1157 :
1501 1103 1772 1174 Caupones
1816 1101 1891 1154 tui
1927 1101 2142 1154 miscent

565 1214 754 1268 aquam
801 1198 936 1251 vino.
991 1196 1222 1251 Consule
1269 1195 1636 1259 Gennadium,
1697 1193 1787 1262 qui
1834 1193 2140 1260 singulatim

567 1305 703 1360 pene
750 1305 936 1343 omnes
985 1290 1102 1344 illas
1150 1289 1352 1357 legerat
1397 1289 1675 1352 homilias,
1727 1295 1782 1340 et
1833 1285 2138 1339 criticorum

567 1388 872 1432 nostrorum
901 1378 1128 1432 osbtruit
1169 1376 1249 1443 os',
1279 1376 1664 1444 audaciamque
1703 1372 2029 1442 comprimit.

794 1508 1091 1563 JOANNES
1129 1506 1489 1562 ALBERTUS
1526 1505 1907 1561 FABRICIUS.

637 1598 702 1652 In
734 1598 1048 1653 Bibliotheca
1076 1599 1422 1653 ecclesiastica
1450 1598 1752 1668 Antuerpia:
1781 1615 1871 1650 an.
1909 1594 2066 1650 1659.

2245 468 2349 520 tius
2377 465 2687 533 Bandellus,
2715 477 2818 522 etc.
2851 466 3120 538 Quidquid
3149 468 3217 522 sit
3247 468 3315 522 de
3344 467 3449 522 loci
3477 468 3620 522 illius
3641 475 3823 522 aucto-

2242 559 2400 612 ritate
2429 567 2521 612 aut
2548 560 2778 614 veritate
2807 559 3188 632 inscriptionis,
3214 560 3281 614 de
3301 559 3495 630 quibus
3511 559 3675 613 nolim
3697 576 3817 614 con-

2240 649 2482 714 tendere,
2515 665 2582 704 ne
2623 650 2766 704 hunc
2801 665 2830 702 a
2869 666 2954 703 me
3003 651 3082 705 sic
3129 650 3449 720 productum
3490 665 3818 715 sermonem,

2241 740 2463 808 antiquo
2505 739 2630 793 licet
2663 739 2870 804 codice,
2903 741 3073 795 ausim
3103 741 3324 795 omnino
3357 739 3593 794 Maximo
3629 741 3816 795 Tauri-

2242 831 2393 885 nensi
2429 846 2694 886 asserere.
2789 865 2795 871 ο

2593 921 2757 995 [om]
2795 921 3229 977 GUILLELMUS
3266 921 3464 976 CAVE.

2317 1012 2566 1102 riptorum
2609 1013 3070 1086 ecclesiasticarum
3125 1012 3361 1066 Historia
3408 1013 3664 1067 litterario
3717 1029 3818 1066 sec.

2323 1081 2349 1102 λ
2384 1092 2471 1102 --.ᾼ
2514 1085 2679 1102 ξ-..μμ
2708 1081 2934 1102 ΙἾ-1-..9,-
2973 1083 3040 1102 All
3081 1081 3101 1102 Ι.
3146 1101 3157 1102 κ
3205 1099 3281 1102 ...μ
3313 1081 3444 1102 1—00
3488 1100 3582 1102 ..κᾉ
3627 1081 3729 1102 ann

2313 1081 2684 1136 Nestorianam
2706 1081 2936 1136 Coloniae
2956 1081 3286 1154 Allobrogum
3310 1081 3462 1148 1720,
3481 1100 3603 1152 pag.
3627 1081 3752 1135 260.

2314 1191 2596 1256 Maximus,
2630 1191 2771 1246 unde
2797 1192 3073 1258 oriundus,
3105 1193 3386 1258 incertum,
3413 1192 3663 1260 Augusta:
3685 1191 3822 1246 Tau-

2241 1282 2481 1336 rinorum
2513 1282 2565 1336 in
2590 1279 2763 1335 Gallia
2787 1280 3100 1351 Subalpina,
3133 1297 3290 1352 quam
3321 1281 3482 1335 hodie
3522 1281 3824 1336 Pedemon-

2243 1383 2423 1428 tanam
2454 1382 2686 1439 vocant,
2729 1376 3028 1445 episc0pus.
3062 1374 3264 1429 Claruit
3290 1391 3376 1428 an.
3421 1373 3541 1427 422.
3570 1375 3732 1441 Idem,
3766 1387 3822 1429 ut

2243 1465 2469 1528 videtur,
2502 1463 2801 1529 Maximus,
2851 1467 2941 1534 qui
2989 1466 3192 1536 synodo
3234 1465 3572 1520 Arausicance
3613 1466 3820 1535 (inqua

2240 1569 2477 1608 canones
2499 1554 2704 1624 aliquot
2721 1555 3059 1626 disciplinam
3080 1555 3493 1610 ecclesiasticam
3515 1553 3822 1625 spectantes

2241 1643 2442 1696 conditi
2484 1643 2631 1711 sunt)
2682 1659 2771 1698 an.
2822 1643 2918 1696 441
2955 1643 3224 1710 interfuit;
3256 1645 3511 1699 intererat
3540 1645 3703 1699 etiam
3729 1661 3816 1698 an.

2241 1009 2312 1066 Sc

636 1712 862 1766 Sanetus
900 1711 1163 1804 Minimus
1189 1711 1443 1804 Αυὲυειίε
1463 1711 1824 1804 Ῑιιιινῑιιο-τυω
1870 1711 1934 1804 in,
1965 1709 2138 1804 Pedc‘
2175 1730 2219 1788 B
2246 1729 2342 1784 451
2377 1733 2582 1804 synodo
2605 1709 3018 1799 Mediolanensi;
3043 1749 3162 1789 cum
3194 1735 3430 1804 episcopi
3467 1736 3822 1804 provinciales

568 1812 820 1857 montana
860 1803 1078 1870 regione
1107 1803 1418 1872 episcopus,
1462 1781 1844 1872 Martyrologio
1887 1803 2141 1869 vigesima

567 1896 752 1966 quinta
781 1895 922 1948 Junii
945 1895 1225 1964 ascriptus,
1256 1893 1493 1947 interfuit
1521 1893 1729 1964 synodo
1757 1892 2143 1948 Mediolanensi

567 1989 669 2040 sub
696 1986 943 2050 Eusebio,
968 1994 1022 2039 et
1043 1985 1287 2037 Romano
1309 1985 1539 2038 concilio
1567 1984 1633 2037 ab
1664 1983 1866 2037 Hilario
1895 1998 2032 2053 papa
2054 1997 2144 2037 ce-

566 2077 794 2141 lebrato,
835 2076 1091 2130 Basilisco
1135 2083 1188 2128 et
1217 2074 1587 2130 llerminerico
1612 2091 1777 2138 coss.,
1809 2077 1913 2131 hoc
1941 2084 2021 2130 est
2051 2091 2139 2130 an.

566 2166 689 2220 465.
715 2166 992 2220 Labantur
1016 2179 1142 2232 ergo
1165 2165 1256 2233 qui
1287 2165 1524 2219 scribunt
1554 2165 1726 2234 ipsum
1749 2165 1947 2221 obiisse
1968 2165 2147 2219 Hono-

566 2259 648 2312 rio
676 2265 731 2311 et
759 2256 1059 2310 Theodosio
1087 2254 1308 2309 Juniore
1350 2256 1754 2326 imperantibus.
1787 2255 1918 2308 Nam
1962 2255 2141 2310 Theo-

566 2346 750 2399 dosius
776 2345 965 2398 Junior
993 2345 1254 2411 regnabat
1279 2345 1657 2399 Valentiniano
1685 2344 1750 2398 Ill
1779 2355 1833 2399 et
1861 2343 2141 2400 Gennadio

569 2434 772 2489 Avieno
793 2435 1118 2498 consulibus,
1143 2443 1278 2488 teste
1299 2433 1622 2488 Cassiodoro
1647 2435 1697 2488 in
1723 2433 2010 2490 Chronico.
2033 2435 2147 2490 Cte-

567 2534 740 2580 terum
772 2525 828 2579 S.
859 2525 1073 2578 Maximi
1104 2525 1335 2578 bomilim
1358 2524 1594 2579 Colonim
1613 2541 1699 2578 an.
1734 2524 1893 2592 1555,
1921 2534 1977 2580 et
2006 2525 2141 2577 1561

568 2616 751 2670 Roma:
781 2615 985 2670 fuerant
1008 2616 1306 2686 publicatae.
1333 2614 1409 2668 Ex
1431 2616 1626 2683 quibus
1654 2632 1758 2669 non
1781 2631 1963 2686 pauca:
1985 2617 2140 2671 titulo

569 2708 834 2762 Ambrosii
863 2708 996 2762 falso
1025 2715 1149 2761 sunt
1177 2706 1352 2771 edittc,
1386 2715 1444 2759 ut
1471 2705 1748 2760 Costerius
1776 2713 1830 2761 et
1858 2705 2138 2760 Bellarmi-

569 2813 668 2852 nus
697 2799 1068 2853 observarunt.

781 2886 1200 2942 FRANCISCUS
1253 2885 1701 2941 COMBEFlSlUS
1749 2885 1813 2940 Ο.
1863 2885 1923 2940 Ρ.

676 2977 740 3031 1η
764 2977 1078 3031 Bibliotheca
1099 2979 1483 3032 concionatoria
1507 2977 1727 3032 Parisiis
1751 2995 1841 3032 an.
1875 2977 2029 3032 1662.

640 3089 868 3145 Sanctus
888 3089 1148 3144 Maximus
1171 3088 1512 3143 Taurinensis
1536 3091 1586 3144 iu
1609 3089 1914 3159 Subalpinis
1935 3090 2138 3160 episco-
2161 3089 2206 3150 C

571 3198 672 3253 pus
711 3180 889 3235 ﬂoruit
916 3179 1153 3234 Honorio
1193 3187 1247 3234 et
1276 3179 1578 3234 Theodosio
1611 3179 1831 3234 Juniore
1863 3181 2140 3247 regnanti-

569 3273 686 3337 bus,
721 3281 940 3326 auctore
981 3269 1278 3334 Gennadio,
1324 3278 1380 3323 ut
1421 3285 1541 3324 eum
1583 3270 1836 3340 produxit
1880 3269 2134 3323 Miratus:

568 3379 676 3433 quo
704 3362 908 3418 calculo
939 3361 1068 3414 nihil
1098 3367 1242 3414 vetat
1269 3362 1321 3414 in
1344 3376 1514 3414 annos
1544 3369 1687 3414 retro
1719 3360 1914 3430 plures,
1942 3360 2138 3430 produ-

567 3463 656 3510 cto
685 3453 1010 3514 sacerdotio,
1052 3451 1434 3506 Mediolanensi
1485 3452 1691 3522 synodo
1722 3451 1992 3506 Marciano
2035 3451 2137 3504 im-

565 3554 832 3618 peratore,
857 3553 910 3598 et
941 3544 1195 3597 llomanrc
1227 3543 1427 3598 llilario
1457 3559 1594 3613 papa
1622 3543 1872 3604 an,Dom.
1905 3541 2008 3594 465
2031 3543 2138 3612 (cui

565 3647 689 3708 post
718 3638 888 3707 ipsum
917 3637 1231 3706 subscripsit
1259 3637 1432 3690 anatis
1461 3637 1641 3706 potius
1673 3651 1832 3704 quam
1865 3635 2008 3690 sedis
2030 3636 2138 3704 pri-

564 3722 794 3802 yilegio)
843 3729 1164 3782 interfuisse.
1209 3727 1334 3795 Ejus
1383 3729 1667 3797 plerosque
1717 3743 2019 3791 sermones,
2075 3743 2139 3783 ac

565 3825 829 3886 quotquot
874 3826 1252 3871 suecurrerunt
1290 3818 1562 3871 memoria:
1605 3817 1910 3870 Gennadius
1945 3833 2136 3871 recen-

565 3909 703 3973 suit;
732 3923 960 3978 quorum
992 3917 1171 3962 tamen
1210 3908 1371 3978 aliqui
1395 3907 1699 3976 Augustini,
1726 3909 1886 3978 aliqui
1918 3908 2142 3964 Ambro-

565 3999 631 4053 sii
658 3997 996 4052 sermonibus
1021 3997 1294 4051 commixti
1325 4005 1470 4065 sunt,
1498 4013 1633 4065 quos
1661 3999 1772 4052 suis
1801 3999 1934 4052 locis
1957 3999 2136 4053 studui

566 4097 845 4142 annotare.
885 4086 942 4141 Id
979 4101 1105 4141 vero
1145 4102 1207 4141 ea
1249 4086 1445 4142 factum
1476 4090 1705 4156 ratione,
1749 4105 1853 4159 qua
1896 4090 2137 4160 pluribus

566 4181 792 4236 disserui
839 4181 890 4234 in
932 4189 1118 4236 sancto
1157 4179 1320 4236 Petro
1359 4181 1714 4254 Chrysologo,
1761 4182 1903 4252 quod
1933 4183 2137 4248 scilicet

567 4286 791 4339 qumque
821 4269 1061 4324 Ecclesia
1103 4287 1409 4325 sermonum
1457 4287 1678 4326 suorum
1725 4271 2002 4341 manipulo
2041 4286 2135 4326 eos

565 4361 664 4416 sibi
694 4361 970 4428 deligeret,
1012 4361 1102 4430 qui
1150 4376 1219 4415 ex
1267 4377 1364 4415 usu
1413 4362 1582 4429 magis
1628 4377 1748 4416 esse
1797 4362 2129 4429 viderentur,

564 4453 906 4524 quantumvis
947 4453 1061 4520 ipse
1107 4452 1428 4521 manipulus,
1477 4453 1717 4520 alterius,
1765 4453 1916 4521 cujus
1952 4452 2134 4523 plures

564 4553 765 4609 essent,
797 4549 887 4596 aut
908 4541 1166 4611 potiores,
1195 4556 1390 4595 nomen
1413 4543 1690 4611 prmferret
1713 4560 1724 4595 :
1751 4559 1978 4612 cumque
1998 4545 2133 4598 tanti

564 4635 690 4701 sint,
721 4647 950 4702 quorum
981 4647 1257 4685 sermones
1297 4632 1452 4685 titulo
1482 4633 1711 4700 variant,
1742 4634 1841 4688 viri
1877 4635 2023 4689 docti
2070 4651 2134 4690 ac

564 4725 758 4791 sancti,
789 4738 888 4778 nec
915 4730 1073 4776 tctate
1112 4721 1248 4775 adeo
1279 4720 1472 4784 dissiti,
1507 4737 1693 4791 parum
1737 4723 2026 4779 admodum
2066 4741 2132 4780 ex

565 4811 874 4868 confusione
903 4813 985 4867 his
1007 4811 1234 4867 decedit.
1267 4810 1430 4865 Plane
1458 4827 1585 4865 vero
1615 4814 1888 4880 elegantes
1916 4825 2041 4870 sunt
2071 4833 2134 4870 ac

565 4899 693 4953 culti
721 4917 995 4959 sermones
1025 4903 1258 4957 Maximi.
1287 4901 1491 4957 Novum
1514 4903 1683 4971 adjcci
1714 4906 1781 4958 ad
1807 4905 1999 4960 festum
2024 4907 2132 4961 Na-

569 4990 786 5043 tivitatis
821 5003 1016 5049 sanctae
1047 4995 1222 5049 Mariae
1250 5009 1316 5048 ex
1358 4995 1627 5049 codicibus
1659 4994 1842 5051 Sancti
1879 4996 2132 5054 Germani

569 5078 860 5150 Pratensis,
891 5085 1044 5139 titulo
1069 5088 1118 5140 in
1153 5086 1394 5155 ejusdem
1424 5087 1820 5158 Assumptione,
1853 5105 1975 5143 cum
2018 5106 2137 5161 spe-

567 5181 679 5228 ctet
727 5174 895 5240 magis
949 5174 1016 5227 ad
1068 5177 1257 5232 festum
1311 5174 1776 5248 Annuntiationis,
1833 5182 1984 5250 cujus
2037 5199 2132 5238 oc-

568 5263 785 5318 casione
827 5279 932 5318 non
971 5265 1112 5320 male
1155 5277 1286 5335 puto
1335 5270 1517 5338 intuli,
1562 5287 1666 5325 non
1703 5271 1820 5326 falsi
1857 5288 2133 5327 arcessen-

567 5354 693 5408 dum
721 5353 1032 5424 Cajetanum
1071 5373 1254 5426 opuse.
1289 5359 1355 5414 de
1393 5362 1651 5433 Concept.
1693 5373 1891 5420 sancta:
1931 5363 2129 5431 Marizc,

567 5447 709 5516 quod
729 5447 904 5502 locum
930 5464 994 5504 ex
1015 5444 1264 5503 Sermone
1284 5455 1453 5508 sancti
1475 5453 1690 5510 Maximi
1720 5456 1771 5509 in
1794 5457 2130 5528 Assumptio-

565 5551 690 5593 nem
717 5546 913 5593 sancta:
940 5538 1120 5594 Mariae
1150 5539 1354 5605 allerat,
1386 5544 1476 5610 qui
1504 5559 1681 5602 sermo
1715 5547 1868 5602 nobis
1896 5562 2002 5601 non
2033 5562 2129 5601 ex-

565 5634 692 5685 stat.
724 5628 904 5688 Potuit
946 5635 1086 5690 enim
1119 5635 1167 5688 in
1213 5649 1512 5690 sermonem
1544 5638 1618 5692 sic
1657 5647 2012 5708 pnenotatum
2046 5639 2129 5694 vel

2245 1824 2420 1878 coacti
2441 1833 2585 1889 sunt,
2617 1833 2676 1878 ut
2702 1839 2820 1892 quae
2849 1823 2960 1879 Leo
2983 1840 3118 1895 papa
3146 1825 3211 1879 al
3236 1825 3543 1879 Flavianum
3566 1826 3822 1881 adversus

2245 1910 2537 1984 Eutychen:
2579 1914 2884 1983 scripserat,
2915 1917 3180 1969 sententia
3208 1931 3304 1970 sua
3349 1916 3684 1970 roborarett.
3719 1917 3824 1970 De-

2244 2004 2406 2072 nique
2433 2004 2662 2058 concilio
2687 2003 2931 2059 Romano
2959 2005 3010 2058 in
3042 2006 3205 2060 natali
3228 2005 3413 2059 Hilarii
3436 2021 3584 2076 papa:
3603 2023 3690 2060 an.
3717 2006 3824 2059 435

2244 2095 2541 2157 celebrato,
2572 2095 2625 2148 in
2653 2111 2759 2166 quo
2788 2095 2855 2150 de
2883 2097 3149 2166 episc0pis
3173 2113 3512 2152 successores
3533 2113 3659 2151 suos
3681 2099 3822 2152 desi-

2243 2189 2528 2257 gnantibus
2554 2189 2777 2258 aliisque
2798 2190 3170 2259 episcoporum
3194 2190 3368 2244 causis
3389 2189 3658 2258 agebatur.
3687 2189 3823 2245 lluic

2243 2281 2472 2336 concilio
2514 2282 2688 2350 primo
2717 2281 2837 2336 loco
2879 2289 3002 2351 post
3030 2281 3330 2335 Romanum
3363 2283 3665 2351 pontiﬁcem
3695 2282 3822 2336 sub-

2242 2371 2454 2440 scripsit
2482 2370 2742 2426 Maximus
2771 2379 2972 2438 n0ster,
3015 2371 3170 2441 idque
3201 2388 3264 2425 ex
3296 2380 3472 2427 mente
3506 2373 3718 2428 Baronii
3749 2373 3818 2428 ob

2245 2461 2650 2528 prmrogativam
2678 2462 2850 2516 anatis
2879 2461 2931 2514 iu
2956 2463 3266 2532 episcopatu
3291 2463 3514 2531 agentis.
3549 2463 3702 2518 Anno
3732 2480 3819 2518 se-

2243 2553 2426 2617 quenti
2451 2552 2648 2607 obiisse
2669 2553 2880 2607 dicitur.
2907 2553 3058 2618 Quod
3082 2569 3208 2608 vero
3229 2554 3406 2624 plures
3427 2553 3686 2609 Gennadii
3707 2555 3819 2610 edi-

2243 2641 2417 2696 tiones
2436 2642 2664 2707 habent,
2685 2645 2912 2698 moritur
2932 2643 3169 2700 Honorio
3199 2655 3253 2700 et
3276 2645 3576 2701 Theodosio
3597 2645 3818 2700 Juniore

2243 2732 2616 2799 regnantibus;
2648 2733 2858 2789 Mincus
2887 2735 2939 2788 in
2971 2750 3064 2789 sua
3108 2734 3367 2790 Gcnnalii
3415 2737 3668 2800 editione,
3719 2754 3818 2808 pro

2243 2821 2476 2884 moritur,
2509 2825 2877 2892 reponendum
2915 2825 3102 2889 duxit,
3155 2828 3367 2896 ﬂoruit;
3401 2828 3543 2897 quod
3585 2837 3640 2883 et
3693 2831 3819 2886 ante

2240 2909 2475 2968 Mirmum
2500 2923 2785 2971 monuerat
2807 2917 3096 2986 Baronius;
3128 2920 3380 2975 monium
3410 2921 3614 2977 scilicet
3644 2923 3696 2976 in
3719 2939 3817 2978 co-

2243 3003 2362 3059 dice
2392 3004 2691 3076 irrepsisse.

2521 3097 2535 3112 ‘
2947 3094 3189 3135 SCRIPTA.

2772 3170 3018 3226 Romilio:
3047 3173 3307 3229 hiemales.

2309 3280 2391 3336 De
2419 3283 2636 3336 adventa
2662 3283 2872 3340 Domini
2901 3287 3038 3340 hom.
3071 3287 3121 3342 2.

2312 3371 2378 3426 In
2401 3373 2590 3446 vigiliis
2618 3373 2833 3430 Natalis
2873 3377 3084 3433 Domini
3132 3380 3371 3448 homilia,
3416 3395 3534 3451 qua:
3581 3391 3637 3437 et
3677 3385 3820 3439 inter

2239 3463 2622 3521 Ambrosianas
2651 3470 2917 3536 reperitur
2947 3487 3092 3524 num.
3127 3472 3211 3525 15.

2311 3552 2377 3606 1η
2405 3551 2592 3607 Natali
2619 3553 2830 3608 Domini
2857 3556 3084 3611 honnlia:
3122 3557 3174 3623 6,
3218 3574 3284 3613 ex
3325 3559 3408 3615 his
3438 3562 3609 3630 prima
3639 3572 3723 3616 est
3748 3561 3814 3614 l3

2237 3642 2378 3698 inter
2397 3642 2795 3712 Ambrosianas,
2814 3644 2878 3698 14
2897 3647 3038 3700 inter
3057 3648 3336 3716 Augustini
3359 3650 3425 3704 de
3447 3649 3710 3722 Tempore
3732 3660 3817 3706 est

2236 3734 2488 3789 secunda.

2310 3825 2374 3878 In
2403 3828 2788 3880 circumcisione
2814 3824 3026 3880 Domini
3052 3828 3283 3884 homilia.

2309 3913 2373 3967 In
2403 3914 2701 3986 Epiphania
2728 3916 2938 3971 Domini
2966 3917 3105 3972 hom.
3139 3918 3192 3986 8,
3223 3935 3450 3989 quarum
3479 3923 3708 3994 septima
3730 3936 3815 3982 est

2236 4004 2303 4058 Ξῖ
2329 4007 2470 4060 inter
2496 4007 2774 4074 Augustini
2801 4007 2866 4062 de
2890 4007 3176 4078 Tempore.

2308 4093 2385 4148 De
2400 4095 2606 4165 jejunio
2633 4093 3054 4167 Quadragesima:
3081 4098 3217 4152 hom.
3251 4100 3304 4152 4.

2307 4189 2372 4244 1η
2398 4192 2655 4246 dominica
2688 4193 2741 4244 in
2781 4192 2955 4246 Rantis
2985 4193 3214 4261 homilia,
3244 4209 3362 4264 quae
3385 4205 3467 4251 est
3489 4199 3646 4252 tertia
3675 4199 3815 4254 inter

2236 4277 2641 4334 Ambrosianas.

2304 4370 2383 4426 De
2412 4375 2743 4428 accusatione
2782 4373 2992 4430 Domini
3033 4376 3172 4446 apud
3191 4376 3421 4432 Pilatum
3449 4380 3584 4433 hom.
3611 4379 3663 4446 2,
3687 4396 3815 4450 qua-

2161 4441 2210 4502 D
2239 4478 2356 4515 rum
2377 4464 2550 4532 prima
2579 4472 2662 4518 est
2704 4463 2772 4517 49
2802 4465 2944 4520 inter
2971 4441 3354 4522 Ambrosianas
3378 4507 3392 4531 ,
3434 4478 3488 4523 et
3526 4469 3626 4524 118
3650 4441 3814 4527 inter

2237 4551 2521 4619 Augustini
2543 4553 2608 4609 de
2640 4554 2924 4625 Tempore,
2957 4557 3188 4612 secunda
3217 4568 3299 4614 est
3323 4558 3388 4612 50
3418 4561 3556 4615 inter
3586 4560 3814 4617 Ambro-

2232 4657 2432 4698 813085.

2307 4732 2387 4787 De
2413 4736 2685 4804 passione,
2717 4753 2884 4798 cruce,
2931 4745 2979 4790 et
3026 4739 3291 4808 sepultura
3335 4740 3545 4796 Domini
3589 4744 3724 4797 hom.
3757 4744 3813 4810 4,

2235 4835 2463 4889 quarum
2483 4823 2652 4892 prima
2677 4833 2758 4878 est
2782 4823 2866 4890 55,
2893 4836 2948 4879 et
2975 4827 3207 4882 secunda
3227 4837 3309 4883 est
3329 4828 3413 4896 56,
3441 4831 3596 4885 tertia
3621 4840 3704 4887 est
3725 4831 3811 4901 57,

2240 4924 2296 4971 et
2318 4924 2469 4970 sexta
2495 4927 2580 4972 est
2608 4916 2674 4970 58
2703 4918 2842 4973 inter
2869 4919 3264 4976 Ambrosianas.

2312 5005 2392 5060 De
2420 5007 2479 5063 S.
2506 5008 2753 5073 Latrone,
2782 5007 2935 5063 Petro
2974 5011 3229 5080 apostolo,
3275 5021 3326 5066 et
3361 5012 3568 5067 Ancilla
3601 5015 3812 5067 ostiaria

2240 5098 2378 5152 hom.
2412 5098 2476 5165 4,
2519 5115 2638 5169 qua:
2683 5102 2822 5156 inter
2867 5102 3246 5160 Ambrosianas
3285 5107 3624 5175 reperiuntur
3665 5123 3808 5160 num.

2239 5187 2327 5255 44,
2353 5187 2448 5255 45,
2473 5187 2542 5243 46
2569 5197 2623 5244 et
2650 5189 2739 5244 47.

2745 5325 2993 5382 Ηοηιίιίω
3020 5327 3291 5383 ωδιὶιιαιεε.

2311 5460 2375 5514 In
2404 5461 2726 5515 solemnitate
2756 5459 3000 5516 Paschali
3021 5462 3156 5517 hom.
3189 5461 3251 5528 5,
3282 5476 3509 5532 quarum
3541 5462 3705 5531 jrima
3733 5469 3812 5516 est
3867 5445 3870 5447 Δ

2237 5551 2328 5622 51,
2351 5552 2508 5606 tertia
2528 5560 2610 5608 est
2629 5550 2720 5620 49,
2744 5560 2934 5620 quarta
2954 5565 3036 5610 est
3053 5553 3140 5623 55,
3163 5554 3395 5612 secunda
3415 5562 3497 5611 est
3520 5553 3612 5624 52,
3627 5553 3813 5625 quinta

2237 5651 2319 5699 est
2348 5643 2487 5700 inter
2507 5643 2575 5700 54
2604 5643 2998 5700 Ambrosianas.
