4138 6186
344 273 441 326 169

1518 261 1601 317 DE
1637 259 1694 316 ὃ.
1738 254 2006 314 MAXIMO
2044 251 2472 310 TAURINENSI.

3507 249 3604 305 170

413 387 478 441 In
507 385 833 440 solemnitate
871 383 1200 438 Pentecostes
1247 383 1384 436 hom.
1416 381 1471 449 '5,
1513 394 1633 450 qua:
1659 383 1928 433 habentur
1955 378 2005 432 Α
2032 370 2167 426 adeo
2193 370 2424 424 difﬁcilis
2450 376 2532 424 est
2560 367 2626 422 de
2655 367 2719 422 iis
2740 363 3070 436 conjectura,
3093 371 3153 420 ut
3179 367 3384 422 auctori
3407 381 3507 422 suo
3535 369 3602 439 (si

337 482 480 535 inter
505 473 888 532 Ambrosianas
917 490 1064 528 num.
1091 473 1180 539 60,
1211 473 1274 525 61
1308 480 1363 526 et.
1389 470 1472 525 62,

848 584 1093 639 Homilia:
1121 585 1184 636 de
1211 583 1421 636 sanctis.

417 701 483 755 In
512 699 680 754 natali
707 699 811 751 divi
849 694 1103 766 Stephani
1153 691 1398 758 homilia;
1440 692 1632 760 quinta.
1665 697 1748 744 est
1786 689 1926 743 inter

345 793 628 862 Augustini
656 789 904 844 homilias
931 787 996 840 de
1025 787 1238 840 sanctis.

416 885 484 938 In
508 883 675 937 natali
705 883 834 935 dives
861 881 1073 950 Agnetis
1105 877 1338 931 Itomilia.

420 977 485 1029 In
511 975 778 1028 natit'itate
819 972 921 1024 divi
943 970 1163 1023 Joannis
1190 968 1435 1037 Baptista:
1463 965 1600 1019 ltom.
1633 964 1683 1017 5.

422 1066 485 1120 In
517 1065 684 1116 natali
728 1062 833 1116 SS.
872 1061 1016 1113 Petri
1056 1067 1102 1112 et
1131 1058 1284 1110 Pauli
1313 1056 1661 1126 apostolorum
1703 1051 1838 1106 ltom.
1874 1050 1925 1116 5,

350 1174 570 1229 quarum
595 1156 781 1210 ultima
804 1161 887 1208 est
908 1153 975 1204 27
999 1153 1138 1205 inter
1159 1149 1434 1217 Augustini
1456 1147 1522 1201 de
1545 1145 1762 1210 sanctis,
1786 1151 1841 1197 et
1864 1141 1930 1195 56

350 1251 486 1304 inter
513 1245 916 1300 Ambrosianas.

420 1339 486 1392 In
515 1337 684 1390 natali
712 1335 814 1387 clivi
845 1331 1113 1384 Laurentii
1144 1328 1385 1398 martyris
1416 1327 1550 1379 hom.
1577 1325 1630 1378 '5.

425 1431 488 1483 In
517 1429 683 1483 natali
713 1427 814 1480 divi
848 1422 1056 1477 Eusebii
1094 1421 1428 1474 Vercellensis
1459 1417 1682 1489 episcopi
1712 1417 1847 1471 hom.
1873 1413 1930 1481 2,

350 1537 578 1594 quarum
605 1518 875 1588 posterior
897 1523 980 1570 est
1010 1513 1075 1565 69
1105 1515 1247 1566 inter
1270 1511 1667 1564 Ambrosianus.

424 1613 490 1667 1η
520 1611 685 1664 natali
727 1609 825 1661 dici
862 1605 1108 1675 Cypriani
1138 1604 1273 1657 Itom.
1305 1601 1359 1668 2,
1391 1615 1511 1669 qua:
1545 1600 1684 1653 inter
1703 1597 1933 1651 Ambro-

353 1706 529 1760 sianas
557 1708 684 1757 sunt
705 1715 850 1752 num.
886 1696 954 1748 72
980 1703 1033 1749 et
1062 1695 1147 1748 75.

425 1794 668 1864 Infestis
706 1790 806 1843 divi
848 1787 1117 1840 Michaelis
1143 1827 1157 1852 ,
1208 1799 1324 1854 qua:
1372 1783 1511 1837 inter
1558 1779 1934 1834 Ambrosianas

354 1893 436 1939 est
467 1884 550 1937 10.

860 1947 1105 2002 Homilia:
1124 1945 1187 1998 de
1210 1945 1439 1998 diversis.

426 2062 501 2116 De
527 2062 851 2132 expositione
878 2057 1094 2128 symboli
1124 2056 1352 2108 homilia.

427 2154 502 2208 De
529 2171 634 2207 non
678 2151 961 2205 metuendis
1010 2147 1304 2202 carnalibus
1347 2143 1572 2199 hostibus
1598 2186 1612 2211 ,
1661 2153 1711 2196 et
1756 2144 1935 2212 gratiis

354 2254 466 2316 post
487 2245 655 2297 cibum
681 2243 894 2314 agendis
919 2241 1052 2294 hom.
1072 2239 1126 2305 2,
1149 2239 1287 2292 inter
1308 2236 1684 2292 Ambrosianus
1705 2250 1848 2289 num.
1870 2232 1939 2286 42

356 2350 410 2392 et
438 2339 522 2391 15.

428 2429 504 2481 De
534 2428 755 2480 avaritia
781 2425 993 2479 vitanda
1021 2424 1157 2478 hom.
1187 2422 1240 2476 2.

430 2520 503 2573 De
525 2520 864 2588 eleemosgnis
889 2517 1170 2587 largiendis
1202 2515 1338 2569 hom.
1366 2513 1415 2566 2.

428 2608 504 2661 De
533 2608 887 2678 hospitalitate
919 2607 1152 2659 homilia.

430 2700 508 2754 De
533 2702 740 2771 defectu
772 2699 907 2751 luna:
929 2698 1063 2750 hom.
1100 2695 1150 2748 1.

428 2792 753 2868 Super_illud
774 2791 921 2844 Isaia:
948 2808 960 2841 :
996 2789 1264 2858 Caupones
1291 2787 1364 2839 tui
1391 2787 1601 2839 miscent
1620 2798 1804 2855 aquam
1825 2782 1939 2836 vino

359 2886 589 2940 humilia.

429 2974 616 3050 [cun]
647 2945 826 3028 ’I’orro
855 2988 1034 3027 sermo
1065 2972 1204 3026 inter
1226 2969 1641 3038 Augustinianos
1666 2967 1732 3021 de
1753 2965 1941 3021 Verbis

358 3067 570 3121 Domini
603 3063 690 3131 19,
721 3072 775 3118 et
804 3065 945 3116 inter
973 3061 1352 3116 Ambrosianos
1398 3061 1428 3112 7
1453 3102 1467 3126 ,
1511 3067 1567 3113 et
1596 3058 1663 3112 de
1690 3057 1812 3111 Vita
1841 3056 1936 3110 SS.
1969 3093 2013 3150 α

359 3165 580 3227 martyr.
606 3154 816 3207 Nazarii
836 3161 888 3207 et
903 3153 1043 3207 Celsi
1066 3153 1204 3206 inter
1220 3151 1602 3204 Ambrosianos
1623 3147 1709 3215 52,
1726 3148 1943 3201 Maximi

335 3261 478 3321 .esse
508 3251 819 3310 censentur,
849 3243 975 3296 licet
1000 3243 1140 3295 inter
1162 3241 1324 3310 ipsius
1353 3254 1517 3308 opera
1563 3253 1670 3292 non
1715 3237 1945 3291 habean-

360 3345 466 3389 tur.
494 3333 819 3388 Prodierunt
842 3331 900 3385 S.
927 3331 1140 3385 Maximi
1160 3331 1392 3384 homilia:
1413 3328 1648 3383 Colonia:
1673 3343 1760 3380 an.
1786 3325 1944 3395 1555,

361 3425 549 3479 Romae
570 3440 658 3478 an.
695 3422 829 3475 1564
860 3438 980 3477 cum
1013 3421 1228 3489 Leonis,
1252 3420 1395 3474 Petri
1419 3418 1734 3489 Chrysologi
1754 3460 1768 3485 ,
1813 3425 1943 3483 etc.,

364 3532 515 3585 opp.,
563 3514 784 3568 Parisiis
813 3530 900 3566 an.
930 3511 1064 3564 1614
1092 3521 1145 3565 et
1177 3510 1345 3577 1625,
1375 3505 1631 3576 'Lugduni
1654 3523 1762 3580 an.
1810 3505 1948 3558 16⁸5⁸5

364 3622 486 3661 cum
516 3607 755 3661 homiliis
778 3605 1090 3677 Chrysologi
1109 3648 1122 3671 ,
1148 3604 1385 3658 Colonite
1415 3619 1501 3655 an.
1537 3600 1694 3654 1678.

435 3696 675 3765 Denique
705 3697 758 3749 in
783 3696 1113 3749 Bibliotheca
1158 3693 1258 3746 PP.
1305 3693 1537 3746 humilia:
1576 3691 1630 3756 4,
1677 3689 1947 3755 videlicet,

367 3790 447 3844 De
474 3790 712 3842 barbaris
753 3805 854 3842 non
896 3787 1134 3840 timendis
1181 3787 1227 3838 ei
1255 3785 1339 3856 qui
1369 3783 1534 3836 Deum
1566 3785 1744 3845 timet;
1791 3789 1840 3833 et
1886 3780 1950 3832 de

368 3878 576 3941 Eliseo;
624 3879 687 3931 de
736 3875 1005 3940 Ninivitis,
1047 3876 1110 3928 de
1156 3874 1382 3927 colendis
1431 3872 1693 3937 Januarii,
1751 3870 1813 3923 de
1855 3869 1947 3922 de—

369 3971 506 4039 fectu
550 3969 717 4033 lunw,
761 3976 880 4020 ante
935 3966 1110 4019 natale
1150 3964 1379 4027 Domini,
1431 3961 1494 4015 de
1540 3961 1700 4014 natali
1741 3959 1952 4014 Domini

371 4059 688 4124 Saluatoris,
715 4058 776 4110 de
805 4058 1056 4110 haereticis
1083 4063 1289 4126 peccata
1315 4051 1671 4115 vendentibus;
1694 4051 1827 4122 quod
1847 4068 1948 4103 non

367 4148 554 4202 debent
599 4150 769 4201 clerici
815 4147 1071 4218 negotiari
1097 4187 1111 4211 ,
1141 4144 1203 4203 de
1233 4157 1446 4212 corpore
1475 4140 1706 4196 Domini.
1740 4138 1847 4193 Has
1885 4154 1948 4193 ex

367 4241 596 4296 vetustis
620 4239 893 4294 codicibus
914 4239 1074 4304 emit,
1098 4244 1152 4290 et
1172 4235 1406 4288 Maximo
1429 4241 1614 4287 nostro
1633 4229 1950 4296 vindicatus,

367 4331 530 4385 nobis
552 4347 718 4400 nuper
745 4329 987 4385 exhibuit
1013 4343 1126 4382 rev.
1157 4326 1216 4380 P.
1262 4325 1599 4379 Mabillonius
1639 4321 1777 4375 Mus.
1824 4320 1948 4374 Ital.

2030 460 2190 515 modo
2216 460 2335 528 quis
2363 459 2672 528 diligentem
2701 471 2922 527 operam
2951 455 3241 527 adhibeat)
3273 456 3488 511 tandem
3516 473 3602 512 re-

2031 551 2179 606 stitui
2205 566 2312 605 non
2342 551 2570 620 possint,
2601 549 2831 604 maxime
2858 547 3135 603 Gennadio
3175 548 3312 604 duce
3333 589 3348 614 ,
3394 550 3603 618 quires-

2027 658 2147 696 rum
2169 649 2499 709 argumenta,
2530 648 2585 695 et
2609 640 2793 695 titulos
2820 654 3010 708 magna
3031 654 3098 693 ex
3117 648 3272 709 parte
3298 641 3499 696 retulit.
3530 641 3606 698 De

2030 733 2276 789 omnibus
2311 732 2427 786 illis
2456 731 2720 796 homiliis,
2761 730 2874 785 sive
2911 745 3031 799 quae
3053 730 3196 800 apud
3241 731 3603 799 Ambrosium,

2029 822 2143 876 sive
2171 836 2291 889 qua:
2339 820 2480 890 apud
2523 805 2895 889 Augustinum,
2943 835 3041 874 seu
3085 835 3204 888 qua:
3244 820 3386 890 apud
3429 822 3606 891 ipsum

2033 911 2317 966 Maximum
2349 917 2582 974 exstant,
2615 919 2916 964 accuratam
2955 909 3146 964 atlerre
3191 926 3472 965 censuram
3494 927 3604 966 non

2031 1012 2113 1056 est
2134 1003 2302 1058 nostri
2331 1002 2576 1057 instituti.
2623 1001 2748 1055 Haec
2778 1016 2902 1056 cura
2941 1001 3133 1069 partim
3175 1009 3433 1071 occupata
3465 1008 3548 1056 est
3576 1016 3605 1054 a

2031 1093 2303 1148 sodalibus
2339 1091 2557 1155 nostris,
2608 1100 2721 1144 tum
2762 1091 2826 1144 iis
2871 1091 2962 1158 qui
3012 1090 3289 1158 Augustini
3328 1106 3608 1147 sermones

2030 1198 2152 1238 cum
2175 1190 2428 1236 accurato
2457 1181 2664 1236 delectu
2688 1182 2755 1234 ab
2781 1180 3000 1234 intrusis
3029 1188 3084 1234 et
3111 1180 3468 1249 supposititiis
3491 1181 3606 1249 jam

2033 1279 2400 1340 repurgarunt,
2434 1280 2546 1324 tum
2591 1271 2658 1323 ab
2699 1269 2834 1335 aliis,
2867 1270 2996 1324 item
3039 1271 3258 1334 nostris,
3290 1271 3381 1337 qui
3413 1285 3605 1325 novam

2033 1362 2303 1414 Ambrosii
2333 1376 2554 1430 operum
2585 1361 2875 1414 editionem
2907 1360 3170 1414 adornant
3200 1379 3212 1413 :
3255 1376 3355 1415 nos
3379 1369 3608 1424 tantum,

2033 1452 2176 1520 quod
2207 1467 2238 1505 e
2266 1467 2325 1506 re
2354 1460 2535 1506 nostra
2564 1453 2685 1516 erit,
2717 1452 2821 1506 hoc
2842 1452 2963 1506 loco
2992 1467 3361 1521 exsequemur.

2101 1541 2154 1594 2.
2197 1541 2410 1595 Maximi
2438 1541 2686 1596 homilias
2721 1541 3035 1609 plerasque,
3084 1542 3131 1595 si
3159 1558 3266 1596 non
3315 1559 3503 1598 omnes
3528 1545 3610 1598 in-

2037 1631 2282 1685 venimus
2321 1630 2375 1683 in
2419 1630 2589 1683 tribus
2635 1629 2911 1683 codicibus
2957 1631 3333 1697 perantiquis:
3382 1647 3610 1701 quorum

1963 1739 2010 1798 Β
2036 1736 2175 1775 unus
2202 1719 2487 1774 Mediolani
2515 1719 2761 1783 habetur,
2795 1720 2847 1772 in
2875 1719 3199 1775 bibliotheca
3228 1721 3609 1789 Ambrosiana;

2037 1816 2171 1878 alter
2196 1815 2399 1875 Romaz,
2447 1815 2500 1868 in
2538 1813 2867 1867 monasterio
2894 1812 3106 1868 Sancta:
3129 1812 3333 1886 Crucis,
3365 1816 3510 1884 quod
3558 1817 3614 1872 in

2034 1907 2323 1962 Jerusalem
2351 1905 2680 1974 appellatur;
2712 1905 2902 1959 tertius
2929 1904 2984 1958 in
3012 1903 3229 1958 abbatia
3249 1903 3434 1960 Sancti
3453 1904 3614 1972 Galli,

2035 1997 2175 2066 apud
2201 1996 2503 2057 Helvetios;
2547 2002 2854 2064 postremus
2900 1995 2989 2048 hic
3015 1993 3188 2049 codex
3210 2035 3226 2060 ,
3277 1995 3471 2051 litteris
3500 2013 3616 2052 ma-

2031 2087 2256 2157 jusculis
2285 2088 2352 2141 ab
2390 2086 2546 2140 annis
2591 2085 2737 2138 mille
2766 2091 2912 2138 totus
2942 2092 3209 2149 exoratus,
3249 2087 3490 2140 continet
3516 2087 3616 2142 ho~

2036 2179 2209 2232 milias
2235 2175 2302 2229 97
2328 2177 2426 2230 sub
2453 2176 2558 2229 hoc
2583 2174 2738 2229 titulo
2765 2192 2777 2226 :
2814 2171 2880 2228 In
2910 2170 3102 2227 Christi
3133 2173 3342 2228 nomine
3364 2175 3616 2246 incipiunt
3661 2158 3667 2162 ’

2037 2269 2264 2323 homilia:
2289 2268 2457 2321 sancti
2483 2267 2754 2335 Augustini
2784 2266 3009 2336 episcopi
3039 2273 3087 2318 et
3116 2268 3446 2336 confessoris,
3477 2283 3616 2336 pra:-

2037 2360 2200 2415 missa
2239 2359 2621 2429 capitulatione
2661 2358 2992 2425 singularum
3033 2357 3392 2412 homiliarum.
3422 2356 3616 2413 Plerae-

2036 2465 2144 2518 que
2191 2465 2260 2504 ex
2305 2450 2390 2503 his
2435 2447 2669 2502 homiliis
2696 2447 2923 2522 vulgatae
2965 2454 3091 2500 sunt
3126 2448 3265 2501 inter
3292 2461 3454 2516 opera
3491 2447 3616 2501 Am-

2039 2542 2223 2602 brosii,
2251 2539 2532 2608 Augustini
2553 2546 2608 2592 et
2632 2537 2849 2592 Maximi
2874 2537 3111 2607 prtedieti
3141 2555 3153 2589 :
3179 2538 3274 2592 sed
3296 2553 3469 2607 neque
3492 2538 3618 2592 Am-

2039 2634 2297 2696 brosium,
2331 2647 2506 2700 neque
2528 2630 2878 2699 Augustinum
2903 2670 2917 2690 ,
2968 2644 3156 2684 omnes
3178 2644 3325 2692 vero,
3373 2637 3466 2682 aut
3509 2630 3620 2686 fere

2041 2739 2228 2778 omnes
2276 2721 2560 2774 Maximum
2608 2720 2808 2774 habent
2851 2726 3145 2772 auctorem.
3181 2716 3376 2786 Viginti
3406 2725 3462 2773 et
3511 2734 3616 2772 una

2041 2814 2182 2869 inter
2209 2829 2302 2868 cas
2331 2812 2542 2866 ineditre
2571 2817 2695 2865 sunt
2727 2828 2738 2862 :
2771 2824 2904 2878 quas
2926 2817 3116 2876 rogatu
3136 2817 3321 2863 nostro
3341 2808 3620 2878 descripsit

2041 2908 2326 2975 religiosus
2381 2911 2436 2959 et
2489 2903 2679 2958 doctus
2727 2902 3066 2956 Ilermannus
3104 2900 3390 2959 Shenkius.
3435 2901 3623 2958 Sancti

2044 2996 2182 3052 Galli
2206 2995 2545 3051 bibliotheca:
2573 2993 2873 3064 praefectus.

2117 3087 2172 3141 5.
2214 3085 2599 3140 Ambrosianus
2653 3083 2862 3147 codex,
2925 3083 3068 3137 haud
3119 3083 3296 3136 minus
3349 3082 3619 3150 antiquus,

2047 3179 2358 3234 charactere
2405 3176 2808 3244 Longobardico
2859 3183 3108 3229 exaratos
3155 3182 3276 3239 est,
3323 3175 3424 3230 sub
3472 3175 3624 3229 initio

2046 3269 2283 3324 mutilus.
2312 3267 2478 3321 Erant
2506 3269 2557 3320 in
2588 3265 2774 3320 codice
2794 3265 3029 3320 homilia:
3059 3265 3225 3320 ferme
3254 3264 3342 3330 80,
3372 3281 3476 3320 non
3507 3281 3626 3320 om-

2048 3374 2145 3414 nes
2189 3357 2388 3412 ctedem
2429 3356 2672 3424 atquein
2723 3355 2908 3409 codice
2955 3354 3137 3410 Sancti
3166 3354 3331 3418 Galli;
3379 3355 3625 3424 quaedam

2046 3464 2168 3504 cum
2199 3448 2351 3502 titulo
2384 3465 2395 3498 :
2430 3445 2611 3500 Sancti
2647 3443 2864 3497 Maximi
2898 3443 3231 3498 Taurinensis
3260 3446 3506 3516 episcopi,
3529 3445 3623 3513 qui

2047 3555 2236 3594 revera
2265 3553 2448 3592 earum
2479 3545 2559 3590 est
2586 3535 2856 3602 legitimus
2887 3549 3096 3603 parens.

2117 3629 2169 3682 4.
2210 3629 2268 3683 1η
2292 3629 2476 3684 codice
2497 3627 2738 3680 Romano
2768 3623 2977 3678 Sancta:
3005 3624 3190 3693 Grucis
3218 3625 3309 3693 qui
3348 3624 3450 3680 fuit
3493 3625 3624 3682 olim

2048 3721 2363 3775 monasterii
2390 3715 2803 3773 Nonantulensis
2831 3722 2956 3769 ante
2979 3730 3178 3768 annum
3207 3714 3405 3770 Christi
3449 3717 3627 3771 octin-

2049 3811 2404 3880 gentesinmm
2445 3807 2734 3876 acquisitus
2773 3805 2841 3858 ab
2890 3804 3142 3858 Ansclmo
3188 3805 3412 3870 abbate,
3454 3806 3628 3860 conti-

2052 3910 2248 3958 nentur
2277 3900 2511 3954 homilia:
2560 3898 2646 3962 75,
2691 3913 2757 3952 ex
2797 3895 2992 3964 quibus
3035 3896 3301 3964 pleneque
3343 3897 3397 3950 in
3443 3896 3631 3954 Sancti

2052 3993 2189 4049 Galli
2245 3990 2542 4060 exemplari
2610 3989 2998 4043 eontinentur.‘
3032 3986 3348 4056 Inscriptum
3410 3995 3529 4042 erat
3576 3988 3628 4042 in

2053 4085 2231 4139 fronte
2259 4081 2458 4137 codicis
2488 4095 2681 4134 nomen
2712 4079 2966 4146 auctoris,
2997 4077 3092 4132 sed
3117 4093 3182 4132 eo
3212 4078 3426 4142 abraso,
3460 4080 3630 4133 sancti

2054 4173 2310 4227 Ambrosii
2349 4185 2547 4223 nomen
2587 4168 2954 4222 substitutum.
3009 4167 3238 4220 Maxima
3281 4183 3404 4236 pars
3450 4177 3631 4223 tamen

2054 4265 2244 4319 harum
2276 4259 2614 4315 homiliarum
2662 4264 2788 4310 sunt
2833 4255 3079 4318 Maximi,
3129 4258 3342 4311 tametsi
3390 4258 3633 4326 quredam

2056 4356 2174 4410 alia:
2202 4349 2510 4422 Ilieronymi
2538 4354 2593 4402 et
2620 4346 2897 4414 Augustini
2940 4346 3039 4400 sub
3080 4361 3266 4400 eorum
3302 4347 3517 4402 nomine
3547 4347 3634 4400 in-

368 4431 505 4478 tom.
539 4422 580 4490 I,
611 4429 750 4490 part.
775 4421 829 4488 2,
853 4435 976 4489 pag.
1005 4419 1058 4487 1,
1080 4419 1169 4472 ubi
1198 4417 1358 4472 etiam
1380 4415 1446 4468 de
1475 4415 1592 4468 aliis
1619 4411 1833 4466 Maximi
1862 4410 1954 4464 hoa
1983 4455 2032 4514 Β
2057 4455 2214 4502 seru,
2237 4410 2381 4496 sum

371 4515 535 4570 miliis
553 4529 670 4583 qua:
699 4514 798 4567 sub
826 4511 1094 4566 Ambrosii
1115 4518 1170 4564 et
1190 4507 1465 4576 Augustini
1491 4507 1707 4561 nomine
1731 4505 1957 4559 circum-

374 4607 620 4662 feruntur
649 4606 787 4673 fuse,
819 4613 878 4659 ut
906 4605 1063 4667 solet,
1095 4609 1148 4658 et
1176 4609 1425 4656 accurate
1455 4599 1580 4667 agit.
1615 4668 1620 4674 .

766 4715 1060 4771 JOANNES
1097 4708 1570 4796 MABIL’LONIUS.

373 4830 442 4885 In
469 4829 638 4884 Musei
666 4829 842 4882 Italici
866 4837 989 4882 tom.
1023 4826 1074 4893 Ι,
1103 4844 1222 4897 pag.
1258 4823 1321 4890 2,
1356 4822 1580 4876 Parisiis
1619 4836 1757 4874 anno
1798 4817 1955 4871 1687.

448 4922 499 4974 1.
543 4920 782 4974 Alteram
820 4919 1042 4986 hujusce
1068 4916 1353 4972 voluminis
1380 4921 1587 4984 partem
1621 4911 1962 4980 auspicamur

376 5010 544 5081 (quod
572 5011 806 5064 faustum
831 5008 1263 5074 fortunatumque
1310 5004 1399 5074 sit)
1450 5002 1516 5056 ab
1563 5001 1800 5056 homiliis
1839 5000 1961 5068 qui-

375 5103 602 5158 busdam
632 5101 850 5156 ineditis
879 5100 1047 5154 sancti
1078 5097 1288 5151 Maximi
1313 5095 1551 5166 episcopi
1573 5091 1918 5147 Taurinensis
1946 5107 1958 5143 :

375 5195 532 5264 cujus
553 5202 699 5248 tanta
724 5192 990 5257 facundia,
1013 5198 1218 5244 tantum
1244 5187 1475 5242 studium
1498 5187 1552 5240 in
1580 5199 1692 5240 rem
1711 5183 1964 5238 Christia-

377 5300 503 5338 nam
533 5283 650 5348 fuit,
682 5291 743 5336 ut
766 5281 991 5349 vulgata:
1015 5280 1128 5347 ejus
1156 5278 1388 5331 homilia‘.
1417 5276 1589 5343 digna:
1616 5275 1724 5328 sint
1753 5270 1961 5326 meliori

376 5377 524 5432 luce.
562 5375 642 5428 Ita
690 5375 831 5428 enim
863 5388 990 5425 vero
1031 5371 1315 5434 (listraclm,
1370 5375 1425 5421 et
1468 5367 1654 5420 alienis
1692 5364 1962 5419 coloribus

375 5467 661 5521 infuscata:
697 5469 841 5526 sunt,
874 5470 932 5515 ut
956 5461 1073 5528 quis
1101 5459 1170 5513 sit
1216 5473 1397 5512 carum
1438 5456 1706 5524 legitimus
1747 5469 1960 5523 parens,

379 5558 550 5611 etiam
588 5553 738 5629 apud.
768 5554 910 5606 viros
950 5551 1137 5622 doctos
1183 5549 1456 5603 dubitatur
1506 5565 1517 5598 :
1565 5545 1691 5628 dum
1737 5545 1791 5599 hi
1833 5543 1967 5599 alias

380 5645 691 5709 Ambrosio,
723 5643 798 5696 illi
828 5642 957 5696 alias
980 5640 1274 5708 Augustino
1297 5639 1552 5692 tribuunt.
1578 5635 1761 5706 Neque
1787 5643 1964 5689 tamen

670 5737 940 5797 Prrnoc.
987 5733 1168 5795 LVII.

2134 4535 2184 4588 5.
2225 4533 2305 4587 Ex
2335 4532 2417 4586 his
2447 4531 2615 4585 tribus
2656 4527 2946 4593 codicibus,
2997 4527 3335 4596 quantumvis
3380 4527 3634 4597 antiquis,

2061 4645 2170 4684 non
2200 4626 2408 4681 eruitur
2429 4630 2576 4678 certa
2599 4629 2655 4676 et
2683 4621 2960 4690 explorata
2986 4620 3173 4673 notitia
3197 4617 3433 4672 omnium
3462 4622 3636 4673 sancti

2065 4716 2281 4772 Maximi
2351 4713 2727 4774 homiliarum,
2795 4709 3059 4779 siquidem
3123 4705 3485 4772 Sangallensis
3535 4695 3644 4759 'cas.

2063 4807 2163 4862 sub
2205 4803 2485 4873 Augustini
2532 4801 2665 4855 falso
2711 4800 2865 4854 titulo
2910 4798 3165 4852 adducit:
3198 4795 3406 4850 Sanctae
3452 4795 3640 4852 Crucis

2065 4899 2256 4963 codex,
2312 4897 2492 4952 deleto
2541 4909 2670 4948 vero
2720 4891 2954 4946 auctoris
3000 4889 3238 4956 nomine,
3291 4887 3636 4944 Ambrosium

2065 4990 2280 5063 praefert
2311 5007 2323 5042 ε
2357 5004 2494 5044 unus
2515 4984 2898 5040 Ambrosianus
2945 4980 3196 5034 Maximo
3217 4979 3476 5049 quasdam
3505 4981 3640 5034 assi-

2063 5090 2212 5152 gnat,
2255 5080 2351 5135 sed
2379 5093 2597 5148 paucas,
2647 5082 2706 5128 ut
2743 5079 2930 5141 postea
2971 5070 3285 5126 videbimus.
3325 5070 3525 5124 Verum
3571 5085 3641 5125 ex

2063 5177 2182 5230 aliis
2202 5172 2432 5239 indiciis,
2461 5168 2694 5224 maxime
2725 5179 2794 5218 ex
2822 5161 3117 5228 Gennadio,
3150 5162 3493 5230 intelligimus
3521 5177 3640 5216 om-

2063 5281 2158 5321 nes
2184 5273 2276 5319 aut
2303 5257 2689 5333 propemodum
2720 5267 2928 5316 omnes,
2961 5253 3258 5323 praesertim
3302 5267 3420 5322 qua:
3462 5251 3515 5306 in
3544 5267 3640 5306 co-

2065 5358 2183 5413 dice
2211 5353 2391 5410 Sancti
2420 5348 2559 5405 Galli
2587 5345 2928 5409 exhibentur,
2972 5343 3203 5397 Maximo
3230 5356 3348 5396 esse
3397 5341 3640 5394 tribuen—

2067 5450 2179 5505 das.
2213 5445 2281 5500 Et
2305 5441 2522 5514 quidem
2554 5438 2626 5492 ita
2652 5435 2813 5491 simul
2841 5449 3098 5490 connexa:
3130 5443 3186 5488 et
3210 5433 3469 5500 colligata:
3497 5438 3639 5493 sunt,

2068 5540 2197 5596 utsi
2279 5533 2437 5588 unius
2515 5538 2700 5584 auctor
2739 5527 3050 5598 exploratus
3091 5526 3370 5590 habeatur,
3420 5524 3488 5578 de
3527 5523 3642 5575 aliis

2073 5637 2409 5694 consequens
2437 5620 2673 5677 futurum
2702 5619 2772 5690 sit
2793 5617 3072 5688 judicium.
3105 5615 3307 5670 Auctor
3327 5613 3523 5682 quippe
3546 5611 3636 5663 ho-

3198 5707 3235 5765 6
