4138 6186
498 252 591 309 171

1303 237 1714 298 TESTIMONIA
1751 233 2193 295 SCRIPTORUM
2230 235 2911 299 ECCLESIASTICORUM

3658 238 3765 295 172

496 362 655 420 milia
695 356 1044 430 prandentis
1075 356 1132 409 in
1159 351 1506 422 subsequenti
1546 349 1875 405 mentionem
1919 347 2065 402 facit.
2101 345 2144 404 Α
2172 347 2439 404 malumus
2509 349 2738 404 aliorum
2801 348 3008 419 judicio
3074 362 3234 417 quam
3287 357 3472 404 nostro
3526 348 3762 405 deliniri.

497 452 657 522 Atqui
694 450 961 521 pleraeque
997 445 1287 500 Maximum
1326 442 1405 496 uti
1452 440 1750 508 legitimum
1791 447 2069 508 parentem

496 548 816 613 agnoscunt,
846 546 905 593 ut
924 545 1054 609 pote
1080 546 1214 607 quas
1257 531 1568 589 Gennadius
1605 529 1887 585 manifeste
1925 527 2070 582 desi-

485 633 695 706 gnavit.
727 630 843 686 Hoc
868 631 925 684 in
946 641 1174 682 numero
1198 640 1292 681 eas
1318 639 1438 679 esse
1472 637 1608 692 quas
1651 636 1796 676 nunc
1839 619 2071 689 primum

484 728 548 777 in
578 723 754 778 lucem
796 719 1148 790 proferimus,
1196 730 1265 770 ex
1304 713 1562 783 subjectis
1606 709 2072 767 observationibus

494 812 670 883 quivis
693 811 849 866 facile
877 807 1306 864 animadvertere
1333 805 1554 875 poterit.

562 904 617 961 6.
648 904 910 959 Maximus
938 899 1284 956 Taurinensis
1326 898 1580 953 Ecclesiae
1617 894 1901 966 episcopus
1923 932 1941 961 ,
1986 899 2073 947 te-

493 1006 672 1057 stante
697 994 1000 1062 Gennadio,
1041 992 1291 1048 homilias
1325 988 1541 1060 scripsit
1568 987 1636 1042 de
1664 986 1909 1041 hostibus
1952 998 2072 1038 car-

493 1088 704 1144 natibus
742 1101 853 1140 non
878 1080 1147 1138 timendis.
1180 1079 1298 1136 Una
1325 1087 1410 1135 est
1436 1078 1541 1134 hoc
1586 1076 1745 1131 titulo
1782 1075 1923 1129 inter
1949 1074 2069 1130 vul-

493 1187 646 1248 gatus
670 1175 887 1231 Maximi
926 1172 1194 1228 homilias.
1226 1168 1406 1224 Prima
1432 1183 1500 1224 ex
1545 1165 1831 1222 duodecim
1859 1179 1890 1218 a
1918 1162 2074 1217 nobis

495 1269 701 1326 edenda
726 1267 965 1337 ejusdem
994 1272 1078 1320 est
1103 1263 1425 1333 argumenti,
1469 1259 1807 1327 referturque
1832 1256 1900 1311 ad
1944 1269 2074 1326 prie-

494 1362 793 1424 oedente‘m,
820 1360 904 1413 his
926 1357 1103 1411 verbis
1152 1374 1165 1409 :
1216 1354 1369 1424 Stepe
1414 1352 1613 1406 dixisse
1640 1350 1880 1414 memini,
1936 1348 2072 1420 quod

493 1454 586 1509 hos
605 1453 848 1506 tumultus
875 1449 1081 1503 bellicos
1102 1447 1313 1501 minime
1340 1445 1520 1498 timere
1546 1442 1801 1496 debemus.
1829 1440 1910 1494 Ad
1930 1439 2071 1493 idem

493 1550 866 1612 argumentum
905 1537 1206 1595 revocanda
1242 1544 1326 1591 est
1350 1534 1571 1590 homilia
1611 1547 1731 1602 quae
1776 1532 1915 1586 inter
1942 1529 2071 1584 Am-

492 1634 775 1690 brosianas
819 1631 881 1685 de
915 1630 1233 1686 Sanctisest
1276 1625 1365 1693 24,
1397 1625 1453 1681 in
1499 1624 1685 1681 codice
1723 1621 1905 1676 Sancti
1930 1619 2068 1676 Galli

492 1727 748 1797 inscripta
794 1724 874 1779 De
901 1724 1129 1778 tumultis
1171 1722 1445 1777 bellicosis.
1487 1718 1716 1786 Quinam
1755 1716 1952 1771 fuerint
1996 1715 2072 1769 illi

491 1813 724 1882 barbari,
767 1815 924 1871 facile
968 1820 1112 1870 esset
1157 1811 1401 1876 deﬁnire,
1443 1813 1489 1867 si
1535 1810 1604 1864 de
1648 1808 1866 1863 Maximi
1911 1814 2070 1862 actate

491 1904 785 1965 ennstaret.
817 1904 889 1959 At
920 1905 1187 1960 incertum
1215 1909 1299 1959 est
1325 1901 1517 1956 mortis
1544 1899 1660 1970 ejus
1690 1908 1925 1969 tempus.
1956 1898 2043 1952 Mo
2061 1929 2073 1939 -

491 1999 646 2063 ritur,
675 1998 721 2052 si
748 1994 1025 2051 Gennadio
1049 1993 1207 2062 fides,
1247 1991 1487 2047 Honorio
1517 2002 1574 2046 et
1620 1989 1931 2044 Theodosio
1976 1986 2071 2041 Ju-

492 2088 642 2143 niOre
672 2085 1036 2155 regnantibus,
1070 2083 1125 2138 id
1164 2090 1269 2150 est,
1305 2090 1433 2138 ante
1468 2097 1670 2136 annum
1714 2079 1913 2134 Christi
1941 2077 2067 2144 425,

490 2192 598 2248 quo
620 2176 891 2232 llonorius
916 2175 1168 2231 decessit.
1197 2173 1409 2229 Mirmus
1453 2187 1554 2243 pro
1584 2172 1804 2228 moritur
1831 2170 2073 2240 reposuit

490 2270 687 2341 ﬂoruit.
729 2268 801 2323 At
830 2268 1068 2338 priorem
1111 2266 1400 2322 lectionem
1430 2264 1649 2335 praefert
1673 2264 2073 2320 vetustissimus

490 2360 663 2416 codex
692 2368 877 2414 noster
900 2357 1263 2423 Corbeiensis,
1290 2357 1485 2412 litteris
1506 2354 1929 2423 Francogallicis
1939 2356 2073 2411 scri-

492 2458 633 2521 ptus.
689 2448 1074 2504 Verumtamen
1129 2447 1393 2501 Maximus
1444 2444 1793 2500 Taurinensis
1847 2447 2072 2501 antistes

491 2557 634 2597 anno
664 2540 763 2595 451
795 2539 1067 2611 synodica:
1092 2537 1509 2594 Mediolanensis
1558 2536 1631 2591 ad
1673 2537 1912 2592 Leonem
1958 2536 2070 2590 Ma-

492 2647 656 2703 gnum
684 2632 925 2704 epistolas
969 2631 1304 2701 subscripsit,
1349 2630 1459 2686 imo
1501 2646 1644 2685 anno
1687 2629 1794 2684 465
1840 2630 2071 2686 concilio

492 2727 740 2782 Romano
786 2724 886 2779 sub
932 2722 1135 2778 Hilario
1178 2737 1337 2793 papa,
1368 2729 1425 2778 et
1467 2722 1671 2792 primus
1712 2730 1839 2776 ante
1883 2735 2073 2777 omnes

493 2818 658 2872 etiam
685 2823 809 2871 ante
837 2816 1270 2886 archiepiscopos
1308 2813 1743 2869 Ebredunensem
1780 2822 1837 2869 et
1863 2814 2071 2869 Medio-

492 2906 787 2963 lanensem.
817 2905 1005 2975 itaque
1030 2904 1310 2961 dicendum
1337 2912 1422 2959 est
1446 2911 1541 2958 aut
1568 2904 1703 2960 duos
1741 2904 1906 2960 fuisse
1933 2905 2072 2975 ejus-

490 2998 613 3054 dem
642 2996 873 3051 nominis
892 2994 1083 3050 eodem
1126 2994 1324 3050 saeculo
1354 2993 1715 3049 Taurinenses
1743 2994 2065 3065 episcopos;

490 3095 587 3143 aut
611 3087 657 3142 si
679 3085 865 3140 unicus
891 3083 1009 3148 fuit,
1034 3080 1372 3139 Gennadium
1398 3085 1453 3139 in
1491 3084 1821 3152 designaudo
1850 3084 2067 3139 Maximi

490 3173 642 3232 obitu
677 3189 709 3229 a
738 3188 865 3229 vero
893 3174 1193 3242 aberrasse,
1239 3174 1331 3242 qui
1371 3181 1550 3228 tamen
1587 3173 1692 3228 illis
1738 3174 2071 3243 temporibus

491 3264 696 3339 [cum]
723 3271 858 3320 erat.
884 3262 1198 3334 Quanquam
1227 3264 1373 3335 quod
1407 3262 1671 3320 Maximus
1713 3264 1918 3334 primus
1946 3273 2071 3334 post

488 3371 683 3429 papam
727 3355 935 3428 synodo
965 3352 1223 3410 Romana:
1257 3355 1589 3426 subscripsit,
1631 3356 1757 3411 inde
1801 3356 2071 3425 colligitur

488 3462 613 3503 eum
659 3446 979 3515 antiquitate
1020 3443 1230 3501 ueteris
1274 3443 1517 3515 ejusdem
1558 3446 1750 3517 synodi
1800 3445 2071 3516 episcopis

484 3540 819 3611 superiorem
847 3537 1031 3593 fuisse.

555 3628 607 3683 7.
640 3628 766 3683 Duae
803 3634 1090 3698 sequentes
1128 3626 1362 3682 homilia;
1389 3642 1523 3698 quas
1568 3626 1777 3683 edimus
1814 3626 2067 3681 eumdem

484 3734 550 3775 ac
575 3718 744 3789 prima
773 3726 1049 3772 auctorem
1077 3717 1315 3785 exigunt,
1348 3724 1407 3771 ut
1446 3732 1515 3773 ex
1558 3717 1941 3772 consecutione
1969 3732 2067 3787 pa-

485 3816 583 3864 tet.
606 3808 833 3863 Exstant
861 3809 941 3861 hae
976 3814 1090 3861 tres
1114 3807 1346 3861 homilia:
1373 3808 1425 3861 in
1456 3807 1731 3862 codicibus
1758 3809 2069 3863 Ambrosia-

485 3914 557 3953 uo
577 3905 634 3952 et
660 3896 845 3951 Sancti
873 3896 1029 3950 Galli.

533 3970 606 4039 -8.
637 3984 943 4040 Gennadius
984 3984 1217 4040 Maximo
1255 3992 1439 4041 nostro
1482 3987 1668 4041 tribuit
1708 3986 1958 4045 homilias
1998 3988 2067 4046 de

483 4074 799 4146 pmnitentia
825 4072 1197 4129 Ninivitarum.
1228 4074 1284 4129 ιιι
1311 4077 1538 4145 vulgatis
1565 4094 1670 4133 una
1709 4086 1794 4134 est
1818 4080 1886 4135 de
1914 4080 2067 4135 Nini-

481 4166 626 4229 vitis,
658 4164 728 4218 ad
749 4179 910 4235 quam
941 4172 1123 4219 nostra
1152 4166 1371 4221 homilia
1398 4166 1431 4219 4
1451 4168 1549 4223 sub
1570 4169 1674 4225 hoc
1694 4170 1853 4224 titulo
1876 4188 1889 4223 :
1916 4170 2068 4225 Dixi-

479 4274 590 4312 mus
620 4257 875 4310 anteriore
902 4255 1161 4309 dominica
1185 4254 1471 4324 Ninivitas,
1513 4267 1619 4315 etc.
1652 4258 1892 4315 Habetur
1919 4268 2069 4314 utra-

478 4364 593 4421 que
613 4348 666 4402 in
696 4346 885 4401 iisdem
913 4348 1006 4417 qui
1029 4347 1188 4403 modo
1217 4348 1421 4404 laudati
1442 4358 1569 4404 sunt
1593 4351 1887 4406 codicibus.

2173 439 2491 509 Quanquam
2562 450 2759 505 nostra:
2818 442 2939 511 plus
2996 442 3144 497 succi
3213 455 3375 510 quam
3438 442 3557 496 aliae
3618 458 3761 512 prae-

2172 528 2371 586 ferunt.

2243 622 2330 677 11.
2361 621 2594 677 Homilia
2637 622 2704 676 10
2749 637 2782 679 e
2820 624 3052 690 nostris,
3100 638 3221 694 qua:
3256 630 3342 677 est
3378 622 3441 677 de
3486 622 3763 678 Hareticis

2171 720 2382 782 peccata
2401 711 2747 775 vendentibus,
2765 714 3031 783 reperitur
3052 712 3254 782 absque
3281 712 3517 767 auctoris
3537 713 3759 767 nomine

2173 804 2229 859 in
2257 818 2365 859 uno
2394 803 2582 858 codice
2610 802 2796 858 Sancti
2819 802 2976 868 Galli,
3007 819 3170 873 quem
3198 804 3266 857 ab
3308 803 3463 857 annis
3490 803 3635 859 mille
3663 818 3758 858 ca-

2172 894 2316 949 lamo
2345 901 2625 949 exaratum
2648 892 2811 949 fuisse
2834 893 2946 963 jam
2968 893 3219 949 diximus.
3242 891 3451 948 Nullam
3480 894 3584 948 hoc
3607 894 3765 949 titulo

2173 983 2391 1038 Maximi
2419 983 2695 1038 homiliam
2718 985 2956 1052 suggerit
2982 983 3314 1050 Gennadius,
3336 984 3437 1038 nisi
3466 982 3607 1039 forte
3629 999 3764 1040 con-

2171 1074 2289 1131 fuse
2316 1076 2398 1131 his
2424 1076 2603 1131 verbis
2635 1094 2647 1130 :
2680 1075 2876 1131 Multas
2903 1079 3036 1131 alias
3066 1077 3178 1147 ejus
3222 1075 3460 1130 homilias
3496 1076 3562 1129 de
3597 1076 3768 1130 diver-

2173 1170 2247 1224 sis
2274 1169 2393 1240 legi,
2424 1186 2551 1240 quas
2572 1185 2665 1223 nec
2693 1169 2906 1224 retineo.
2937 1169 3099 1224 Certe
3126 1184 3249 1223 cum
3277 1169 3523 1239 proxime
3546 1176 3767 1223 antece-

2174 1259 2366 1315 dentes
2393 1261 2447 1314 in
2476 1261 2661 1317 codice
2689 1260 2874 1315 Sancti
2893 1259 3050 1327 Galli,
3082 1275 3145 1315 ac
3171 1261 3564 1330 subsequentes
3596 1260 3766 1315 Maxi-

2171 1366 2318 1406 mum
2344 1348 2620 1406 auctorem
2659 1350 2920 1417 habeant;
2954 1352 3095 1406 idem
3116 1352 3280 1407 etiam
3308 1351 3379 1408 de
3406 1352 3512 1408 hac
3544 1353 3768 1408 homilia

2168 1441 2430 1512 judicium
2468 1441 2748 1497 ferendum
2794 1442 3030 1509 videtur,
3073 1444 3307 1501 maxime
3352 1459 3473 1499 cum
3502 1444 3672 1516 stylus
3697 1435 3768 1499 sit

2175 1535 2474 1591 uniformis.
2508 1535 2611 1603 Qui
2636 1545 2817 1592 autem
2846 1536 3045 1592 fuerint
3073 1536 3149 1590 illi
3178 1536 3414 1592 haeretici
3439 1538 3594 1593 nobis
3621 1537 3767 1592 haud

2173 1627 2362 1696 HqueL

2105 1700 2149 1760 Β
2246 1716 2332 1771 12.
2358 1716 2587 1773 Homilia
2614 1726 2798 1774 nostra
2826 1718 2887 1771 11
2913 1728 3103 1779 contra
3130 1717 3355 1774 clericos
3373 1719 3765 1787 negotiatores,

2171 1810 2362 1881 incipit
2384 1810 2451 1865 ab
2475 1811 2560 1865 his
2576 1809 2757 1865 verbis
2781 1828 2794 1862 :
2829 1808 3264 1881 Reprehendimus
3293 1816 3413 1863 ante
3440 1810 3575 1863 diem
3604 1825 3763 1881 nego-

2172 1903 2436 1955 tiationem
2474 1901 2685 1955 clericos
2733 1909 3044 1955 exercentes.
3078 1899 3186 1956 Sed
3226 1902 3272 1955 si
3312 1909 3446 1954 recte
3471 1901 3767 1955 considera-

2168 2007 2301 2055 mus,
2327 1991 2547 2060 ofﬁcium
2570 2006 2671 2043 non
2692 1984 2805 2043 uere
2832 1992 3094 2059 negotium
3120 1998 3217 2056 est,
3248 1998 3355 2045 etc.
3386 1989 3511 2046 Hinc
3540 1990 3762 2045 homilia

2168 2080 2380 2135 videtur
2402 2082 2727 2151 respondere
2747 2081 2980 2136 homilia:
3000 2079 3067 2135 56
3097 2081 3160 2135 de
3188 2082 3436 2152 Tempore
3456 2082 3598 2153 apud
3622 2082 3758 2137 Am-

2169 2172 2425 2238 brosium,
2458 2172 2511 2226 in
2539 2172 2693 2242 cujus
2723 2170 2828 2228 fine
2856 2172 2972 2228 inec
2995 2173 3245 2241 leguntur
3277 2191 3290 2227 :
3322 2171 3462 2227 Nam
3491 2182 3541 2227 et
3582 2174 3764 2228 catho—

2171 2266 2301 2319 licus
2328 2266 2542 2319 clericus
2571 2265 2669 2318 hac
2688 2254 2944 2320 sententia
2966 2267 3232 2320 retinetur.
3266 2265 3328 2322 Si
3356 2268 3491 2319 enim
3512 2283 3614 2320 non
3636 2283 3766 2321 con-

2173 2365 2340 2411 tentus
2367 2358 2638 2428 stipendiis
2669 2359 2845 2429 fuerit,
2894 2373 3010 2430 qua:
3037 2358 3101 2412 de
3144 2360 3335 2424 altari,
3387 2358 3501 2413 Deo
3529 2358 3760 2430 jubente,

2172 2451 2531 2520 consequitur;
2579 2450 2670 2503 sed
2715 2459 2919 2505 exercet
2956 2451 3310 2513 mercimonio,
3370 2451 3763 2505 intercessiones

2171 2541 2362 2605 vendit,
2390 2541 2656 2594 viduarum
2685 2559 2901 2596 munera
2931 2541 3148 2596 libenter
3173 2543 3537 2614 amplectitur;
3568 2544 3648 2596 hic
3677 2560 3764 2597 ne-

2171 2632 2395 2699 gotiator
2438 2634 2607 2701 magis
2648 2641 2813 2702 potest
2861 2633 3019 2687 videri
3057 2650 3210 2705 quam
3258 2635 3489 2688 clericus.
3523 2632 3677 2701 Quod
3715 2634 3760 2688 si

2173 2720 2248 2774 ita
2293 2728 2399 2786 est,
2423 2729 2651 2792 utraque
2701 2722 2933 2779 Maximo
2987 2725 3333 2780 vindicanda.
3384 2725 3577 2781 Nostra
3613 2728 3757 2782 enim

2172 2810 2455 2866 manifeste
2495 2814 2730 2882 pertinet
2751 2814 2820 2868 ad
2849 2816 2993 2870 illam
3023 2832 3143 2886 quae
3171 2816 3315 2888 apud
3340 2817 3627 2872 Maximum
3657 2835 3757 2873 ex-

2173 2909 2342 2957 trema
2371 2912 2477 2970 est,
2504 2905 2556 2958 in
2578 2905 2709 2959 illud
2736 2906 2885 2961 Isaia:
2909 2925 2922 2960 :
2947 2906 3214 2980 Caupones
3245 2912 3316 2964 tui
3338 2912 3551 2965 miscent
3573 2927 3759 2983 aquam

2170 2993 2308 3059 vino,
2337 3010 2456 3064 qua:
2484 3011 2515 3049 a
2543 2995 2823 3053 Gennadio
2854 2997 3056 3055 diserte
3084 3000 3290 3068 signata
3318 3010 3422 3056 est.
3466 3001 3588 3057 llaec
3614 3002 3758 3058 enim

2172 3084 2358 3154 incipit
2385 3086 2453 3141 ab
2481 3086 2564 3141 his
2589 3088 2770 3143 verbis
2797 3108 2809 3143 :
2844 3088 2968 3144 Non
2990 3091 3312 3147 incommode
3336 3100 3458 3147 ante
3495 3094 3602 3147 dies
3629 3110 3760 3165 pauo

2171 3193 2258 3231 cos
2279 3180 2534 3248 prosecuti
2552 3196 2748 3248 sumus,
2775 3184 3089 3253 {unctionem
3132 3184 3264 3237 hanc
3284 3186 3658 3241 sacerdotalem
3686 3186 3760 3240 vi-

2171 3285 2278 3322 cem
2305 3271 2581 3341 quamdam
2623 3275 2817 3344 negotii
2862 3276 3101 3341 retinere,
3143 3286 3191 3329 et
3226 3284 3458 3348 questum
3503 3294 3612 3333 esse
3654 3292 3771 3333 non

2169 3362 2426 3415 modicum
2454 3361 2548 3416 hoc
2570 3362 2841 3420 clericatus
2882 3366 3121 3436 ofﬁcium,
3144 3381 3265 3436 qua:
3290 3368 3407 3437 ipsa
3433 3368 3597 3424 verba
3632 3377 3758 3424 sunt

2171 3450 2224 3505 iu
2252 3452 2474 3507 homilia
2497 3464 2683 3509 nostra
2715 3454 2801 3519 11,
2850 3454 2920 3511 ad
2948 3473 3109 3527 quam
3134 3459 3364 3530 proinde
3404 3460 3626 3532 respicit
3672 3462 3757 3516 in-

2169 3538 2414 3597 dubitata
2442 3544 2557 3598 haec
2585 3543 2802 3615 Maximi
2831 3548 3071 3604 homilia.

2240 3631 2327 3687 15.
2380 3632 2610 3689 Ilomilia
2659 3651 2691 3691 e
2732 3640 2930 3695 nostris
2984 3638 3052 3691 12
3091 3640 3329 3709 ejusdem
3369 3651 3455 3697 est
3496 3643 3754 3699 auctoris.

2168 3721 2434 3781 Maximus
2460 3728 2658 3797 quippe
2686 3743 2753 3783 ex
2781 3729 3061 3784 Gennadio
3099 3732 3313 3800 scripsit
3352 3750 3364 3784 :
3398 3732 3463 3786 de
3502 3732 3761 3803 Sepulcro

2168 3811 2402 3869 Domini.
2427 3814 2642 3870 Maximi
2669 3816 2790 3870 libri
2819 3818 2954 3872 duas
2982 3818 3184 3873 habent
3212 3819 3437 3889 hujusce
3465 3835 3756 3890 argumen-

2168 3905 2211 3958 ti
2239 3922 2251 3957 :
2279 3905 2332 3958 in
2360 3920 2588 3975 quorum
2614 3907 2802 3975 altera,
2834 3923 2952 3978 qua:
2973 3916 3057 3963 est
3083 3911 3149 3963 de
3191 3908 3355 3964 Cruce
3388 3922 3437 3965 et
3474 3911 3756 3983 Sepultum

2169 3992 2384 4048 Domini
2425 3996 2685 4064 secunda,
2728 3997 3034 4055 referuntur
3063 4001 3340 4069 aptissima
3381 4002 3615 4058 homilia:
3651 4019 3752 4059 no-

2169 4092 2294 4139 stne
2331 4087 2499 4141 verba
2528 4087 2596 4143 ab
2630 4087 2714 4143 his
2737 4089 2916 4145 verbis
2948 4106 2965 4143 :
2995 4091 3085 4144 sed
3121 4090 3381 4148 videamus
3412 4093 3474 4147 de
3515 4094 3611 4148 hoc
3640 4095 3753 4163 ipso

2168 4173 2383 4229 Domini
2403 4192 2639 4246 corpore,
2681 4185 2785 4234 etc.
2814 4177 2939 4233 Haec
2966 4177 3047 4233 de
3076 4180 3307 4235 homiliis
3345 4182 3693 4249 sequentibus
3720 4197 3751 4239 a

2167 4265 2326 4321 nobis
2353 4266 2591 4334 edendis,
2622 4284 2756 4339 quas
2779 4285 2848 4325 ex
2874 4270 2992 4325 aliis
3020 4270 3265 4341 plurimis
3284 4272 3587 4341 selegimus.

2242 4356 2326 4410 14.
2359 4356 2419 4411 In
2442 4358 2627 4414 codice
2650 4360 3019 4442 _Ambrosiano
3045 4377 3150 4416 una
3191 4370 3275 4417 est
3320 4364 3538 4418 homilia
3579 4365 3750 4421 sancti

546 4438 599 4494 9.
630 4438 862 4494 llomilia
890 4437 941 4502 5,
974 4439 1037 4492 de
1062 4438 1302 4493 Calendis
1325 4439 1597 4495 Januariis
1626 4442 1852 4498 totidem
1880 4442 2065 4498 verbis
2091 4419 2143 4482 θ
2167 4447 2384 4504 Maximi
2407 4436 2709 4508 Taurinatis
2727 4453 2966 4525 episcopi
2990 4454 3054 4508 de
3084 4452 3274 4511 Natali
3292 4466 3590 4510 sanctorum
3612 4419 3747 4510 mar;

474 4530 715 4599 signatur
738 4526 1097 4583 aGennadio.
1135 4526 1249 4582 Una
1294 4537 1379 4583 est
1427 4531 1566 4585 inter
1604 4531 1773 4587 editas
1816 4533 2059 4604 ejusdem

475 4622 613 4675 tituli
643 4627 699 4676 ct
724 4618 1026 4687 argumenti
1050 4635 1063 4682 ;
1094 4633 1200 4671 una
1219 4619 1347 4672 item
1376 4620 1520 4689 apud
1548 4608 1908 4695 Ambrosium,
1938 4637 2060 4692 qua:

473 4718 556 4763 est
576 4696 801 4765 homilia
832 4708 888 4763 11
923 4708 986 4764 de
1016 4707 1279 4779 Ternpore,
1304 4709 1389 4764 cui
1409 4711 1600 4767 melius
1619 4721 1802 4768 nostra
1830 4728 2058 4784 respon-

470 4800 582 4855 det.
616 4801 750 4858 Nam
775 4817 894 4873 quia
920 4801 1064 4872 apud
1085 4798 1375 4856 Maximum
1394 4801 1607 4871 legitur,
1639 4805 1912 4862 auditores
1931 4821 2059 4862 suos

472 4893 789 4963 jamdudum
816 4909 849 4949 a
870 4896 1016 4951 vitiis
1044 4895 1145 4951 illis
1164 4894 1507 4951 calendarum
1529 4903 1859 4966 temperasse
1887 4905 2058 4954 testa-

474 4992 598 5048 tur;
629 4989 819 5038 contra
844 4999 976 5042 vero
1005 4996 1117 5042 tum
1166 4993 1352 5042 nostra
1391 4993 1504 5041 tum
1533 4987 1906 5043 Ambrosiam.
1950 4989 2058 5046 No~

469 5081 582 5132 stra
610 5086 775 5141 porro
798 5076 1105 5143 superiores
1132 5076 1382 5133 homilias
1403 5079 1750 5149 consequitur
1786 5079 1843 5132 iu
1871 5079 2058 5136 codice

469 5163 846 5229 Anibrosiano,
892 5166 945 5219 in
989 5182 1098 5237 quo
1143 5170 1273 5225 item
1316 5170 1557 5227 succedit
1596 5186 1845 5242 sequens,
1877 5186 1996 5244 qua:
2018 5187 2056 5227 θ

468 5254 749 5312 Gennadio
777 5256 941 5312 etiam
967 5264 1184 5312 notatur
1210 5261 1273 5314 de
1299 5261 1514 5333 Defectu
1542 5262 1699 5317 lunae.
1736 5261 1886 5319 Alius
1913 5262 2047 5319 ordo

467 5354 551 5401 est
577 5348 631 5402 in
658 5348 929 5404 codicibus
958 5347 1168 5405 Sanctae
1193 5349 1397 5419 Crucis,
1426 5363 1482 5409 et
1508 5354 1691 5410 Sancti
1719 5354 1876 5410 Galii.

536 5436 625 5492 10.
663 5437 907 5495 Homiliae
933 5447 1044 5495 tres
1068 5440 1132 5495 de
1158 5438 1342 5496 Natali
1372 5442 1603 5512 Domini,
1644 5462 1804 5517 quem
1833 5446 2046 5503 titulum

464 5526 770 5586 Gennadius
794 5533 1048 5602 suggerit,
1078 5546 1145 5588 an
1176 5532 1521 5605 prmferenda:
1538 5539 1647 5594 sint
1668 5539 1733 5597 iis
1761 5550 1879 5613 quie
1906 5541 2046 5612 apud

464 5618 754 5679 Maximum
780 5621 1046 5695 leguntur,
1073 5636 1141 5682 an
1178 5624 1340 5683 simul
1367 5641 1488 5685 cum
1529 5629 1631 5689 illis
1671 5633 2041 5708 admittendus,

2168 4548 2372 4611 tyrum;
2402 4541 2588 4612 incipit
2614 4544 2718 4601 hoc
2744 4545 2908 4601 modo
2938 4561 2951 4598 ;
2982 4545 3131 4601 Sicut
3160 4548 3368 4613 scimus,
3394 4550 3603 4618 fratres,
3632 4555 3749 4603 rota

2164 4649 2367 4705 semper
2391 4635 2599 4690 Domini
2623 4635 2947 4707 subsequitur
2973 4637 3224 4708 festivitas
3247 4639 3586 4706 servulorum,
3613 4644 3747 4706 etc.,

2164 4738 2327 4793 quam
2357 4724 2411 4779 in
2455 4724 2615 4781 editis
2652 4742 2761 4781 non
2804 4727 3127 4782 invenimus.
3157 4728 3304 4783 Idem
3342 4737 3465 4799 post
3498 4730 3749 4784 homilias

2163 4815 2299 4872 duas
2326 4817 2390 4871 de
2410 4820 2606 4872 sanctis
2627 4818 2926 4874 Alexandro
2951 4827 3001 4874 et
3030 4819 3287 4888 Sisinnio,
3310 4832 3440 4888 etc.,
3463 4836 3607 4890 quos
3625 4830 3748 4890 post

2161 4910 2366 4966 obitum
2395 4911 2568 4965 sancti
2596 4910 2865 4967 Ambrosii
2884 4914 3143 4985 martyrio
3171 4913 3393 4969 aﬂ‘ectos
3420 4913 3581 4968 fuisse
3602 4912 3745 4967 Pau-

2160 5002 2300 5055 linus
2326 5010 2517 5058 auctor
2553 5010 2655 5057 est.
2709 5000 2942 5057 Romilio
2983 5005 3153 5058 sancti
3198 5004 3420 5059 Maximi
3464 5004 3527 5059 de
3565 5013 3745 5058 sancto

2159 5090 2383 5147 Eusebio
2403 5098 2628 5163 martyre
2668 5092 3002 5148 Vercellensi.
3034 5093 3229 5164 incipit
3269 5114 3282 5148 :
3314 5095 3395 5149 Ad
3424 5096 3594 5149 sancti
3627 5093 3741 5148 Eu-

2157 5180 2286 5236 sebii
2315 5182 2522 5237 laudem
2561 5183 2759 5255 aliquid
2798 5184 3010 5248 addere,
3062 5184 3332 5257 decerpere
3373 5194 3477 5253 est,
3510 5196 3645 5256 etc.,
3685 5195 3744 5241 ut

2156 5271 2299 5341 apud
2319 5271 2657 5329 Ambrosium
2687 5274 2909 5344 rectius,
2931 5290 3092 5344 quam
3118 5276 3259 5347 apud
3286 5276 3595 5333 Maximum.
3640 5277 3741 5334 Se-

2148 5364 2331 5433 quitur
2354 5383 2367 5417 :
2393 5363 2527 5418 Item
2545 5365 2737 5421 dictum
2773 5365 3039 5423 Vercellis.
3062 5367 3201 5422 Dum
3225 5368 3294 5422 ad
3313 5370 3551 5442 obsequia
3571 5386 3725 5423 uene-

2147 5455 2330 5510 randae
2352 5456 2728 5512 recordationis
2757 5459 3143 5531 communisque
3164 5462 3330 5532 patris
3368 5460 3534 5516 nostri
3581 5458 3743 5515 Euss'

2146 5546 2235 5612 bii,
2264 5549 2609 5619 confessionis
2652 5548 2765 5621 ejus
2814 5548 3011 5606 honore
3046 5553 3399 5620 convenimus,
3441 5560 3549 5608 etc.
3602 5550 3739 5606 Item

2145 5639 2210 5698 de
2232 5648 2413 5698 sancto
2437 5639 2682 5712 Eusebio,
2703 5652 2753 5700 et
2779 5643 2843 5699 de
2871 5642 3205 5703 Machabzis.
3233 5644 3378 5701 Licet
3398 5660 3495 5712 me,
3514 5646 3741 5719 fratres,
