4138 6186
344 288 445 347 173

1502 282 1589 339 DE
1628 287 1684 341 S.
1727 282 1995 339 MAXIMO
2033 282 2456 344 TAURINENSL

3528 295 3633 352 Ιῖι

336 405 572 460 debitum
600 402 813 457 caritati
853 410 1034 457 vestra
1059 399 1302 455 exhibere
1348 414 1638 453 sermonem
1675 399 1937 469 imperitia
1969 400 2015 459 Α
2042 398 2151 452 ulla
2192 399 2303 453 dies
2345 399 2757 470 Septuagesima,
2796 402 2898 455 nisi
2947 404 3083 468 ista;
3143 420 3233 459 nec
3271 405 3632 477 Sexagesima,

338 497 608 567 pudorque
635 500 861 558 revocet,
891 500 993 546 etc.
1028 489 1163 544 Item
1185 490 1248 544 de
1284 499 1467 545 sancto
1513 494 1812 561 confessore
1843 490 1943 543 Eu-

339 589 499 649 sebio,
525 594 576 639 et
601 581 945 638 Machabaeis.
972 582 1052 634 Ad
1077 582 1423 636 celebritatem
1437 582 1587 651 hujus
1603 582 1725 645 diei,
1751 583 1940 652 fratres

347 675 631 738 rarissimi,
669 674 811 727 omni
854 689 947 727 nos
975 689 1088 726 cum
1118 672 1390 727 alacritate
1410 688 1714 726 concurrere
1740 671 1939 726 deuotio

337 767 565 837 gemina:
587 764 881 836 festivitatis
902 764 1104 828 invitat,
1129 771 1233 817 etc.
1280 762 1521 832 Denique
1552 762 1797 831 sequitur
1834 762 1941 816 alia

342 854 568 910 humilia
617 854 718 908 sub
765 853 869 907 hoc
922 852 1151 907 exordio
1191 870 1203 905 :
1239 850 1569 920 Quanquam,
1617 851 1941 907 dilectissimi

343 949 556 1019 fratres,
579 945 718 1000 beati
738 946 905 1013 patris
927 944 1093 998 nostri
1120 944 1307 997 summi
1335 943 1620 997 sacerdotis
1650 952 1702 997 et
1738 944 1943 1015 confes-

342 1040 477 1094 soris
524 1036 742 1092 Eusebii
788 1036 1031 1107 indignus
1077 1036 1175 1088 sim
1221 1036 1391 1105 filius,
1441 1043 1492 1088 et
1536 1034 1782 1088 minimus
1832 1050 1943 1088 ser-

344 1135 603 1197 rus,etc.,
621 1126 710 1181 ubi
735 1126 802 1178 ad
826 1125 1119 1193 marginem
1140 1124 1445 1193 appositum
1468 1130 1552 1177 est
1567 1123 1941 1193 antiquissimo

344 1220 660 1275 charactere
683 1234 697 1269 ε
732 1214 877 1269 Nota
903 1214 1039 1287 quod
1075 1214 1399 1269 Vcrcellinus
1427 1222 1504 1267 est
1523 1215 1640 1268 iste.
1666 1212 1765 1268 Hic
1786 1212 1942 1268 exhi-

345 1308 505 1366 bendi
528 1316 715 1365 essent
743 1322 866 1361 cum
891 1320 1119 1360 censura
1147 1304 1350 1359 indices
1378 1303 1742 1371 homiliarum,
1772 1303 1864 1372 qui
1885 1303 1940 1357 in

345 1401 618 1475 przedictis
640 1401 810 1456 tribus
832 1398 1106 1453 codicibus
1131 1397 1501 1452 continentur.
1531 1395 1636 1451 Sed
1664 1396 1771 1451 hoe
1796 1395 1940 1451 aliud

346 1502 562 1564 tempus
590 1490 738 1549 aliud
766 1491 936 1546 otium
965 1490 1209 1559 exigunt.

419 1583 508 1639 l5.
525 1584 663 1639 illud
684 1591 867 1639 autem
891 1582 942 1639 in
966 1590 1274 1639 transcursu
1294 1581 1586 1636 observare
1604 1579 1757 1649 juvat
1775 1580 1942 1635 libros

347 1693 443 1733 sex
470 1677 717 1745 vulgatos
749 1674 817 1729 de
845 1673 1221 1741 sacramentis,
1257 1674 1351 1743 qui
1376 1673 1660 1728 Ambrosio
1700 1674 1752 1728 in
1780 1672 1942 1728 editis

350 1771 682 1835 tribuuntur,
711 1767 916 1835 absque
964 1766 1202 1822 auctoris
1228 1767 1448 1821 nomine
1475 1766 1638 1821 inseri
1679 1766 1943 1821 sermoni-
1973 1771 2017 1831 Β

353 1858 453 1912 bus
480 1855 751 1926 pmdictis
772 1856 827 1909 in
853 1854 1039 1911 codice
1060 1853 1245 1910 Sancti
1271 1854 1433 1923 Galli,
1463 1864 1627 1925 atque
1653 1857 1707 1909 in
1736 1870 1943 1911 senue-

350 1965 446 2004 ues
472 1955 689 2018 septem
716 1945 963 2000 distribui
1004 1945 1104 2000 sub
1142 1946 1247 2001 hoc
1274 1946 1433 2000 titulo
1468 1963 1481 1998 :
1535 1945 1729 2017 Incipit
1773 1948 1943 2015 prima

351 2042 462 2095 dies
492 2041 550 2092 in
590 2037 825 2104 Pascha,
855 2036 930 2089 ita
956 2044 1018 2090 ut
1046 2036 1240 2104 singuli
1267 2051 1363 2091 sex
1390 2037 1510 2092 libri
1556 2037 1799 2106 singulos
1825 2052 1941 2092 ser-

353 2145 536 2187 mones
563 2128 902 2184 constituant
930 2142 1029 2195 pro
1067 2127 1289 2181 totidem
1338 2127 1694 2183 hebdomadze
1731 2128 1941 2195 diebus,

351 2234 406 2279 et
431 2222 652 2294 quidem
676 2221 937 2291 septimus
958 2220 1029 2274 ab
1052 2227 1295 2275 extrema
1320 2227 1475 2289 parte
1503 2220 1625 2274 libri
1647 2220 1788 2275 sexti
1811 2220 1945 2275 inci-

353 2316 483 2385 piat,
510 2314 565 2367 id
596 2320 712 2375 est,
745 2311 813 2364 ab
839 2311 926 2365 his
950 2310 1128 2364 verbis
1158 2327 1173 2363 :
1204 2310 1364 2364 Aliud
1390 2309 1721 2365 Psalmorum
1748 2309 1941 2378 Dauid,

350 2409 467 2461 licet
492 2422 628 2459 unus
650 2403 853 2457 libellus
878 2404 969 2470 sit,
1000 2410 1103 2456 etc.
1137 2400 1248 2456 Sed
1277 2402 1415 2456 forte
1444 2400 1662 2470 majoris
1683 2401 1943 2457 momenti

353 2497 474 2563 erit,
500 2493 653 2565 quod
683 2494 737 2548 in
766 2507 1016 2548 sermone
1052 2491 1119 2560 4,
1146 2492 1238 2561 qui
1278 2493 1331 2546 in
1373 2492 1532 2547 editis
1574 2492 1711 2546 liber
1747 2508 1799 2547 Iv
1837 2500 1943 2561 est,

353 2586 490 2642 idem
518 2600 700 2640 sermo
732 2584 805 2638 ita
835 2584 998 2638 habet
1028 2600 1040 2635 :
1088 2583 1245 2636 Vides
1270 2600 1391 2654 ergo
1431 2599 1587 2654 quam
1616 2584 1944 2653 operatorius

352 2680 416 2732 sit
451 2694 619 2732 sermo
658 2674 873 2730 Christi.
907 2674 1046 2746 Ergo
1086 2677 1133 2729 si
1169 2683 1320 2728 tanta
1365 2675 1441 2728 vis
1496 2682 1573 2729 est
1601 2675 1657 2727 in
1704 2690 1946 2728 sermone

354 2767 567 2823 Domini
593 2766 743 2831 Iesu,
774 2776 831 2821 ut
868 2767 1157 2836 inciperent
1183 2782 1319 2831 esse,
1351 2781 1467 2836 quae
1507 2774 1659 2819 erant
1701 2781 1719 2819 :
1752 2774 1945 2836 quanto

358 2862 523 2931 magis
556 2858 885 2928 cperatorius
912 2865 1012 2924 est,
1042 2864 1098 2909 ut
1127 2858 1233 2910 sint
1261 2865 1313 2910 et
1348 2857 1403 2910 in
1442 2857 1585 2911 aliud
1627 2866 1946 2911 commuten-

345 2960 464 3017 tur;
482 2964 609 3004 cum
625 2950 682 3002 in
704 2948 934 3015 vulgatis
946 2955 1280 3017 postremum
1296 2947 1597 3003 membrum
1614 2948 1691 3002 sic
1704 2948 1941 3016 legatur:

348 3039 416 3093 Et
460 3053 577 3108 qua:
605 3048 763 3095 erant
793 3041 849 3093 in
876 3038 1023 3094 aliud
1059 3048 1454 3095 commutantur.
1493 3038 1576 3094 Ex
1622 3040 1718 3111 his;
1743 3040 1947 3095 duabus

2045 492 2147 544 nisi
2194 506 2410 561 sequens
2461 491 2742 557 dominica,
2786 500 2879 548 nec
2938 491 3395 567 Quinquagesima,
3439 499 3540 551 nisi
3569 499 3635 552 ab

2044 583 2164 636 hinc
2193 584 2365 637 tertia.
2399 581 2464 635 Et
2492 590 2640 638 certe
2665 599 2846 640 sermo
2871 585 2930 639 3i
2964 586 3029 640 de
3061 585 3310 655 Tempore
3338 586 3636 658 Septuage-

2043 672 2237 726 simam
2275 680 2333 727 et
2376 672 2777 741 Sexagesimam
2829 674 2949 731 ideo
2996 692 3106 730 non
3154 676 3416 747 admittit,
3447 686 3509 733 ut
3550 694 3637 733 re-

2044 762 2345 833 prehendat
2371 778 2468 819 eos
2505 764 2598 833 qui
2650 763 3159 836 Quinquagesimam
3202 766 3639 838 Quadragesimai

2043 854 2332 909 addebant.
2362 854 2565 911 Similis
2594 858 2866 927 oppositio
2897 866 3076 913 exstat
3099 858 3241 914 inter
3273 860 3639 916 εει-1110116826

2042 955 2103 1002 et
2126 946 2212 1001 32.
2242 947 2301 1002 ln
2331 949 2435 1004 hoc
2454 950 2598 1004 enim
2631 950 2749 1005 solo
2778 950 3033 1008 dominici
3071 953 3187 1008 dies
3216 967 3246 1007 a
3270 950 3479 1023 jejimio
3498 968 3637 1023 qua-

2042 1038 2385 1107 dragesimali
2416 1040 2786 1109 excipiuntur;
2812 1042 2865 1097 in
2898 1043 2989 1097 illo
3011 1059 3142 1099 vero
3168 1044 3331 1099 etiam
3352 1045 3639 1101 sabbatum

2042 1128 2112 1183 ad
2134 1129 2294 1185 ritum
2324 1129 2579 1187 Ecclesia:
2603 1131 3040 1188 Mediolanensis.
3068 1133 3242 1205 Adde,
3283 1136 3434 1207 quod
3462 1137 3517 1191 in
3546 1136 3639 1192 illo

2042 1234 2294 1276 sermone
2319 1220 2389 1275 26
2421 1220 2688 1290 jejunium
2734 1222 2787 1277 in
2828 1222 3247 1294 Quadragesima
3275 1227 3640 1297 praescribitur

2041 1312 2306 1368 duntaxat
2331 1313 2401 1367 ad
2444 1329 2665 1383 nonam,
2703 1314 2848 1384 quod
2872 1323 2958 1371 est
3000 1325 3185 1371 contra
3218 1318 3390 1388 ipsum
3418 1318 3643 1373 Ambro«

2041 1404 2202 1472 sium,
2247 1412 2303 1459 et
2347 1412 2537 1459 contra
2572 1412 2816 1460 veterum
2843 1414 3148 1479 temporum
3197 1408 3556 1479 disciplinam,
3584 1408 3642 1467 in

2041 1496 2236 1563 quibus
2259 1494 2523 1564 jejunium
2550 1495 3015 1565 quadragesimale
3058 1514 3167 1554 non
3194 1506 3323 1556 ante
3352 1514 3641 1571 vesperum

2043 1586 2179 1642 solvi
2207 1586 2424 1643 licebat.

2337 1719 2584 1777 LUDOV.
2625 1720 2875 1777 ANTON.
2918 1721 3367 1780 MURATORIUS

2132 1851 2186 1891 L‘i
2234 1851 2509 1903 SEBIONES
2558 1852 2604 1893 S.
2664 1852 2854 1892 ιιΑιιδιι
2907 1852 3138 1895 81⁵15001⁵1
3193 1853 3581 1901 τλυωιιςδιερ,

2357 1928 2607 1993 Anecdot.
2639 1935 2764 2011 tom.
2799 1927 2829 1982 1
2846 1928 2905 1995 γ,
2938 1928 3127 1984 Palas.
3172 1929 3334 1984 171⁵5.

2112 2033 2299 2091 Codex
2330 2053 2456 2104 ms.,
2503 2038 2646 2093 unde
2676 2038 2778 2093 hos
2806 2041 2979 2095 sancti
3020 2040 3239 2094 Maximi
3285 2039 3634 2096 Taurinensis

2045 2127 2285 2197 episcopi
2326 2144 2605 2183 sermones
2630 2130 2911 2198 descripsi,
2940 2137 3022 2185 est
3066 2132 3119 2184 in
3161 2131 3515 2185 Ambrosiam
3559 2132 3650 2186 bi-

2043 2219 2337 2287 bliotheca,
2361 2219 2465 2272 litt.
2498 2218 2562 2288 C,
2593 2236 2741 2275 num.
2774 2220 2865 2289 98,
2897 2222 3261 2277 venerandam
3288 2231 3469 2279 autem
3496 2224 3636 2278 anti-

2044 2312 2311 2381 quitatem
2341 2311 2546 2383 spirat;
2598 2312 2797 2383 quippe
2835 2314 3069 2384 scriptus
3109 2315 3241 2369 mihi
3268 2314 3489 2370 videtur
3514 2323 3643 2371 ante

2044 2402 2191 2457 mille
2218 2402 2433 2457 circiter
2461 2417 2652 2457 annos.
2678 2401 3034 2460 Characteres
3075 2405 3143 2459 ad
3170 2400 3638 2475 Lengobardicam

2045 2494 2365 2562 scripturam
2393 2493 2616 2548 omnino
2653 2494 2940 2561 accedunt,
2980 2495 3293 2565 similesque
3333 2503 3462 2549 sunt
3506 2497 3572 2551 iis
3607 2511 3641 2551 e

2046 2586 2241 2655 quibus
2264 2590 2484 2638 constat
2506 2585 2907 2639 vetustissimus
2933 2583 3159 2656 Josephi
3189 2586 3360 2641 codex
3390 2587 3445 2641 in
3468 2586 3639 2660 Egy-

2047 2675 2223 2745 ptiaca
2258 2691 2464 2747 papyro
2491 2682 2766 2742 exoratus,
2796 2683 2850 2730 et
2893 2677 2947 2730 in
2974 2677 3163 2731 eadem
3190 2677 3516 2734 bibliotheca
3542 2694 3641 2734 ve-

2049 2766 2147 2820 luti
2200 2767 2408 2834 insigne
2457 2766 2794 2835 antiquitatis
2843 2776 3250 2822 monumentum
3307 2777 3635 2825 asservatus.

2050 2857 2233 2927 Neque
2262 2857 2418 2912 aliter
2444 2857 2511 2911 de
2538 2857 2705 2926 ipsius
2742 2855 2945 2912 codicis
2970 2865 3241 2914 vetustate
3278 2858 3540 2928 judicavit
3565 2860 3636 2916 el.

2048 2952 2131 3005 vir
2157 2949 2393 3006 Joannw
2420 2950 2781 3019 Mabillonius,
2821 2959 2953 3006 tom.
2985 2950 3025 3017 l,
3073 2965 3196 3021 pag.
3228 2950 3282 3019 2,
3320 2951 3490 3007 Musei
3520 2951 3643 3008 Ita-

2050 3042 2157 3109 lici,
2184 3042 2238 3097 in
2262 3042 2578 3113 przefatione
2603 3041 2670 3096 ad
2690 3042 2951 3111 quasdam
2978 3042 3227 3097 homilias
3249 3042 3494 3112 ejusdem
3512 3058 3644 3100 san-

346 3130 672 3189 lectionibus
702 3145 863 3185 unam
888 3129 1159 3185 conﬂabat
1185 3130 1542 3198 Berengarius
1570 3146 1600 3184 a
1641 3130 1943 3185 Lanl‘ranco
1972 3138 2017 3201 ρ
2044 3133 2119 3189 cti
2150 3132 2365 3187 Maximi
2390 3147 2419 3187 a
2448 3148 2508 3188 se
2533 3133 2766 3203 primum
2788 3132 2978 3198 editas,
3011 3142 3067 3188 et
3094 3134 3291 3203 partim
3311 3149 3377 3188 ex
3399 3134 3501 3190 hoc
3522 3138 3646 3206 ipso

347 3223 553 3278 relatus
582 3222 636 3276 in
661 3222 873 3290 dialogo
902 3230 1089 3277 contra
1120 3222 1318 3291 ipsum,
1341 3223 1430 3277 ubi
1466 3238 1590 3277 eum
1615 3224 1687 3276 ita
1718 3224 1944 3293 loquen-

343 3322 458 3371 tem
486 3313 695 3368 inducit
724 3332 738 3366 :
769 3313 875 3369 Per
908 3314 1354 3369 consecrationem
1400 3313 1587 3368 altaris
1624 3314 1760 3383 ﬁunt
1794 3315 1946 3385 panis

345 3415 396 3459 st
414 3406 588 3459 vinum
613 3414 999 3463 sacramentum
1018 3405 1286 3475 religionis
1310 3421 1331 3459 :
1363 3421 1470 3460 non
1497 3414 1553 3458 ut
1572 3405 1812 3459 desinant
1834 3420 1946 3459 esse

347 3514 461 3570 qua
483 3505 658 3563 nant,
688 3498 811 3550 etin
846 3497 994 3550 aliud
1020 3506 1420 3565 commutentur,
1448 3497 1587 3568 quod
1608 3497 1738 3550 dicit
1767 3495 1946 3551 beatus

348 3586 651 3641 Ambrosius
689 3586 744 3639 in
785 3585 914 3641 libro
943 3586 1008 3639 de
1037 3585 1415 3640 Sacramentis.
1450 3585 1807 3655 Lanl‘rancus,
1846 3602 1944 3641 ex-

350 3679 530 3749 posito
551 3678 658 3732 hoc
686 3678 830 3744 loco,
854 3678 929 3731 ita
958 3685 1019 3732 ut
1045 3694 1076 3731 a
1099 3677 1425 3746 Berengario
1446 3677 1821 3747 objiciebatur,
1847 3677 1944 3745 ait,

350 3756 411 3824 in
447 3769 773 3838 quibusdam
799 3768 1075 3824 codicibus
1099 3768 1377 3839 praefatam
1413 3768 1737 3823 sententiam
1764 3768 1945 3822 verbis

350 3862 473 3918 aliis
515 3861 785 3927 inveniri;
828 3875 1023 3930 nempe
1067 3860 1256 3915 iisdem
1307 3859 1529 3915 omnino
1574 3858 1776 3927 verbis,
1822 3874 1945 3930 qua:

350 3954 515 4008 modo
559 3952 693 4007 editi
724 3952 958 4018 habent;
983 3951 1096 4022 jam
1125 3940 1257 4008 vero
1288 3967 1384 4021 per
1412 3952 1465 4007 id
1506 3960 1720 4023 tempus
1752 3951 1944 4022 praedi-

351 4054 500 4101 ctum
528 4062 665 4117 opus
694 4046 758 4099 de
798 4044 1155 4101 Sacr-amentis
1202 4046 1254 4099 in
1282 4061 1378 4099 sex
1408 4045 1574 4100 libros
1601 4045 1943 4100 distributum

348 4146 494 4205 erat,
519 4138 819 4207 eodemque
846 4136 1007 4191 modo
1034 4152 1064 4190 a
1094 4134 1398 4189 Lanl'ranco
1424 4135 1725 4189 adducitur.

420 4230 512 4284 16.
554 4229 823 4285 Revertor
841 4228 910 4284 ad
934 4230 1245 4296 Maximmn,
1272 4227 1426 4296 cujus
1464 4243 1763 4296 sermones,
1784 4236 1947 4297 prout

350 4320 454 4377 sub
475 4320 595 4389 ejus
616 4321 833 4376 nomine
857 4320 1061 4389 vulgati
1088 4327 1236 4387 sunt,
1268 4319 1506 4389 plerique
1533 4318 1820 4373 Maximum
1844 4334 1943 4373 au-

346 4422 563 4469 ctorem
602 4412 837 4482 habent,
866 4422 1030 4482 atque
1070 4413 1193 4468 ideo
1225 4412 1404 4467 eidem
1448 4412 1751 4468 vindicandi
1792 4420 1946 4483 quot-

2048 3226 2236 3281 codice
2265 3225 2590 3295 descriptas.
2633 3225 2905 3295 Quidquid
2948 3225 3022 3279 ibi
3061 3225 3403 3280 doctissimus
3440 3225 3531 3281 ille
3557 3229 3650 3282 vir

2048 3317 2189 3371 hanc
2219 3318 2272 3372 in
2311 3332 2425 3372 rem
2462 3317 2743 3372 adnotavit
2772 3316 2991 3384 dignum
3020 3317 3180 3386 plane
3209 3316 3348 3371 foret
3380 3315 3523 3385 quod
3552 3316 3646 3371 hic

2048 3416 2405 3478 repeteretur.
2434 3406 2541 3462 Sed
2572 3408 2698 3463 illuc
2725 3420 2826 3475 ego
2856 3408 3115 3461 lectorem
3142 3406 3439 3471 dimittens,
3491 3410 3638 3477 quod

2047 3513 2229 3553 meum
2258 3498 2499 3566 erit,-hic
2526 3497 2765 3552 breviter
2784 3497 3030 3566 prodam.

2118 3590 2327 3645 Floruit
2353 3589 2615 3643 Maximus
2642 3604 2753 3643 sec.
2780 3587 3098 3642 Christiana:
3118 3602 3239 3641 term
3262 3604 3312 3641 v.
3335 3586 3470 3641 Eum
3493 3587 3635 3641 ultra

2048 3696 2249 3735 annum
2278 3680 2476 3735 Christi
2503 3678 2608 3732 465
2635 3678 2833 3733 vixisse
2861 3677 3057 3732 eruditi
3088 3692 3194 3731 non
3233 3677 3390 3748 pauci
3414 3683 3632 3748 putant,

2049 3786 2155 3826 non
2182 3771 2315 3829 satis
2357 3770 2622 3825 Gennadii
2649 3768 2926 3824 codicibus
2976 3767 3221 3832 fidentes,
3256 3768 3349 3822 ubi
3389 3776 3638 3823 mortuus

2048 3863 2247 3919 dicitur
2275 3873 2401 3917 ante
2430 3878 2632 3917 annum
2679 3860 2882 3917 Christi
2926 3859 3051 3915 ηδ.
3099 3860 3374 3930 Leguutur
3400 3862 3637 3917 humilia:

2046 3956 2356 4026 complures
2385 3957 2524 4011 inter
2552 3970 2719 4024 opera
2764 3952 2866 4009 SS.
2914 3954 3187 4009 Ambrosii
3231 3962 3286 4009 et
3333 3953 3639 4024 Augustini,

2047 4062 2167 4117 quae
2195 4054 2379 4101 tamen
2428 4055 2676 4100 sanctum
2716 4045 3009 4100 Maximum
3058 4052 3333 4099 auctorem
3377 4046 3637 4101 habuere.

2047 4136 2233 4207 Neque
2260 4153 2391 4192 vero
2415 4137 2634 4191 easdem
2665 4137 2796 4192 satis
2823 4137 3101 4205 hucusque
3147 4138 3507 4192 distinxerunt
3529 4136 3635 4192 coll

2044 4229 2280 4284 lectores
2308 4243 2533 4297 operum
2561 4228 2731 4281 sancti
2760 4227 2979 4282 Maximi
3030 4247 3042 4281 :
3088 4229 3155 4282 ad
3185 4229 3331 4299 quod
3370 4240 3553 4284 tamen
3581 4236 3640 4282 et
3660 4216 3672 4227 ’

2046 4319 2262 4375 laudata
2286 4318 2580 4373 Mabillonii
2609 4317 2880 4387 prmfatio,
2924 4327 2980 4373 et
3008 4335 3135 4373 cura
3178 4320 3291 4375 hmc
3320 4328 3503 4374 nostra
3530 4335 3640 4374 non

2046 4428 2234 4484 parum
2263 4412 2537 4467 inserviet.
2565 4410 2841 4482 Siquidem
2870 4426 2981 4465 non
3009 4412 3171 4465 modo
3201 4427 3481 4466 sermones
3512 4412 3643 4466 mul-

351 4513 491 4575 quot
524 4518 595 4559 ex
624 4504 708 4559 bis
750 4504 1036 4559 Ambrosio
1065 4504 1207 4559 inter
1247 4503 1366 4573 ejus
1396 4503 1593 4577 [curvi
1624 4521 1789 4574 opera
1836 4519 1956 4574 sup-
1984 4510 2031 4571 ο
2060 4514 2144 4560 tos
2163 4504 2253 4559 hic
2279 4504 2470 4558 damus
2500 4503 2737 4558 nondum
2765 4503 3067 4573 evulgatus,
3097 4502 3192 4557 sed
3222 4503 3384 4558 etiam
3415 4503 3642 4557 adnota-

352 4604 653 4669 ponuntur,
676 4597 763 4652 ubi
784 4596 943 4667 pauci
962 4596 1246 4652 admodum
1268 4596 1575 4664 Ambrosio,
1597 4597 1755 4664 longe
1772 4597 1952 4667 plures

353 4688 593 4745 Maximo
622 4690 816 4745 ascribi
842 4689 1059 4744 debent.
1094 4687 1410 4758 Quanquam
1439 4696 1496 4743 et
1522 4688 1611 4743 alii
1638 4697 1784 4757 sunt,
1813 4704 1951 4759 quos

351 4797 459 4837 nec
486 4781 772 4837 Ambrosio
800 4796 899 4837 nec
947 4780 1186 4837 Maximo
1217 4782 1457 4836 tribuere
1499 4797 1807 4852 possumus,
1853 4781 1950 4836 sed

352 4873 748 4943 posterioribus
777 4873 1129 4928 auctoribus:
1162 4873 1351 4943 quales
1394 4879 1520 4927 sunt.
1565 4872 1837 4928 secundus
1885 4888 1949 4929 ac

352 4965 550 5019 tertius
573 4963 641 5018 de
663 4964 913 5019 Adventu
938 4982 953 5017 :
983 4963 1125 5018 inter
1146 4978 1428 5019 sermones
1449 4963 1521 5017 22
1543 4971 1599 5018 et
1632 4963 1724 5031 25,
1752 4964 1821 5018 de
1848 4963 1950 5020 Se-

352 5057 714 5126 ptuagesima,
764 5064 821 5110 et
857 5055 1230 5124 Sexagesima,
1275 5071 1395 5125 qua:
1429 5056 1688 5111 vocabula
1729 5056 1946 5111 Maximi

352 5149 555 5203 nedum
582 5150 854 5204 Ambrosii
882 5157 1125 5219 tempore
1152 5149 1334 5217 ignota
1373 5157 1529 5204 erant
1560 5166 1574 5215 ;
1630 5150 1708 5203 uti
1756 5157 1811 5204 et
1850 5164 1950 5204 no-

350 5256 481 5295 men
527 5239 808 5295 Adventus
834 5256 933 5310 pro
980 5247 1134 5295 certo
1175 5240 1268 5295 illo
1307 5240 1515 5295 dierum
1546 5256 1772 5295 numero
1814 5243 1952 5310 q'uos

348 5342 483 5386 ante
532 5330 723 5385 Natale
774 5329 989 5385 Domini
1034 5331 1295 5386 celebrari
1345 5346 1464 5385 mos
1501 5339 1601 5386 est.
1652 5329 1768 5385 Non
1820 5344 1950 5398 ergo

345 5425 585 5483 dixisset
611 5424 949 5491 Ambrosius,
973 5431 1066 5477 aut
1086 5422 1375 5490 Maximus,
1403 5423 1548 5493 quod
1574 5414 1727 5478 initio
1752 5437 1953 5477 sermo-

344 5518 439 5571 nis
459 5515 687 5571 secundi
714 5516 784 5570 de
806 5514 1050 5570 Adventu
1079 5515 1274 5583 legitur
1298 5533 1310 5567 :
1346 5512 1463 5569 Hoc
1488 5523 1688 5586 tempus
1718 5530 1822 5569 non
1846 5515 1949 5568 im-

348 5610 545 5664 merito
573 5609 835 5663 Adventus
886 5607 1099 5663 Domini
1146 5617 1355 5667 uocatur
1386 5625 1402 5662 :
1434 5624 1610 5678 neque
1645 5608 1727 5671 his
1768 5607 1950 5663 verbis

347 5699 629 5755 sermonis
655 5698 728 5754 23
754 5700 835 5755 usi
872 5697 1099 5757 fuissent
1137 5716 1150 5754 :
1197 5700 1261 5755 In
1303 5710 1410 5756 toto
1440 5718 1578 5756 anno
1608 5718 1712 5755 non
1758 5700 1948 5754 dicitur

2052 4611 2190 4661 mus,
2210 4595 2299 4665 qui
2314 4594 2426 4665 jam
2448 4594 2578 4650 editi
2598 4594 2793 4650 fuerint
2815 4596 2956 4651 inter
2972 4610 3136 4666 opera
3153 4595 3328 4650 sancti
3345 4593 3634 4660 Ambrosii,

2051 4695 2143 4742 aut
2196 4686 2363 4757 ipsius
2410 4688 2584 4741 sancti
2633 4686 2871 4741 Maximi.
2924 4686 3094 4741 Porro
3145 4686 3364 4740 minime
3410 4684 3640 4754 sponde-

2050 4794 2165 4834 rem
2193 4778 2433 4847 singulos
2475 4793 2754 4833 sermones
2798 4778 2891 4847 qui
2931 4779 2985 4832 in
3032 4776 3250 4830 laudato
3286 4775 3474 4831 codice
3514 4776 3642 4830 Am-

2049 4871 2304 4927 brosiano
2328 4871 2580 4941 leguntur
2608 4869 2678 4925 ad
2719 4870 3007 4924 Maximum
3032 4867 3378 4922 Taurinatem
3410 4882 3527 4922 esse
3556 4883 3644 4922 rc-

2047 4961 2321 5018 l‘ercndos.
2345 4962 2563 5018 Mutilus
2589 4963 2643 5016 in
2667 4961 2863 5025 fronte,
2886 4961 2939 5014 in
2967 4959 3138 5025 calce,
3160 4956 3387 5028 aliisque
3417 4959 3471 5013 in
3503 4959 3641 5015 locis

2054 5065 2138 5112 est
2161 5058 2353 5122 codex,
2388 5071 2509 5125 qua:
2542 5070 2703 5112 causa
2734 5053 2872 5108 forte
2900 5049 3079 5106 afferri
3118 5060 3295 5122 potest
3322 5068 3418 5107 cur
3441 5052 3645 5107 deside~

2054 5156 2243 5203 rentur
2265 5147 2494 5203 clariora
2525 5146 2845 5201 documenta
2869 5141 2938 5197 de
2964 5143 3152 5197 harum
3185 5143 3525 5199 homiliarum
3548 5159 3645 5198 au-

2055 5250 2228 5296 ctore.
2260 5239 2527 5295 Prmtcrea
2552 5244 2678 5291 sunt
2705 5234 2924 5304 quidam
2953 5235 3063 5290 illic
3103 5250 3383 5291 sermones
3412 5235 3506 5304 qui
3543 5250 3643 5290 ex-

2056 5348 2244 5404 presso
2279 5332 2495 5387 nomine
2530 5327 2837 5382 tribuuntur
2881 5336 3060 5381 sancto
3089 5326 3323 5380 Maximo
3375 5324 3645 5380 Taurinati

2057 5427 2317 5495 episeopo,
2350 5432 2407 5477 ut
2435 5422 2487 5476 in
2528 5420 2646 5491 ipsa
2675 5418 2912 5477 editione
2955 5417 3271 5490 apparebit;
3314 5433 3377 5473 ac
3420 5416 3645 5489 proinde

2056 5516 2290 5586 suspicio
2318 5513 2600 5582 ingeritur.
2629 5526 2700 5567 ne
2722 5510 2924 5577 cancri,
2966 5525 3200 5581 quorum
3231 5508 3345 5580 ipse
3374 5524 3483 5563 non
3512 5507 3646 5562 serio

2057 5606 2201 5661 bitur
2230 5612 2436 5669 auctor,
2470 5601 2539 5659 ad
2570 5602 2707 5659 alios
2750 5612 3002 5659 auctores
3030 5602 3358 5672 pertineant.
3402 5597 3467 5653 Et
3497 5604 3643 5655 certe

2057 5695 2281 5754 eruditis
2319 5711 2427 5753 non
2468 5696 2708 5769 ignotum
2748 5692 3093 5752 consuevisse
3120 5702 3329 5750 veteres
3357 5705 3388 5747 e
3417 5688 3641 5746 diversis
