4138 6186
531 235 637 294 175

1060 237 1469 297 TESTIMONIA
1507 238 1944 297 SCRIPTORUM
1983 239 2260 298 ECCLES.
2303 243 2390 298 DE
2426 245 2483 300 S.
2526 245 2794 302 MAXIMO
2833 247 3260 308 TAURINENSI.

3681 260 3789 323 176

531 348 881 419 scriptoribus
907 347 1155 408 homilias
1201 351 1255 407 in
1296 368 1462 407 unum
1501 352 1747 409 codicem
1792 368 2105 423 congerere,
2135 354 2182 414 A
2211 357 2381 410 sancti
2411 357 2625 413 Maximi
2652 376 2682 413 a
2705 360 2997 419 Muratorio
3026 365 3290 420 editorum
3319 375 3631 443 contexere,
3662 391 3790 434 cum

529 442 621 510 qui
648 440 990 497 llomiliarius
1016 452 1204 514 postea
1245 444 1527 500 dicebatur
1552 455 1609 501 et
1651 446 1718 500 ad
1748 461 1968 500 manum
1991 453 2109 500 erat

531 534 708 588 minus
733 534 925 600 doctis,
968 543 1061 591 aut
1101 537 1392 607 episcopis,
1424 547 1519 592 aut
1564 539 1732 594 sacris
1778 539 2104 604 oratoribus,

532 640 655 680 cum
689 624 759 679 ad
790 627 1044 695 populum
1069 628 1359 683 conciones
1381 637 1540 683 erant
1585 629 1866 694 habendae,
1898 631 2013 684 sive
2053 630 2107 683 in

531 716 806 786 Evangelii
843 720 1224 789 explicatione,
1267 722 1380 778 sive
1411 723 1464 776 in
1505 731 1817 777 sanctorum
1862 721 2108 776 laudibus

531 807 881 876 exponendis.
907 807 976 861 Et
1004 809 1130 865 hinc
1155 811 1315 879 plane
1352 810 1548 866 factum
1591 820 1648 867 ut
1688 814 1891 868 sanctis
1921 813 2106 880 Augu-

487 943 492 946 .
530 899 674 954 stino
699 939 714 964 ,
759 898 1082 976 Ambrosio,
1131 901 1536 973 Chrysostomo,
1581 905 1807 972 aliisque
1853 903 2108 960 Ecclesiae

529 985 776 1066 Patribus
801 996 896 1042 tot‘
911 989 1123 1046 tributae
1142 1005 1428 1060 progressu
1458 993 1716 1062 temporis
1739 993 1973 1048 homiliae
1989 994 2106 1047 fue-

529 1079 655 1143 rint,
685 1093 804 1147 quae
836 1087 1012 1135 tamen
1041 1096 1228 1137 omnes
1255 1082 1324 1136 ab
1348 1083 1477 1152 ipsis
1507 1098 1848 1152 nequaquam
1888 1083 2106 1152 prodie-

529 1175 670 1223 rant.

603 1258 882 1328 Utcunque
915 1260 966 1314 id
1009 1262 1094 1327 sit,
1128 1277 1240 1318 non
1272 1277 1359 1318 me
1388 1263 1618 1334 poenitet
1647 1265 1762 1320 haec
1790 1264 1971 1319 omnia
2002 1279 2104 1334 pu-

527 1351 652 1407 blici
676 1353 811 1421 juris
839 1353 1048 1421 fecisse,
1077 1370 1248 1424 eaque
1275 1357 1374 1409 sub
1424 1356 1642 1410 nomine
1686 1358 1858 1411 sancti
1887 1356 2106 1412 Maximi

529 1442 834 1499 Taurinatis
859 1431 1108 1500 universa
1137 1445 1476 1514 produxisse,
1520 1453 1632 1500 tum
1658 1447 1804 1515 quod
1851 1448 1970 1501 aliae
2018 1447 2105 1502 hic

527 1520 760 1588 homilias
788 1534 1283 1602 habentur,quibus
1314 1535 1592 1604 pnelixum
1620 1552 1726 1591 non
1757 1537 1859 1592 fuit
1885 1537 2104 1591 Maximi

525 1638 746 1691 nomen,
772 1632 826 1679 et
851 1625 1196 1680 nihilominus
1227 1625 1293 1679 ad
1315 1627 1564 1681 eumdem
1585 1628 1775 1696 procul
1795 1628 1960 1684 dubio
1987 1643 2106 1698 spe-

2209 447 2320 502 suis
2348 447 2482 504 locis
2513 464 2649 518 quos
2678 453 2728 506 ei
2755 452 3046 511 debeamus
3072 459 3426 516 monebimus.

2530 563 2842 622 LUDOVlC.
2869 568 3106 626 ELLIES
3130 571 3461 631 DUPINIUS.

2210 651 2274 705 In
2301 655 2529 728 secunda
2556 665 2703 728 parte
2741 657 2842 712 III
2869 661 3140 716 voluminis
3171 662 3503 721 Bibliotheca;
3543 671 3792 728 ecclesia-

2277 724 2521 778 sticarum
2548 724 2812 796 scriptor.,
2844 728 3362 800 Monte-Hannonite,
3392 754 3529 792 anno
3555 724 3714 795 169i.

2279 812 2539 870 Maximus
2565 818 2848 888 episcopus
2875 820 3219 879 Taurinensis
3252 824 3436 880 ﬂoruit
3464 828 3705 887 Honorio
3733 841 3788 889 et

2209 901 2514 960 Theodosio
2537 907 2944 977 imperantibus.
2973 912 3146 966 Vitam
3169 916 3277 983 egit
3305 933 3474 986 usque
3501 920 3565 973 ad
3589 937 3787 978 annum

2207 990 2350 1059 465;
2388 996 2640 1062 quoniam
2671 1013 2737 1052 eo
2765 1014 2906 1055 anno
2940 1002 3208 1070 reperitur
3237 1005 3545 1063 interfuisse
3584 1009 3786 1066 Roma-

2207 1098 2288 1139 nae
2315 1085 2525 1154 synodo
2545 1088 2644 1141 sub
2673 1087 2876 1144 Hilario
2904 1093 3176 1159 pontiﬁce.
3209 1092 3396 1150 Plures
3431 1105 3646 1153 exstant
3671 1101 3787 1170 ejus

2207 1174 2459 1241 homilias,
2493 1192 2719 1246 quarum
2750 1195 2873 1250 pars
2900 1183 3073 1251 major
3095 1200 3125 1238 a
3151 1184 3431 1243 Gennadio
3451 1201 3784 1249 recensetur.

2207 1264 2284 1319 De
2304 1281 2370 1321 eo
2393 1270 2756 1326 testimonium
2785 1275 2987 1342 praebet
3006 1276 3059 1330 in
3085 1276 3278 1332 divinis
3298 1279 3490 1336 litteris
3517 1293 3786 1342 versatum

2207 1355 2401 1426 fuisse,
2434 1367 2491 1415 et
2533 1360 2762 1419 faciliter
2791 1375 3240 1437 extemporaneas
3269 1373 3560 1429 conciones
3588 1377 3652 1430 ad
3684 1393 3786 1447 po-

2206 1448 2391 1516 pulum
2430 1450 2699 1508 habuisse.
2739 1455 2944 1526 Aliqua:
2972 1467 3097 1513 sunt
3132 1461 3194 1514 de
3224 1461 3408 1518 Natali
3450 1464 3680 1534 Domini,
3725 1472 3788 1526 de

2207 1535 2626 1608 Circumcisione,
2658 1545 2720 1599 de
2746 1546 3066 1618 Epiphania,
3101 1551 3163 1604 de
3195 1553 3473 1623 Paschate,
3507 1559 3569 1612 de
3598 1561 3788 1616 Pente-

2207 1638 2363 1697 caste,
2394 1647 2492 1700 pro
2521 1633 2726 1690 duabus
2752 1637 3034 1695 dominicis
3062 1643 3126 1694 de
3158 1643 3409 1712 Adventu,
3444 1649 3497 1701 in
3527 1650 3609 1704 die
3634 1649 3788 1706 Cine-

523 1725 688 1782 ctant,
719 1725 830 1771 tum
861 1717 1027 1772 etiam
1056 1718 1202 1787 quod
1239 1733 1357 1773 eam
1386 1718 1442 1772 in
1469 1721 1718 1774 omnibus
1755 1721 1880 1790 styli
1913 1720 2105 1776 simili-
2134 1709 2182 1770 Β
2208 1739 2338 1788 rum,
2371 1726 2425 1778 in
2451 1726 2714 1782 dominica
2743 1729 3065 1798 Palmarum,
3099 1743 3154 1788 et
3181 1736 3243 1790 de
3271 1709 3524 1794 Passione
3551 1742 3782 1804 Domini.

524 1807 763 1861 tudinem
796 1808 1196 1877 deprehendere
1241 1809 1373 1864 mihi
1399 1811 1546 1866 visus
1589 1826 1732 1879 sum,
1781 1826 1900 1880 quae
1939 1828 2106 1867 unum

523 1898 879 1967 eumdemque
899 1900 1218 1969 scriptorem
1242 1902 1372 1956 satis
1392 1901 1601 1969 deceat:

593 1989 860 2044 Caeterum
886 2006 1065 2045 sermo
1089 1991 1113 2043 1
1147 1992 1199 2045 in
1223 1993 1396 2046 sancti
1425 1991 1717 2047 Alexandri
1744 1993 1912 2047 multa
1943 1993 2107 2047 habet

521 2081 827 2136 communia
853 2096 918 2135 ac
940 2081 1208 2135 simillima
1231 2097 1354 2136 cum
1383 2082 1555 2137 altero
1585 2098 1838 2138 sermone
1864 2082 2104 2152 ejusdem

521 2171 821 2238 argumenti
851 2170 992 2226 inter
1019 2187 1182 2242 opera
1210 2172 1382 2227 sancti
1410 2171 1695 2241 Augustini
1729 2174 1963 2250 antiqum
1990 2173 2106 2227 edi-

521 2260 702 2316 tionis.
732 2259 906 2315 Antea
931 2277 1147 2331 quoque
1177 2261 1497 2332 prodierunt
1524 2279 1702 2318 sermo
1731 2263 1781 2330 6,
1815 2265 1866 2332 7,
1906 2263 1962 2330 8,
1987 2263 2019 2315 9
2043 2265 2106 2317 de

519 2358 699 2405 sancto
727 2350 949 2405 Eusebio
977 2363 1206 2423 martyre
1242 2352 1576 2421 Vercellensi,
1619 2369 1813 2422 nempe
1860 2355 1913 2408 in
1961 2355 2101 2410 libro

523 2443 610 2497 cui
656 2442 880 2497 titulus:
916 2443 1257 2514 Antiquorum
1285 2446 1506 2498 Patrum
1547 2461 1805 2518 sermongs
1833 2456 1882 2498 et
1911 2447 2105 2516 episto-

520 2534 606 2600 ιω,
637 2534 904 2587 de.sancto
925 2531 1144 2587 Eusebio
1185 2533 1496 2588 Vercellensi
1531 2536 1774 2605 episcopo
1805 2545 1854 2588 et
1876 2546 2104 2606 martyre

519 2623 746 2677 collecta:
785 2621 937 2692 jussu
974 2621 1196 2677 Joannis
1241 2621 1516 2677 Fraucisci
1557 2623 1830 2678 Bon/tomii
1871 2626 2100 2695 episcopi

531 2712 886 2780 Vercellensis,
909 2731 970 2768 ac
1011 2715 1277 2784 impressa:
1317 2713 1605 2770 Mediolani
1645 2731 1785 2769 anno
1817 2714 1973 2768 1581.
2008 2715 2099 2770 lsti

519 2817 647 2857 vero
687 2794 964 2858 sermones
1018 2804 1072 2858 in
1121 2812 1304 2860 nostro
1351 2804 1538 2860 codice
1585 2807 1800 2861 recitati
1849 2806 2100 2862 dicuntur

529 2890 792 2958 Vercellis,
819 2901 874 2948 et
910 2902 1200 2964 propterea
1244 2903 1517 2950 auctorem
1557 2895 1861 2964 designant,
1902 2897 1994 2966 qui
2044 2898 2096 2952 in

519 2982 623 3037 alia
652 2997 815 3051 quam
859 2983 912 3037 in
953 2985 1282 3040 Vercellcnsi
1313 2986 1554 3042 Ecclesia
1603 2989 1842 3057 degeret.
1892 2989 2115 3046 Rursus

2207 1813 2352 1868 Alias
2380 1825 2642 1885 praeterea
2670 1819 2737 1874 de
2766 1824 2984 1888 sanctis,
3025 1834 3084 1878 ut
3114 1827 3177 1879 de
3205 1827 3266 1882 S.
3311 1829 3596 1901 Stephano,
3629 1835 3694 1889 de
3721 1837 3782 1892 S.

2203 1901 2412 1958 Joanne
2437 1906 2693 1978 Baptista,
2727 1911 2792 1964 de
2824 1912 2929 1967 SS.
2955 1917 3201 1984 apostolis
3231 1917 3388 1974 Petro
3424 1932 3473 1974 et
3505 1922 3693 1990 Paulo,
3723 1929 3785 1984 de

2207 1991 2267 2046 S.
2305 1992 2602 2062 Laurentio,
2639 1999 2702 2052 de
2730 1999 2790 2053 S.
2825 1999 3107 2072 Cypriano,
3134 2007 3198 2060 de
3230 2006 3288 2060 S.
3325 2007 3548 2066 Eusebio
3581 2013 3786 2070 Vercel-

2207 2085 2356 2153 lensi,
2393 2087 2456 2141 de
2494 2089 2555 2143 S.
2593 2089 2854 2146 Micltaele
2873 2095 3203 2166 archangelo,
3239 2100 3302 2152 de
3337 2100 3441 2154 SS.
3473 2108 3786 2176 martyribus

2208 2177 2629 2236 Taurinensibus.
2680 2182 2793 2238 Una
2823 2194 2907 2240 est
2944 2188 3008 2241 de
3040 2189 3306 2259 Symbolo,
3341 2194 3508 2248 altera
3537 2195 3603 2251 de
3640 2197 3786 2269 Vigi-

2206 2269 2369 2325 lan‘tia
2395 2312 2408 2337 ,
2449 2290 2511 2326 ac
2549 2278 2734 2345 gratiis
2775 2279 2987 2347 agendis
3017 2289 3133 2349 post
3180 2282 3376 2348 cibum;
3421 2287 3538 2340 alia:
3577 2287 3694 2343 dua:
3721 2291 3782 2345 de

2205 2358 2594 2433 Eleemosynis;
2616 2381 2721 2419 una
2743 2366 2805 2420 de
2837 2367 3052 2439 Defectu
3081 2371 3234 2435 lume,
3269 2381 3323 2426 et
3350 2373 3562 2430 tandem
3591 2378 3782 2447 legitur

2204 2464 2381 2505 sermo
2411 2467 2572 2521 super
2607 2454 2758 2508 illum
2797 2455 2973 2511 locum
3015 2457 3162 2513 Isaiae
3203 2478 3214 2512 :
3264 2460 3530 2531 Caupones
3571 2469 3643 2520 tui
3687 2471 3781 2522 mi-

2204 2551 2347 2593 scent
2371 2559 2556 2613 aquam
2578 2547 2714 2599 vino.
2747 2546 2884 2600 Sunt
2909 2563 3095 2603 omnes
3120 2550 3203 2604 75.
3225 2550 3411 2608 Plures
3440 2555 3782 2613 inveniuntur

2204 2632 2346 2686 inter
2364 2650 2640 2690 sermones
2663 2637 2944 2704 Augustini
2968 2648 3023 2695 et
3043 2641 3332 2710 Ambrosii,
3358 2660 3474 2714 quae
3495 2663 3780 2718 perperam

2203 2721 2450 2780 Patribus
2478 2727 2581 2782 illis
2621 2730 2892 2785 attributae
2937 2730 3190 2799 fuerunt,
3241 2751 3362 2790 cum
3403 2737 3461 2792 S.
3492 2739 3780 2796 Maximum

2201 2826 2480 2887 parentem
2527 2820 2782 2876 habeant.
2815 2822 2950 2877 Nam
2980 2833 3035 2879 et
3062 2826 3130 2882 de
3166 2827 3249 2882 his
3287 2830 3612 2885 mentionem
3656 2832 3778 2888 fecit

2200 2907 2526 2977 Gennadius,
2552 2919 2609 2965 et
2629 2928 2790 2966 unum
2813 2914 3167 2985 eumdemque
3193 2919 3388 2989 stylum
3411 2921 3776 2988 praeseferunt.

2199 2997 2340 3052 Fieri
2367 3008 2551 3069 potest
2577 3010 2635 3055 ut
2659 3004 2930 3058 nonnullae
2956 3005 3055 3060 sub
3077 3005 3302 3061 aliorum
3325 3007 3541 3064 Patrum
3563 3013 3777 3068 nomine

518 3088 809 3142 vero,cum
838 3073 891 3128 in
912 3075 1155 3144 margine
1183 3076 1384 3132 codicis
1411 3086 1494 3133 ter
1533 3079 1852 3134 adnotatum
1879 3081 1947 3136 ad
1975 3097 2096 3136 eos-
2124 3067 2170 3129 ο
2201 3067 2429 3158 vulgatae
2470 3091 2706 3146 homilize
2755 3092 2811 3147 S.
2872 3094 3103 3152 Maximo
3153 3099 3523 3155 restituantur.
3585 3103 3777 3158 Breves

515 3165 638 3220 dem
660 3180 940 3221 sermones
967 3168 1300 3236 reperiatur:
1343 3169 1686 3226 Vercellinum
1705 3190 1760 3228 se
1787 3190 1896 3228 esse
1925 3185 2098 3228 osten-

515 3257 623 3322 dit;
666 3266 789 3310 nota
827 3257 964 3327 quod
996 3255 1314 3313 Vercellinus
1360 3268 1436 3313 est
1488 3261 1614 3326 iste;
1662 3263 1988 3332 conjectura:
2039 3262 2097 3318 lit

515 3347 665 3402 locus
689 3347 745 3402 S.
776 3347 1088 3413 Maximum,
1113 3350 1267 3418 cujus
1290 3351 1465 3420 patria
1507 3351 1802 3422 ignoratur,
1834 3354 2097 3410 Vercellis

515 3448 698 3494 natum
729 3440 912 3510 fuisse,
945 3443 989 3496 si
1020 3449 1199 3498 tamen
1238 3458 1426 3499 eorum
1449 3454 1684 3516 quatuor
1710 3463 2020 3506 sermonum
2048 3450 2094 3506 is

511 3541 700 3588 31101οΓ
719 3540 821 3587 851.

584 3623 768 3694 Neque
795 3625 911 3680 sine
939 3626 1117 3695 aliqua
1146 3627 1610 3686 animadversione
1649 3631 1951 3689 dimittendi
1978 3649 2094 3690 ser-

511 3731 699 3773 mones
733 3718 860 3782 duo,
895 3732 1089 3786 nempe
1126 3717 1196 3772 ’52
1222 3727 1277 3773 et
1305 3735 1420 3789 seq.
1457 3740 1470 3774 :
1503 3719 1583 3776 De
1615 3724 1767 3778 idolis
1796 3726 2090 3795 auferendi:

511 3808 575 3862 de
591 3809 815 3879 propriis
836 3807 1264 3877 possessionibus.
1297 3807 1496 3864 Eorum
1529 3828 1633 3880 ope
1662 3816 1931 3868 sententia
1959 3831 2091 3871 con-

511 3897 756 3952 ﬁrmatur
799 3897 1178 3951 arbitrantium
1229 3898 1351 3954 ideo
1404 3901 1504 3955 sub
1551 3903 1740 3971 primis
1796 3903 2089 3974 imperato-

511 3987 657 4042 ribus
696 3987 1015 4044 Christianis
1039 3988 1285 4044 ethnicos
1305 4003 1636 4059 paganormn
1675 3995 1894 4050 nomine
1924 3995 2089 4054 fuisse

509 4085 748 4146 notatos,
783 4078 926 4146 quod
962 4093 1152 4133 eorum
1197 4081 1508 4149 superstitio
1539 4097 1606 4138 ex
1653 4084 1874 4140 urbibus
1913 4087 2090 4141 elimi-

437 4167 456 4184 '
509 4178 655 4236 nata,
688 4170 1000 4239 legibusque
1025 4169 1283 4228 Caesareis
1310 4173 1626 4242 interdicta,
1659 4191 1718 4231 se
1743 4178 1795 4230 in
1826 4192 1994 4247 pagos
2032 4185 2087 4233 et

508 4261 639 4318 rude
660 4263 979 4318 rusticorum
1008 4264 1196 4333 vulgus
1243 4267 1555 4337 recepisset,
1599 4269 1739 4324 unde
1795 4285 1864 4324 ne
1911 4262 2085 4324 sancti

506 4354 722 4409 Maximi
748 4354 963 4423 quidem
997 4364 1156 4412 aetate
1185 4358 1344 4412 evelli
1387 4375 1615 4428 prorsus
1661 4367 1929 4430 potuerat.
1978 4360 2085 4416 lbi-

2200 3188 2327 3235 sunt
2352 3181 2469 3249 ejus
2496 3197 2792 3249 sermones,
2823 3185 2917 3239 sed
2964 3187 3235 3255 languidi,
3277 3201 3469 3244 ornatu
3499 3193 3638 3247 enim
3683 3209 3776 3249 ca-

2198 3282 2356 3338 rent,
2403 3276 2672 3344 elegantia
2709 3277 2919 3333 scilicet
2946 3285 3002 3333 et
3042 3280 3341 3337 nobilitate.
3384 3282 3618 3338 Primum
3644 3285 3775 3341 editi

2198 3373 2322 3419 sunt
2337 3365 2554 3421 Maximi
2575 3383 2855 3425 sermones
2874 3367 3114 3425 Coloniae
3134 3370 3438 3444 Agrippinae
3452 3391 3594 3431 anno
3615 3375 3772 3444 1555,

2197 3455 2505 3525 Antuerpiae
2531 3472 2672 3512 anno
2711 3457 2850 3510 1618
2875 3499 2889 3523 ,
2934 3459 3116 3514 Roma:
3162 3476 3304 3517 anno
3335 3463 3470 3517 1564
3490 3506 3504 3532 ,
3537 3473 3590 3520 et
3633 3479 3775 3521 anno

2196 3545 2353 3611 1572,
2379 3546 2594 3603 Parisiis
2622 3563 2766 3602 anno
2798 3548 2952 3614 16M,
2979 3559 3034 3604 et
3056 3566 3195 3606 anno
3222 3553 3358 3608 i625
3377 3570 3496 3609 cum
3523 3557 3776 3625 operibus

2194 3636 2252 3692 S.
2276 3636 2474 3693 Leonis
2500 3637 2694 3706 Magni,
2727 3647 2780 3693 et
2809 3640 2863 3693 in
2888 3639 3234 3697 Bibliothecis
3261 3642 3497 3698 Patrum.
3532 3645 3775 3726 Mabillo-

2194 3731 2314 3786 nius
2347 3731 2628 3786 duodecim
2654 3732 2905 3787 homilias
2934 3733 3010 3785 uti
3040 3732 3277 3786 nondum
3311 3734 3553 3802 vulgatus
3581 3737 3772 3806 edidit,
3859 3801 3870 3809 ο

2192 3839 2417 3893 quarum
2443 3832 2620 3877 tamen
2643 3831 2751 3876 tres
2774 3813 3278 3915 apud.Ambrosium
3298 3825 3661 3882 inveniuntur.

2298 3936 2456 3991 EDM.
2487 3935 2884 3992 MARTENIUS
2909 3937 2998 3992 ET
3032 3936 3234 3994 URSlN
3264 3938 3663 4008 DURANDUS,

2193 4027 2352 4082 Tomo
2378 4026 2462 4081 IX
2489 4029 2802 4082 collectionis
2830 4037 3052 4082 veterum
3074 4030 3380 4096 scriptorum
3400 4040 3450 4082 et
3471 4047 3768 4086 monumen-

2513 4109 2699 4167 torum,
2728 4116 2848 4170 pag.
2883 4098 3002 4161 151,
3037 4098 3262 4153 Parisiis
3293 4099 3452 4168 1755,

2189 4205 2472 4246 OCCASIONE
2487 4207 2679 4245 EDENDI
2693 4207 2786 4244 SEX
2800 4206 2979 4245 HOMIL.
2995 4207 3040 4245 S.
3059 4207 3241 4245 MAXIM]
3255 4207 3372 4247 HAEC
3390 4209 3767 4249 PREIITTUNT.

2260 4283 2322 4354 In,
2344 4290 2654 4353 pervetusto
2698 4283 2882 4338 codice
2909 4283 3223 4338 m‘bnasterii
3252 4284 3433 4340 Sancti
3463 4284 3598 4340 Galli
3629 4289 3769 4356 apud

2190 4374 2463 4430 Helvetios
2492 4376 2560 4430 ab
2605 4377 2759 4429 annis
2788 4377 3003 4431 circiter
3048 4376 3194 4430 mille
3238 4377 3545 4447 majuscuiis
3575 4379 3769 4434 litteris

506 4445 628 4503 dem
659 4446 833 4500 adhuc
855 4447 1115 4538 “aspicere
1153 4455 1272 4501 erat
1300 4465 1420 4501 αναδ
1463 4450 1684 4518 ligneas:
1723 4459 1772 4504 ει
1801 4453 2086 4507 είθηηίαενα
2116 4435 2165 4495 D
2195 4475 2437 4533 exarato,
2467 4469 2666 4538 reperit
2695 4468 2820 4522 olim
2842 4468 3177 4522 Mabillonius
3204 4469 3302 4523 sub
3324 4435 3546 4524 nomine
3571 4469 3626 4525 S.
3660 4470 3770 4525 Au-

503 4536 746 4606 lapidea,
776 4537 1022 4606 pallentes
1053 4537 1298 4606 cespites,
1337 4548 1564 4593 mortuos
1608 4540 1876 4611 carbones,
1921 4554 1969 4597 et
1998 4561 2086 4597 sa-

504 4627 719 4696 criﬁcia,
754 4635 810 4682 et
849 4626 1205 4698 lymphaticos
1252 4629 1484 4684 rusticos
1531 4647 1630 4686 suo
1682 4637 1941 4702 sanguine
1982 4635 2084 4691 diis

504 4715 650 4772 falsis
678 4719 833 4781 clam,
868 4725 925 4771 ut
961 4726 1109 4786 puto,
1145 4718 1379 4774 litantes.
1437 4721 1515 4775 Tu
1539 4722 1659 4777 vide
1699 4723 1990 4780 Baronium
2027 4727 2081 4782 in

503 4809 646 4862 notis
686 4809 753 4863 ad
776 4809 1052 4882 Martyrol.
1085 4810 1242 4865 Rom.
1294 4811 1380 4866 die
1407 4812 1474 4867 '50
1503 4813 1762 4881 Januarii,
1801 4827 1855 4872 et
1883 4819 2084 4875 Gotho-

504 4898 712 4953 fredum
739 4900 793 4954 in
826 4904 966 4957 notis
993 4904 1058 4958 ad
1089 4904 1172 4958 tit.
1201 4903 1265 4957 10
1295 4904 1384 4960 lib.
1405 4922 1490 4960 xv:
1517 4907 1636 4961 cod.
1673 4907 1943 4964 Theodos.
1964 4911 2077 4966 Me-

505 4997 748 5042 moratur
772 4989 949 5061 [al.va
972 5003 1152 5049 autem
1177 4997 1231 5051 in
1253 4997 1455 5052 eisdem
1483 4999 1820 5054 sermonibus
1844 5000 2074 5056 Damne-

503 5079 640 5147 dius,
684 5080 775 5148 qui
797 5081 926 5134 nihil
949 5085 1091 5139 aliud
1118 5096 1236 5143 erat
1261 5104 1511 5144 sermone
1541 5100 1798 5161 corrupto
1825 5092 1964 5147 illius
2007 5110 2082 5147 ae-

504 5173 645 5237 tatis,
669 5187 832 5242 quam
859 5172 1131 5232 Dominus.
1165 5179 1276 5236 Hac
1323 5181 1511 5238 eadem
1540 5199 1672 5238 voce
1699 5201 1826 5240 usus
1855 5194 1938 5240 est
1969 5202 2076 5242 non

502 5281 608 5321 uno
652 5267 705 5321 in
737 5267 856 5322 loco
882 5276 1098 5323 sanctus
1127 5269 1380 5330 Paulinus
1417 5277 1657 5333 Nolanus
1677 5320 1690 5344 ,
1729 5278 1807 5332 uti
1833 5279 2077 5334 animad-

499 5359 634 5414 verti
662 5359 874 5416 dissert.
908 5361 994 5427 15,
1027 5368 1160 5416 tom.
1189 5363 1210 5415 ι
1249 5365 1496 5424 Anecdot.
1540 5387 1786 5426 meorum
1807 5411 1820 5436 ,
1863 5387 1973 5441 quo
1999 5373 2075 5427 si-

499 5452 775 5522 gnificaret
815 5463 1060 5512 sanctum
1101 5456 1338 5513 Felicem
1375 5461 1654 5520 dominum
1679 5481 1742 5521 ac
1783 5474 2070 5537 patronum

499 5561 676 5602 suum.

563 5640 1030 5714 Supervacaneum
1091 5643 1334 5703 ducimus
1397 5649 1695 5720 catalogum
1759 5667 2069 5713 sermonum

2192 4560 2389 4628 gustini
2417 4559 2668 4614 homilias
2694 4558 2762 4611 97
2790 4559 2845 4613 S.
2891 4559 3107 4613 Maximi
3139 4558 3481 4615 Taurinensis
3509 4563 3768 4632 episcopi,

2191 4651 2360 4719 cujus,
2394 4652 2584 4720 inquit,
2618 4660 2766 4705 tanta
2792 4651 3056 4717 facundia,
3080 4660 3284 4705 tantum
3314 4652 3547 4707 studium
3578 4654 3629 4707 in
3655 4670 3765 4709 rem

2193 4742 2546 4797 Christianam
2581 4743 2698 4804 fuit.
2725 4751 2782 4797 ut
2809 4743 3038 4811 vulgata:
3067 4743 3182 4812 ejus
3210 4745 3443 4799 homilias
3466 4745 3638 4813 dignae
3662 4747 3770 4800 sint

2192 4835 2401 4889 meliori
2429 4835 2566 4888 luce.
2598 4834 2847 4899 Quamvis
2875 4835 3017 4888 enim
3058 4835 3231 4888 codex
3277 4834 3636 4901 Sangallensis
3664 4851 3767 4890 no-

2192 4941 2313 4980 men
2353 4928 2601 4996 pmeferat
2641 4925 2921 4994 Augustini
2951 4927 3245 4994 legitimum
3276 4928 3616 4982 homiliarum
3647 4927 3768 4982 illa—

2190 5035 2308 5073 rum
2334 5027 2610 5088 parentem
2638 5019 2721 5071 vir
2748 5027 2936 5072 acutus
2957 5020 3138 5072 statim
3167 5020 3390 5088 detexit,
3423 5027 3532 5074 tum
3563 5035 3630 5074 ex
3657 5029 3770 5092 sty-

2191 5110 2264 5175 lo,
2298 5119 2408 5163 tum
2437 5124 2505 5162 ex
2531 5107 2809 5163 Gennadio
2832 5151 2846 5174 ,
2878 5109 2970 5179 qui
2997 5125 3184 5164 earum
3213 5111 3395 5180 plures
3435 5126 3768 5166 commemo-

2190 5202 2308 5264 rat;
2340 5197 2434 5254 sed
2479 5199 2710 5254 maxime
2758 5215 2861 5268 ope
2888 5199 3233 5254 vetustissimi
3263 5201 3463 5255 codicis
3508 5199 3766 5254 Mediola-

2189 5290 2367 5343 nensis
2395 5290 2732 5344 bibliothecae
2781 5290 3144 5344 Ambrosianae
3173 5289 3590 5358 Longobardicis
3629 5291 3765 5344 litte-

2184 5380 2257 5433 ris
2286 5380 2352 5434 ah
2382 5370 2535 5434 a'nnis
2563 5379 2778 5435 circiter
2805 5379 2950 5434 mille
2980 5380 3204 5446 exarati,
3237 5381 3290 5435 in
3319 5395 3428 5449 quo
3457 5380 3512 5435 S.
3547 5379 3764 5434 Maximi

2181 5469 2524 5525 Taurinensis
2551 5471 2790 5541 episc0pi
2832 5471 3017 5527 titulus
3061 5471 3274 5541 legitur.
3319 5472 3401 5527 Ex
3449 5473 3553 5528 illis
3581 5479 3762 5526 autem

2179 5563 2410 5619 homiliis
2437 5577 2563 5634 pars
2587 5563 2819 5617 maxima
2843 5561 2954 5632 jam
2985 5563 3158 5619 lucem
3180 5563 3409 5630 viderat,
3433 5572 3528 5618 aut
3555 5562 3614 5617 S.
3642 5561 3769 5615 Am-

2177 5656 2382 5726 brosio,
2409 5656 2577 5713 autS.
2611 5653 2929 5726 Augustino,
2958 5663 3050 5711 aut
3069 5656 3305 5726 genuino
3332 5671 3520 5713 eorum
3550 5651 3764 5710 auctori
