4138 6186
296 358 400 416 ΓΠ

1083 357 1151 414 ΙΝ
1188 357 1245 412 S.
1286 354 1614 412 MAXIMUM
1651 354 1929 413 NOTlTIA
1963 355 2754 415 HISTORIO-LITTERARIA.
2781 389 2793 398 -

3480 366 3574 421 178

291 477 579 537 attributa.
619 475 857 531 lneditas
885 479 1063 527 tamen
1105 471 1162 523 in
1193 469 1282 523 illo
1310 467 1493 522 Sancti
1520 467 1660 522 Galli
1703 469 1888 524 codice
1917 474 1965 532 Α
1993 471 2172 539 miliae,
2205 471 2333 527 illud
2362 473 2493 527 satis
2521 472 2944 542 insinuat,,quod
2971 487 3158 529 earum
3204 473 3323 530 aliae
3348 474 3576 532 Ambro-

291 571 360 626 21
389 567 749 640 deprehendit
793 561 1131 618 Mabillonius
1149 600 1162 625 ,
1194 575 1263 615 ex
1289 559 1482 628 quibus
1508 558 1792 613 duodecim
1825 559 1894 611 12

297 661 352 714 in
382 666 516 713 tom.
551 656 573 711 ι
603 654 776 709 Musei
799 653 924 707 Ital.
957 650 1246 718 evulgavit.
1269 648 1377 703 Sex
1411 656 1619 703 tantum
1648 651 1701 703 in
1737 651 1891 704 sche-

295 752 378 807 dis
406 750 508 806 viri
533 746 833 804 doctissimi
858 743 1172 814 reperimus,
1195 757 1326 812 quas
1346 741 1433 795 hic
1453 740 1581 795 dare
1604 757 1892 812 peroppor-

303 851 493 896 tunum
525 837 682 894 nobis
711 837 883 891 visum
912 842 1014 889 est.

694 925 1012 982 ANDREAS
1046 922 1495 980 GALLANDIUS.

299 1021 445 1075 Tom.
482 1017 566 1073 IX
600 1016 846 1072 Biblioth.
880 1023 974 1069 vet.
1001 1014 1238 1078 Patrum,
1268 1020 1390 1079 etc.,
1423 1029 1540 1084 cap.
1565 1013 1619 1082 9,
1653 1030 1772 1084 pag.
1798 1012 1887 1080 21,

913 1105 1091 1159 Venet.
1129 1103 1287 1156 1775.

371 1200 667 1269 Postquam
709 1197 1031 1269 promiserit
1065 1194 1376 1249 Gallandius
1410 1209 1530 1263 quae
1569 1194 1670 1264 ipsi
1704 1194 1892 1249 viden-

302 1300 391 1346 tur
437 1299 747 1361 opportuna
793 1290 860 1343 ad
916 1286 1296 1356 designandum
1344 1287 1572 1355 patriam
1619 1297 1673 1342 et
1713 1295 1892 1342 ortum

297 1380 517 1435 Maximi
564 1397 632 1436 ex
675 1380 790 1449 ejus
826 1378 1163 1434 sermonibus
1211 1378 1504 1446 praesertim
1549 1383 1731 1445 eruta,
1778 1378 1892 1433 haec

299 1471 366 1526 de
413 1472 532 1541 ejus
577 1471 886 1541 eloquentia
934 1477 989 1525 et
1035 1468 1390 1525 concionandi
1436 1469 1747 1538 praestantia
1792 1468 1891 1523 ha-

300 1561 534 1633 betgs.

371 1651 596 1706 Dicendi
626 1651 882 1706 facultate
921 1649 1212 1719 plurimum
1257 1650 1488 1705 valuisse
1516 1657 1764 1705 sanetum
1792 1666 1890 1706 no-

304 1749 470 1795 strum
511 1741 834 1808 antistitem,
865 1755 987 1794 cum
1023 1754 1090 1794 ex
1117 1737 1380 1793 Gennadii
1412 1740 1742 1808 testimonio,
1773 1747 1888 1794 tum

305 1847 370 1887 ex
397 1832 568 1902 ipsius
605 1831 967 1897 sermonibus,
998 1846 1135 1899 quos
1170 1844 1364 1899 magna
1394 1846 1461 1885 ex
1490 1840 1642 1900 parte
1680 1846 1888 1886 memo-

304 1931 383 1976 rat
410 1923 555 1977 idem
590 1921 1254 1994 presbyter.Massiliensis
1282 1921 1564 1977 manifeste
1593 1922 1879 1991 colligitur.

306 2013 511 2081 Quanto
541 2024 726 2070 autem
754 2017 809 2069 in
839 2014 1012 2084 pretio
1042 2013 1237 2069 habitae
1265 2015 1396 2070 olim
1421 2015 1619 2070 fuerint
1645 2016 1760 2087 ejus
1788 2018 1888 2071 ho-

1994 562 2097 629 sio,
2129 563 2246 616 aliae
2277 563 2575 631 Augustino
2604 564 2816 618 tributae
2843 565 3248 634 perhibeantur,
3271 573 3332 620 ut
3359 581 3426 620 ex
3449 581 3576 622 cura

1995 663 2052 708 et
2097 656 2275 710 studio
2317 657 2405 711 cll.
2441 656 2908 712 Benedictinorum
2963 659 3310 726 intelligimus
3336 702 3350 726 ,
3391 659 3481 728 qui
3524 660 3574 713 in

1993 744 2344 800 Ambrosiana
2374 753 2429 800 et
2458 746 2840 814 Augustiniana
2871 763 3035 818 opera
3065 749 3164 802 sub
3198 747 3357 802 ﬁnem
3396 748 3577 802 saeculi

1993 835 2284 903 superioris
2314 835 2550 890 edidere.
2585 836 2785 891 Verum
2815 846 2874 891 ut
2901 837 2966 890 ad
3001 853 3122 895 rem.
3149 837 3302 892 nobis
3329 837 3578 907 proposi-

1992 929 2103 976 tam
2146 924 2365 993 propius
2409 924 2757 991 accedamus,
2790 934 2984 994 praeter
3007 925 3063 981 S.
3107 926 3327 980 Maximi
3364 939 3574 980 sermo-

1993 1028 2116 1082 nes,
2160 1015 2252 1083 qui
2292 1015 2499 1084 jamdiu
2551 1017 2708 1070 simul
2752 1017 2925 1085 juncti
2973 1018 3222 1087 prodiere
3267 1019 3320 1071 in
3367 1018 3576 1086 vulgus,

1991 1103 2192 1171 quique
2218 1112 2408 1173 postea
2435 1105 2675 1160 virorum
2703 1106 3037 1161 eruditorum
3064 1109 3293 1182 ἀκριβείας
3321 1123 3419 1162 suo
3447 1123 3572 1162 auc-

1992 1194 2095 1247 tori
2143 1193 2358 1250 fuerunt
2397 1197 2668 1265 restituti,
2727 1198 2862 1252 alios
2906 1198 3214 1267 complures
3261 1215 3293 1253 e
3338 1201 3576 1255 tenebris

1991 1293 2248 1337 eruerunt
2277 1286 2375 1339 vir.
2412 1287 2500 1340 cll.
2537 1287 2906 1351 Mabillonius,
2940 1288 3261 1344 Muratorius
3298 1298 3353 1345 et
3381 1290 3577 1346 Marte-

1993 1372 2129 1440 nius,
2161 1389 2298 1442 quos
2325 1391 2429 1428 una
2459 1377 2547 1431 hic
2575 1377 2916 1446 exhibemus,
2947 1387 3052 1433 etc.

2193 1486 2603 1543 VlNCENTlUS
2633 1487 3186 1546 BELLOVACENSIS
3214 1490 3276 1545 Ο.
3308 1490 3367 1544 Ρ.

1996 1596 2056 1650 In
2079 1616 2231 1667 opere
2258 1601 2472 1664 inedita,
2503 1604 2585 1655 cui
2617 1601 2792 1656 titulus
2816 1601 2878 1654 de
2895 1602 3301 1656 Auctoritatibus
3331 1619 3402 1656 ss.
3439 1603 3576 1655 inter

2062 1670 2192 1722 alios
2216 1670 2298 1722 SS
2310 1670 2563 1741 .__Putres,
2595 1688 2811 1741 quorum
2840 1674 3106 1725 sententiis
3135 1674 3293 1724 utitur
3314 1680 3496 1725 auctor
3520 1673 3575 1724 in

2061 1739 2393 1812 exponendis
2421 1739 2634 1794 diversis
2681 1742 3021 1812 argumentis,
3070 1745 3378 1812 mentionem
3425 1742 3576 1794 habet

1921 1833 1963 1892 Β
2059 1808 2132 1892 εἰς,
2153 1809 2502 1892 ξεινιιπὶηξο,
2531 1827 2595 1863 ea:
2625 1828 2722 1892 quo
2746 1808 3246 1892 'ptura'aestltmpsit.
3295 1811 3490 1892 Igfstat
3523 1812 3578 1892 in

2062 1876 2367 1950 bibliotheca
2414 1876 2776 1950 Laurentiana
2819 1881 2994 1934 codice
3038 1880 3089 1937 9.
3123 1876 3251 1948 flat.
3310 1880 3398 1943 56,
3438 1889 3574 1950 part.

2065 1949 2323 2012 dextera};
2357 1950 2477 2003 olim
2511 1949 2634 2004 bibl.
2670 1951 2882 2004 Sancta:
2912 1952 3076 2004 crucis
3107 1952 3231 2003 min.
3263 1949 3575 2004 conventicu-

2064 2019 2209 2072 lium.
2242 2017 2450 2072 Floruit
2471 2020 2660 2074 swculo
2685 2019 2860 2074 XIII.

782 2232 1393 2297 SCHOENEMANNI
1437 2233 1770 2293 NOTlTlA
1815 2231 1896 2293 IN
1941 2234 2004 2294 S.
2050 2235 2451 2296 MAXIMUM
2497 2234 3105 2300 TAURINENSEM..

1316 2349 1567 2414 (Bibliotb.
1595 2350 1810 2399 hist-lit.
1836 2354 1957 2400 vett.
1983 2350 2184 2400 Patrum
2210 2349 2336 2402 Latt.
2359 2357 2474 2402 tom.
2502 2351 2590 2414 ll.)

965 2483 991 2548 §
1013 2484 1050 2534 Ι.
1083 2483 1210 2535 Vita.

372 2575 428 2631 Si
466 2581 673 2630 tantum
721 2589 900 2628 rerum
942 2583 1211 2642 gestarum
1239 2572 1604 2642 magnitudine
1630 2580 1886 2641 quantum

310 2665 626 2736 praedicandi
655 2664 910 2720 facultate
938 2667 1216 2719 claruisset
1259 2663 1545 2726 Maximus,
1580 2672 1890 2733 tantumque

311 2756 454 2810 nobis
483 2755 660 2826 prisca
689 2757 948 2810 memoria
991 2756 1059 2810 de
1088 2757 1196 2810 vita
1225 2755 1340 2823 ejus
1369 2755 1672 2817 tribuisset,
1715 2769 1888 2822 quan-

314 2851 416 2898 tum
446 2844 563 2913 ipse
591 2843 644 2897 in
666 2844 880 2912 scriptis
908 2844 1018 2898 suis
1047 2845 1114 2898 ad
1142 2844 1340 2911 ingenii
1362 2859 1677 2912 morumque
1703 2843 1890 2911 imagi-

313 2950 427 2988 nem
482 2932 851 3002 reﬁngendam
897 2936 1134 2989 materiae
1182 2935 1428 3002 reliquit,
1478 2933 1720 3004 profecto
1782 2949 1889 2989 non

313 3027 611 3081 accusanda
638 3026 779 3081 foret
808 3027 859 3080 in
891 3028 1142 3096 praesenti
1169 3027 1518 3083 dicendorum
1548 3028 1748 3097 inopia,
1771 3043 1890 3097 qum

313 3116 440 3171 adeo
468 3117 539 3172 de
567 3125 818 3171 accurata
847 3119 1102 3187 temporis
1127 3119 1270 3188 quod
1295 3119 1349 3171 in
1376 3119 1486 3172 vita
1515 3119 1774 3187 transegit
1793 3119 1889 3173 de-

316 3202 554 3260 finitione
602 3206 848 3260 laborare
895 3222 993 3261 nos
1020 3207 1165 3261 facit.
1206 3207 1409 3276 Nempe
1453 3207 1508 3261 id
1550 3225 1710 3262 unum
1741 3216 1890 3263 certo

1992 2493 2100 2536 non
2130 2481 2425 2537 habebunt.
2470 2481 2608 2548 Quin
2641 2496 2740 2537 nec
2769 2481 2996 2536 alterum
3023 2482 3403 2548 concedimus,
3434 2485 3578 2550 quod

1992 2589 2059 2628 ex
2085 2572 2323 2627 secundo
2353 2573 2420 2628 de
2447 2572 2638 2627 iisdem
2660 2574 2984 2644 martyribus
3011 2589 3260 2629 sermone
3288 2589 3354 2629 ex
3383 2573 3578 2642 injecta

1992 2663 2284 2733 imperialis
2313 2662 2470 2718 edicti
2507 2663 2576 2718 de
2615 2663 2884 2718 idolorum
2913 2665 3048 2719 fanis
3074 2663 3394 2719 subruendis
3423 2679 3577 2718 men-

1995 2755 2140 2809 tione
2180 2753 2250 2807 ad
2290 2754 2747 2809 corroborandam
2792 2755 3025 2824 priorem
3056 2754 3419 2824 conjecturam
3449 2752 3580 2808 atl'e-

1995 2855 2138 2912 runt,
2163 2863 2268 2916 qua
2289 2847 2577 2902 Maximum
2603 2848 2833 2916 junioris
2857 2848 3214 2904 Valentiniani
3237 2847 3578 2903 constitutio-

1996 2955 2117 2994 nem
2142 2939 2322 2994 datam
2345 2957 2401 2994 ιιι
2421 2942 2523 2996 cal.
2552 2939 2708 2995 Mart.
2734 2940 2962 2996 Tatiano
2993 2949 3047 2995 et
3067 2941 3388 3013 Symmacho
3411 2954 3574 3004 coss.,

1996 3029 2053 3084 id
2082 3037 2165 3085 est
2193 3046 2333 3084 anno
2362 3028 2484 3096 59!,
2516 3032 2817 3100 respexisse
2848 3031 3156 3086 existimant
3187 3031 3277 3102 (c).
3312 3029 3466 3096 Quod
3487 3029 3580 3097 qui

1997 3119 2421 3189 amplectuntur,
2470 3120 2656 3173 volunt
2700 3135 2767 3174 eo
2816 3128 3059 3190 tempore
3110 3134 3218 3188 quo
3264 3118 3399 3172 duos
3447 3119 3579 3172 istos

1997 3225 2273 3264 sermones
2329 3210 2635 3276 habuisset,
2685 3210 3007 3281 presbyterii
3052 3209 3223 3279 gradu
3270 3209 3578 3278 insignitum

312 3295 522 3357 scimus,
550 3295 838 3350 Maximum
861 3297 1170 3366 episcopum
1192 3296 1492 3352 Taurinatis
1512 3299 1890 3366 subscripsisse
1919 3303 1962 3365 C
1994 3317 2117 3356 eum
2147 3300 2330 3366 fuisse,
2354 3316 2422 3355 ne
2452 3301 2656 3356 scilicet
2685 3303 2822 3355 ultra
2848 3301 3070 3356 modum
3100 3302 3226 3354 anni
3255 3301 3370 3369 ejus
3392 3308 3581 3354 exten-

315 3403 448 3442 anno
477 3387 574 3442 451
612 3389 852 3458 epistolae
877 3389 1148 3460 synodicae
1175 3388 1390 3444 Eusebii
1420 3390 1656 3458 episcopi
1682 3389 1891 3444 Medio-

316 3479 546 3533 lanensis
583 3479 654 3532 ad
696 3479 929 3534 Leonem
953 3479 1218 3548 Magnum,
1244 3479 1600 3549 eumdemque
1622 3494 1764 3533 anno
1785 3478 1890 3532 465

317 3568 615 3623 interfuisse
645 3569 872 3624 concilio
903 3567 1145 3624 Romano
1171 3569 1270 3624 sub
1299 3569 1501 3624 liilario
1544 3568 1736 3624 Leonis
1765 3584 1889 3623 suc-
1940 3562 1948 3569 ’

315 3673 524 3713 cessore
551 3667 762 3723 coacto,
787 3659 1008 3729 ejusque
1036 3660 1168 3714 actis
1194 3660 1366 3728 primo
1395 3660 1516 3714 loco
1543 3668 1665 3728 post
1693 3659 1891 3714 Roma-

317 3764 442 3802 num
469 3750 779 3819 episcopum
809 3758 968 3819 atque
996 3757 1120 3804 ante
1143 3751 1514 3819 metropolitas
1535 3749 1889 3804 Ebrodunen-

315 3854 426 3894 sem
456 3849 512 3896 et
537 3840 988 3899 Mediolanensem
1043 3843 1419 3912 subscripsisse
1463 3861 1475 3895 :
1527 3842 1581 3896 id
1609 3841 1755 3910 quod
1786 3858 1892 3896 non

316 3931 488 3997 sedis,
517 3932 614 3987 sed
641 3933 816 3989 aetatis
838 3935 1087 4004 longaevae
1115 3935 1479 4005 praerogativae
1501 3975 1516 4000 ,
1547 3943 1606 3988 ut
1648 3935 1738 4003 qui
1765 3935 1892 3989 reli-

313 4024 432 4093 quis
461 4025 515 4078 in
535 4025 742 4096 synodo
771 4029 1120 4097 praesentibus
1145 4028 1413 4097 episcopis
1439 4028 1589 4096 prior
1615 4027 1895 4081 ordinatus

314 4113 521 4181 fuisset,
557 4118 902 4174 tribuendum
931 4137 1040 4176 non
1068 4120 1261 4189 injuria
1308 4119 1633 4174 existimant.
1684 4119 1764 4172 Ab
1794 4120 1895 4173 hac

313 4221 444 4262 vero
470 4211 642 4265 aetatis
667 4212 959 4281 exploratae
996 4221 1123 4267 nota
1168 4210 1540 4279 retrogradum
1583 4209 1782 4264 faciunt
1825 4209 1896 4263 ad

313 4299 582 4352 anteriora
613 4299 735 4354 vitae
764 4300 878 4370 ejus
916 4309 1155 4371 tempore
1179 4343 1193 4367 ,
1249 4301 1340 4370 qui
1378 4299 1587 4354 indiciis
1625 4300 1898 4368 qualibus-

313 4403 544 4458 cumque
564 4392 616 4445 in
639 4393 977 4448 sermonibus
1001 4393 1116 4464 ejus
1143 4394 1313 4448 obviis
1340 4392 1636 4449 conﬁdunt.
1669 4392 1898 4459 Quibus-

313 4492 439 4532 cum
478 4497 583 4535 non
613 4482 952 4546 luetahimur,
1003 4485 1047 4538 si
1091 4500 1158 4539 ex
1187 4485 1374 4552 elogiis
1403 4484 1517 4551 ejus
1559 4483 1612 4536 in
1641 4482 1696 4537 S.
1725 4483 1896 4538 Euse-

315 4567 465 4622 bium
494 4570 909 4638 Vercellensem,
943 4575 1199 4630 Vercellis
1227 4592 1349 4631 eum
1375 4585 1558 4630 natum
1585 4576 1898 4632 educatum-

1996 3391 2210 3456 dantur,
2243 3391 2286 3444 si
2311 3390 2423 3459 jam
2453 3405 2539 3442 an.
2588 3388 2693 3442 597
2734 3391 3024 3458 episcopali
3065 3390 3324 3456 dignitate
3364 3388 3583 3456 conspi-

1994 3498 2153 3537 cuum
2180 3481 2438 3546 facerent,
2463 3496 2623 3550 quem
2650 3497 2790 3535 anno
2817 3480 2924 3532 465
2961 3481 3013 3533 in
3056 3481 3189 3534 vivis
3219 3479 3394 3533 adhuc
3417 3478 3581 3533 fuisse

1993 3581 2328 3643 compertum
2356 3578 2456 3626 est.
2489 3570 2599 3625 Sed
2637 3571 2770 3624 mihi
2809 3577 2954 3625 vetat
3009 3569 3294 3637 quominus
3341 3583 3403 3621 ea
3459 3581 3580 3635 quae

1993 3663 2150 3718 dictis
2189 3664 2322 3716 locis
2351 3662 2543 3716 recitat
2577 3669 2700 3731 post
2728 3659 2913 3729 viginti
2953 3667 3006 3714 et
3048 3659 3280 3730 plurium
3319 3671 3582 3710 annorum

1995 3755 2334 3816 intervallum
2364 3762 2617 3822 tanquam
2643 3756 2752 3807 suis
2799 3753 3110 3822 temporibus
3141 3759 3195 3806 et
3224 3768 3387 3819 nuper
3430 3757 3582 3818 gesta

1995 3860 2421 3900 commemorare
2459 3844 2713 3913 potuerit.
2747 3841 3213 3909 Quemadmodum
3244 3858 3311 3894 ex
3341 3855 3404 3894 eo
3439 3840 3585 3908 quod

1997 3937 2052 3991 in
2081 3953 2329 3992 sermone
2359 3935 2410 4000 4,
2455 3936 2517 3989 de
2555 3935 2860 4001 Nativitate,
2892 3936 2966 3989 ait
2991 3953 3003 3988 :
3030 3933 3286 3990 Haeres-im
3314 3933 3584 3987 Jov’niani

1997 4027 2260 4098 synodalis
2282 4036 2455 4080 noster
2483 4042 2584 4080 uno
2611 4043 2699 4080 ore
2724 4025 2989 4078 damnavit
3009 4035 3304 4091 conventus,
3329 4023 3461 4077 falso
3484 4023 3584 4078 ali-

1996 4119 2117 4186 quis
2138 4118 2413 4185 colligeret
2447 4133 2568 4171 eum
2601 4119 2741 4171 inter
2768 4116 2956 4172 Patres
2977 4117 3302 4182 consedisse,
3329 4118 3422 4186 qui
3445 4132 3587 4172 anno
3641 4179 3654 4190 _

1999 4209 2104 4263 589
2133 4210 2185 4263 in
2224 4209 2451 4263 concilio
2481 4208 2867 4262 Mediolanensi
2898 4209 3043 4261 illam
3085 4209 3330 4262 haeresim
3363 4207 3587 4263 damna-
3678 4196 3680 4200 ’

1998 4306 2138 4353 runt.
2184 4298 2291 4353 Sed
2319 4299 2363 4352 si
2402 4298 2516 4352 istis
2544 4298 2782 4351 virorum
2813 4297 3096 4352 doctorum
3125 4300 3453 4365 argumentis
3481 4313 3587 4352 non

2002 4398 2206 4444 tantum
2239 4388 2491 4443 efficacia:
2522 4388 2833 4453 tribuimus,
2866 4396 3124 4457 quantum
3154 4387 3254 4462 ipsi
3284 4387 3458 4440 inesse
3487 4403 3587 4455 pu-

1999 4488 2115 4534 tant
2143 4487 2196 4534 et
2224 4481 2291 4534 ab
2320 4481 2436 4534 aliis
2458 4480 2674 4550 agnosci
2695 4480 2914 4543 volunt,
2948 4479 3048 4550 ipsi
3072 4487 3252 4536 tamen
3275 4491 3380 4530 non
3421 4490 3587 4544 nega-

1999 4590 2119 4629 mus
2156 4575 2377 4628 subcsse
2415 4574 2481 4627 iis
2527 4573 2760 4644 aliquam
2802 4573 2912 4629 veri
2956 4572 3188 4644 speciem
3219 4571 3496 4633 hactenus,
3530 4577 3589 4624 ut

315 4671 446 4724 que,
471 4659 592 4714 item
622 4661 927 4717 sacerdotio
950 4663 1214 4718 initiatum
1244 4674 1298 4720 et
1318 4664 1648 4734 praedicandi
1676 4681 1898 4721 munere
1927 4668 1974 4728 D
2000 4663 2262 4719 Maximus
2290 4665 2507 4719 inelmte
2532 4664 2727 4719 saeculo
2748 4681 2781 4719 v
2802 4664 2884 4718 vel
2908 4663 3068 4733 paulo
3096 4669 3218 4732 post
3243 4659 3450 4714 initium
3474 4658 3589 4727 ejus

314 4748 549 4817 primum
572 4752 624 4805 in
647 4753 837 4807 eadem
861 4754 990 4809 urbe
1018 4754 1351 4825 perfunctum
1378 4772 1496 4811 esse
1523 4757 1773 4824 colligant
1796 4757 1894 4827 (α).

313 4837 426 4892 Sed
457 4843 499 4894 si
530 4857 593 4896 ex
622 4843 686 4897 iis
716 4859 835 4912 quae
867 4845 918 4898 in
954 4861 1202 4902 sermone
1231 4846 1301 4902 de
1340 4847 1550 4903 Sanctis
1579 4847 1900 4919 Martyribus

310 4929 767 5000 Anauniensibus,
814 4936 1146 5006 interemptis
1183 4951 1270 4991 an.
1314 4937 1437 5006 597,
1472 4938 1542 4993 ad
1580 4939 1896 4994 memoriam

311 5036 506 5077 eorum
551 5027 1033 5083 commendandam
1089 5030 1325 5098 loquitur
1381 5033 1687 5088 necessario
1757 5032 1897 5088 efﬁci

309 5113 626 5171 existimant
679 5135 986 5174 sermonem
1035 5121 1182 5175 illum
1224 5129 1317 5176 aut
1381 5122 1573 5178 eodem
1620 5139 1763 5179 anno
1804 5133 1898 5178 aut
1979 5124 1982 5127 ’

308 5204 482 5273 paulo
507 5216 625 5276 post
648 5210 716 5265 ab
745 5224 812 5265 eo
834 5211 997 5266 fuisse
1023 5211 1263 5267 habitum
1296 5211 1391 5284 (b),
1421 5228 1522 5269 nos
1541 5214 1896 5271 assentientes

380 5405 471 5488 (et)
500 5404 624 5493 Vide
643 5411 1022 5493 sermonem],
1048 5411 1157 5493 Set
1182 5411 1234 5493 9,
1259 5413 1328 5493 de
1349 5415 1406 5493 S_.
1433 5415 1683 5493 Eusebio,
1700 5423 1756 5473 et
1774 5433 1894 5490 quae

301 5492 370 5536 ex
407 5478 484 5530 iis
510 5478 722 5534 adducit
748 5479 1058 5538 Gallandius
1085 5483 1176 5538 lib.
1210 5485 1343 5538 infra
1372 5478 1680 5542 laudandof
1790 5478 1810 5490 ”

380 5545 468 5616 (b)
503 5545 742 5603 Gallandi
773 5552 826 5605 in
856 5549 1100 5616 Prolegg.
1133 5554 1198 5608 ad
1243 5563 1280 5608 t.
1322 5554 1393 5609 1X
1428 5557 1560 5611 Bibl.
1593 5555 1720 5616 PP..
1751 5574 1799 5615 c.
1839 5557 1872 5612 9

370 5551 468 5681 ἕν)
503 5551 829 5633 Gallandiin
856 5551 1100 5644 Prolegg.
1133 5554 1198 5608 ad
1243 5563 1280 5608 t.
1322 5554 1393 5609 1X
1428 5557 1560 5611 Bibl.
1593 5555 1720 5622 PP.,
1751 5574 1799 5615 c.
1839 5557 1892 5625 9,

306 5616 582 5739 ξηϐηιξιιίᾶι.
600 5635 861 5691 Imprimis
889 5631 1042 5690 urget
1068 5639 1099 5677 ει
1127 5640 1186 5680 se
1212 5641 1403 5681 recens
1434 5635 1706 5698 repertum
1734 5644 1895 5698 argu-

302 5702 441 5743 men
449 5701 562 5740 tum
570 5726 582 5741 .

381 5756 467 5827 (ε)
501 5753 663 5827 idem,
697 5759 723 5834 ς
754 5759 805 5816 5.
839 5760 965 5830 Quae
993 5771 1178 5821 contra
1206 5765 1414 5824 Brunus
1449 5767 1502 5824 in
1534 5766 1653 5825 Vita
1680 5767 1901 5823 Maximi

2002 4758 2313 4812 muneribus
2334 4758 2711 4812 ecclesiasticis
2733 4757 2876 4825 fungi
2898 4755 3122 4824 cmpisse
3143 4752 3408 4819 videatur,
3425 4750 3590 4826 adeo.

2001 4862 2106 4917 que
2135 4862 2321 4902 versus
2350 4845 2510 4904 finem
2539 4848 2719 4902 saeculi
2747 4865 2798 4904 ιν
2827 4857 2981 4900 natus
3001 4843 3178 4911 fuerit,
3197 4851 3253 4898 et
3277 4841 3415 4897 forte
3437 4849 3589 4896 octo—

2002 4938 2250 5007 genarius
2289 4939 2377 4993 vel
2431 4939 2822 5007 nonagenarius
2850 4937 3030 5001 etiam,
3065 4935 3208 4990 diem
3257 4951 3586 5006 supremum,

2001 5043 2153 5100 atque
2177 5045 2242 5085 ac
2268 5038 2462 5085 caetera
2491 5030 2730 5102 ignotum
2762 5028 2859 5099 (ά),
2891 5027 3104 5082 obierit.

2664 5129 2728 5179 Il.
2753 5127 2965 5181 Scripta.

2664 5130 2728 5179 Il.
2753 5130 2867 5181 Scri
2901 5133 2965 5180 ta.

2073 5214 2337 5272 Maximus
2376 5130 2721 5274 Tauriuegsis
2759 5142 3010 5271 Ecclesiae
3051 5214 3362 5286 episcopus,
3412 5208 3586 5283 inquit

2061 5434 2144 5488 ag.
2166 5418 2290 5488 158)
2311 5423 2520 5488 monet,
2539 5418 2776 5487 potuisse
2801 5432 2921 5473 eum
2945 5418 3103 5488 etiam
3126 5414 3393 5487 respicere
3413 5415 3586 5488 legem

2049 5485 2290 5544 héodosii
2312 5485 2556 5541 Junioris
2574 5495 2629 5541 et
2650 5488 3007 5543 Valentiniani
3029 5487 3114 5552 Ill,
3142 5485 3320 5541 datam
3345 5502 3432 5539 an.
3460 5485 3583 5552 426,

2003 5559 2191 5614 iisdem
2222 5555 2522 5614 Theodosio
2555 5575 2639 5614 xu.
2654 5566 2708 5613 et
2737 5559 3114 5614 Valentiniano
3141 5574 3192 5613 ιν
3219 5573 3358 5612 coss.

2076 5629 2154 5699 (ά)
2184 5627 2444 5699 Gennadii
2490 5644 2652 5698 super
2697 5630 2802 5684 hoc
2849 5643 3086 5699 errorem
3128 5636 3220 5699 aut
3249 5625 3584 5699 librariorum

2005 5695 2184 5824 gotius
2214 5699 2265 5754 in
2292 5714 2356 5756 co
2380 5698 2501 5756 loco
2525 5695 2864 5756 oscitantiam
2887 5697 3093 5768 pridem
3121 5697 3216 5753 viri
3239 5695 3381 5751 docti
3404 5707 3580 5749 emen-

2044 5778 2216 5824 arum.

2044 5778 2216 5824 arum.
