4042 6192
509 328 579 385 79
1589 321 1656 375 IN
1692 320 1749 377 S.
1782 318 2104 374 MAXIMUM
2145 317 2626 375 TAURINENSEM

3625 315 3727 371 180

471 437 784 499 Gennadius
809 438 866 494 in
892 436 1087 495 divinis
1114 434 1417 505 'Scripturis
1459 433 1591 488 satis
1635 432 1873 489 intentus
1900 440 1957 489 et
1984 432 2053 487 ad
2080 434 2129 495 Α
2155 433 2427 503 Ducangio
2455 434 2553 505 (ὁ),
2598 448 2660 488 ea
2691 448 2790 488 nec
2817 434 2872 489 in
2914 431 3264 488 Maximianos
3304 431 3566 501 quadrant
3584 470 3598 494 ,
3628 449 3731 489 nec

471 528 770 587 docendam
798 544 866 584 ex
894 534 1138 597 tempore
1164 525 1374 596 plebem
1415 522 1686 579 suliiciens
1703 564 1719 591 ,
1750 525 2054 593 composuit

471 623 527 678 in
556 622 770 676 laudem
797 620 1164 690 ap03tolorum
1189 624 1445 671 tractatus
1472 624 1527 671 et
1546 617 1600 670 in
1619 615 1838 671 Joannis
1866 617 2050 686 Bapti-

470 719 586 775 sue,
613 717 668 765 et
690 708 996 777 generalem
1034 706 1273 761 omnium
1296 715 1589 776 martyrum
1618 705 1911 759 homiliam.
1944 704 2050 760 Sed

471 809 525 855 et
547 800 617 855 de
645 799 891 870 capitulis
917 796 1326 865 Evangeliorum
1347 792 1404 849 et'
1423 795 1650 851 Actuum
1672 794 2050 863 Apostolorum

470 890 638 945 multa
683 890 954 958 sapienter
999 887 1267 956 exposuit.
1313 884 1464 940 Fecit
1510 891 1566 939 et
1609 883 1746 939 duos
1786 883 1856 938 de
1882 884 2052 939 sancti

471 976 687 1033 Eusebii
715 976 1071 1033 Vercellensis
1095 974 1334 1045 episcopi
1370 982 1426 1030 et
1452 973 1773 1030 confessoris
1801 975 1908 1028 vita
1938 981 2051 1027 tra-

470 1077 645 1124 ctatus
661 1109 677 1134 ,
707 1075 764 1123 et
789 1067 860 1122 de
887 1066 1057 1122 sancti
1083 1065 1366 1136 Cypriani;
1394 1065 1682 1134 specialem
1709 1062 1778 1119 de
1802 1063 2044 1133 baptismi

469 1160 643 1227 gratia
669 1159 868 1214 librum
909 1157 1098 1212 edidit.
1129 1157 1360 1227 Scripsit
1384 1156 1453 1210 de
1481 1157 1734 1221 avaritia;
1764 1155 1833 1211 de
1867 1157 2046 1225 hospi-

470 1251 709 1316 talitate;
758 1250 826 1305 de
874 1249 1090 1305 defectu
1130 1250 1302 1316 lunae;
1350 1248 1421 1303 de
1465 1248 1847 1319 eleemosynis;
1877 1248 1944 1303 de
1984 1264 2052 1305 eo

473 1342 619 1410 quod
663 1342 919 1412 scriptum
964 1349 1049 1396 est
1093 1342 1145 1395 in
1191 1340 1369 1397 Isaia:
1402 1339 1673 1410 Caupones
1719 1341 1795 1393 tui
1839 1340 2052 1394 miscent

473 1448 659 1502 aqua»:
679 1434 823 1496 vino;
847 1432 915 1486 de
934 1432 1184 1502 passione
1206 1431 1443 1497 Domini;
1467 1430 1537 1485 de
1552 1429 1757 1499 jejunio
1774 1445 2049 1485 servorum

474 1519 598 1585 Dei;
629 1520 698 1574 de
720 1520 926 1589 jejunio
954 1519 1174 1589 speciali
1203 1519 1649 1588 Quadragesimze,
1677 1527 1732 1573 et
1759 1518 1905 1587 quod
1941 1534 2047 1573 non

474 1611 543 1668 sit
570 1613 625 1665 in
664 1627 730 1667 eo
771 1612 1093 1684 iocandum,
1141 1611 1210 1666 de
1253 1610 1393 1666 Iuda
1439 1610 1730 1676 traditore;
1780 1609 1849 1665 de
1891 1625 2053 1666 cruce

473 1700 703 1769 Domini,
728 1702 798 1757 de
822 1703 1070 1772 sepulcro
1098 1703 1232 1771 ejus,
1256 1709 1311 1757 et
1338 1702 1408 1756 de
1435 1702 1828 1756 resurrectione
1856 1701 2047 1770 ipsius;

2153 526 2371 580 omnino
2398 525 2486 580 hic
2506 524 2913 595 expetebantur.
2958 524 3159 595 Nempe
3178 538 3287 580 non
3308 530 3417 577 tam
3445 525 3729 592 qumreha-

2151 622 2240 668 tur
2265 629 2384 684 qua:
2404 608 2600 668 vocum
2636 615 2704 668 sit
2730 615 2937 669 illarum
2965 614 3300 683 signiﬁcatio,
3330 628 3491 682 quam
3521 614 3728 683 potius,

2151 720 2258 773 quo
2277 704 2421 773 jure,
2446 705 2706 773 quibusve
2729 706 2935 760 indiciis
2957 705 3189 774 singulas
3212 705 3486 759 orationes
3513 704 3565 757 in
3588 704 3732 761 hanc

2151 793 2362 848 illamve
2408 794 2780 848 collectionem
2826 790 3111 862 adlegerit,
3143 796 3437 864 praesertim
3476 810 3599 849 cum
3637 795 3729 847 vix

2151 882 2407 937 credibile
2435 883 2503 935 sit
2532 883 2699 939 libros
2739 899 2869 937 mss.
2918 884 2971 937 in
3019 885 3123 939 hoc
3157 885 3287 939 satis
3339 891 3648 940 constantes
3678 884 3727 939 ei

2150 972 2313 1028 duces
2336 970 2519 1028 fuisse.
2552 972 2660 1028 Sed
2688 973 2870 1044 accipe
2899 973 3145 1027 indicem.

2758 1080 2815 1135 ⁴1.
2848 1080 3106 1128 nomusz.

2762 1153 2842 1208 De
2870 1164 3111 1223 tempore.

2219 1240 2260 1297 I.
2292 1242 2424 1296 Ante
2451 1240 2645 1297 Natale
2671 1242 2904 1298 Domini.

2219 1332 2283 1388 II.
2316 1333 2383 1387 In
2404 1335 2633 1390 Adventu
2655 1334 2940 1403 dominico,
2964 1344 3014 1390 et
3042 1336 3106 1390 de
3130 1352 3191 1391 eo
3222 1335 3355 1409 quod
3382 1336 3627 1407 scriptum
3652 1346 3728 1393 est

2150 1420 2281 1476 Luc.
2307 1440 2432 1479 xvu.

2218 1511 2305 1566 III.
2340 1513 2510 1583 Super
2535 1515 2713 1570 eadem
2741 1516 2889 1571 verba
2919 1516 3210 1590 Evangelii.

2217 1602 2307 1668 IV,
2338 1603 2402 1657 V.
2433 1606 2565 1659 Ante
2586 1604 2779 1661 Natale
2808 1607 3039 1663 Domini.

2220 1691 2435 1749 VI-XV.
2458 1694 2537 1749 De
2557 1696 2846 1753 Nativitate
2866 1698 3097 1767 Domini,
3126 1699 3245 1755 I-X.
3273 1700 3347 1757 Ex
3379 1701 3462 1757 his
3498 1710 3728 1770 quatuor

475 1791 545 1847 de
572 1800 822 1849 accusato
852 1801 906 1847 et
942 1792 1198 1847 damnato
1245 1792 1473 1847 Domino
1510 1792 1653 1861 apud
1695 1790 1952 1858 Pilatum;
1984 1792 2053 1847 de
2084 1794 2128 1853 Β
2156 1785 2362 1854 priores
2388 1803 2530 1843 nunc
2557 1789 2786 1858 primum
2814 1800 2938 1845 sunt
2964 1792 3139 1848 editas.

475 1880 714 1936 calendis
738 1878 1021 1935 Ianuariis.
1073 1879 1295 1949 Scripsit
1323 1879 1485 1935 etiam
1514 1879 1762 1935 homilias
1788 1879 1858 1935 de
1886 1880 2049 1935 natali

473 1971 719 2038 Domini;
745 1972 994 2028 bomilias
1016 1970 1083 2027 de
1104 1969 1473 2043 Theophanis,
1493 1978 1549 2028 et
1570 1970 1638 2027 de
1658 1968 1883 2037 Pascha,
1906 1979 1964 2043 et
1981 1970 2051 2028 de

472 2059 793 2118 Pentecoste
814 2063 1038 2129 multas;
1057 2063 1125 2118 de
1145 2063 1387 2117 hostibus
1405 2063 1707 2119 carnalibus
1725 2078 1834 2119 non
1856 2063 2048 2119 timen-

472 2151 553 2206 dis
579 2158 634 2206 et
661 2150 731 2206 de
758 2153 944 2221 gratiis
986 2158 1110 2223 post
1146 2152 1320 2208 cibum
1348 2152 1459 2208 Deo
1501 2152 1753 2221 agendis;
1787 2152 1855 2207 de
1878 2153 2050 2223 pumi-

475 2242 643 2297 tentia
686 2241 1054 2311 Ninivitarh’m,
1076 2250 1132 2298 et
1169 2243 1365 2301 multas
1405 2243 1539 2299 alias
1565 2243 1682 2314 ejus
1708 2244 1955 2301 homilias
1983 2244 2051 2301 de

360 2332 365 2338 ’
477 2333 703 2388 diversis
739 2334 873 2402 legi,
904 2349 1040 2402 quas
1075 2334 1281 2390 retineo
1308 2332 1523 2407 [forsan
1549 2334 1801 2406 reticeo].
1844 2335 2051 2392 Eadem

473 2421 655 2475 omnia
682 2421 981 2490 eodemque
1008 2436 1146 2490 pene
1169 2422 1359 2477 ordine
1379 2430 1433 2476 et
1464 2422 1833 2490 designatione
1860 2428 2051 2481 recitat

474 2509 800 2567 Trilhemius
821 2512 917 2583 (a),
941 2519 1204 2583 praeterea
1222 2528 1352 2567 vero
1377 2512 1445 2568 de
1465 2512 1641 2569 oliicio
1662 2513 1833 2569 Missa:
1853 2516 2049 2572 librum

471 2615 511 2661 ι,
553 2600 621 2657 de
639 2608 829 2657 sancto
850 2601 1139 2657 Laurentio
1160 2603 1304 2658 hom.
1329 2604 1382 2669 ὅ,
1405 2614 1460 2658 et
1479 2603 1548 2659 de
1566 2612 1753 2660 sancto
1773 2604 2048 2677 Stephano

469 2695 615 2748 hom.
658 2691 711 2757 I,
755 2693 947 2762 quibus
975 2693 1222 2749 omnibus
1246 2695 1571 2751 enumeratis
1598 2694 1787 2750 addit:
1824 2695 2049 2768 Scripsit

470 2790 519 2837 et
546 2783 654 2836 alia
682 2781 842 2837 multa
863 2798 881 2837 :
907 2798 1168 2837 sermones
1187 2792 1236 2837 et
1259 2792 1527 2851 tractatus,
1551 2786 1795 2855 epistolas
1812 2795 1862 2841 et
1882 2788 2047 2843 homi-

469 2873 593 2938 lias,
618 2888 732 2944 qua:
772 2872 842 2926 ad
887 2873 1125 2928 notitiam
1165 2890 1333 2928 meam
1373 2891 1477 2929 non
1518 2886 1869 2945 pervenerunt.
1912 2877 2048 2934 Huic

470 2976 600 3017 vero
644 2968 919 3032 postremo
965 2963 1243 3032 utriusque
1279 2964 1377 3018 viri
1425 2974 1632 3020 asserto
1670 2973 1883 3023 veteres
1925 2968 2045 3023 libri

469 3068 601 3109 mss.
624 3052 787 3130 plane
815 3054 1196 3120 assentiuntur,
1227 3069 1296 3109 ex
1322 3055 1513 3124 quibus
1540 3056 1697 3125 longe
1724 3058 1905 3127 plures
1932 3073 2047 3113 ser-

471 3156 660 3199 mones
709 3156 871 3211 quam
910 3143 977 3198 ab
1016 3143 1121 3197 illis
1149 3143 1346 3198 diserte
1391 3144 1595 3199 laudati
1638 3156 1811 3213 erant,
1843 3147 2047 3203 iteratis
2071 3149 2117 3211 C

469 3235 705 3292 virorum
730 3235 1013 3291 doctorum
1038 3236 1248 3303 studiis,
1262 3237 1371 3305 jam
1394 3239 1598 3308 pridem
1622 3247 1747 3294 sunt
1766 3241 1922 3305 eruti,
1947 3258 2048 3296 nu-

468 3340 568 3395 per
592 3340 722 3380 vero
751 3332 805 3379 et
837 3326 939 3380 iste
965 3340 1220 3381 numerus
1244 3328 1385 3381 ultra
1412 3326 1693 3383 dimidium
1721 3330 1773 3383 in
1805 3328 2046 3387 Romana

468 3416 708 3472 editione
734 3416 995 3473 adauctus
1034 3424 1137 3484 est,
1168 3419 1454 3489 omniaque
1479 3421 1962 3477 vetustissimarum
1990 3431 2047 3479 et

466 3507 790 3577 Optimarum
807 3507 1238 3563 membranarum
1258 3509 1577 3565 testimoniis
1602 3511 1677 3565 ita
1705 3520 1829 3567 sunt
1849 3514 2045 3569 conﬁr-

466 3604 631 3664 mata,
667 3604 727 3652 ut
752 3596 821 3652 de
847 3598 1155 3653 sinceritate
1182 3612 1369 3654 eorum
1409 3606 1732 3655 tractatuum
1758 3602 1848 3670 qui
1877 3601 2045 3657 Maxi-

466 3702 555 3742 mo
579 3687 668 3742 hic
698 3697 1009 3742 asseruntur
1033 3688 1252 3743 dubium
1273 3704 1555 3758 superesse
1582 3706 1689 3746 non
1710 3693 1896 3761 possit.
1925 3692 2043 3748 Jam

464 3789 595 3845 ergo
624 3777 927 3830 novissimae
964 3776 1121 3845 hujus
1162 3776 1410 3832 editionis
1444 3779 1675 3834 indicem
1704 3790 1758 3834 et
1786 3781 2041 3838 distribu-

467 3868 668 3922 tionem
708 3868 998 3922 videamus.
1043 3866 1358 3923 Constitutac
1398 3878 1523 3923 sunt
1567 3870 1635 3925 ab
1681 3871 1890 3928 editore
1936 3882 2044 3931 tres

464 3957 665 4012 classes
701 3970 798 4011 seu
840 3957 1206 4023 collectiones,
1235 3958 1565 4013 homiliarum
1591 3961 1812 4025 scilicet,
1841 3980 2040 4019 sermo-

464 4062 587 4100 num
607 4052 662 4100 et
681 4054 1012 4114 tractatuum,
1037 4047 1230 4116 quibus
1251 4046 1460 4116 adjecta
1484 4058 1609 4104 sunt
1632 4049 1785 4107 dubia
1813 4061 1903 4108 aut
1923 4069 2042 4123 qua:

461 4134 697 4190 Maximo
724 4135 881 4205 plane
908 4124 1230 4192 videbantur
1253 4137 1472 4208 indigna
1490 4180 1505 4207 ,
1551 4140 1691 4197 inter
1732 4157 1851 4213 qua:
1878 4147 2040 4202 etiam

458 4224 692 4295 epistola:
727 4224 860 4279 dum.
890 4224 1133 4281 Homilia:
1160 4242 1323 4297 porro
1364 4236 1421 4283 et
1465 4245 1741 4287 sermones
1782 4231 2039 4290 trifariam

457 4315 643 4373 divisae
668 4323 793 4371 sunt
820 4304 879 4371 et
901 4316 1168 4387 inscripta:
1191 4318 1255 4372 de
1284 4317 1546 4389 Tempore,
1572 4322 1637 4375 de
1664 4320 1872 4376 Sanctis
1896 4333 1951 4379 et
1978 4324 2041 4381 de

457 4406 686 4466 Diversis
727 4423 745 4461 :
793 4407 988 4475 quibus
1034 4407 1339 4463 nominibus
1396 4410 1707 4480 plerumque
1751 4412 2038 4481 signiﬁcari

2225 1874 2357 1930 XVI.
2389 1878 2469 1932 De
2485 1878 2711 1934 colendis
2729 1879 3016 1937 Ianuariis.

2223 1966 2612 2024 XVII-XXVIII.
2632 1970 2711 2025 De
2724 1971 3020 2044 Epiphania
3036 1975 3264 2042 Domini,
3279 1975 3438 2039 I—XII,
3458 1991 3524 2031 ex
3536 1976 3728 2045 quibus

2150 2056 2191 2126 I,
2224 2058 2285 2123 II,
2316 2058 2400 2125 III,
2431 2060 2499 2114 IV
2524 2068 2576 2116 et
2608 2061 2673 2116 VI
2701 2078 2731 2117 a
2758 2064 2937 2119 Bruno
2967 2066 3196 2134 primum
3236 2076 3362 2122 sunt
3403 2074 3647 2138 reperta.

2223 2146 2627 2205 XXIX-XXXV.
2646 2149 2726 2206 De
2745 2150 2994 2223 baptismo
3011 2153 3220 2223 Christi,
3235 2156 3399 2225 I-VII,
3422 2172 3642 2227 quarum
3658 2156 3723 2224 II,

2148 2238 2244 2305 Ill,
2274 2240 2339 2296 IV
2365 2250 2421 2297 et
2447 2241 2491 2295 V
2519 2251 2677 2298 antea
2706 2252 2860 2298 erant
2888 2246 3120 2301 inediae.

2221 2332 2448 2388 XXXVI.
2482 2333 2549 2389 In
2578 2335 2661 2391 die
2680 2334 2936 2392 Cinerum.

2220 2424 2476 2481 XXXVII.
2508 2426 2589 2480 De
2609 2431 2811 2500 jejunio
2834 2429 3274 2503 Quadragesimaz.

2220 2514 2710 2573 XXXVIII.-XLIV.
2737 2519 2817 2575 De
2838 2517 3267 2591 Quadragesima,
3296 2518 3503 2577 II-VIII.

2220 2605 2375 2662 XLV.
2406 2607 2680 2663 Dominica
2699 2612 2755 2663 in
2775 2614 2933 2665 ramis
2959 2612 3277 2666 Palmarum.

2220 2692 2398 2751 XLVI.
2414 2697 2492 2752 De
2510 2709 2751 2756 accusata
2771 2712 2819 2756 et
2832 2704 3069 2774 judicato
3080 2702 3301 2760 Domino
3314 2704 3451 2777 apud
3470 2701 3722 2758 Pilatum.

2218 2785 2419 2843 XLVII:
2450 2790 2531 2845 De
2561 2792 2737 2847 eodem
2755 2794 2980 2865 judicio.

2219 2877 2440 2935 XLVIII.
2471 2880 2550 2936 De
2576 2883 2715 2937 Juda
2740 2887 3024 2957 proditore.

2217 2968 2394 3025 XLIX.
2424 2971 2504 3027 De
2532 2976 2773 3044 passione
2792 2986 2841 3030 et
2861 2993 3009 3032 cruce
3028 2977 3258 3045 Domini,
3285 2978 3325 3033 I.

2217 3060 2278 3117 L.
2311 3064 2388 3117 De
2408 3081 2556 3119 cruce
2576 3064 2806 3134 Domini,
2838 3068 2902 3122 II.

2218 3151 2301 3220 LI,
2334 3154 2441 3209 LII.
2473 3155 2552 3210 De
2573 3167 2752 3213 sancto
2779 3156 3086 3224 Latrone,I,
3115 3159 3181 3217 II.

2219 3244 2347 3299 LIII.
2380 3245 2459 3300 De
2480 3249 2775 3317 ptenitentia
2795 3249 2941 3304 Petri
2958 3259 3006 3303 et
3025 3251 3243 3305 ostiaria
3262 3251 3472 3305 ancilla.

2217 3334 2348 3391 LIV.
2383 3336 2461 3391 De
2480 3339 2655 3393 eodem
2675 3339 2832 3395 Petro
2854 3342 3106 3411 apostolo.

2218 3426 2326 3481 LV.
2359 3428 2437 3482 De
2458 3432 2589 3501 festo
2618 3430 2855 3497 Pascha,
2884 3430 2924 3485 I.

2216 3514 2344 3570 LVI.
2366 3517 2440 3571 De
2455 3518 2629 3574 Maria
2642 3518 2953 3592 Magdalena
2970 3531 3017 3575 et
3034 3526 3400 3579 resurrectione
3412 3523 3643 3589 Domini,
3658 3522 3726 3577 ιι.

2216 3605 2511 3662 LVII-LIX.
2541 3608 2621 3664 De
2640 3611 2820 3666 eadem
2853 3612 3071 3668 Pascha:
3090 3613 3432 3679 solemnitate,
3455 3613 3613 3668 III-V.

2214 3695 2325 3749 LX.
2368 3696 2445 3752 De
2470 3697 2782 3757 Ascensione
2808 3701 3039 3755 Domini.

2213 3784 2327 3840 LXI
2343 3786 2537 3841 -LXIII.
2594 3788 2673 3844 De
2723 3790 3045 3844 solemnitate
3098 3800 3297 3846 sancta:
3356 3790 3709 3859 Pentecostes,

2143 3876 2280 3931 I-III.

2770 3970 2850 4027 De
2877 3972 3089 4028 sanctis.

2214 4058 2393 4115 LXIV.
2434 4057 2502 4115 In
2546 4060 2711 4116 natali
2751 4061 2813 4118 S.
2854 4062 3109 4136 Stephani
3138 4065 3300 4120 (cista:
3337 4077 3386 4121 et
3429 4078 3715 4137 protomar~

2148 4151 2294 4219 tyris.

2211 4236 2580 4295 LXV-LXVII.
2614 4241 2681 4297 In
2702 4243 2785 4298 die
2810 4245 3094 4325 ntyivitatis
3127 4245 3428 4303 S.Joannis
3451 4248 3717 4318 Baptista;

2139 4331 2280 4387 I-III.

2210 4422 2675 4482 LXVIII-LXXIII.
2731 4426 2800 4482 In
2827 4430 2991 4484 natali
3042 4430 3147 4487 SS.
3193 4433 3541 4503 apostolorum
3569 4432 3720 4488 Petri

453 4496 631 4552 solent
657 4495 928 4550 orationes
954 4490 1239 4550 mobilibus
1266 4496 1457 4588 diebus
1484 4498 1661 4566 festis,
1694 4502 1761 4556 de
1789 4501 2034 4560 laudibus
2059 4508 2109 4569 D
2133 4522 2184 4567 ει
2221 4512 2397 4582 Pauli,
2446 4513 2583 4582 LVI,
2632 4533 2854 4588 quarum
2911 4520 3097 4576 ultima
3136 4490 3397 4579 ιιεέιεηιιε
3424 4522 3597 4578 fuerat,
3627 4524 3710 4576 in-

452 4592 783 4650 sanctorum,
811 4592 1102 4656 martyrum
1133 4593 1188 4641 et
1214 4586 1579 4643 confessorem
1608 4590 1662 4644 in
1687 4591 1913 4647 solemni
1934 4610 2031 4650 eo-

454 4694 575 4732 rum
600 4676 765 4733 natali
806 4674 894 4732 die
939 4674 1163 4742 habitae;
1207 4683 1263 4732 et
1306 4691 1425 4746 qua:
1470 4679 1540 4734 ad
1583 4680 1760 4737 locum
1801 4684 2032 4756 aliquem

452 4782 725 4823 sacrarum
766 4765 1164 4838 Scripturarum
1203 4769 1571 4827 illustrandum
1610 4776 1913 4843 pertinent,
1942 4787 2035 4833 aut

454 4856 783 4914 solemnibus
806 4858 1124 4930 quibusdam
1147 4860 1518 4917 occasionibus
1536 4861 1754 4919 fuerunt
1773 4868 2028 4924 recitatee.

456 4940 583 5003 Hac
607 4945 911 5005 distributio
940 4949 1264 5006 editionibus
1292 4952 1653 5022 superioribus
1685 4964 1769 5010 est
1795 4972 2031 5016 consona

452 5044 510 5091 et
536 5034 761 5090 debetur
797 5036 1121 5098 lectionariis
1148 5043 1420 5112 antiquis,
1469 5057 1536 5099 ex
1578 5044 1771 5114 quibus
1798 5049 2030 5117 primum

455 5123 673 5183 Maximi
721 5140 998 5185 sermones
1023 5133 1172 5200 seligi
1201 5143 1496 5204 cmperunt.
1528 5134 1728 5201 Quibus
1755 5146 1935 5193 autem
1963 5140 2031 5195 de

453 5216 629 5271 causis
646 5216 891 5287 priorem
920 5222 1195 5289 amplexus
1219 5226 1307 5290 sit,
1339 5242 1437 5282 nec
1477 5226 1590 5295 ipse
1618 5224 1881 5296 explicat,
1918 5236 2029 5286 nec

453 5306 590 5361 alius
615 5309 896 5385 quisquam
923 5308 1079 5364 facile
1107 5312 1340 5383 detegat.
1381 5315 1516 5370 Nam
1540 5331 1659 5386 qua:
1698 5317 1766 5374 ab
1806 5334 1871 5375 eo
1898 5320 2028 5377 alle-

454 5404 644 5453 runtur
673 5396 743 5453 de
768 5399 1111 5456 homiliarum
1154 5411 1210 5457 et
1254 5420 1560 5465 sermonum
1606 5409 1913 5468 discrimine
1957 5429 2024 5470 ex

528 5528 1117 5606 (a)‘Quemail_i_noilum
1150 5535 1296 5606 enim
1328 5538 1644 5602 Gennadius
1672 5546 1810 5602 alios
1839 5555 2042 5606 tracta-

456 5605 566 5677 tus,
590 5599 729 5677 alias
756 5600 1011 5677 homilias
1038 5605 1295 5677 appellat,
1324 5609 1404 5663 sic
1430 5599 2040 5677 Tritheniiurs“ini—libros

454 5675 507 5722 ct
534 5668 790 5727 ltomilias
815 5668 1151 5742 dispescit—ct
1178 5683 1411 5746 utroque
1438 5668 1659 5740 nomine
1682 5668 2042 5748 eosdem—lere
2142 5730 2151 5738 ο

2138 4602 2306 4659 edita.

2205 4692 2669 4753 LXXIV-LXXVI.
2718 4697 2783 4753 In
2823 4702 2990 4755 natali
3040 4701 3101 4757 S.
3146 4701 3411 4758 Laurentii
3456 4703 3621 4759 levita:
3664 4714 3719 4759 et

2136 4789 2400 4856 martyris,
2430 4788 2564 4842 I-III.

2204 4874 2735 4934 LXXVII-LXXVIII.
2769 4878 2835 4935 In
2867 4882 3029 4936 natali
3054 4881 3115 4938 S.
3138 4881 3349 4939 Eusebii
3382 4884 3715 4940 Vercellensis

2136 4966 2383 5034 episcopi,
2415 4964 2455 5031 I,
2496 4964 2559 5020 II.

2207 5050 2439 5123 LXXIX,
2471 5052 2682 5113 LXXX.
2718 5058 2781 5113 In
2836 5062 3000 5117 natali
3032 5063 3093 5119 S.
3124 5062 3369 5135 Cypriani
3394 5066 3619 5137 episcopi
3662 5075 3718 5120 et

2132 5150 2393 5218 martyris.

2204 5236 2463 5305 LXXXI,
2492 5238 2557 5294 II.
2616 5236 2684 5295 In
2737 5244 2902 5297 natali
2944 5241 3048 5299 SS.
3099 5256 3381 5319 martyrum
3425 5246 3467 5302 Τ
3468 5250 3710 5303 attrinen-

2130 5330 2263 5383 sium
2295 5327 2514 5396 Octavii,
2546 5333 2782 5387 Adventii
2808 5345 2857 5388 et
2886 5334 3161 5392 Soluloris.

2201 5415 2451 5473 LXXXII.
2485 5419 2564 5475 De
2588 5424 2781 5478 sanctis
2800 5434 3010 5496 martyr.

2127 5570 2264 5629 quos
2282 5558 2380 5629 ille
2396 5559 2677 5629 designat.

2200 5628 2274 5701 (ὁ)
2304 5628 2360 5683 In
2391 5627 2555 5685 Praef.
2578 5630 2605 5702 ᾗ
2630 5629 2722 5698 ‘28,
2752 5645 2871 5701 pag.
2902 5629 2985 5689 37.
