4042 6192
359 338 464 394 181

983 449 1060 505 De
1085 450 1316 508 diversis.

437 537 718 594 LXXXIII.
745 540 826 594 De
857 542 1129 598 traditione
1155 543 1392 615 sgmbali.

434 628 722 684 LXXXIV.
754 629 836 684 De
862 647 1070 701 corpore
1097 630 1306 688 Christi.

434 719 695 774 LXXXV.
727 720 809 775 De
830 738 889 776 eo
916 724 1051 793 quod
1076 727 1323 796 scriptum
1350 735 1445 794 est,
1486 727 1615 794 Quis
1643 738 1817 801 putas,
1846 739 1943 785 etc.

432 811 722 867 LXXXVI.
752 813 833 867 De
862 812 1038 870 bellica
1060 818 1296 872 tumultu.

432 903 742 958 LXXXVII.
777 905 854 959 De
873 907 1102 961 hostibus
1129 926 1232 964 non
1260 911 1517 968 timendis.

433 995 776 1063 LXXXVIII,
807 995 1088 1052 LXXXIX.
1139 1000 1218 1055 De
1269 1019 1372 1057 non
1428 1006 1663 1061 timendis
1718 1007 1950 1064 hostibus

358 1087 664 1141 carnalibus
692 1095 741 1140 et
760 1089 942 1157 gratiis
968 1097 1084 1159 post
1106 1089 1272 1145 cibum
1295 1092 1405 1148 Deo
1435 1096 1666 1166 agendis,
1698 1095 1738 1161 I,
1771 1097 1839 1152 II.

433 1175 547 1232 XC.
580 1175 661 1230 De
679 1178 977 1247 paenitentia
1004 1188 1053 1232 et
1071 1179 1290 1250 jejuniis
1311 1180 1682 1250 Ninivitarum,
1709 1184 1750 1238 I.

432 1263 570 1321 XCI.
600 1265 682 1319 De
708 1264 977 1331 Ninivitis,
1007 1266 1071 1320 II.

432 1357 594 1414 XCII.
619 1356 703 1411 De
730 1356 963 1413 barbaris
1001 1375 1104 1414 non
1134 1361 1368 1418 timendis
1395 1365 1440 1418 ei
1467 1366 1554 1438 qui
1591 1364 1755 1420 Deum
1785 1367 1943 1433 timet,

355 1459 412 1504 et
443 1450 508 1502 de
535 1456 716 1503 sancta
738 1446 933 1513 Elisea,
961 1447 1002 1502 I.

432 1536 614 1592 XCIII.
645 1537 727 1592 De
751 1538 927 1593 eadem
957 1538 1018 1593 S.
1041 1537 1234 1606 Eliseo,
1265 1539 1337 1594 II.

429 1621 612 1684 XCIV.
647 1630 716 1683 In
744 1630 1080 1697 repartitians
1100 1630 1327 1686 ecclesia:
1347 1631 1405 1686 Μ
1407 1632 1943 1703 ediolanensis,antc-

359 1721 467 1774 hac
493 1719 716 1774 inedita.

436 1811 595 1877 XCV,
625 1811 712 1865 VI.
741 1810 818 1866 De
845 1814 1081 1879 avaritia,
1105 1813 1145 1880 I,
1176 1813 1240 1868 II.

431 1900 634 1967 XCVII,
662 1901 796 1956 VIII.
821 1899 901 1956 De
936 1903 1268 1975 elemosynis
1295 1915 1344 1959 et
1374 1907 1437 1960 de
1463 1909 1672 1964 muliere
1701 1908 1939 1967 Samari-

359 2003 512 2057 tana,
537 1993 578 2058 I,
609 1993 674 2046 II.

427 2080 612 2137 XCIX.
646 2081 725 2134 De
754 2082 1117 2152 hospitalitate.

429 2172 493 2237 C,
523 2171 608 2228 CI.
638 2171 718 2226 De
748 2171 1032 2244 defectione
1059 2176 1215 2241 lunaz,
1242 2174 1283 2240 I,
1310 2176 1373 2229 II.

428 2261 536 2316 CII.
563 2261 641 2316 De
669 2280 728 2317 eo
753 2265 888 2336 quod
915 2268 1160 2336 scriptum
1187 2277 1262 2323 est
1291 2267 1450 2328 Isaite
1476 2289 1494 2327 ι
1519 2291 1530 2326 :
1563 2272 1842 2345 Caupones
1864 2276 1942 2332 tui

356 2357 587 2413 miscent
618 2374 812 2428 aquam
845 2360 998 2425 vino,
1028 2371 1126 2416 etc.

427 2447 556 2504 CIII.
581 2448 660 2503 De
689 2451 921 2505 colendis
950 2455 1239 2524 gentilium.
1305 2479 1318 2490 -

424 2538 555 2594 CIV.
579 2540 661 2594 De
686 2541 940 2596 haereticis
968 2554 1178 2613 peccata
1200 2548 1545 2606 vendentibus.

421 2627 534 2682 CV.
567 2629 719 2693 Quod
738 2649 842 2686 non
867 2633 1051 2687 debent
1079 2635 1251 2691 clerici
1274 2641 1547 2711 negotiari.

423 2717 554 2771 CVI.
587 2718 669 2773 De
694 2722 876 2775 timore
907 2721 1008 2776 Dei
1033 2733 1082 2777 et
1111 2730 1423 2783 correctione
1450 2730 1758 2801 linguarum.

423 2806 578 2863 CVII.
600 2809 682 2864 De
699 2828 758 2865 eo
780 2813 914 2885 quod
941 2817 1186 2884 scriptum
1212 2826 1289 2872 est
1316 2821 1369 2873 in
1398 2821 1530 2892 psal.
1550 2838 1708 2880 cxvm
1738 2842 1751 2878 :
1777 2824 1938 2880 Boni-

349 2907 539 2966 latem,
572 2911 671 2956 etc.

418 2990 595 3046 CVIII.
644 2991 812 3064 Super
853 2996 946 3051 illa
990 2997 1266 3071 Evangelii
1293 3001 1531 3060 Matthati
1561 3023 1613 3064 lx
1635 3025 1654 3064 :
1679 3008 1937 3068 Ascendit

415 3082 595 3152 Iesus,
625 3093 725 3140 etc.

419 3172 558 3238 CIX,
585 3174 653 3229 X.
679 3175 759 3230 De
777 3195 942 3249 grano
965 3183 1185 3254 sinapis,
1216 3183 1258 3250 Ι,
1285 3185 1347 3238 II.

423 3265 559 3320 CXI.
587 3265 739 3331 Quod
764 3271 933 3325 simile
959 3275 1026 3327 sit
1051 3292 1263 3347 regnum
1291 3278 1385 3332 Dei
1411 3282 1679 3351 fermento.

415 3357 577 3412 CXII.
611 3358 910 3433 Increpatio
948 3366 1018 3419 ad
1043 3369 1287 3439 populum
1330 3371 1392 3425 de
1442 3373 1674 3430 absentia
1726 3393 1822 3433 sua
1870 3379 1932 3434 ab

342 3453 592 3505 ecclesia.

415 3543 594 3598 CXIII.
623 3545 754 3602 Post
780 3549 1180 3619 increpationem
1209 3554 1470 3612 allocutio.

413 3631 596 3689 CXIV.
631 3635 710 3692 De
734 3653 793 3691 eo
812 3639 949 3710 quod
975 3643 1219 3713 scriptum
1245 3655 1320 3698 est
1340 3646 1576 3704 Matthwi
1599 3666 1709 3705 xm
1739 3668 1752 3704 :
1786 3651 1930 3708 Red-

339 3728 475 3792 dite,
508 3736 606 3782 etc.

413 3816 576 3872 CXV.
603 3819 680 3873 De
705 3837 763 3876 eo
797 3823 936 3893 quod
963 3824 1085 3878 dicit
1112 3825 1370 3883 Dominus
1396 3831 1452 3884 in
1474 3829 1754 3905 Evangelia
1787 3834 1930 3890 Mat-

337 3911 465 3964 thazi
495 3927 585 3964 nn
607 3929 618 3962 :
644 3910 840 3982 Vulpes
863 3913 1044 3970 foveas
1069 3918 1285 3983 habent,
1309 3930 1404 3976 etc.

411 4000 598 4055 CXVI.
629 4002 727 4057 Ubi
755 4004 1006 4061 Dominus
1022 4008 1234 4064 sabbato
1257 4029 1464 4067 manum
1492 4016 1697 4071 aridam
1712 4019 1924 4084 curavit,

341 4089 474 4145 Luc.
498 4111 571 4148 vr.

413 4181 620 4238 CXVII.
652 4184 733 4241 De
763 4190 977 4243 camelo.

413 4267 643 4328 CXVIII.
679 4274 754 4329 De
784 4280 1092 4348 margarita.
1133 4327 1168 4356 ο

947 4385 1003 4422 II.
1037 4385 1331 4426 SERMONES.

953 4457 1032 4510 De
1054 4469 1300 4529 tempore.

409 4544 452 4599 I.
497 4548 631 4600 Ante
659 4547 857 4604 Natale
885 4549 1113 4605 Domini.

409 4635 475 4689 II.
504 4636 584 4690 De
603 4638 798 4693 duobus
827 4642 880 4694 in
908 4641 1036 4696 lecto
1065 4659 1188 4706 uno,
1223 4642 1380 4699 Luca:
1409 4661 1538 4702 ινιῐ.

408 4725 576 4780 III-V.
610 4727 688 4782 De
708 4728 894 4785 Natali
924 4731 1157 4801 Domini,
1186 4734 1319 4789 I-III.

411 4815 500 4870 VI.
534 4816 613 4872 De
637 4821 864 4874 colendis
879 4821 1140 4878 Januarii.

413 4909 604 4963 VII-X.
641 4910 717 4964 De
745 4912 827 4966 die
845 4924 1024 4968 sancta
1053 4916 1392 4987 Epiphaniat,
1436 4918 1563 4975 I-IV.

353 5033 362 5041 ν
409 4999 503 5064 XI,
537 5000 648 5055 XII.
668 5001 747 5056 De
774 5004 1025 5072 baptismo
1056 5008 1264 5075 Christi,
1295 5012 1335 5077 I,
1366 5012 1429 5066 II.

413 5087 548 5144 XIII.
578 5091 657 5146 De
676 5097 844 5165 gratia
867 5096 1128 5167 baptismi.

413 5177 549 5234 XIV.
580 5181 658 5236 De
670 5185 872 5254 jejunio
894 5189 1142 5256 generali.

408 5266 526 5324 XV.
558 5271 638 5326 De
653 5274 855 5343 jejunio
903 5275 1113 5331 Domini
1143 5281 1196 5331 in
1243 5279 1456 5346 deserto,
1492 5289 1542 5334 et
1581 5283 1715 5353 quod
1741 5300 1843 5338 non
1871 5284 1923 5337 in

321 5364 450 5419 solo
473 5381 608 5431 pane
637 5367 750 5417 vivit
772 5366 942 5431 homo,
967 5367 1154 5422 Matth.
1186 5386 1257 5423 ιν.

409 5450 787 5510 XVI-XXVIII.
813 5456 894 5511 De
916 5457 1343 5531 Quadragesima,
1374 5461 1586 5527 II-XIV,
1621 5463 1759 5518 inter
1786 5477 1921 5532 quos

319 5543 423 5608 III,
454 5544 586 5606 VIII,
619 5546 687 5599 IX
716 5557 769 5601 et
789 5547 836 5600 X
866 5565 1006 5603 nunc
1035 5551 1247 5606 demum
1277 5553 1634 5622 proferuntur.

409 5636 780 5693 XXIX-XLIII.
829 5639 896 5694 In
938 5641 1210 5698 Paschatis
1254 5647 1594 5711 solemnitate,
1645 5649 1820 5712 I-XV.
1853 5667 1920 5706 ex

318 5732 533 5800 quibus
562 5731 645 5801 III,
676 5732 762 5800 IV,
786 5733 854 5804 V,
895 5734 981 5803 VI,
1007 5735 1116 5800 VII,
1141 5745 1294 5793 antea
1324 5747 1475 5793 erant
1500 5739 1700 5793 iuediti.

1437 346 1708 402 NOTITIA
1745 347 2574 414 HISTORICO-LITTERARIA.

1971 463 2018 524 Δ
2079 553 2088 556 Δ
2121 462 2418 522 XLIV-VII.
2451 468 2531 523 De
2547 471 2857 532 Ascensiane
2874 475 3105 547 Domini,
3135 479 3278 552 I-IV,
3301 500 3531 556 quorum
3550 495 3633 547 ul-

3531 378 3636 437 181

2053 553 2213 610 timus
2242 572 2384 612 nunc
2410 557 2590 615 Bruno
2618 561 2861 621 debetur.

2120 641 2488 701 XLVIII-LIII.
2521 649 2600 704 De
2627 652 2946 724 Pentecoste,
2989 659 3119 716 I-VI.
3152 664 3256 720 Alii
3294 665 3402 725 duo
3437 670 3504 727 de
3531 686 3631 728 eo-

2050 735 2170 790 dem
2201 749 2515 805 argumento
2544 757 2610 796 ex
2637 746 2912 805 codicibus
2947 751 3238 812 Gallicanis
3276 775 3462 817 recens
3491 765 3630 820 eruti

2049 827 2102 881 in
2124 827 2228 883 ﬁne
2256 839 2379 885 ante
2407 834 2754 902 appendicem
2786 842 2978 909 adjecli
2999 858 3138 911 sunt,
3159 851 3302 918 quod
3330 868 3494 923 opere
3516 855 3629 925 jam

2050 916 2274 975 dimidia
2305 932 2460 993 parte
2488 925 2736 985 absoluto
2765 931 2910 988 allati
2937 948 3132 994 essent.

2687 1039 2766 1095 De
2784 1048 2997 1102 sanctis.

2120 1121 2252 1177 LIV.
2277 1121 2343 1176 In
2367 1125 2532 1181 natali
2553 1126 2614 1182 S.
2640 1129 2874 1201 Agnetis.

2118 1210 2415 1269 LV-LXIII.
2439 1215 2521 1271 De
2555 1221 2821 1276 nativitate
2842 1224 2902 1279 S.
2934 1225 3156 1284 Joannis
3182 1231 3459 1302 Baptistae,
3486 1237 3629 1307 I—IX,

2047 1301 2189 1356 inter
2207 1317 2344 1371 quos
2381 1306 2566 1362 inediti
2595 1317 2753 1366 antea
2775 1312 2861 1377 Ill.
2884 1315 2972 1384 ιν,
3013 1317 3080 1386 v,
3107 1320 3196 1374 vn
3219 1332 3272 1377 et
3293 1323 3422 1380 VIII.

2048 1479 2095 1534 Ρ
2117 1390 2512 1535 LXIV-LXVII.
2556 1395 2624 1451 In
2658 1402 2826 1456 natali
2853 1402 2959 1460 SS.
2993 1410 3344 1478 apostolorum
3379 1413 3524 1469 Petri
3569 1434 3631 1471 ac

2097 1499 2161 1534 au
2187 1483 2225 1535 i.
2255 1483 2394 1535 I-IV.

2097 1483 2225 1548 auli,
2255 1483 2394 1538 I-IV.

2116 1571 2538 1631 LXVIII-LXXI.
2595 1577 2677 1635 De
2729 1583 2893 1638 natali
2939 1586 3000 1640 S.
3056 1589 3326 1647 Laurentii
3371 1595 3538 1652 levita
3581 1607 3633 1654 st

2045 1666 2310 1733 martyris,
2356 1665 2495 1733 I-IV,
2539 1683 2768 1739 quorum
2797 1671 2862 1741 II,
2891 1674 2978 1743 III,
3018 1676 3107 1744 IV,
3149 1683 3378 1750 primum
3406 1690 3629 1745 nuncin

2047 1755 2218 1811 lucem
2246 1758 2580 1827 prodierunt.

1975 1820 2023 1881 Β
2117 1820 2536 1907 LXXII-LXXV.
2560 1853 2640 1910 De
2667 1853 2728 1911 s.
2760 1856 3039 1928 Cypriane,
3061 1862 3204 1921 I-IV.

2114 1937 2344 1995 LXXVI.
2370 1940 2450 1996 De
2477 1945 2643 1998 natali
2671 1958 2989 2016 sanctorum,
3019 1957 3274 2025 prtecipue
3301 1957 3564 2030 Cypriani.

2114 2027 2369 2097 Lxxvu,
2402 2031 2676 2089 LXXVIII.
2702 2036 2783 2091 De
2807 2039 2913 2095 ss.
2938 2039 3272 2112 Machaba'is,
3299 2027 3423 2111 Lit.

2115 2119 2360 2188 LXXIX,
2392 2121 2604 2178 LXXX.
2649 2125 2726 2180 De
2784 2129 2892 2185 SS.
2948 2134 3261 2205 martyribus
3305 2140 3628 2207 Alexandro,

2044 2206 2299 2279 Μαι-εξ]ήο
2327 2219 2378 2263 et
2402 2213 2657 2281 Sisinnio,
2689 2215 2730 2280 I,
2758 2217 2819 2271 II.

2112 2298 2345 2356 LXXXI.
2371 2301 2437 2357 In
2469 2306 2633 2359 natali
2665 2305 2772 2363 SS.
2806 2308 3224 2370 Machabwarum
3251 2328 3302 2373 et
3320 2317 3385 2375 S.
3415 2319 3626 2378 Eusebii

2050 2389 2392 2448 Vercellensis
2419 2398 2666 2466 episcopi.

2109 2481 2366 2538 LXXXII.
2398 2485 2479 2541 De
2526 2487 2632 2542 SS.
2665 2492 2978 2563 martyribus
3025 2493 3230 2565 Cantia,
3274 2499 3531 2558 Cantiano
3575 2516 3625 2559 et

2039 2569 2381 2628 Cantianilla.

2109 2660 2388 2718 LXXXIII.
2416 2664 2483 2719 In
2518 2669 2684 2723 natali
2703 2669 2764 2725 S.
2795 2670 3051 2742 Stephani
3089 2683 3504 2752 protomartyris,
3529 2701 3619 2738 an-

2041 2761 2125 2807 tea
2156 2754 2406 2811 ineditus.

2109 2842 2508 2904 LXXXIV-XC.
2554 2849 2635 2905 De
2679 2853 2845 2908 natali
2890 2853 3230 2925 plurimarum
3268 2860 3374 2917 SS.
3423 2873 3618 2935 marty-

2039 2951 2171 3077 rtém,
2222 2936 2381 3007 I-VII,
2421 2957 2651 3014 quorum
2680 2944 2778 3012 IV,
2809 2944 2872 3015 V,
2907 2947 2973 3003 VI
3003 2958 3058 3005 et
3096 2949 3182 3005 VII
3211 2968 3350 3008 nunc
3390 2955 3620 3024 primum

2039 3039 2066 3077 e
2111 3033 2288 3077 untur-

2037 3033 2288 3086 eduntur.

2108 3116 2242 3172 XCI.
2269 3118 2335 3174 In
2365 3121 2528 3176 natali
2557 3123 2895 3194 plurimorum
2921 3128 3295 3201 canfessorum,
3324 3138 3480 3188 antea
3502 3132 3617 3203 jam

1962 3175 2007 3238 (ἶ
2037 3206 2288 3265 ineditus.

2644 3282 2726 3338 De
2752 3284 2985 3343 diversis.

2108 3365 2262 3422 XCII.
2294 3368 2376 3424 De
2401 3371 2738 3428 mirabilibus.

2104 3457 2285 3513 XCIII.
2315 3459 2396 3515 De
2442 3465 2736 3533 evangelica
2760 3465 3069 3538 piscatione.
3100 3483 3132 3526 ι
3173 3468 3355 3528 Bruno
3399 3472 3617 3533 demum

2033 3550 2301 3608 iuventus.

2104 3642 2283 3698 XCIV.
2322 3645 2394 3698 De
2429 3646 2795 3715 hospitalitate.

2100 3734 2260 3802 XCV,
2291 3735 2469 3792 XCVI.
2513 3738 2594 3792 De
2619 3756 2678 3794 eo
2707 3739 2844 3811 quod
2878 3741 3124 3814 scriptum
3161 3752 3257 3812 est,
3299 3744 3448 3800 Sicut
3487 3744 3613 3806 tuba

2033 3827 2212 3881 exalta
2241 3844 2428 3884 vocem
2459 3836 2625 3895 tuam,
2657 3840 2754 3885 etc.

2101 3916 2302 3980 XCVII,
2328 3918 2556 3974 XCVIII.
2588 3921 2666 3976 De
2687 3922 2926 3988 Zachwo,
2945 3923 2986 3989 I,
3018 3925 3083 3980 II.

2100 4007 2283 4076 XCIX,
2315 4008 2378 4065 C.
2410 4010 2490 4065 De
2504 4012 2653 4066 idolis
2675 4015 2970 4084 auferendis
2997 4016 3063 4069 de
3081 4019 3306 4088 propriis
3334 4017 3612 4097 possessivo

2030 4096 2194 4151 nibus.

2099 4188 2182 4242 CI.
2214 4189 2294 4242 De
2321 4191 2640 4258 speculatore
2674 4195 2842 4260 posito
2872 4192 2997 4262 ﬁliis
3029 4192 3218 4249 Israel.

2097 4278 2203 4332 CII.
2231 4279 2529 4348 Increpatio
2551 4281 2622 4333 ad
2643 4280 2863 4349 plebem,
2895 4290 3000 4336 etc.

2097 4368 2226 4422 CIII.
2254 4368 2332 4422 De
2359 4369 2518 4421 calice
2546 4385 2694 4438 aque
2714 4369 2936 4439 frigide.

2096 4458 2226 4514 CIV.
2263 4459 2340 4513 De
2359 4461 2580 4530 quinque
2606 4459 2824 4530 panibus
2854 4468 2901 4513 et
2931 4459 3124 4514 duabus
3147 4459 3390 4530 piscibus.

1951 4546 2004 4606 D
2097 4551 2208 4607 CV.
2251 4551 2330 4606 De
2376 4552 2537 4607 verbis
2586 4551 2858 4624 Evangelii
2903 4553 3072 4609 Marci
3101 4570 3193 4610 vut
3235 4570 3249 4607 :
3298 4551 3430 4608 Cum
3456 4554 3606 4612 turba

2030 4645 2196 4700 multa
2226 4653 2367 4698 esset
2394 4660 2515 4698 cum
2536 4645 2683 4710 Jesu,
2708 4655 2804 4698 etc.

2098 4735 2228 4789 CVI.
2255 4735 2332 4788 De
2361 4737 2573 4790 muliere
2601 4733 2884 4798 Cansnwa.
2918 4736 3148 4792 ineditus
3177 4744 3355 4791 antea.

2098 4826 2252 4881 CVII.
2285 4826 2363 4880 De
2391 4829 2626 4898 fraterna
2647 4831 2986 4900 correptione,
3009 4843 3168 4897 quem
3197 4829 3285 4883 hic
3312 4827 3525 4884 demum
3553 4831 3606 4886 in

2028 4916 2200 4973 lucem
2224 4918 2484 4985 protraxit
2507 4917 2735 4972 Brunus.

2098 5007 2275 5063 CVIII.
2299 5008 2379 5062 De
2406 5011 2660 5063 castitatis
2681 5009 2869 5070 studia,
2896 5023 2926 5063 e
2953 5023 3078 5062 mss.
3112 5023 3302 5064 recens
3331 5019 3538 5068 erutus.

2096 5100 2228 5154 CIX.
2289 5100 2482 5154 Contra
2545 5100 2781 5170 loquendi
2835 5101 3171 5167 pravitatem,
3232 5102 3318 5158 hic
3373 5104 3604 5173 primum

2027 5194 2216 5248 editus.

2095 5283 2206 5337 CX.
2240 5284 2318 5337 De
2343 5300 2484 5338 servo
2506 5282 2821 5336 centurionis
2850 5283 2903 5335 in
2931 5282 3233 5354 Evangelia.

2096 5375 2229 5429 CXI.
2257 5376 2334 5429 De
2361 5393 2419 5428 eo
2443 5374 2577 5445 quod
2596 5374 2841 5442 scriptum
2870 5375 3172 5438 est,Venile
3200 5375 3266 5429 ad
3295 5390 3602 5440 me,omncs

2027 5467 2116 5535 qui
2147 5465 2396 5518 laboratis
2419 5470 2471 5517 et
2500 5463 2706 5517 onerati
2734 5464 2880 5528 estis,
2907 5463 3092 5517 Matth.
3126 5481 3179 5519 ιι.

2097 5554 2251 5608 CXII.
2289 5552 2454 5622 Super
2478 5553 2568 5605 illa
2597 5551 2746 5606 verba
2767 5551 3056 5624 Evangelii,
3090 5552 3218 5620 Quis
3238 5563 3393 5624 putas
3433 5552 3604 5621 major

2027 5645 2130 5699 erit
2159 5645 2209 5697 iu
2253 5657 2417 5709 regno
2447 5643 2727 5707 caelorum,
2761 5642 2950 5695 Matth.
2980 5659 3129 5710 xvut,
3161 5653 3319 5700 antea
3347 5643 3593 5700 ineditus.

2027 5734 2118 5788 llis
2140 5741 2478 5811 accesserunt
2501 5748 2664 5804 opere
2685 5733 2796 5802 jam
2817 5747 2952 5803 pene
2973 5732 3144 5790 linito.
