4042 6192
424 358 526 416 185

487 467 669 535 CXIII,
691 463 874 523 CXIV.
904 460 987 518 De
1006 459 1329 524 Pentecoste,
1358 453 1470 521 VII,
1497 450 1629 509 VIII.

496 559 654 625 CXV,
681 555 862 614 CXVI.
889 553 956 609 In
980 551 1197 607 adventu
1225 548 1456 612 divitum,
1481 543 1525 611 Ι,
1552 542 1617 610 II,
1645 546 1771 613 post
1796 543 2000 593 tracta-

424 666 508 711 tus
529 650 801 709 collocati.

989 751 1064 790 III.
1107 743 1434 787 TRAC’I’ATUS.

497 877 632 933 I-lII.
658 876 738 930 De
758 873 1030 943 baptismo,
1050 869 1092 935 Ι,
1135 867 1201 932 II,
1224 864 1313 920 III.

495 969 583 1024 IV.
615 966 807 1022 Contra
834 977 1087 1033 paganos,
1116 967 1273 1013 antea
1296 954 1541 1010 ineditus.

498 1060 563 1115 V.
607 1057 801 1112 Contra
827 1054 1058 1117 Judwos,
1089 1059 1243 1104 antea
1269 1048 1470 1118 pariter
1505 1042 1757 1098 ineditus.

497 1151 587 1207 VI.
620 1149 987 1220 Expositiones
1017 1145 1080 1197 de
1117 1141 1364 1220 capitulis
1395 1137 1826 1209 Evangeliorum,
1850 1144 2010 1200 quem

430 1256 574 1297 nunc
600 1240 831 1311 primum
862 1235 1002 1291 eruit
1028 1233 1259 1298 Brunus,
1288 1213 1534 1285 eu'mdem
1570 1239 1690 1281 esse
1722 1222 2011 1277 arbitratus

433 1333 526 1413 qui
555 1348 586 1388 a
616 1328 899 1387 Gennadio
927 1333 1274 1381 memoratur.

806 1484 871 1539 In
901 1480 1236 1553 appendicem
1260 1474 1479 1545 conjecti
1506 1479 1643 1527 sunt.

444 1680 455 1693 ς
505 1642 796 1711 Sermones
821 1656 833 1691 :
857 1636 899 1703 Ι,
918 1635 981 1690 II.
1012 1633 1092 1688 De
1122 1631 1343 1687 adrentu
1372 1627 1604 1692 Domini,
1621 1632 1778 1680 antea
1805 1621 2012 1678 inediti.

1503 337 1570 394 ΙΝ
1605 337 1663 394 S.
1709 327 2039 391 MAXIMUM
2078 321 2562 384 TAUIIINENSEM

2032 447 2081 505 A

3576 309 3677 365 I88

2661 452 2797 520 sm.
2823 422 3080 504 Εάίιξθηεέ.
3368 508 3377 513 ,
3604 506 3613 511 θ

2175 549 2419 607 Bomilize
2445 555 2501 602 et
2546 560 2822 601 sermones
2850 543 2946 600 SS.
2994 540 3213 595 Patrum
3256 538 3524 594 communi
3572 538 3687 593 fere

2102 645 2205 701 hac
2258 649 2482 697 utuntur
2525 639 2757 703 fortuna,
2811 643 2868 690 ut
2920 635 2988 689 de
3035 632 3340 688 auctoribus
3379 646 3565 685 earum
3595 639 3690 684 aut

2104 739 2264 811 plane
2311 735 2475 800 nulla,
2507 741 2601 787 aut
2627 732 2853 786 obscura
2880 729 3071 783 saltem
3120 736 3176 781 et
3203 727 3406 780 incerta
3452 724 3594 778 fama
3621 722 3688 776 ad

2107 844 2207 885 nos
2234 827 2412 883 delata
2438 826 2536 891 sit,
2570 824 2959 889 doctorumque
2988 819 3263 874 hominum
3288 817 3489 886 judicia
3518 816 3690 871 divisa

2109 916 2399 974 identidem
2424 914 2624 969 fuerint
2650 920 2812 980 atque
2861 911 3001 965 inter
3028 924 3086 963 se
3116 907 3494 978 discrepantia.
3526 905 3691 977 Cujus

2108 1008 2189 1064 rei
2207 1022 2367 1062 causa
2395 1003 2624 1058 maxime
2645 1002 2759 1055 haec
2771 999 2888 1063 fuit,
2911 997 3051 1069 quod
3075 999 3260 1052 barum
3281 996 3691 1051 meditatiomnn

2110 1116 2220 1156 non
2249 1113 2311 1153 ea
2340 1111 2467 1152 cura
2487 1096 2556 1150 ab
2577 1094 2706 1164 ipsis
2734 1091 3041 1146 auctoribus
3069 1090 3139 1143 sit
3163 1088 3365 1154 habita,
3386 1103 3492 1156 qua
3531 1094 3691 1142 cazte-

2112 1192 2188 1247 ris
2215 1190 2325 1246 suis
2353 1187 2503 1243 libris
2537 1190 2957 1257 prospexerant,
2985 1196 3121 1250 quos
3140 1189 3195 1235 et
3220 1195 3343 1235 cum
3372 1178 3557 1233 amicis
3585 1178 3695 1232 suis

2118 1280 2539 1341 communicasse
2579 1284 2634 1332 et
2680 1274 2986 1344 frequenter
3032 1269 3418 1327 describendas
3461 1269 3695 1336 dedisse,

2116 1371 2428 1429 emendasse
2450 1369 2598 1435 item,
2628 1376 2790 1436 atque
2818 1364 3001 1429 etiam,
3034 1363 3078 1418 si
3106 1362 3297 1430 aliquis
3324 1375 3579 1415 numerus
3607 1375 3696 1414 es-

2115 1469 2217 1529 set,
2249 1460 2304 1516 in
2332 1474 2493 1514 unum
2523 1456 2802 1524 collegisse
2847 1453 3112 1508 novimus.
3143 1451 3214 1505 At
3239 1464 3534 1514 sermones,
3563 1464 3699 1518 quos

2117 1571 2187 1612 ex
2227 1562 2469 1624 tempore
2494 1552 2604 1606 fere
2633 1548 2882 1605 meditari
2930 1546 3205 1609 solebant,
3237 1543 3450 1599 nonnisi
3493 1543 3561 1597 ab
3601 1557 3698 1596 au-

2119 1643 2392 1700 dientibus
2432 1640 2838 1711 excipiebantur
2880 1645 2935 1692 et
2963 1638 3052 1690 vix
3099 1650 3334 1704 unquam
3372 1634 3470 1689 sub
3515 1633 3702 1692 oculos

435 1736 522 1795 III.
548 1734 626 1788 De
662 1730 1041 1804 prwparatione
1071 1725 1139 1779 ad
1167 1722 1381 1776 Domini
1424 1718 1782 1773 Nativitatem.
1815 1714 1903 1769 IV.
1938 1713 2018 1767 De

2137 1743 2399 1791 luctorum
2427 1746 2646 1787 suorum
2668 1729 2933 1784 redibant.
2950 1726 3031 1779 Ex
3059 1724 3319 1793 ejusmodi
3347 1731 3528 1777 autem
3555 1738 3703 1777 com-

438 1824 626 1882 Ναταίί
664 1820 896 1881 Domini,
944 1822 1104 1871 ante“
1140 1811 1395 1868 ίηθάίίυδ*
1426 1809 1491 1865 νο
1533 1807 1703 1879 super
1732 1806 1828 1861 ma
1870 1803 2022 1859 verba
2051 1798 2098 1859 Β
2126 1823 2424 1888 mentariis,
2455 1822 2508 1876 in
2536 1835 2673 1889 quos
2693 1818 2832 1872 forte
2858 1831 2963 1871 non
2993 1815 3149 1869 unius
3178 1812 3418 1869 doctoris
3445 1819 3706 1867 tractatus

437 1915 632 1974 Matth.
665 1930 711 1967 c.
756 1929 793 1967 ιι
827 1929 839 1963 :
871 1908 1133 1981 Defuncto
1176 1903 1389 1960 Herode
1429 1901 1679 1971 apparuit
1721 1899 1776 1953 in
1818 1898 2021 1953 somnis

442 2007 643 2077 Josepb
673 2006 727 2059 in
758 2001 1014 2071 Aigypto,
1039 2005 1167 2061 etc.,
1190 2002 1349 2050 antea
1369 1991 1621 2048 ineditus.
1646 1989 1734 2044 Vl.
1767 1988 1834 2042 In
1849 1988 2022 2059 vigilia

440 2100 678 2157 Pascha.
699 2094 812 2150 VII.
843 2092 923 2146 De
941 2092 1025 2145 die
1044 2089 1318 2144 dominica:
1344 2084 1692 2148 Ascensionis,
1723 2090 1881 2145 antea
1909 2081 2024 2135 ine-

440 2190 602 2246 ditus.
627 2186 760 2241 VIII.
789 2184 870 2237 De
892 2182 1213 2237 Pentecoste.
1235 2176 1328 2242 IX,
1354 2174 1422 2229 X.
1457 2173 1535 2229 De
1571 2172 1630 2229 S.
1654 2173 1859 2228 Joanne
1887 2171 2025 2240 Bap-

445 2285 587 2347 tista,
604 2293 830 2350 quorum
850 2275 873 2331 I
891 2282 1049 2329 antea
1071 2269 1301 2326 ineditus
1320 2268 1438 2323 fuit.
1463 2265 1556 2332 XI,
1578 2262 1689 2318 XII.
1716 2262 1794 2317 De
1812 2263 2026 2316 Assum-

442 2373 622 2443 ptione
645 2369 807 2422 beata:
828 2365 1017 2419 Mariae
1058 2362 1308 2433 Virginis,
1340 2358 1381 2423 ι,
1413 2357 1476 2422 II,
1503 2371 1731 2425 quorum
1760 2352 2028 2424 posterior

450 2461 709 2524 ineditus.
740 2457 857 2511 XIII
886 2465 941 2510 et
966 2454 1106 2510 XIV.
1141 2451 1207 2506 In
1241 2449 1408 2504 natali
1438 2446 1545 2502 SS.
1589 2454 1875 2515 martyrum
1913 2442 2029 2497 Na-

447 2553 579 2607 zarii
628 2557 679 2604 et
725 2547 878 2610 Celsi,
926 2543 968 2609 I,
994 2542 1057 2597 II.
1102 2539 1220 2595 XV.
1251 2538 1331 2592 De
1377 2537 1438 2592 S.
1479 2535 1748 2590 Vincentio
1776 2540 2025 2603 martyre.

446 2641 588 2699 XVI.
618 2638 687 2694 In
728 2635 897 2695 natali
929 2634 1003 2703 μς.
1042 2630 1330 2694 Laurentii,
1376 2634 1535 2681 antea
1573 2624 1822 2682 ineditus.
1867 2621 2027 2676 XVII.

447 2733 529 2789 De
556 2731 855 2788 Salomone.
892 2722 1077 2787 XVIII,
1110 2719 1253 2775 XIX.
1288 2718 1355 2772 In
1397 2717 1717 2771 dedicatione
1759 2711 2027 2777 Ecclesiae,

448 2823 490 2891 I,
520 2823 585 2880 II.
615 2821 733 2886 XX,
784 2817 922 2873 XXI.
973 2816 1049 2870 De
1097 2813 1158 2868 S.
1191 2809 1412 2864 Eusebio
1436 2809 1672 2876 episcopo
1712 2812 1761 2858 et
1808 2814 2033 2873 martyre

457 2914 793 2976 Vercellensi,
834 2910 876 2975 I,
908 2908 971 2962 II.
1003 2904 1164 2967 XXII,
1200 2900 1383 2956 XXIII.
1415 2898 1495 2953 De
1521 2897 1582 2953 S.
1610 2894 1835 2950 Eusebio
1876 2904 1926 2948 et
1972 2893 2035 2947 de

452 3004 788 3061 Machabwis.
811 3000 897 3057 III.
923 2997 1011 3052 IV.
1034 2992 1222 3049 XXIV.
1248 2991 1327 3045 De
1362 2989 1530 3043 natali
1549 2989 1702 3041 unius
1724 2985 2035 3057 confessoris

452 3096 734 3171 pontiﬁcis.
766 3089 932 3169 XXV.
967 3087 1033 3142 In
1063 3084 1390 3140 dedicatione
1431 3078 1701 3143 Ecclesiae,
1731 3086 1887 3130 antea
1914 3075 2033 3129 ine-

454 3159 614 3244 ditus:
641 3159 827 3240 XXVI.
856 3182 931 3237 De
944 3178 1185 3251 primitiis
1205 3186 1253 3231 et
1275 3175 1502 3229 decimis.
1522 3170 1731 3225 XXVII.
1751 3169 1829 3224 De
1847 3170 2037 3223 honore
2063 3159 2106 3221 C

456 3290 506 3336 et
527 3280 590 3333 de
618 3277 891 3332 dilectione
915 3289 1036 3343 erga
1063 3276 1301 3342 parentes
1322 3275 1371 3320 et
1397 3264 1462 3317 de
1480 3263 1711 3325 decimis,
1736 3268 1891 3314 antea
1918 3259 2033 3312 ine-

457 3372 620 3426 ditus.
646 3365 879 3422 XXVIII.
910 3363 989 3417 De
1020 3370 1199 3417 sancta
1219 3357 1410 3413 Christi
1432 3356 1823 3410 resurrectione.
1844 3349 2035 3404 XXIX.

460 3462 541 3518 De
593 3461 867 3534 festivitate
912 3456 973 3512 S.
1008 3453 1259 3524 Stephani
1297 3448 1710 3521 protomartyris.
1758 3443 1922 3498 XXX.
1973 3442 2038 3498 In

461 3533 600 3628 [esto
615 3549 957 3605 dedicationis
984 3544 1253 3599 Ecclesia.
1296 3538 1485 3593 XXXI.
1514 3537 1579 3592 In
1618 3545 1797 3593 octava
1822 3534 1883 3590 S.
1918 3533 2037 3588 Ste-

463 3645 643 3717 phani,
660 3656 847 3698 omnes
875 3652 1136 3706 nusquam
1162 3643 1320 3689 antea
1343 3631 1561 3700 vulgati.

533 3735 808 3790 IIomiliat:
833 3732 876 3786 Ι.
904 3729 1172 3784 Dominica
1194 3726 1227 3779 5
1247 3725 1523 3786 Adventus,
1538 3738 1690 3793 super
1711 3719 2043 3790 Evangelium

466 3825 742 3882 secundum
772 3821 1076 3875 Matt/tarum
1104 3834 1159 3871 ιι.
1191 3815 1255 3868 II.
1288 3814 1456 3883 Super
1491 3812 1695 3882 Evaug.
1732 3810 1793 3864 S.
1822 3809 2044 3863 Joannis

468 3933 525 3971 ιι.
556 3914 642 3969 III.
691 3913 862 3982 Super
912 3908 1116 3978 Evang.
1168 3902 1445 3958 secundum
1495 3900 1684 3955 Matth.
1728 3915 1783 3965 ιι,
1834 3897 2046 3952 inedita:

468 4015 647 4075 antea.

541 4097 795 4170 Epistolas
825 4113 837 4148 :
869 4093 909 4148 I.
934 4093 1016 4146 Ad
1053 4092 1275 4145 amicum
1321 4097 1587 4165 aegrotum.
1619 4084 1681 4139 II.
1722 4083 1800 4138 Ad
1828 4084 2049 4137 anticum

471 4201 719 4267 wgrotum
739 4189 802 4243 de
820 4189 926 4242 viro
954 4187 1196 4257 perfecto.

542 4282 735 4337 Multas
756 4277 971 4332 Maximi
998 4274 1246 4347 hoinilias
1258 4278 1422 4340 atque
1438 4283 1710 4327 sermones
1721 4265 2051 4323 intercidisse

474 4391 539 4431 ex
569 4370 853 4428 luculentis
882 4366 1092 4422 indiciis
1128 4362 1346 4432 conjicit
1377 4361 1555 4417 editor
1582 4360 1870 4415 Romanus.

542 4463 1031 4525 Benedictinorum,
1048 4458 1138 4526 qui
1155 4454 1419 4509 Ambrosii
1442 4452 1691 4523 operibus
1718 4448 2048 4512 insudarunt,

2122 1913 2472 1982 colligebant,
2504 1908 2923 1966 conﬁciebantur
2958 1903 3151 1959 deinde
3186 1903 3450 1958 breviaria
3486 1916 3581 1956 seu
3630 1901 3707 1956 les

2123 2005 2384 2061 ctionaria
2432 2002 2760 2058 diversarum
2816 1995 3160 2050 ecclesiarum
3181 2034 3196 2059 ,
3248 1993 3461 2069 delectu
3484 2032 3499 2059 ,
3548 2000 3709 2062 prout

2123 2094 2358 2149 maxime
2379 2090 2682 2149 conducere
2714 2087 3021 2142 viderentur
3040 2125 3054 2150 ,
3085 2086 3170 2140 vel
3198 2083 3493 2139 secundum
3522 2083 3709 2151 singu-

2125 2185 2204 2240 las
2229 2183 2548 2248 dominicas,
2578 2180 2663 2235 vel
2692 2178 2809 2233 dies
2846 2178 3011 2232 festos
3041 2176 3263 2231 mobiles
3300 2183 3709 2240 sanctorumve,

2126 2274 2329 2328 habito.
2362 2271 2601 2338 Quorum
2648 2276 2707 2323 ut
2734 2268 2837 2322 alia
2866 2267 2984 2321 aliis
3013 2274 3166 2321 erant
3195 2264 3576 2333 locupletiora,
3608 2264 3709 2328 sic,

2129 2375 2188 2421 ut
2215 2366 2426 2423 occasio
2463 2364 2687 2427 ferebat,
2732 2367 2824 2414 aut
2865 2373 3052 2414 eorum
3094 2358 3187 2427 qui
3226 2357 3542 2425 colligerent
3578 2370 3708 2410 cura

2129 2458 2444 2515 socordiave
2495 2454 2710 2509 nomina
2756 2460 3033 2507 auctorum
3080 2447 3246 2503 modo
3284 2447 3711 2516 ascribebantur,

2130 2548 2294 2604 modo
2323 2547 2519 2602 amissa
2562 2545 2809 2609 fuerunt;
2842 2541 2967 2595 alibi
2997 2555 3190 2595 nomen
3220 2539 3469 2609 potioris,
3512 2537 3563 2592 id
3606 2542 3713 2600 est,

2132 2637 2285 2705 cujus
2311 2636 2394 2690 vel
2422 2634 2664 2704 plurima:
2696 2632 2929 2687 humilia:
2956 2631 3211 2694 inessent,
3244 2636 3335 2682 aut
3364 2628 3597 2682 maxime
3627 2628 3712 2681 in-

2132 2727 2328 2795 signes,
2360 2724 2618 2780 volumini
2659 2720 3087 2793 pracﬁgebantur.
3118 2719 3391 2774 Interdum
3420 2726 3597 2772 tamen
3624 2732 3713 2771 ac-

2134 2819 2262 2873 cidit
2298 2824 2355 2872 ut
2382 2818 2601 2885 integrae
2629 2812 2791 2871 etiam
2828 2813 3050 2882 insignis
3094 2811 3317 2880 alicujus
3343 2811 3571 2866 oratoris
3600 2824 3714 2864 ser.

2134 2925 2353 2965 monum
2374 2909 2722 2965 collectiones
2734 2906 2820 2962 vel
2841 2906 2895 2959 in
2918 2904 3265 2960 ecclesiarum
3280 2902 3367 2957 vel
3387 2902 3716 2972 privatorum

2135 3026 2291 3066 usum
2320 3007 2701 3064 conderentur.
2733 3002 2842 3059 Sed
2890 3001 3085 3072 partim
3114 2998 3321 3065 fraude,
3352 2998 3544 3068 partim
3583 2996 3718 3051 levi-

2137 3112 2250 3158 tate
2277 3100 2694 3156 describentium
2748 3096 2802 3150 in
2847 3095 2931 3149 his
2975 3092 3235 3162 imprimis
3287 3090 3558 3144 turbatum
3594 3085 3714 3140 fuit.

2141 3195 2255 3250 Prae
2275 3194 2481 3250 caeteris
2496 3191 2730 3247 confusa:
2749 3195 2875 3244 sunt
2895 3195 2949 3243 et
2977 3186 3029 3241 in
3057 3201 3217 3239 unum
3237 3183 3428 3253 saepius
3454 3188 3722 3249 congesta:

2139 3284 2372 3340 humilia:
2396 3281 2698 3350 Augustini,
2722 3277 3007 3341 Ambrosii,
3032 3274 3246 3328 Maximi
3278 3281 3333 3327 et
3352 3272 3582 3333 Caesarii,
3612 3286 3722 3325 non

2140 3377 2313 3434 solum
2354 3373 2502 3444 quod
2536 3370 2983 3427 numerosissima:
3006 3373 3193 3431 erant,
3218 3364 3315 3420 sed
3344 3365 3502 3418 etiam
3535 3377 3632 3432 per
3649 3363 3724 3417 si-

2141 3465 2497 3521 militudinem
2517 3460 2804 3531 quamdam
2825 3473 2943 3529 qua:
2966 3458 3017 3512 in
3033 3455 3247 3511 dicendi
3267 3455 3478 3509 ratione
3504 3452 3725 3507 alterius

2143 3571 2264 3612 cum
2310 3556 2504 3618 altero,
2552 3552 2701 3606 velut
2737 3548 2954 3603 Caisarii
2999 3563 3119 3602 cum
3149 3544 3479 3613 Augustino,
3508 3542 3724 3596 Maximi

2144 3661 2262 3701 cum
2280 3643 2564 3698 Ambrosio
2589 3641 2751 3697 etiam
2770 3654 2909 3694 nunc
2931 3638 3244 3693 observatur
3258 3676 3271 3699 ,
3296 3649 3396 3687 nec
3418 3648 3579 3686 mera:
3601 3632 3720 3701 opi-

2145 3738 2323 3793 nionis
2367 3751 2455 3792 res
2483 3743 2584 3801 est,
2612 3733 2707 3788 sed
2736 3740 2795 3786 ut
2822 3729 3087 3784 Ambrosii
3126 3725 3364 3780 editores
3388 3721 3727 3777 Benedictini

2146 3826 2216 3883 de
2262 3826 2494 3880 Maximo
2541 3821 2910 3883 ostenderunt,
2940 3834 3009 3872 ex
3038 3814 3336 3870 imitatione
3384 3820 3438 3865 et
3492 3811 3731 3881 quadam

2148 3918 2308 3973 veluti
2352 3914 2689 3993 aemulatione
2717 3918 2800 3967 est
2844 3909 3106 3980 profecta.
3160 3904 3446 3961 Praesentis
3487 3904 3650 3972 igitur
3677 3912 3732 3960 ct

2148 4008 2443 4081 superioris
2491 4005 2671 4062 smcuii
2700 4002 2948 4059 exeuntis
2975 3999 3313 4071 potissimum
3353 3997 3599 4052 meritum
3629 3996 3734 4065 hoc

2149 4100 2265 4167 fuit,
2295 4107 2355 4153 ut
2384 4099 2488 4153 ista
2517 4096 2584 4151 ab
2605 4096 2830 4150 invicem
2871 4092 3303 4149 discernerentur
3326 4096 3402 4156 et,
3426 4087 3727 4156 cuicunque

2149 4188 2480 4247 hominiveri
2502 4202 2565 4242 ac
2589 4184 2808 4256 genuini
2832 4182 2970 4236 fetus
2989 4181 3073 4235 sui
3094 4184 3479 4242 assererentur,
3503 4175 3645 4246 quod
3675 4176 3731 4232 in

2151 4279 2383 4336 Cmsario
2403 4276 2649 4348 praestitit
2694 4273 2879 4343 Steph.
2904 4270 3186 4335 Baluzius,
3217 4269 3272 4323 in
3303 4267 3596 4336 Augustino
3626 4265 3732 4320 Be-

2152 4369 2439 4433 nedictini,
2469 4366 2736 4434 iidemque
2777 4364 2833 4417 in
2861 4362 3143 4417 Ambrosio
3165 4401 3180 4426 ,
3211 4375 3376 4429 porro
3421 4360 3474 4412 in
3520 4359 3737 4412 Zenone

2155 4469 2210 4515 et
2248 4457 2428 4513 Leone
2466 4455 2538 4509 Μ.
2564 4452 2833 4509 Ballerinii
2858 4451 3066 4515 fratres,
3107 4449 3160 4503 in
3204 4448 3439 4502 Maximo
3481 4445 3735 4513 denique,

474 4570 593 4619 erat
638 4558 967 4626 conjectura,
1018 4551 1183 4604 libros
1226 4548 1292 4601 de
1339 4521 1725 4609 Sacramentis,
1763 4540 2043 4611 qui'vulgu

2154 4557 2279 4623 post
2301 4565 2408 4605 non
2431 4544 2820 4603 contemnenda
2843 4542 3066 4619 aliorum
3090 4540 3391 4603 conamina,
3417 4552 3534 4606 quae
3556 4537 3741 4606 paucis

477 4649 747 4708 Ambrosii
798 4658 994 4702 nomen
1048 4640 1246 4703 ferunt,
1295 4638 1477 4693 forsan
1523 4652 1630 4692 non
1676 4636 1839 4690 alium
1892 4647 2054 4703 quam

477 4744 765 4798 Maximum
795 4748 1070 4794 auctorem
1112 4731 1378 4786 habuisse.
1409 4729 1507 4783 Cui
1555 4729 1731 4783 locum
1770 4725 2057 4797 prmbuisse

478 4836 689 4890 videtur
715 4833 792 4899 id,
820 4829 965 4901 quod
1001 4823 1336 4882 Mabillonius
1370 4820 1533 4891 paulo
1568 4827 1694 4873 ante
1733 4820 2056 4873 observave-

481 4934 583 4987 rat,
614 4940 808 4993 nempe
836 4925 969 4978 istos
988 4920 1152 4975 libros
1181 4912 1631 4975 deSacramentis,
1658 4910 1749 4979 qui
1776 4907 2058 4962 Ambrosio

482 5017 535 5070 in
565 5012 723 5068 editis
749 5013 1084 5076 tribuuntur,
1130 5007 1331 5076 absque
1365 5002 1598 5057 auctoris
1642 4999 1860 5054 nemine
1897 4996 2060 5052 inseri

481 5100 819 5159 sermonibus
845 5100 902 5154 S.
935 5099 1151 5153 Maximi
1199 5098 1253 5151 in
1295 5094 1480 5151 codice
1507 5088 1872 5159 Sangallensi,
1902 5096 2063 5154 atque

484 5194 539 5250 in
568 5202 844 5248 sermones
880 5196 1085 5258 septem
1132 5185 1376 5243 distribui
1404 5183 1504 5239 sub
1531 5183 1637 5238 hoc
1661 5178 1837 5243 titulo,
1870 5176 2079 5247 Incipit.

485 5286 655 5358 prima
684 5280 767 5335 die
793 5283 847 5334 in
872 5278 1106 5344 Pascha;
1130 5279 1203 5332 ita
1234 5286 1294 5333 ut
1322 5276 1516 5345 singuli
1541 5291 1638 5331 sex
1677 5274 1798 5329 libri
1825 5270 2064 5341 singulos

486 5389 768 5432 sermones
807 5372 1136 5429 constituant
1164 5385 1260 5439 pro
1291 5371 1510 5425 totidem
1556 5365 1907 5423 hebdomadre
1949 5362 2064 5418 die-

486 5468 620 5533 bus;
651 5473 708 5521 et
734 5463 949 5535 quidem
974 5460 1231 5531 septimus
1254 5460 1321 5513 ab
1350 5469 1587 5515 extrema
1615 5467 1767 5531 parte
1789 5456 1908 5510 libri
1927 5454 2067 5509 sexti

490 5560 710 5632 incipiat
736 5559 803 5614 ab
831 5558 914 5612 his
938 5556 1153 5611 verbis:
1193 5553 1350 5607 Aliud
1392 5553 1717 5608 Psalmorum
1759 5550 1927 5604 David
1953 5549 2071 5602 licet

491 5669 629 5709 nunc
649 5650 850 5707 libellus
878 5651 964 5715 sit,
996 5658 1097 5703 etc.
1124 5645 1230 5703 Sed
1260 5645 1578 5702 novissimus
1597 5645 1771 5701 editor
1792 5643 1856 5699 ad
1880 5659 1941 5699 ea
1965 5643 2072 5696 ani-

493 5762 642 5812 mum
666 5761 772 5802 non
802 5742 1051 5801 advertit.

2159 4661 2301 4700 nunc
2341 4643 2603 4711 attingere
2646 4640 2840 4711 placet,
2881 4636 3062 4690 Bruno
3109 4632 3336 4687 Brnnus.
3376 4630 3578 4699 Nempe
3603 4630 3743 4700 typis

2160 4738 2389 4807 primum
2412 4734 2648 4793 exseribi
2670 4740 2858 4802 empta:
2881 4736 3005 4784 sunt
3036 4722 3253 4781 Maximi
3282 4720 3512 4776 homiliae
3553 4720 3604 4773 in
3632 4718 3745 4774 IIo—

2159 4828 2389 4883 miliario
2413 4826 2717 4889 doctorum,
2745 4820 2893 4893 quod
2934 4819 3062 4875 olim
3101 4818 3253 4886 jussu
3280 4812 3459 4868 Caroli
3482 4810 3552 4863 Μ.
3585 4809 3747 4864 ador-

2162 4933 2318 4972 nasse
2339 4916 2574 4977 creditur
2593 4913 2794 4967 Paulus
2815 4910 3090 4971 diaconus,
3117 4906 3275 4973 vulgo
3299 4902 3570 4964 Alcuinus,
3597 4900 3749 4969 cujus

2166 5007 2534 5077 antiquissima
2550 5004 2714 5060 editio
2735 4999 3113 5072 prodiitSpira:
3128 4995 3266 5050 I482
3281 5011 3376 5065 per
3390 4978 3534 5048 Petr.
3551 4992 3746 5056 Drach,

2166 5097 2477 5162 novissima,
2501 5094 2546 5148 si
2566 5094 2705 5148 bene
2725 5090 2967 5155 memini,
2993 5088 3230 5143 Coloniae
3259 5083 3398 5154 apud
3420 5082 3586 5136 Euch.
3620 5079 3752 5135 Cer-

2167 5188 2463 5245 vicornium
2486 5201 2576 5239 an.
2602 5181 2757 5238 I550.
2784 5181 2853 5236 At
2880 5181 2933 5234 in
2956 5178 3144 5235 eadem
3168 5176 3299 5232 urbe
3339 5190 3428 5229 an.
3463 5171 3600 5226 I555
3630 5187 3752 5240 sep-

2169 5280 2409 5349 tuaginta
2456 5284 2689 5345 quatuor
2728 5272 2978 5328 homilias
3020 5269 3134 5338 ejus
3177 5283 3207 5321 a
3254 5266 3512 5321 Damiano
3553 5268 3755 5317 Ascen-

2168 5370 2343 5425 diensi
2366 5368 2428 5422 D.
2465 5365 2742 5422 Benedicti
2780 5362 3017 5418 Colonia:
3056 5358 3197 5430 apud
3239 5356 3295 5412 S.
3329 5355 3753 5411 Pantlialeonem

2169 5461 2359 5515 abbate
2389 5465 2638 5526 acceptas
2660 5453 2949 5524 separatim
2974 5450 3165 5506 excudi
3197 5447 3320 5503 fecit
3340 5445 3574 5502 Joannes
3599 5440 3759 5513 Cym-

2173 5552 2340 5615 nicus,
2387 5548 2579 5618 sapius
2614 5546 2871 5614 deinceps
2915 5542 3075 5597 variis
3113 5542 3167 5594 in
3217 5538 3445 5595 oflicinis
3467 5544 3521 5590 et
3544 5534 3759 5587 diverso

2174 5641 2357 5696 habitu
2406 5640 2645 5692 iteratus.
2671 5635 2803 5689 Nam
2826 5649 2912 5688 an.
2941 5631 3079 5685 I554
3124 5630 3309 5685 Romae
3351 5625 3495 5698 apud
3535 5623 3763 5678 Paulum

2085 5761 2092 5767 -
2180 5731 2472 5788 llaiiutium
2517 5728 2569 5784 in
2620 5727 2785 5782 choro
2829 5724 3147 5793 scriptorum
3196 5717 3693 5777 ccclesiasticorum
3729 5728 3760 5767 a
