4042 6192
297 399 395 458 185

296 513 444 566 Petro
462 504 736 562 Galesinio
760 505 1025 562 editorum
1047 505 1350 576 proximum
1367 520 1396 558 a
1413 503 1663 560 Salviano
1686 506 1862 560 locum
1890 508 1938 565 Α

293 600 659 662 obtinuerunt;
685 613 829 652 anno
852 596 989 651 1579
1017 597 1253 652 Coloniae
1276 597 1578 667 Agrippinae
1619 599 1860 667 repetit-.e

291 698 422 755 sunt,
448 687 676 755 adjectis
719 686 863 742 Petri
893 681 1205 758 ChrySologi
1228 689 1595 754 sermonibus;
1627 689 1694 742 ab
1718 704 1859 745 anno

288 796 406 836 vero
430 779 570 832 1615
592 794 715 833 cum
738 777 920 832 Leone
944 778 1012 831 M.
1033 786 1086 832 et
1109 779 1227 833 aliis
1248 779 1614 848 scriptoribus,
1630 796 1856 850 quorum

289 871 523 927 collectio
547 885 643 940 per
667 869 910 938 Theoph.
944 867 1295 939 Raynaudum
1328 885 1416 923 an.
1451 870 1588 923 1655
1616 871 1858 939 aliosque

288 963 528 1031 deinceps
552 960 651 1014 fuit
680 959 932 1026 adaucta,
967 958 1185 1015 Parisiis
1228 968 1283 1014 et
1321 959 1560 1029 Lugduni
1603 960 1854 1030 frequen-

289 1054 496 1117 tissime,
528 1053 815 1120 aliquoties
843 1052 1007 1106 etiam
1036 1053 1088 1106 in
1123 1051 1227 1105 PP.
1255 1052 1599 1107 Bibliothecis
1627 1054 1854 1124 impres-

287 1162 351 1201 sa:
371 1153 507 1200 sunt.
536 1145 748 1198 Interea
773 1159 861 1198 an.
894 1144 1030 1197 168.1
1053 1145 1301 1200 monachi
1323 1145 1651 1200 Benedictini
1675 1162 1704 1199 e
1727 1161 1855 1200 con-

288 1252 418 1307 greg.
443 1236 632 1290 Sancti
661 1235 831 1289 Mauri
853 1233 1070 1289 Parisiis
1099 1235 1151 1288 in
1183 1244 1329 1290 tomo
1359 1235 1401 1290 ν
1427 1252 1551 1305 opp.
1579 1235 1634 1289 S.
1669 1236 1848 1303 Augu-

286 1328 398 1383 stini
425 1327 688 1396 plurimos
729 1341 1004 1380 sermones
1040 1326 1199 1394 vulgo
1249 1325 1545 1395 Augustino
1592 1327 1851 1396 ascriptus

284 1419 503 1473 Maximo
549 1419 924 1482 restituerunt,
975 1417 1323 1486 ejusdemque
1374 1433 1625 1486 congrcg.
1676 1419 1850 1473 socius

282 1509 647 1565 celeberrimus
675 1507 832 1562 Joan.
863 1507 1200 1563 Mabillonius
1221 1525 1287 1562 ex
1309 1509 1581 1564 codicibus
1600 1525 1726 1564 mss.
1753 1526 1850 1579 op-

285 1599 412 1652 timae
456 1607 600 1652 nota:
647 1598 701 1651 in
744 1597 896 1651 Italia
942 1604 996 1652 et
1019 1597 1258 1652 Helvetia
1286 1601 1533 1668 repertis,
1563 1599 1848 1655 duodecim

281 1687 486 1743 Maximi
514 1703 816 1755 sermones,
847 1703 1034 1742 omnes
1057 1689 1169 1744 fere
1210 1690 1442 1746 ineditos
1488 1699 1664 1758 antea,
1699 1693 1849 1746 evul-

281 1782 410 1850 gavit
429 1781 486 1834 in
515 1779 697 1834 Huseo
728 1779 936 1846 Italico,
963 1780 1121 1849 1687,
1156 1781 1307 1850 cujus
1342 1784 1738 1838 contubernalis
1765 1785 1846 1838 sui
1871 1807 1878 1813 ·

1375 393 1646 448 NOTITIA
1686 392 2514 456 ΗΙΞΤΟΗΙΟΟ-ΠΤΤΕΠΜΠΛ.

3440 416 3539 469 186

2675 514 2836 570 1496.

2034 597 2270 666 Basileze,
2303 617 2400 670 per
2426 602 2539 657 Nic.
2578 603 2809 671 Kessler,
2841 606 3016 662 in-I‘ol.
3055 607 3110 664 S.
3147 611 3361 666 Maximi
3391 613 3534 668 Tau-

1962 689 2190 744 rinensis
2237 692 2439 760 aliquot
2486 694 2746 761 homilim;
2800 697 2854 751 in
2909 697 3220 756 llomiliario
3269 703 3532 760 doctorum

1961 778 2136 835 Caroli
2165 781 2234 835 M.
2267 785 2507 852 repetitae
2537 785 2804 861 editionis.

2584 875 2711 929 Sine
2744 894 2897 932 anno.

2027 957 2286 1025 Coloniae,
2319 978 2416 1031 per
2452 961 2613 1018 Conr.
2652 965 2720 1021 de
2746 966 3070 1034 I-Iomboreh,
3104 971 3277 1027 in-fol.
3311 973 3528 1028 Maximi

1957 1051 2192 1120 episcopi
2223 1053 2453 1108 homilim
2480 1056 2703 1124 aliquot,
2741 1059 2792 1112 in
2815 1060 3004 1114 eodem
3034 1062 3377 1132 Ilomiliario;
3409 1083 3526 1136 qua:

1955 1143 2118 1199 editio
2149 1145 2286 1200 inter
2308 1145 2695 1215 Augustiniana
2726 1159 2807 1203 est
2834 1160 3038 1207 notata.

2562 1255 2775 1295 εἱ.ῦῦιο
2804 1259 2910 1296 XVI.

2659 1330 2815 1384 1516.

2023 1413 2303 1484 Lugduni,
2343 1432 2440 1487 per
2481 1419 2605 1474 Joh.
2652 1419 2824 1477 Clein.
2875 1425 3223 1480 Alemannum
3249 1467 3264 1491 ,
3318 1427 3527 1485 in-lol.

1950 1503 2101 1558 Beati
2129 1495 2609 1580 Maximi'episcopi
2648 1527 2955 1581 sermones;
2988 1517 3039 1570 in
3079 1517 3390 1573 Homiiiario
3431 1526 3524 1576 do-

1950 1603 2167 1650 ciorum.

2659 1690 2814 1744 1520.

2018 1775 2243 1844 Ibidem,
2265 1793 2363 1848 per
2388 1780 2634 1834 eumdem
2654 1820 2668 1845 ,
2700 1781 2873 1835 in-fol.
2905 1782 2964 1836 Β.
2994 1783 3208 1839 Maximi
3249 1799 3524 1843 sermones

281 1871 500 1939 vestigiis
543 1871 875 1937 insistentes,
927 1870 1262 1940 aliorumque
1302 1888 1430 1926 mss.
1478 1873 1623 1926 haud
1664 1889 1844 1927 rarum
1878 1860 1923 1920 Β
1951 1865 2004 1919 in
2043 1866 2234 1922 eadem
2275 1868 2594 1924 collectione
2650 1870 2997 1928 Ilomitiarum
3033 1872 3210 1928 denuo
3240 1875 3517 1944 impressa.

280 1975 419 2014 omen
443 1961 617 2015 secuti
642 1961 908 2015 Ambrosii
931 1960 1169 2015 editores
1190 1977 1278 2015 an.
1309 1961 1446 2016 1690
1472 1963 1660 2031 insigni
1685 1963 1848 2017 Maxi-

279 2066 407 2104 mum
432 2051 778 2105 homiliarum
802 2052 978 2121 copia,
1009 2050 1290 2107 Ambrosio
1332 2053 1468 2122 jure,
1518 2063 1575 2107 ut
1603 2055 1704 2109 sibi
1744 2056 1846 2109 visi

281 2153 404 2208 sunt,
430 2144 704 2214 adempta,
733 2144 1146 2212 locupletarunt.
1175 2133 1391 2199 ‘Horum
1421 2147 1699 2201 conatibus
1722 2165 1844 2203 suc-

278 2235 419 2290 cessit
441 2234 580 2289 Lud.
608 2235 736 2289 Ant.
768 2234 1120 2302 Muratorius,
1158 2252 1388 2292 excusso
1422 2237 1602 2293 denuo
1631 2240 1840 2306 codice,

277 2340 418 2394 quem
461 2325 806 2381 Mabillonius
853 2327 1058 2394 primus
1086 2335 1428 2390 traetaverat,
1464 2329 1840 2396 Ambrosiano,

277 2423 324 2470 et
343 2417 626 2486 propositis
649 2432 716 2470 ex
740 2432 805 2472 eo
827 2417 970 2470 haud
1006 2417 1192 2486 paucis
1214 2417 1425 2472 ineditis
1465 2418 1516 2471 in
1551 2420 1842 2473 Anecdoto-

275 2524 373 2560 rum
417 2518 570 2562 tomo
617 2507 686 2560 IV
717 2523 804 2560 an.
854 2507 1012 2576 1715,
1057 2509 1196 2562 sicut
1237 2523 1303 2561 ex
1347 2509 1513 2577 ipsius
1551 2508 1842 2564 Mabillonii

275 2597 466 2652 scbedis
494 2599 724 2668 paucula
754 2597 928 2654 adhuc
969 2598 1268 2653 elicuerunt
1307 2599 1440 2652 socii
1479 2591 1641 2668 ipsius
1664 2616 1839 2669 quon--

275 2688 383 2741 dam
411 2687 727 2744 Edmundus
749 2689 988 2744 Martene
1011 2699 1065 2744 et
1101 2689 1360 2743 Martinus
1383 2690 1622 2757 Durand,
1649 2692 1701 2744 in
1726 2693 1840 2746 col-

274 2778 485 2834 lectione
515 2781 844 2849 amplissima
875 2795 964 2834 an.
992 2779 1132 2832 1735
1163 2781 1393 2849 prolata.
1420 2781 1575 2835 Anno
1621 2781 1751 2834 1741
1785 2791 1840 2836 et

272 2869 394 2924 1718
430 2871 650 2925 Maximi
701 2872 934 2926 homiliae
983 2872 1175 2926 iterum
1224 2872 1463 2928 Venetiis
1486 2890 1696 2929 excusa:
1717 2883 1841 2930 sunt

272 2977 378 3016 cum
400 2961 598 3016 Leonis
623 2962 692 3016 M.
721 2963 991 3032 operibus,
1027 2963 1079 3015 in
1123 2963 1315 3032 quibus
1344 2963 1550 3018 duabus
1579 2964 1836 3019 editioni-

270 3051 357 3106 bus
376 3053 601 3106 fortasse
625 3045 896 3120 antiquior
923 3052 1023 3105 ista
1049 3053 1299 3107 collectio
1325 3068 1443 3107 cum
1484 3054 1629 3109 hisce
1651 3070 1837 3108 recen-

274 3143 479 3197 tioribus
504 3143 851 3197 incrementis
880 3151 962 3198 est
996 3129 1304 3212 conjuncta.
1330 3144 1536 3198 Etenim
1563 3161 1592 3199 a
1618 3145 1835 3201 Callan-

269 3235 348 3290 dio
382 3235 432 3290 in
481 3236 620 3289 Bibl.
667 3234 770 3288 PP.
798 3235 1002 3290 Veneta
1044 3252 1131 3290 an.
1161 3237 1318 3302 1775,
1345 3238 1557 3292 nonnisi
1612 3254 1674 3292 ea
1715 3255 1833 3308 qum

270 3324 619 3392 Mabillonius,
648 3326 970 3382 Muratorius
999 3336 1159 3398 atque
1192 3328 1483 3384 Martenius
1505 3331 1835 3399 collegerunt

269 3417 488 3471 exhibita
519 3427 664 3472 sunt.
698 3417 936 3472 Tandem
970 3419 1080 3472 haec
1125 3419 1305 3473 omnia
1333 3427 1496 3487 atque
1535 3421 1637 3474 alia
1667 3423 1833 3476 multa

271 3507 490 3562 nondum
526 3517 685 3562 antea
715 3509 828 3562 visa
868 3524 936 3562 ex
979 3509 1250 3564 codicibus
1277 3525 1402 3564 mss.
1437 3510 1548 3565 fere
1586 3511 1832 3567 innume-

267 3597 331 3650 ris
356 3595 530 3652 denuo
554 3596 760 3662 eduxit,
797 3613 931 3652 nova
954 3599 1164 3653 ratione
1185 3599 1468 3668 disposuit,
1495 3601 1834 3656 animadver-

269 3687 404 3743 sione
450 3689 668 3753 critica,
703 3688 1061 3755 argumentis,
1107 3689 1560 3744 admonitionibus
1597 3699 1650 3744 et
1695 3692 1833 3746 notis

267 3778 534 3834 uberrimis
557 3781 810 3833 instruxit
829 3779 1008 3834 Bruno
1032 3779 1242 3832 Brunus
1277 3778 1571 3847 Romanus,
1605 3781 1832 3835 clericus

267 3880 365 3935 reg.
388 3871 694 3925 scholarum
741 3870 968 3940 piarum,
997 3870 1051 3925 in
1093 3870 1327 3924 editione
1365 3886 1483 3940 quae
1525 3887 1714 3941 nuper,
1741 3886 1827 3925 an.

266 3958 408 4028 1781,
443 3962 631 4017 Romae
649 3963 800 4030 jussu
823 3962 902 4016 Pii
926 3962 991 4016 Vl
1016 3962 1076 4016 P.
1100 3962 1169 4016 M.
1195 3970 1277 4017 est
1305 3963 1582 4028 adornata,
1610 3979 1832 4032 quzeque

268 4057 455 4107 tantum
472 4056 542 4109 ab
565 4053 788 4109 editoris
807 4053 1066 4108 industria
1091 4062 1246 4107 nacta
1271 4062 1352 4107 est
1373 4055 1653 4118 honorem,
1669 4071 1834 4123 quan-

265 4150 362 4198 tum
403 4146 584 4215 specie
614 4162 677 4201 ac
719 4145 1007 4215 splendore
1053 4144 1306 4215 pontiﬁce
1333 4159 1544 4198 summo
1574 4161 1637 4199 ac
1682 4159 1827 4212 rege,

263 4237 336 4289 cui
365 4238 544 4292 dicata
570 4246 672 4301 est,
701 4238 863 4306 digno
892 4238 1034 4292 inter
1055 4252 1242 4292 omnes
1268 4235 1489 4290 Patrum
1516 4237 1829 4292 Latinorum

262 4324 661 4395 fulgentissimas
692 4329 958 4385 editiones
983 4327 1214 4384 ehellit.
1244 4327 1401 4382 Plura
1425 4327 1618 4393 dehis,
1648 4328 1691 4382 si
1737 4343 1830 4382 cu-

262 4416 351 4484 pis,
375 4419 564 4474 evolve
586 4420 729 4475 hunc
757 4419 1085 4487 singularum
1110 4417 1406 4472 editionum
1431 4417 1679 4472 indicem.

873 4569 1086 4608 SrECULO
1116 4569 1201 4606 XV.

956 4661 1109 4716 1482.

324 4773 510 4844 Spirm,
547 4791 641 4844 per
674 4774 890 4828 Petrum
925 4773 1131 4847 Drach,
1178 4770 1351 4826 in-fol.
1381 4770 1437 4826 S.
1471 4770 1686 4824 Maximi
1715 4771 1828 4841 epi-

261 4865 396 4934 scopi
419 4865 652 4920 homilite
681 4864 863 4935 (varia:
888 4863 950 4916 de
981 4863 1279 4933 Tempore);
1311 4863 1362 4915 in
1395 4861 1710 4926 Homiliario
1733 4862 1828 4916 do-

259 4962 445 5008 (torum
479 4955 758 5019 editionis,
807 4953 958 5022 cujus
981 4953 1092 5022 jam
1131 4951 1194 5005 ad
1224 4952 1576 5020 Augustinum
1605 4960 1659 5006 et
1689 4950 1826 5007 Leo—

261 5059 372 5096 nem
400 5044 540 5098 facta
567 5051 650 5099 est
680 5043 901 5098 mentio.

964 5131 1119 5186 1495.

322 5225 539 5280 Basilezr.
565 5241 661 5296 per
687 5225 800 5280 Nic.
851 5224 1082 5290 Kessler,
1127 5223 1300 5279 in—lol.
1343 5223 1399 5280 S.
1441 5223 1657 5280 Maximi
1684 5225 1826 5295 epis-

253 5317 367 5385 eOpi
396 5316 661 5383 homilim;
696 5317 749 5370 in
778 5315 967 5372 eodem
995 5315 1327 5368 Homitiario.

955 5423 1112 5478 1494.

319 5516 700 5586 Norimbergie,
732 5531 830 5587 per
858 5515 1015 5570 Anth.
1040 5514 1333 5581 Koburger,
1360 5512 1498 5566 iu-i.
1531 5511 1587 5567 S.
1612 5510 1826 5568 Maximi

251 5607 518 5671 homilizn;
567 5609 616 5664 in
659 5607 911 5661 Ilomeliis
947 5607 1172 5662 omnium
1211 5606 1475 5660 doctorum
1514 5605 1577 5658 de
1611 5606 1823 5669 sanctis,

251 5713 366 5764 qua:
410 5714 550 5752 nma
596 5707 671 5753 est
723 5707 776 5753 et
823 5715 850 5751 a
903 5695 1225 5768 praecedenti
1273 5696 1427 5766 plane
1474 5683 1684 5750 diversa
1711 5696 1822 5750 col-

253 5786 432 5844 lectio.

2657 1961 2813 2016 1525.

2014 2047 2257 2116 Ibidem,
2311 2065 2407 2120 per
2461 2052 2782 2107 honoratum
2836 2056 3006 2110 virum
3071 2057 3518 2127 ehalcographum

1943 2134 2205 2191 Joannem
2237 2139 2492 2209 Crespin,
2525 2142 2726 2196 in-fol.
2767 2144 3052 2199 Sermones
3080 2147 3209 2199 varii
3240 2148 3379 2200 beati
3408 2147 3512 2200 Ma-

1942 2227 2073 2281 ximi
2103 2230 2371 2298 episcopi,
2421 2232 2559 2286 inter
2587 2233 2806 2288 easdem
2852 2223 3104 2290 Homilias
3141 2237 3403 2292 doctorum
3435 2255 3512 2292 ec-

1944 2318 2363 2388 clesiasticarum,
2394 2330 2500 2377 etc.

2649 2413 2803 2469 1550,

2011 2500 2276 2568 Coloniae,
2320 2516 2387 2557 ex
2421 2503 2633 2557 ofﬁcina
2676 2504 2927 2560 Eucharii
2964 2505 3306 2572 Cervicorni,
3338 2507 3511 2562 in-l'ol.

1939 2589 2227 2645 Sermones
2255 2592 2383 2646 varii
2406 2592 2550 2646 beati
2577 2593 2791 2648 Maximi
2816 2597 3085 2666 episcopi;
3118 2598 3257 2652 inter
3279 2599 3512 2654 Itomilias

1938 2682 2484 2748 priestuntissimorum
2513 2680 2762 2737 Ecclesia:
2791 2685 3085 2748 doctorum,
3124 2681 3241 2756 qua:
3271 2689 3322 2742 in
3360 2689 3512 2744 titulo

1939 2787 2074 2823 nunc
2111 2789 2176 2825 ea:
2204 2775 2558 2826 vetustissimis
2596 2775 2854 2829 codicibus
2885 2778 3172 2848 integritati
3199 2783 3446 2835 restituta:
3466 2793 3512 2835 et

1938 2864 2054 2916 aliis
2077 2874 2230 2919 antea
2260 2867 2522 2933 impressis
2545 2876 2710 2919 aucta!
2738 2867 3010 2923 dicuntur.

2643 2957 2799 3012 1555.

2007 3049 2273 3118 Coloniae,
2327 3051 2469 3122 apud
2513 3053 2774 3108 Joannem
2820 3051 3157 3124 Gymnicum,
3191 3053 3327 3107 in—8.
3367 3053 3512 3124 Opus

1936 3141 2142 3210 insigne
2178 3145 2515 3200 homiliarum
2545 3146 2852 3200 hiemalium
2879 3152 2933 3199 et
2960 3145 3277 3198 :estivalium
3304 3151 3412 3198 tam
3443 3145 3513 3200 de

1861 3209 1906 3272 ο
1937 3209 2178 3300 tempore
2206 3249 2365 3302 quam
2397 3234 2464 3290 de
2493 3236 2692 3291 sanctis
2721 3235 2828 3289 divi
2857 3235 3074 3289 Maximi
3105 3235 3342 3305 episcopi
3368 3235 3511 3289 Tan-

1935 3322 2178 3388 rinensis,
2212 3324 2302 3392 qui
2330 3333 2384 3377 et
2413 3326 2464 3377 in
2493 3326 2726 3380 homiliis
2757 3325 3126 3380 declamandis
3155 3325 3223 3379 ad
3254 3326 3510 3396 populum

1934 3412 2032 3467 fuit
2069 3430 2193 3469 vere
2232 3417 2515 3470 maximus.
2557 3416 2762 3470 Addita:
2802 3425 2926 3472 sunt
2954 3417 3155 3484 aliquot
3184 3406 3417 3470 humilia:
3446 3417 3507 3470 I).

1933 3501 2153 3558 Joannis
2194 3503 2559 3575 Chrysostomi
2597 3506 2969 3560 eruditissima:
3003 3513 3057 3560 et
3087 3521 3253 3576 prope
3294 3505 3507 3569 divinae,

1909 3596 2162 3652 antehac
2191 3613 2293 3651 non
2325 3613 2555 3652 excusse.
2587 3596 2719 3650 Cum
2750 3597 2946 3651 indice.

2003 3688 2278 3756 Inscripsit
2305 3689 2481 3742 editor
2508 3689 2822 3758 opusculum
2845 3688 3013 3742 hocce
3036 3687 3294 3741 Damiano
3317 3688 3506 3741 Ascen-

1934 3778 2098 3830 diensi
2127 3777 2324 3831 ordinis
2353 3777 2421 3830 D.
2454 3775 2719 3831 Benedicti
2760 3777 2988 3831 Colonia:
3014 3777 3153 3847 apud
3182 3774 3242 3830 S.
3270 3775 3507 3829 Pantho-

1933 3868 2148 3931 leonem,
2169 3866 2364 3932 eidem,
2397 3868 2483 3921 cui
2513 3875 2680 3921 totum
2713 3875 2989 3936 acceptum
3017 3866 3299 3931 referebat,
3322 3882 3506 3935 quem-

1932 3972 2036 4026 que
2065 3972 2256 4024 magna
2286 3973 2404 4013 cum
2434 3959 2792 4027 gratulatione
2834 3957 2902 4012 ob
2931 3958 3069 4012 hanc
3097 3957 3406 4026 praeclaram
3438 3955 3507 4010 de

1909 4044 2123 4102 'studiis
2145 4049 2458 4116 theologicis
2492 4049 2630 4104 bene
2671 4048 2913 4103 merendi
2939 4049 3277 4104 occasionem
3303 4046 3506 4100 adhor-

1935 4147 2073 4192 tatus
2103 4146 2209 4202 esl,
2244 4147 2302 4192 ut
2341 4140 2384 4192 si
2413 4137 2542 4208 quid
2571 4138 2728 4206 hujus
2761 4139 3037 4207 scriptoris
3074 4138 3336 4207 reliquum
3365 4135 3506 4206 apud

1933 4230 2104 4299 ipsum
2141 4237 2309 4293 esset,
2366 4244 2587 4296 operam
2616 4228 2770 4280 daret
2804 4236 2862 4280 ut
2900 4229 2950 4280 in
2990 4228 3165 4282 lucem
3193 4225 3505 4296 propediem

1931 4321 2155 4374 veniret.
2197 4318 2347 4373 Hanc
2374 4317 2594 4371 Joannis
2620 4315 2861 4388 Gymnici
2904 4317 2972 4369 ad
3001 4317 3291 4386 religiosum
3319 4325 3367 4369 et
3392 4333 3504 4368 eru-

1932 4412 2093 4465 ditum
2141 4413 2302 4464 virum
2341 4409 2656 4463 Damianum
2693 4408 2978 4476 epistolam
3022 4408 3281 4474 integram
3312 4408 3503 4460 iterum

1931 4499 2336 4556 exscribendam
2383 4498 2532 4552 dedit
2574 4498 2753 4552 Bruno
2795 4497 3003 4551 Brunus
3045 4497 3096 4550 in
3125 4495 3364 4550 editione
3398 4495 3505 4549 Ro-

1928 4608 2103 4656 mana,
2136 4607 2256 4661 pag.
2292 4590 2412 4643 158.
2446 4589 2705 4656 Quocirca
2737 4590 2919 4644 nescio
2945 4589 3036 4657 qui
3078 4587 3274 4641 factum
3315 4586 3414 4648 sit,
3447 4593 3503 4641 ut

1928 4681 2070 4736 idem
2103 4681 2446 4736 doctissimus
2475 4689 2530 4735 et
2557 4680 2995 4750 diligentissimus
3027 4679 3106 4732 vir
3127 4678 3178 4730 in
3199 4675 3347 4746 prter.
3380 4690 3502 4744 pag.

1930 4771 2017 4836 14,
2051 4780 2315 4835 asseruit,
2363 4771 2605 4826 Damiani
2649 4773 2788 4826 hanc
2833 4770 2888 4824 S.
2922 4768 3137 4821 Maximi
3164 4766 3506 4821 homiliarum

1928 4863 2301 4920 collectionem
2331 4865 2456 4919 ideo
2497 4864 2711 4918 demum
2755 4877 2784 4916 a
2825 4861 3029 4914 Joanne
3058 4858 3319 4928 Gymnico
3345 4857 3507 4912 Colo-

1930 4956 2032 5010 nize
2076 4971 2163 5009 an.
2207 4955 2345 5009 1555
2387 4954 2586 5010 editam
2631 4954 2818 5015 fuisse,
2857 4948 3002 5018 quod
3030 4949 3142 5018 ipse
3171 4956 3343 5002 morte
3371 4963 3506 5018 prze~

1929 5058 2114 5118 reptus
2161 5062 2278 5102 eam
2327 5047 2380 5101 in
2428 5047 2600 5100 lucem
2647 5044 2890 5098 emittere
2938 5041 3283 5108 nequivisset.
3322 5039 3507 5095 Insunt

1930 5150 2109 5195 autem
2137 5143 2300 5211 partis
2324 5138 2557 5192 hiemalis
2585 5136 2648 5190 de
2669 5143 2894 5204 tempore
2919 5133 3152 5186 homilia:
3189 5141 3504 5201 sequentes:

1931 5230 2010 5284 De
2031 5231 2265 5285 Adventu
2299 5227 2530 5290 Domini,
2555 5226 2594 5290 I,
2626 5224 2689 5277 Il.
2726 5222 2791 5276 In
2815 5223 3003 5292 vigiliis
3040 5221 3251 5276 Natalis
3273 5221 3506 5285 Domini,

1929 5321 1968 5377 ἰ.
2003 5322 2069 5375 In
2100 5320 2284 5375 Natali
2313 5319 2542 5383 Domini,
2575 5316 2710 5371 I-VI.
2751 5315 2817 5370 In
2844 5315 3247 5370 Circumcisione
3274 5314 3506 5379 Domini,

1933 5415 2038 5468 sive
2065 5413 2128 5466 de
2149 5412 2380 5465 calendis
2400 5409 2643 5463 Januarii
2670 5411 2975 5480 increpatio,
3007 5408 3046 5462 I.
3079 5407 3143 5460 In
3173 5407 3508 5478 TheOphania

1935 5507 2168 5571 Domini,
2198 5504 2377 5560 I-VIII.
2424 5503 2490 5558 In
2520 5505 2601 5559 die
2622 5505 2882 5570 Cinerum,
2913 5504 2955 5558 Ι.
3012 5503 3091 5556 De
3128 5504 3330 5574 jejunio
3369 5502 3507 5566 Qua-

1937 5599 2254 5669 dragesima',
2281 5595 2422 5650 I-IV.
2460 5595 2733 5650 Dominica
2778 5596 2836 5650 in
2884 5593 3065 5647 Ramis
3095 5593 3418 5658 Palmarum,
3455 5595 3506 5644 in

1937 5693 2066 5746 illud
2084 5690 2271 5760 psalmi
2297 5706 2313 5742 :
2359 5687 2529 5756 Deus,
2569 5689 2710 5743 Deus
2738 5703 2887 5743 meus
2907 5727 2920 5753 ,
2951 5687 3157 5754 respice
3193 5699 3298 5748 me,
3328 5683 3368 5735 I.
3431 5679 3507 5733 De

1940 5783 2264 5838 accusatione
2294 5780 2502 5840 Domini
2527 5781 2664 5852 apud
2690 5779 2938 5844 Pilatum,
2969 5775 3010 5842 I,
3039 5773 3101 5828 II.
3152 5772 3231 5826 De
3250 5769 3386 5824 Juda
3408 5777 3515 5820 tm.
