4042 6192
459 371 557 427 187

1547 344 1639 400 ,ιΝ
1675 341 1733 397 8.
1774 333 2100 394 MAXIMUM
2139 322 2623 386 TAURINENSEM

3599 307 3702 359 183

458 490 641 548 ditare,
669 480 713 537 ι.
754 477 834 534 De
870 476 1109 549 passione
1149 479 1199 527 et
1239 483 1389 523 cruce
1421 473 1470 521 et
1501 460 1766 532 sepultura
1794 452 2029 514 Domini.
2062 453 2111 511 Α
2138 446 2250 501 bris
2275 452 2420 508 octo,
2452 440 2678 549 aliis:qu
2706 431 2944 495 Paciani.
2974 425 3198 497 Sulpicii
3236 423 3451 549 S‘everi‘,‘
3466 420 3722 549 Dorot‘hci

1948 540 2002 549 -..
2176 543 2187 549 Α
2225 533 2265 549 η
2358 530 2511 549 ,,-“2-
2595 544 2617 549 Α.
2686 520 3016 549 Α-ηιιιΙΙι-ιηοῖθ
3050 531 3252 549 Ληηοηιι
3279 515 3321 549 ἴα
3388 528 3418 549 Δ
3456 520 3582 549 nnln
3614 532 3617 533 ν
3646 514 3721 549 ³ο..

459 540 596 631 ιέιν.
630 540 744 626 'De
785 540 965 624 sancto
999 565 1219 625 latrone,
1265 557 1422 612 Petro
1470 549 1701 624 apostolo
1754 552 1805 599 et
1841 540 2037 595 ancilla

461 666 695 728 ostiaria,
722 660 865 717 l-lV.
916 655 1159 712 Homilia‘.
1185 658 1364 706 autem
1394 646 1561 719 partis
1590 643 1780 697 testim
1818 639 1882 691 de
1915 645 2041 687 tem-

461 773 585 828 pore
606 726 731 809 sunt
754 770 767 805 :
819 748 884 805 In
905 746 1228 801 solemnitate
1254 736 1521 812 paschali,
1552 732 1667 787 l-V.
1726 728 1791 785 In
1817 726 2040 783 laetaniis

461 821 510 901 et
541 843 893 898 Ninivitarum
912 835 1150 907 jejuniis,
1173 832 1214 885 1.
1259 830 1328 885 In
1348 827 1669 883 solemnitate
1688 821 2039 882 Pentecostes,

464 935 600 991 l-lll.
652 933 820 988 Porro
848 927 1080 985 homilia:
1103 922 1345 978 hiemales
1366 928 1415 975 et
1446 915 1699 973 wstivales
1720 912 1782 965 de
1803 910 1996 965 sanctis
2020 923 2038 960 :

465 1029 533 1084 In
560 1027 723 1081 natali
757 1024 860 1077 divi
894 1019 1169 1090 Stephani,
1198 1016 1240 1070 l.
1292 1013 1358 1067 In
1387 1010 1551 1065 natali
1582 1008 1710 1061 diva:
1744 1004 1974 1075 Agnetis,
1998 999 2041 1053 Ι.

466 1120 532 1183 In
569 1117 735 1171 natali
776 1115 878 1167 divi
919 1110 1139 1166 Joannis
1176 1105 1444 1175 Baptistae,
1468 1100 1603 1154 I—Ill.
1650 1097 1715 1151 In
1732 1094 1899 1149 natali
1920 1107 2045 1146 san-

465 1179 663 1263 ctorum
701 1205 848 1259 Petri
898 1211 947 1256 et
994 1200 1147 1254 Pauli
1196 1195 1565 1265 apostolorum,
1597 1188 1711 1242 l-V.
1775 1184 1845 1238 In
1881 1179 2046 1235 natali

469 1299 571 1351 diui
611 1295 878 1348 Laurentii
906 1291 1173 1360 martyris,
1201 1286 1337 1341 I—lll.
1397 1282 1464 1336 In
1496 1279 1661 1334 natali
1699 1276 1801 1329 divi
1841 1271 2047 1325 Eusebii

480 1384 821 1440 Vercellensis
856 1382 1102 1453 episcopi,
1128 1379 1167 1439 Ι,
1199 1376 1262 1430 ll.
1327 1373 1394 1427 In
1439 1369 1607 1425 natali
1650 1367 1752 1420 divi
1800 1360 2048 1433 Cypriani

472 1476 701 1547 episcOpi
718 1482 769 1527 et
790 1449 1053 1542 martyris,
1081 1469 1120 1533 l,
1152 1467 1216 1521 II.
1268 1464 1334 1519 In
1365 1463 1516 1535 feriis
1547 1460 1651 1513 divi
1682 1453 1973 1517 Michaelis,
2002 1449 2043 1504 Ι.

475 1567 540 1621 1η
562 1565 722 1620 natali
756 1540 1054 1618 sanctorum
1094 1558 1440 1611 Taurinorum
1468 1559 1775 1619 martyrum,
1805 1544 1848 1597 Ι.
1888 1540 2049 1596 Deni-

471 1672 576 1727 que
616 1655 844 1710 homilia:
873 1654 936 1706 de
965 1650 1221 1705 diversis:
1261 1646 1340 1700 De
1373 1642 1693 1714 expositione
1736 1633 1982 1707 symboli,
2004 1630 2046 1683 l.

474 1725 553 1802 De
586 1762 690 1815 non
728 1742 1015 1798 metuendis
1052 1736 1346 1794 carnalibus
1386 1730 1614 1787 hostibus
1642 1738 1692 1783 et
1729 1725 1912 1797 gratiis
1938 1729 2053 1793 post

473 1814 641 1893 cibum
679 1836 913 1910 agendis,
941 1833 1073 1899 1,11.
1123 1830 1202 1883 De
1246 1827 1465 1882 avaritia
1511 1821 1743 1883 vitanda,
1782 1817 1823 1881 l,
1866 1814 1928 1869 ll.
1974 1812 2053 1866 De

475 1904 807 1997 eleemosgnis
846 1923 1148 1996 largiendis,
1185 1920 1225 1986 1,
1256 1919 1324 1972 ll.
1372 1916 1450 1969 De
1484 1912 1858 1984 hospitalitate,
1889 1907 1929 1959 l.
1972 1904 2051 1960 Ds

475 1994 884 2089 defsctuvlunat,
913 1994 955 2068 Iv.
1024 2013 1193 2081 Super
1228 2008 1360 2064 illud
1399 2006 1557 2062 Isaia:
1590 2020 1606 2058 :
1647 2002 1931 2069 Caupones
1977 1994 2054 2051 tui

477 2109 703 2164 miscent
754 2122 947 2175 aquam
1001 2104 1161 2167 vino,
1210 2101 1251 2155 l.
1313 2099 1532 2154 Summa
1577 2094 1647 2148 74
1703 2090 2053 2147 Homiliarutn

476 2197 848 2271 Cbrysostomi
870 2202 995 2252 sunt
1016 2193 1104 2258 12,
1135 2205 1348 2262 unaque
1377 2196 1637 2259 praeterea
1658 2181 1919 2250 Origenis.
1965 2178 2055 2232 ln-

476 2290 580 2344 dex
620 2289 674 2343 in
701 2278 1201 2356 'titulopromissus
1241 2297 1348 2337 non
1390 2279 1524 2333 alius
1557 2284 1826 2344 estquam
1866 2274 2058 2327 harum

481 2381 717 2448 ipsarum
759 2378 1127 2441 homiliarum,
1166 2389 1286 2444 qua:
1320 2371 1494 2426 verbis
1522 2367 1812 2423 initialibus
1839 2363 2059 2432 singula:

480 2468 866 2537 signiﬁcantur.
889 2465 1237 2520 Praemittitur
1255 2459 1517 2515 Gennadii
1546 2456 1928 2512 testimonium.

1191 2548 1349 2603 1555.

554 2648 797 2713 Basilecc,
828 2660 926 2715 per
947 2643 1170 2698 Hieron.
1202 2641 1437 2695 Froben.
1466 2646 1522 2693 et
1548 2637 1664 2692 Nic.
1695 2633 2058 2705 Episcopium,

485 2738 668 2795 lit-fol.
699 2737 754 2792 S.
792 2736 1009 2789 Maximi
1036 2731 1381 2787 Tanrinensis
1416 2743 1721 2794 sermones;
1765 2728 1903 2781 inter
1931 2724 2062 2777 Am-

488 2828 740 2885 brosiano
771 2826 928 2894 vulgo
953 2824 1125 2878 dictos
1155 2823 1209 2876 in
1238 2830 1387 2877 tomo
1407 2819 1621 2888 lll0pp.
1655 2815 1924 2872 Ambrosii
1950 2813 2064 2869 edi-

492 2924 656 2980 tionis
682 2917 1304 2977 Erasmo-Costerianaz.,
1326 2929 1429 2984 pp.
1452 2910 1713 2965 225-523.

558 3017 651 3071 Isti
674 3014 895 3085 quidem
922 3024 1201 3067 sermones
1227 3024 1332 3063 non
1356 3008 1408 3061 in
1438 3007 1539 3061 hac
1565 3004 1779 3059 demum
1801 2998 2068 3055 Ambrosii

490 3108 724 3165 editione
758 3104 954 3176 prolati
990 3108 1145 3167 sunt,
1190 3099 1287 3155 sed
1312 3113 1463 3166 neque
1493 3096 1546 3150 in
1574 3094 1745 3166 prima
1769 3092 1879 3162 jam
1908 3089 2068 3144 Eras-

492 3201 667 3255 miana
706 3199 1049 3265 comparent,
1100 3198 1156 3245 et
1194 3190 1247 3244 in
1286 3186 1650 3258 superioribus
1677 3180 2068 3238 Basileensibus
2096 3159 2142 3220 ο

493 3289 707 3344 luerunt
733 3286 895 3351 editi;
924 3298 1058 3353 quas
1085 3294 1272 3336 omnes
1295 3317 1311 3343 ,
1355 3278 1402 3333 si
1430 3276 1607 3342 lubet,
1639 3273 1829 3345 aliquis
1856 3268 2075 3325 Maximi

495 3377 819 3435 ealitionibus
857 3378 1157 3429 accenseat.
1203 3369 1309 3425 Sed
1336 3369 1462 3440 quia
1496 3375 1680 3422 nostra
1707 3380 1816 3419 non
1846 3370 1955 3416 tam
1984 3374 2074 3414 re-

497 3469 601 3531 fert
628 3469 768 3524 scire
796 3464 1052 3536 quidquid
1092 3478 1162 3519 ex
1202 3461 1418 3516 Maximi
1444 3455 1881 3515 meditationibus
1911 3451 2076 3507 tacito

498 3560 734 3618 auctoris
769 3558 854 3613 vel
884 3555 1020 3611 adeo
1053 3554 1152 3611 sub
1188 3553 1407 3608 alterius
1433 3549 1649 3605 nomine
1676 3544 1877 3617 passim
1911 3557 2077 3599 excu-

500 3667 621 3708 sum
634 3650 736 3717 sit,
762 3663 923 3717 quam
944 3662 1063 3717 qua:
1082 3644 1167 3701 vel
1188 3644 1431 3715 primitus
1459 3654 1656 3696 nomen
1684 3637 1800 3708 ejus
1818 3632 2083 3704 gesserint

502 3742 589 3796 vel
629 3740 828 3795 sensim
874 3738 925 3793 ei
971 3736 1171 3791 fuerint
1215 3734 1496 3789 restituta:
1544 3724 1917 3799 prmtermissis
1963 3721 2084 3776 aliis

503 3831 643 3892 hanc
677 3826 1048 3883 Costerianam
1086 3835 1597 3882 commemoramus,
1642 3819 1695 3871 in
1718 3831 1824 3884 qua
1851 3814 2084 3884 primum

504 3919 726 3988 singulis
753 3914 1091 3972 sermonibus
1109 3918 1296 3966 auctor
1315 3925 1443 3964 suus
1464 3907 1723 3974 ascriptus
1752 3911 1851 3959 est.
1882 3902 2087 3971 Nempe

506 4011 620 4072 hinc
664 4005 893 4062 Costerii
940 4017 1103 4073 opera
1147 4000 1265 4065 fuit,
1308 3995 1663 4054 nouErasmi.
1703 3992 1761 4047 In
1784 4007 1892 4061 quo
1913 3990 2087 4046 corri-

507 4099 708 4171 gendus
736 4105 819 4153 est
847 4093 1165 4150 novissimus
1204 4090 1376 4146 editor
1406 4089 1586 4144 Bruuo
1613 4087 1856 4149 Brunus,
1904 4083 1997 4154 qui
2036 4081 2089 4138 in

507 4190 817 4266 prmfatione
848 4187 1106 4242 Romamn
1156 4183 1405 4239 editionis
1454 4181 1507 4253 (§
1538 4179 1592 4247 4,
1622 4195 1677 4250 p.
1713 4178 1826 4249 15),
1883 4175 2092 4231 Erasmi

509 4284 562 4345 in
592 4279 865 4353 opusculis
886 4276 1102 4331 Maximi
1122 4273 1509 4344 distinguendis
1532 4279 1588 4327 et
1606 4271 1675 4326 ad
1696 4267 2091 4335 manuscriptos

512 4372 724 4437 codices
752 4368 1031 4438 exigendis
1054 4367 1236 4423 laudat
1254 4364 1589 4429 industriam,
1613 4360 1848 4417 conlisus
1867 4357 2091 4423 scilicet,

513 4479 620 4524 non
650 4463 761 4518 suis
798 4461 996 4525 oculis,
1027 4457 1122 4513 sed
1157 4455 1421 4511 Casimiro
1449 4453 1689 4516 Oudino,
1732 4450 1884 4519 cuius
1911 4458 2091 4504 tamen

512 4556 690 4611 locum
718 4551 950 4623 propriis
972 4548 1148 4602 verbis
1190 4546 1411 4599 allatum
1435 4560 1544 4600 non
1572 4551 1718 4598 recte
1746 4541 1907 4611 cepit.
1943 4539 2095 4594 Eras-

515 4660 634 4701 mus
676 4643 817 4697 enim
840 4639 973 4694 nihil
1001 4636 1227 4707 amplius
1259 4637 1445 4691 statuit
1490 4648 1651 4705 quam
1678 4647 1797 4688 esse
1818 4644 2094 4687 sermones

515 4735 649 4790 istos
665 4731 1032 4803 supposititios
1056 4736 1124 4783 et
1149 4728 1281 4782 nihil
1308 4727 1507 4782 habere
1533 4725 1897 4783 Ambrosianus
1926 4737 2093 4779 vente.

520 4825 794 4880 Costerius
822 4838 949 4879 vero
979 4821 1266 4892 plerosque
1296 4817 1561 4882 Maximo,
1604 4823 1718 4871 tum
1747 4831 1813 4872 ex
1841 4831 1969 4872 mss.
2000 4829 2096 4871 co-

522 4914 699 4969 dicum
730 4915 866 4980 tide,
897 4922 1011 4969 tum
1040 4926 1107 4967 ex
1143 4909 1416 4980 impressis
1453 4907 1725 4973 attribuit;
1752 4906 1895 4976 quod
1924 4907 2098 4975 ipsum

525 5004 763 5059 Oudinus
807 5005 952 5061 dicto
992 5005 1113 5061 loco
1141 5001 1440 5066 conﬁrmat,
1488 5000 1544 5053 in
1588 5012 1655 5053 eo
1696 4998 1870 5052 solum
1916 4996 2101 5063 falsus,

525 5097 674 5166 quod
719 5112 895 5151 omnes
935 5098 1154 5153 omnino
1196 5095 1433 5151 Maximo
1466 5091 1774 5147 attribuisse
1801 5089 2104 5145 Costerium

530 5188 693 5244 dicat.
742 5184 1007 5241 Caeterum
1044 5197 1301 5256 quantum
1349 5186 1592 5243 Costerio
1632 5183 1967 5240 Coloniensis
1995 5182 2106 5237 Ma-

533 5280 661 5334 ximi
702 5293 1012 5345 sermonum
1051 5279 1212 5335 editio
1240 5280 1501 5350 profuerit
1525 5291 1756 5348 quamve
1788 5274 2012 5343 diligens
2050 5273 2106 5328 in

534 5370 845 5429 evolvendis
865 5386 993 5426 mss.
1025 5371 1173 5426 libris
1198 5372 1299 5427 hac
1328 5374 1380 5427 in
1406 5389 1468 5429 re
1491 5372 1666 5438 fuerit,
1690 5369 1779 5425 alii
1809 5368 2041 5423 videant.

1246 5463 1401 5517 1564.

608 5554 810 5622 Romae,
842 5554 981 5626 apud
1004 5553 1227 5609 Paulum
1255 5552 1545 5609 Manutium
1575 5553 1711 5609 Aldi.
1746 5551 1806 5607 F.
1839 5550 1891 5605 in
1914 5547 2113 5604 aedibus

539 5646 725 5719 populi
752 5645 1000 5707 Romani,
1035 5643 1212 5699 in-lol.
1246 5642 1459 5697 Maximi
1494 5642 1833 5699 Taurinensis
1860 5640 2107 5718 homiliie,

542 5752 664 5793 cum
708 5731 938 5794 Salviani
990 5736 1057 5794 de
1088 5749 1211 5791 vero
1240 5732 1445 5789 iudicio
1475 5743 1527 5787 et
1558 5714 1896 5790 Providentia
1927 5732 2022 5789 Dei
2051 5732 2113 5789 li-

2120 4510 2170 4570 D

2139 543 2194 590 et
2223 530 2515 603 liaymonis
2541 520 3019 583 Holberstattensis
3048 514 3356 587 opusculis,
3387 513 3582 569 edente
3614 510 3721 566 Pe-

2143 633 2225 678 tro
2254 619 2545 682 Galesinio,
2576 632 2668 686 pp.
2695 611 2920 667 85-181.
2986 637 2991 640 -

2212 710 2476 767 Editionis
2514 707 2673 775 hujus
2702 704 2813 771 jam
2862 701 2914 756 in
2954 700 3129 771 primo
3169 704 3318 757 temo
3340 694 3518 764 operis
3554 693 3724 747 nostri

2142 805 2209 860 ad
2237 803 2527 857 Pacianum
2558 795 2888 850 mentionem
2908 790 3147 853 fecimus,
3181 803 3281 842 nec
3306 801 3434 841 sane
3461 784 3726 839 Maximus

2142 896 2262 967 plus
2288 893 2355 947 ab
2381 907 2447 946 eo
2470 902 2632 959 quam
2661 884 2920 940 Pacianus
2948 880 3080 936 lucri
3110 878 3250 933 fecit.
3294 875 3435 930 Nihil
3462 875 3606 929 enim
3629 888 3729 928 no~

2144 964 2318 1041 tarum
2347 980 2606 1044 accessit,
2649 974 2744 1031 sed
2771 990 2838 1031 ex
2866 970 3110 1043 Gymnici
3146 968 3381 1024 editione
3412 964 3726 1034 simpliciter

2144 1083 2267 1131 sunt
2293 1072 2535 1143 repetita:
2572 1068 2794 1139 praeﬁxo
2831 1076 3044 1134 quoque
3079 1059 3268 1115 eodem
3298 1056 3469 1111 indice
3499 1063 3554 1110 et
3580 1053 3729 1109 Gen—

2146 1164 2289 1220 nadii
2344 1158 2669 1217 testimonio.
2746 1154 3113 1209 Admonemur
3157 1156 3337 1203 autem
3387 1161 3420 1200 a
3477 1144 3729 1200 Brunone

2146 1256 2349 1316 Bruno,
2392 1252 2575 1307 binam
2612 1246 2836 1317 hujusce
2885 1239 3219 1299 collectionis
3257 1237 3472 1292 Patrum
3516 1242 3729 1291 exstare

2147 1346 2458 1405 editionem,
2481 1341 2670 1397 eodem
2692 1351 2854 1402 anno,
2883 1334 3073 1390 eodem
3096 1332 3409 1387 charactere
3427 1327 3729 1395 eademque

2150 1438 2343 1505 forma,
2383 1451 2414 1489 a
2448 1431 2717 1488 Galesinio
2773 1429 3083 1496 vulgatam:
3116 1423 3340 1493 primam
3381 1420 3524 1475 enim
3564 1426 3731 1473 testa-

2151 1539 2238 1585 tur
2264 1528 2365 1584 sibi
2392 1526 2445 1579 in
2475 1518 2846 1579 concinnanda
2872 1515 3165 1572 novissima
3189 1511 3509 1567 collectione
3536 1514 3733 1578 praesto

2151 1621 2317 1677 fuisse
2366 1633 2434 1672 ex
2478 1613 2802 1669 bibliotheca
2848 1607 3089 1662 Floreat.
3149 1602 3361 1670 collegii
3405 1599 3461 1655 S.
3511 1597 3734 1652 Joannis

2152 1707 2527 1776 Evangelisue,
2558 1703 2781 1757 alteram
2810 1705 2989 1752 autem
3027 1693 3198 1750 multo
3240 1692 3330 1745 illa
3359 1688 3734 1761 perlectiorem

2080 1805 2129 1866 Β
2155 1811 2211 1856 et
2228 1796 2637 1875 completiorem
2663 1791 2848 1846 Romaa
2873 1802 2992 1843 sese
3014 1792 3230 1840 nactum
3258 1782 3437 1847 fuisse,
3460 1779 3734 1849 additque,

2153 1911 2262 1950 non
2290 1892 2421 1949 satis
2449 1872 2700 1943 admirari
2729 1881 2968 1954 potuisse
2985 1921 2999 1947 ,
3034 1877 3178 1948 quod
3216 1891 3249 1930 a
3279 1873 3546 1930 Galcsinio
3574 1872 3737 1926 silen-

2152 1985 2229 2039 tio
2251 1979 2609 2053 prmtermissa
2641 1972 2820 2053 fuerit,
2853 1985 2953 2025 nec
2989 1968 3192 2030 minus,
3237 1963 3381 2033 quod
3401 1962 3467 2016 de
3494 1958 3740 2031 Gymnici

2154 2049 2388 2129 editione
2426 2081 2647 2140 prorsus
2688 2049 2801 2118 ille.
2828 2068 3021 2116 taceat.
3041 2053 3144 2110 Sed
3161 2054 3305 2124 quod
3319 2054 3385 2109 ad
3403 2060 3735 2122 postremum

2157 2163 2350 2217 attinet
2375 2139 2489 2214 non
2526 2164 2812 2224 tantopere
2835 2149 3119 2207 mirabitur
3146 2145 3237 2217 qui
3272 2142 3584 2213 cognoverit
3625 2139 3742 2193 nul~

2159 2256 2261 2310 lius
2294 2253 2515 2309 omnino
2542 2246 2796 2305 editionis
2836 2240 3127 2312 superioris
3167 2237 3498 2294 mentionem
3525 2249 3556 2287 a
3584 2231 3742 2287 Gale-

2159 2347 2300 2403 siuio
2324 2346 2519 2401 factam
2548 2356 2687 2397 esse.

2908 2424 3032 2480 579.

2232 2548 2471 2605 Colonia:
2504 2542 2835 2616 Agrippinte,
2866 2536 3007 2609 apud
3035 2534 3191 2590 Joan.
3234 2530 3487 2587 Carolum
3530 2527 3745 2582 Munich

2164 2650 2220 2698 et
2246 2641 2464 2695 Petrum
2487 2634 2744 2698 Ketteler,
2786 2628 2923 2685 ἰπὶ-1.
2962 2626 3019 2682 8.
3046 2623 3263 2685 Maximi
3295 2618 3531 2690 episcopi
3555 2616 3745 2670 Tauri-

2164 2732 2347 2789 nensis
2360 2727 2594 2785 homilite
2614 2722 2876 2779 hiemales
2894 2727 2949 2775 et
2972 2716 3238 2773 :estivales
3256 2712 3457 2783 pariter
3475 2709 3743 2776 insignes;

2166 2839 2288 2880 cum
2318 2820 2463 2875 Petri
2501 2813 2819 2887 Cbrysologi
2864 2807 3207 2866 sermonibus
3240 2805 3296 2858 h.
3330 2817 3380 2856 a.
3413 2809 3469 2856 et
3493 2801 3612 2855 loco
3642 2799 3750 2868 pri-

2170 2928 2319 2971 mum
2350 2912 2403 2966 in
2432 2907 2719 2964 Germania
2747 2903 2923 2960 editis.
2972 2899 3133 2954 Deest
3177 2894 3335 2951 index
3361 2906 3670 2949 sermonum
3698 2890 3752 2944 in

2172 3005 2347 3075 prima
2377 3000 2640 3069 adjectus.

2875 3080 3037 3138 1581.

2246 3201 2665 3261 Mediolani....
2689 3240 2703 3254 .
2752 3196 2808 3253 8.
2858 3192 3076 3250 Maximi
3129 3188 3368 3260 episcopi
3414 3183 3757 3241 Taurinensis

2175 3312 2453 3356 sermones
2470 3303 2703 3366 quatuor
2731 3292 2800 3347 de
2826 3296 3011 3344 saneto
3028 3283 3261 3342 Eusebio
3285 3287 3521 3355 martyre
3546 3275 3759 3331 Vercel-

2177 3390 2341 3455 lensi;
2373 3389 2426 3443 in
2452 3386 2807 3455 Antiquorum
2835 3379 3052 3435 Patrum
3080 3377 3418 3434 sermonibus
3438 3382 3492 3430 et
3519 3370 3760 3443 epistolis

2178 3482 2247 3536 de
2282 3479 2340 3535 8.
2374 3476 2607 3533 Eusebio
2629 3472 2955 3529 Vercellensi
2995 3470 3251 3540 episcopo
3280 3475 3335 3521 et
3361 3471 3616 3535 martyre,
3644 3461 3759 3515 col-

2178 3569 2332 3625 lectis
2353 3567 2505 3636 jussu
2523 3563 2745 3619 Joannis
2767 3561 3040 3617 Francisci
3059 3556 3343 3614 Bonhomii
3365 3552 3602 3625 episcOpi
3633 3550 3757 3605 Ver-

2182 3658 2446 3717 cellensis.

2254 3747 2466 3803 Laudat
2508 3745 2647 3800 hanc
2693 3741 2984 3799 editionem
3033 3735 3353 3793 Muratorius
3410 3733 3464 3787 in
3511 3730 3662 3802 prter.
3696 3727 3761 3784 ad

2182 3852 2464 3895 sermones
2505 3851 2539 3890 a
2576 3850 2635 3889 se
2671 3833 2843 3889 editos
2872 3831 2923 3887 in
2952 3827 3228 3883 Anecdotis
3251 3867 3265 3891 ,
3298 3826 3438 3879 inter
3464 3835 3602 3891 quos
3631 3834 3765 3890 qua~

2184 3938 2311 3985 tuor
2338 3929 2412 3983 illi
2435 3935 2560 3984 sunt
2587 3925 2653 3981 de
2679 3923 2876 3979 sanctis
2902 3920 2990 3987 Vl,
3020 3918 3129 3983 VII,
3151 3917 3266 3972 V111
3293 3924 3349 3971 et
3370 3912 3462 3968 1X.
3500 3912 3561 3967 lu
3587 3910 3764 3965 novis-

2186 4021 2324 4076 sima
2345 4018 2591 4073 Romana
2619 4015 2854 4070 editione
2882 4019 3063 4067 autem
3090 4008 3303 4064 nonnisi
3327 4020 3465 4059 unus
3492 4019 3558 4057 ex
3580 4002 3766 4058 iisdem

2189 4110 2329 4163 inter
2345 4107 2604 4176 genuinos
2626 4104 2807 4158 locum
2829 4098 3329 4169 occupavit,,sermo
3356 4093 3419 4148 81
3443 4094 3509 4147 de
3535 4090 3766 4153 Sanctis,

2192 4198 2475 4266 inscriptus
2521 4195 2574 4247 in
2615 4192 2783 4246 natali
2814 4190 2919 4245 SS.
2954 4186 3375 4242 Machabmorum
3397 4193 3447 4236 et
3476 4182 3536 4237 S.
3561 4177 3769 4233 Eusebii

2200 4287 2265 4342 V.
2297 4285 2365 4340 Ε.
2392 4293 2441 4338 et
2469 4282 2571 4347 M.,
2608 4280 2869 4349 incipiens
2905 4277 3143 4332 averhis
3163 4274 3244 4328 Ad
3264 4273 3609 4328 celebritatem
3636 4284 3771 4340 pra:-

2193 4377 2353 4432 sentis
2382 4373 2510 4438 dici;
2552 4370 2743 4438 reliqui
2784 4377 2896 4423 tres
2932 4368 2987 4422 in
3018 4365 3368 4437 appendicem
3397 4368 3522 4416 sunt
3548 4356 3771 4425 relegati

2196 4484 2250 4523 ιι.
2280 4466 2369 4533 Si,
2400 4465 2489 4529 22,
2518 4463 2607 4529 2⁵5,
2637 4462 2950 4531 incipientes
2988 4459 3168 4513 verbis
3186 4497 3200 4522 ,
3251 4455 3382 4508 Dum
3416 4452 3485 4505 ad
3512 4449 3772 4520 obsequia,

2196 4569 2332 4626 etc.;
2385 4557 2527 4612 Licet
2570 4572 2687 4621 me,
2720 4556 2910 4625 fratres
2937 4590 2951 4615 ,
2993 4550 3235 4603 charitati
3280 4553 3497 4609 vestrm,
3530 4550 3671 4606 etc.;
3717 4545 3775 4594 et

2199 4648 2524 4719 Quanquam,
2551 4644 2871 4701 dilectissimi
2897 4643 3107 4714 fratres,
3140 4647 3243 4693 etc.

2916 4769 3075 4825 1588.

2276 4889 2547 4960 Lugduni,
2573 4883 2882 4948 ex_oflicina
2909 4881 3242 4941 iunctarum,
3274 4874 3442 4931 in-l‘ol.
3475 4871 3533 4929 S.
3564 4869 3779 4925 Maximi

2206 4981 2550 5040 Taurinensis
2589 4995 2676 5049 ep.
2706 4975 2974 5039 homilize;
3002 4974 3056 5027 in
3085 4970 3421 5026 Bibliotheca
3442 4966 3783 5021 humiliarqu

2206 5082 2263 5129 et
2310 5085 2621 5130 sermonum
2664 5067 2972 5138 priscorum
3011 5060 3268 5137 Ecclesia:
3310 5059 3529 5113 Patrum
3553 5097 3570 5124 ,
3623 5054 3783 5108 Laur.

2207 5164 2419 5223 Cumdii
2437 5171 2495 5219 et
2514 5159 2741 5217 Gerardi
2767 5155 2993 5219 Mosani,
3023 5168 3121 5225 per
3153 5160 3321 5206 totum
3350 5163 3487 5220 opus
3506 5147 3783 5218 disperssn.

2812 5302 3027 5345 SECULO
3061 5301 3170 5340 XVII
3179 5324 3189 5339 ι

2916 5398 3071 5455 1615.

2286 5542 2652 5609 Parisiis,....
2706 5537 2907 5593 in-fol.
2955 5536 3011 5591 S.
3057 5534 3275 5590 Maximi
3317 5529 3660 5587 Taurinensis
3703 5543 3786 5599 cp.

2213 5637 2467 5701 homilim,
2495 5650 2619 5692 cum
2642 5632 2839 5688 Leonis
2885 5629 2955 5684 Μ.
2989 5636 3042 5684 et
3073 5628 3215 5683 Petri
3261 5620 3573 5699 Chrysologi
3614 5619 3783 5692 aperi.

2216 5732 2338 5791 bus.
2364 5729 2454 5786 Sic
2476 5728 2655 5784 Bruuo
2680 5724 2887 5780 Brunus
2909 5720 3114 5777 asserit.
3176 5774 3181 5777 _
