4042 6192
301 328 404 387 189

1005 440 1161 496 1614.

370 531 613 598 Parisiis,
636 530 779 603 apud
799 531 1076 588 Claudium
1099 531 1401 597 Morelium,
1427 532 1604 594 ιιι-101.
1622 532 1879 601 Eisdem;

300 638 421 680 eum
442 621 664 678 iisdem.
686 622 822 678 Vide
846 630 1149 691 sequentes.

1013 711 1152 766 1618

369 803 622 868 Parisiis,
666 803 968 873 sumptibus
1021 803 1231 859 Sebast.
1262 802 1561 875 Cramoisy,
1606 806 1693 859 via
1719 804 1881 860 Jaco-

298 896 431 960 hara,
463 893 648 949 in—fol.
666 890 737 947 'S.
763 893 979 948 Maximi
998 891 1341 949 Tanrinensis
1369 895 1603 965 episcopi
1625 895 1879 963 homilim,

300 999 420 1039 cum
451 982 650 1038 Leonis
680 982 749 1036 M.
782 989 838 1037 et
869 983 1010 1038 Petri
1038 982 1353 1055 Cbrysologi
1389 986 1667 1055 cperibus,
1698 986 1880 1041 medio

299 1075 441 1138 loco,
471 1088 564 1144 pp.
599 1072 847 1127 550-706.
881 1073 1104 1129 Additus
1132 1082 1214 1129 est
1241 1074 1402 1129 index
1421 1091 1600 1131 rerum
1630 1075 1796 1131 Leoni
1826 1083 1882 1131 et

300 1162 534 1217 Maximo
579 1162 900 1217 communis.
951 1161 1133 1217 Bruno
1180 1163 1389 1218 Brunus
1427 1164 1482 1218 in
1510 1165 1878 1220 recentissima

300 1253 516 1308 Maximi
545 1252 806 1319 editione,
851 1253 1078 1306 alteram
1106 1254 1301 1307 horum
1340 1252 1557 1308 Patrum
1586 1254 1876 1309 editionem

294 1345 606 1415 Antuerpiaa
634 1342 771 1397 1628
794 1342 989 1397 factam
1018 1354 1137 1398 esse
1160 1344 1358 1413 prodit.

363 1435 558 1489 Colon.
606 1434 850 1503 Agripp.,
904 1441 1101 1503 sumpt.
1151 1433 1277 1490 Ant.
1325 1432 1562 1501 Hierat.,
1594 1435 1770 1491 in—fol.
1816 1434 1874 1492 8.

298 1524 522 1589 Maximi
544 1523 888 1578 Tauriuensis
902 1524 1135 1578 homiliae
1150 1542 1215 1579 ex
1244 1524 1483 1581 editione
1509 1525 1751 1582 Romana
1776 1542 1875 1583 ex-

298 1630 492 1686 pressae
520 1615 574 1669 in
605 1625 751 1670 tomo
780 1614 845 1681 V,
876 1624 1015 1685 part.
1044 1614 1099 1682 1,
1130 1613 1473 1671 Bibliotheca
1499 1614 1605 1671 PP.

1003 1704 1160 1759 1622.

1405 330 1680 389 NOTITIA
1716 331 2545 391 HlSTORlCO-UTTERARIA.‘

3468 343 3567 402 130

1912 446 2229 520 Aepiscopi
2261 446 2611 503 Taurinensis
2635 446 2899 520 bomiliis,
2934 464 3059 507 cum
3095 452 3346 522 operibus
3371 453 3563 514 Leonis

1984 538 2081 606 M.,
2108 546 2241 607 etc.,
2286 540 2342 593 in
2381 548 2535 595 aucta
2574 540 2852 612 Raynaudi
2896 542 3219 599 collectione
3255 544 3310 598 h.
3358 546 3391 598 1.
3421 555 3478 601 et
3504 564 3557 604 ι.

1986 631 2206 685 recusis.
2246 628 2577 685 Novissimus
2629 631 2805 685 editor
2848 630 3192 687 homiliarum
3236 632 3293 688 S.
3344 634 3561 691 Maximi

1974 722 2141 775 aliam
2168 722 2389 792 insuper
2414 722 2639 792 hujusce
2664 724 3315 794 collectionis'etlitionem
3344 726 3561 784 Parisiis

1981 826 2072 866 an.
2100 810 2242 865 1672
2262 810 2461 867 factam
2491 820 2673 879 notat;
2704 827 2865 881 quam
2890 828 3041 883 vere,
3070 815 3273 871 nescio.

2695 902 2855 957 1672.

2051 989 2318 1059 Lugduni,
2359 989 2505 1061 apud
2550 990 2827 1059 Hugonem
2869 992 3247 1066 Denovall‘ay.,
3295 995 3463 1052 in-fol.
3495 995 3554 1051 S.

1979 1078 2201 1135 Maximi
2222 1081 2569 1136 Taurinensis
2592 1082 2832 1151 episcopi
2862 1083 3097 1138 homilia:
3137 1083 3232 1151 71;
3264 1085 3318 1139 in
3367 1086 3555 1142 eadem

1979 1170 2299 1226 collectione
2326 1171 2503 1228 denuo
2534 1187 2759 1237 recusa;
2791 1181 2927 1228 teste
2948 1172 3198 1229 Brunone
3224 1174 3425 1233 Bruno.

2689 1264 2846 1319 1677.

2050 1348 2293 1418 Lugduni
2318 1392 2333 1418 ,
2359 1352 2500 1421 apud
2540 1352 2856 1409 Anissonios
2883 1354 3090 1411 fratres.
3112 1397 3129 1424 ,
3157 1356 3334 1413 in-l'ol.
3366 1356 3422 1412 S.
3450 1357 3557 1411 Ma-

1976 1440 2105 1494 ximi
2148 1440 2499 1496 Taurinensis
2544 1443 2781 1512 episcopi
2829 1445 3062 1500 bomiliaa
3107 1445 3207 1512 74;
3236 1447 3289 1500 in
3314 1455 3463 1502 tomo
3494 1447 3557 1502 Vl

1979 1530 2328 1586 Bibliothecae
2357 1547 2502 1586 max.
2528 1531 2656 1601 PP.,
2686 1546 2841 1602 pagg.
2875 1534 3022 1590 1-«19.

2051 1621 2259 1690 Roma),
2304 1632 2503 1693 sumpt.
2550 1622 2733 1679 Pontii
2780 1625 3143 1696 Bemardon.,
3174 1628 3348 1682 in-fol.
3382 1627 3555 1686 Latini

1975 1713 2171 1767 Latinii
2214 1714 2615 1769 observationes
2653 1723 2710 1769 et
2747 1717 3111 1772 correctiones
3139 1718 3192 1772 in
3220 1718 3467 1773 homilias
3495 1718 3551 1773 S.

364 1793 609 1888 Lugduni
629 1835 645 1861 ,
672 1793 975 1866 sumptibus
1009 1795 1219 1851 Claudii
1242 1796 1499 1870 Landry.,
1549 1797 1731 1881 iit-1'01.
1757 1798 1872 1854 Ma-
1902 1828 1947 1888 Β
1973 1803 2191 1860 Maximi
2239 1806 2477 1876 episcopi
2531 1804 2906 1873 Taurinensis;
2944 1808 2999 1862 in
3043 1808 3361 1865 Bibliotheca
3403 1826 3554 1863 sacra

299 1887 423 1941 ximi
452 1886 800 1944 Taurinensis
826 1903 915 1959 ep.
960 1889 1230 1955 homiliaa;
1279 1905 1402 1945 cum
1447 1888 1681 1955 Leonis,
1726 1890 1871 1947 Petri
1907 1886 1933 1888 ί
1976 1903 2027 1950 et
2052 1898 2300 1966 profana,
2331 1910 2385 1964 p.
2420 1894 2542 1948 164.

294 1978 643 2050 Chrysologi,
677 1978 969 2049 Fulgentii,
999 1979 1266 2035 Valeriani
1295 1988 1351 2058 et
1378 1980 1574 2037 Asterii
1599 1982 1871 2053 operibus,

300 2085 449 2142 pagg.
476 2070 731 2127 193-246.

1005 2161 1165 2218 1625.

365 2255 749 2320 Parisiis,....
794 2256 978 2311 in-l'ol.
1025 2254 1084 2310 S.
1141 2253 1360 2325 Maximi
1408 2252 1754 2309 Tauriuensis
1778 2268 1869 2324 ep.

300 2344 532 2400 bomilize
555 2344 657 2413 74,
680 2360 800 2399 cum
830 2344 1017 2400 iisdem
1051 2345 1247 2401 Leonis
1268 2345 1344 2399 M.
1377 2344 1713 2414 aliorumque
1740 2358 1873 2415 ope-

300 2436 463 2491 ribus.
506 2434 763 2491 Testante
783 2435 984 2491 Bruno.

1004 2525 1169 2580 1655.

365 2615 607 2684 Lugduni
626 2656 642 2681 ,
666 2656 680 2669 .
700 2654 715 2668 .
737 2654 751 2669 .
773 2654 787 2669 .
840 2615 1022 2671 in-l‘ol.
1074 2615 1129 2669 S.
1156 2614 1382 2670 Maximi
1403 2613 1747 2672 Taurinensis
1767 2616 1872 2673 ho—

296 2708 483 2774 miliaa,
515 2723 638 2763 cum
663 2706 855 2762 Leonis
883 2707 953 2761 M.
979 2708 1332 2777 aliorumque,
1350 2706 1548 2777 quibus
1574 2707 1870 2777 Meptadem

295 2796 586 2853 Praesulum
612 2796 843 2855 confecit
867 2796 1111 2867 Tbeopb.
1147 2797 1471 2868 Raynaudus
1489 2798 1762 2867 operibus.

1001 2886 1161 2941 1651.

363 2976 582 3032 Parisiis
601 3016 648 3043 ,.
668 3017 685 3032 .
705 3016 719 3031 .
768 2975 965 3032 in-lol.
996 2975 1246 3044 Ezedem;
1288 2978 1342 3032 in
1374 2993 1564 3034 recusa
1592 2978 1871 3051 Raynaudi

295 3068 611 3124 collectione
640 3067 833 3124 Leonis
856 3067 959 3135 M.,
993 3076 1096 3123 etc.
1149 3067 1358 3125 Laudat
1400 3070 1539 3126 hanc
1575 3071 1867 3127 editionem

293 3156 611 3225 Quesnellus
639 3159 693 3213 in
715 3158 862 3229 prter.
894 3158 961 3213 ad
986 3158 1242 3214 Leonem.

1000 3248 1160 3304 1661.

365 3336 603 3405 Parisiis,
631 3339 775 3410 apud
803 3338 1113 3397 Simeonem
1151 3340 1323 3411 Piget,
1342 3342 1698 3412 'bibliopolam
1721 3343 1869 3413 jura-

298 3437 424 3492 tum,
479 3431 564 3484 via
611 3429 853 3485 Jacobma
900 3432 966 3486 ad
1007 3433 1212 3501 insigne
1250 3431 1569 3499 Prudentite,
1601 3434 1777 3490 inofol.
1807 3434 1865 3489 S.

296 3520 509 3575 Maximi
539 3521 881 3578 Taurinensis
900 3538 986 3593 ep.
1018 3525 1279 3591 bomiliai;
1311 3541 1434 3581 cum
1462 3526 1711 3596 operibus
1740 3525 1872 3581 Leo—

294 3613 376 3669 nis
399 3614 473 3668 M.
495 3654 512 3679 ,
555 3613 700 3669 Petri
727 3614 1059 3687 Chrysologi,
1091 3627 1194 3673 etc.
1221 3658 1237 3683 ,
1269 3619 1441 3674 auctis
1464 3618 1701 3673 Amedeo
1730 3618 1867 3672 Lau-

299 3707 576 3772 sannensi,
625 3721 719 3776 pp.
764 3704 1023 3761 195-246.
1066 3708 1149 3763 Ad
1200 3709 1421 3779 paginas
1472 3708 1735 3779 superiori
1776 3723 1865 3763 rc-

294 3797 541 3867 spondet.

1002 3888 1159 3943 1662.

365 3977 603 4043 Parisiis,
631 3979 930 4050 sumptibus
959 3980 1178 4035 Antonii
1202 3979 1447 4047 Bertier.,
1470 3979 1643 4035 in-l'ol.
1672 3977 1731 4034 8.
1762 3977 1868 4034 Ma-

295 4068 417 4123 ximi
448 4068 608 4124 Taur.
642 4071 878 4141 episcopi
906 4071 1140 4126 bomilia:
1174 4071 1228 4125 in
1256 4070 1522 4127 Francisci
1548 4070 1855 4127 Combelisii

2044 1988 2224 2043 Editio
2268 2004 2430 2059 quam
2485 1989 2568 2043 lue
2616 1996 2757 2044 notae
2801 1989 3122 2059 respiciunt,
3168 1989 3269 2043 fuit
3316 1988 3552 2045 Parisina

1972 2078 2117 2147 apud
2154 2066 2469 2133 Michaelem
2505 2079 2788 2133 Sannium.
2829 2078 2910 2132 Ab
2937 2078 3145 2133 editore
3170 2078 3415 2133 Romano
3445 2095 3551 2133 non

1976 2169 2230 2237 neglecta:
2257 2176 2401 2224 sunt.

2666 2258 2833 2313 .1681.

2042 2346 2282 2416 Parisiis,
2311 2346 2453 2418 apud
2475 2346 2816 2403 Franciscum
2840 2348 3101 2417 Muguet.,
3130 2349 3314 2405 in-l‘ol.
3330 2349 3550 2405 Maximi

1968 2438 2320 2493 Taurinensis
2366 2438 2600 2492 homilize
2654 2438 2862 2506 aliquot
2904 2454 2972 2495 ex
3016 2438 3422 2507 Augustinianis
3466 2455 3551 2495 se-

1968 2535 2130 2584 creta:
2176 2535 2233 2582 et
2268 2528 2323 2581 in
2368 2527 2661 2597 appendice
2698 2542 3009 2583 sermonum
3036 2530 3493 2599 supposititiorum
3517 2545 3549 2585 a

1969 2620 2213 2690 patribus
2242 2618 2499 2675 Maurinis
2526 2627 2723 2675 notata
2754 2628 2902 2677 tomo
2927 2621 2971 2675 V
3000 2629 3224 2691 operum
3247 2622 3550 2691 Augustini,

1972 2711 2221 2765 nimirum
2269 2710 2323 2764 in
2370 2710 2545 2765 classe
2586 2710 2757 2781 prima
2809 2727 3115 2766 sermonum
3156 2713 3221 2766 de
3264 2712 3550 2783 Scriptum

1979 2797 2095 2854 Vel.
2137 2807 2186 2853 et
2227 2798 2364 2854 Nori
2404 2799 2719 2853 Testamenti
2758 2815 2778 2853 :
2828 2800 2888 2853 1°
2935 2800 3129 2855 Sermo
3177 2800 3246 2855 80
3276 2803 3325 2855 in
3355 2802 3547 2856 Matth.

1972 2904 2135 2956 xxvu,
2164 2889 2229 2941 de
2247 2888 2385 2942 Juda
2413 2889 2694 2959 proditore,
2720 2897 2829 2943 tam
2858 2889 2911 2943 in
2930 2890 3203 2945 codicibus
3230 2908 3359 2948 mss.
3390 2907 3549 2963 quam

1966 2978 2128 3033 editis
2155 2977 2395 3033 Maximo
2429 2978 2678 3045 tributus,
2710 2979 2837 3033 olim
2866 2981 2929 3034 de
2948 2980 3206 3050 Tempore
3232 2980 3355 3049 128,
3379 2991 3434 3036 et
3461 2998 3549 3053 po-

1969 3075 2084 3123 stea
2108 3069 2166 3123 in
2196 3069 2424 3139 append.
2451 3068 2539 3123 48.
2571 3069 2633 3123 2ο
2661 3069 2851 3126 Sermo
2879 3070 2950 3124 82
2971 3072 3035 3125 de
3075 3070 3255 3126 Verbis
3278 3071 3550 3143 Evangelii

1896 3187 1941 3249 ο
1971 3158 2128 3215 Luca:
2155 3176 2250 3215 ut:
2282 3160 2578 3229 Venerunt,
2607 3170 2737 3229 etc.,
2782 3178 2813 3216 a
2844 3161 3265 3219 Lovaniensibus
3318 3164 3549 3221 Maximo

1972 3249 2222 3317 tributus,
2252 3249 2379 3305 olim
2407 3250 2470 3304 de
2504 3250 2683 3305 Verbis
2705 3250 2916 3307 Domini
2938 3253 3025 3321 19,
3055 3262 3111 3309 et
3128 3262 3311 3324 postea
3341 3256 3394 3310 in
3418 3271 3547 3325 app.

1967 3338 2023 3407 ὅ,
2048 3346 2104 3393 et
2142 3339 2282 3393 inter
2310 3340 2709 3396 Ambrosianos.
2739 3340 3071 3398 Benedictiui
3098 3352 3278 3400 tamen
3307 3346 3550 3400 dubitant

1968 3444 2036 3485 an
2063 3430 2224 3484 etiam
2252 3428 2539 3484 Maximum
2568 3437 2845 3486 auctorem
2882 3432 3095 3487 habeat.
3137 3434 3200 3488 5°
3231 3435 3418 3491 Sermo
3446 3434 3547 3489 100

1967 3520 2032 3575 de
2077 3519 2258 3575 Verbis
2296 3523 2470 3576 Actor.
2526 3536 2576 3577 tv
2609 3538 2622 3574 :
2654 3521 2826 3577 Nemo
2877 3523 3165 3594 quidquam
3207 3540 3275 3579 ex
3304 3540 3369 3579 eo
3397 3525 3547 3594 quod

1965 3611 2305 3682 possidebat,
2351 3611 2627 3680 proprium
2652 3625 2772 3666 esse
2800 3611 3043 3677 dicebat;
3097 3613 3224 3668 olim
3266 3614 3331 3667 de
3366 3614 3551 3668 Verbis

1966 3702 2202 3772 Apostoli
2222 3700 2315 3768 25,
2363 3709 2418 3756 et
2445 3712 2568 3771 post
2594 3702 2649 3756 in
2676 3717 2802 3772 app.
2827 3704 2880 3757 9.
2922 3702 3029 3758 Sed
3057 3711 3113 3758 et
3152 3704 3293 3759 inter
3319 3704 3547 3760 Ambro-

1966 3792 2147 3848 sianos
2174 3800 2230 3847 et
2271 3791 2490 3848 Maximi
2528 3794 2794 3862 vulgatus,
2834 3794 2919 3850 cui
2959 3808 3080 3849 cum
3127 3794 3547 3851 Lovaniensibus

1967 3883 2127 3937 etiam
2157 3881 2452 3951 Vindingus
2479 3883 2735 3952 assignat.
2774 3882 2834 3937 In
2855 3883 3025 3939 classe
3051 3884 3283 3939 secunda
3313 3885 3376 3938 de
3396 3884 3548 3939 Tem-

1964 3990 2107 4043 pore.
2136 3971 2192 4025 4°
2240 3972 2430 4029 Sermo
2479 3972 2583 4026 122
2626 3974 2679 4027 in
2718 3970 2907 4028 Natali
2950 3971 3183 4043 Domini,
3213 3973 3303 4042 Vl,
3333 3975 3384 4029 in
3414 3990 3546 4031 mss.

1964 4079 2117 4135 teque
2142 4079 2207 4119 ac
2232 4064 2390 4119 editis
2420 4064 2652 4119 Maximo
2692 4065 2978 4135 ascriptus,
3025 4065 3152 4119 olim
3200 4066 3262 4120 de
3302 4065 3551 4136 Tempore

295 4158 621 4217 Bibliotheca
648 4162 867 4218 Patrum
894 4164 1313 4220 concionatoria.
1343 4163 1401 4218 ln
1429 4179 1653 4218 recensu
1680 4172 1866 4219 aucto—
1968 4158 2053 4213 11.
2082 4166 2139 4212 et
2165 4165 2290 4227 post
2317 4157 2369 4210 in
2398 4172 2523 4225 app.
2556 4156 2644 4209 25.
2707 4155 2764 4210 5°
2791 4156 2982 4212 Sermo
3022 4156 3124 4210 151
3162 4159 3218 4212 in
3247 4156 3548 4229 Epiphania

294 4265 405 4307 rum
434 4267 666 4321 quorum
680 4254 916 4308 homilia:
936 4256 1023 4311 hic
1050 4255 1295 4327 qollectm
1332 4256 1670 4329 exhibentur,
1700 4255 1864 4310 etiam
1965 4247 2197 4316 Domini,
2242 4247 2327 4303 1V.
2381 4246 2597 4300 Maximi
2641 4248 3103 4303 consentientibus
3148 4264 3277 4304 mss.
3303 4265 3455 4317 teque
3482 4266 3551 4306 ac

293 4339 552 4397 Maximus
577 4343 754 4399 locum
784 4343 1002 4399 invenit.
1055 4344 1263 4413 Adjecit
1312 4345 1473 4399 etiam
1504 4345 1679 4399 editor
1716 4353 1864 4399 tomo
1964 4339 2144 4407 editis,
2188 4338 2318 4393 olim
2364 4337 2427 4390 de
2468 4335 2735 4406 Tempore,
2756 4334 2856 4404 57,
2885 4343 2939 4391 et
2965 4344 3087 4405 post
3113 4337 3166 4390 in
3196 4352 3320 4406 app.
3352 4338 3438 4391 29.
3479 4338 3549 4392 6°-

298 4428 400 4496 ΥΠ,
426 4450 481 4502 p.
510 4432 601 4499 45,
636 4448 837 4488 novum
864 4434 934 4486 ad
955 4435 1143 4504 festum
1171 4432 1477 4488 Nativitatis
1507 4434 1568 4489 S.
1592 4435 1780 4490 Maria:
1797 4450 1860 4489 ex
1965 4427 2157 4484 Sermo
2198 4426 2302 4481 115
2329 4429 2385 4482 in
2427 4425 2857 4497 Quadragesima,
2903 4425 2992 4495 Vl,
3034 4426 3166 4480 alias
3205 4428 3268 4480 de
3300 4425 3550 4495 Tempora

295 4523 476 4578 codice
503 4522 563 4578 S.
593 4522 847 4578 Germani
867 4522 1139 4578 Pratensis
1161 4522 1314 4578 titulo
1336 4523 1392 4576 in
1410 4523 1521 4592 ejus
1538 4523 1862 4593 Assumptio-
1888 4554 1941 4614 υ
1965 4522 2057 4588 69,
2095 4536 2126 4575 a
2169 4519 2589 4576 Lovaniensibus
2632 4518 2847 4586 dubius,
2893 4534 2925 4575 a
2946 4518 3163 4573 Verlino
3192 4525 3249 4614 et
3274 4517 3542 4614 Vindingo

296 4631 429 4682 netu,
457 4616 553 4671 sed
580 4616 674 4687 qui
708 4616 884 4686 magis
920 4614 992 4671 ad
1030 4614 1250 4670 Festum
1277 4614 1711 4671 Annuntiationis
1734 4630 1862 4685 spe-

293 4715 417 4763 cui.

1000 4798 1159 4855 1670.

358 4889 614 4962 Cygnete,
662 4891 808 4961 typis
845 4899 902 4946 et
926 4892 1182 4961 sumptib.
1209 4889 1358 4945 Sam.
1389 4888 1605 4956 Ebelii.,
1637 4887 1772 4943 in-8.
1802 4887 1860 4944 S.

293 4978 503 5036 Maximi
533 4981 879 5037 Taurinensis
903 4982 1139 5052 episcopi
1178 4981 1410 5036 bomilia:
1438 4991 1548 5036 tres
1575 4981 1629 5036 in
1655 4979 1863 5037 Solem-

295 5062 460 5128 nitate
486 5072 781 5127 nativitatis
806 5071 1016 5127 Domini
1037 5072 1205 5127 nostri
1228 5070 1355 5127 Jesu
1372 5070 1610 5127 Christi:
1641 5072 1697 5125 in
1721 5071 1865 5127 divo-

288 5177 408 5215 rum
436 5160 542 5215 PP.
573 5170 925 5230 veterumque
944 5159 1196 5217 Ecclesiae
1213 5160 1495 5216 doctorum
1523 5160 1745 5230 aliquot,
1769 5158 1864 5227 qui

292 5254 537 5308 oratione
572 5254 748 5308 soluta
776 5254 1131 5323 scripserunt,
1163 5252 1400 5308 bomiliis
1427 5259 1482 5307 et
1507 5251 1775 5307 meditatt.
1808 5251 1862 5306 in

288 5343 483 5397 iesIum
512 5342 685 5399 Nativ.
718 5342 766 5397 J.
800 5342 925 5398 Chr.
956 5343 1193 5399 collectis
1223 5358 1255 5397 a
1282 5341 1586 5397 Christiano
1613 5340 1861 5407 Daumio,

290 5447 381 5502 pp.
422 5432 651 5488 121-27.
702 5432 955 5503 Sequitur
1014 5433 1307 5490 editionem
1363 5432 1709 5489 Bibliotheca:
1755 5431 1857 5487 PP.

290 5520 647 5582 Coloniensis.
674 5524 813 5583 Sunt
835 5525 875 5594 l,
906 5524 972 5592 ll,
1000 5524 1088 5590 Vl,
1116 5526 1248 5582 alias
1272 5525 1363 5594 IV,
1394 5525 1455 5595 V,
1486 5523 1580 5581 IX.

1007 5615 1164 5671 1671.

367 5708 606 5775 Parisiis.
632 5712 828 5779 sumpt.
864 5709 1007 5767 Petri
1038 5710 1310 5769 Variauet.
1345 5710 1523 5770 ἰπὶ-[01.
1556 5709 1611 5766 8.
1645 5708 1863 5765 Maximi

1960 4612 2129 4667 falsus
2150 4610 2441 4681 judicatus,
2492 4626 2523 4665 a
2560 4610 2921 4666 Benedictinis
2944 4610 3176 4681 primum
3198 4609 3250 4663 in
3279 4607 3539 4676 appendi-

1962 4719 2083 4762 cem
2110 4704 2344 4772 relatus,
2388 4703 2484 4773 qui
2530 4703 2585 4759 in
2634 4703 2949 4772 Remigiano
2991 4701 3178 4756 codice
3206 4699 3423 4753 Maximi
3452 4714 3545 4753 no—

1965 4810 2088 4850 men
2116 4810 2240 4850 eum
2270 4797 2520 4864 prml'erre
2543 4803 2827 4851 testantur.
2878 4794 2934 4847 7°
2960 4795 3149 4848 Sermo
3175 4791 3279 4845 152
3304 4790 3369 4844 de
3397 4789 3538 4845 Pas-

1961 4888 2107 4942 cione
2149 4886 2383 4955 Domini,
2429 4887 2519 4955 Ill,
2570 4896 2626 4943 et
2667 4887 2730 4941 de
2763 4887 3029 4951 Susanna,
3058 4883 3110 4937 in
3140 4898 3268 4937 mss.
3299 4896 3451 4951 teque
3478 4896 3541 4935 ac

1963 4976 2238 5047 itnpressis
2265 4975 2498 5033 Maximo
2527 4976 2756 5031 tributus
2780 4982 2836 5029 et
2870 4971 3089 5042 quidem
3129 4971 3271 5025 inter
3297 4972 3413 5040 ejus
3443 4972 3541 5024 ho-

1963 5068 2136 5125 milias
2154 5076 2281 5139 post
2306 5067 2632 5123 dominicam
2660 5067 2713 5120 in
2732 5065 2912 5118 Ramis
2938 5063 3273 5133 prima,olim
3302 5062 3365 5115 de
3391 5060 3541 5115 Tent-

1964 5178 2090 5232 pore
2119 5160 2241 5229 118,
2283 5169 2338 5217 et
2365 5167 2487 5230 post
2529 5158 2583 5213 in
2627 5155 2859 5226 append.
2903 5154 2993 5208 44.
3046 5153 3107 5208 8"
3139 5153 3328 5209 Sermo
3354 5151 3455 5205 185
3485 5154 3539 5204 in

1968 5251 2291 5319 Pentecoste,
2314 5249 2404 5319 IV,
2433 5250 2560 5305 olim
2590 5248 2655 5303 de
2677 5245 2924 5317 Tempore
2952 5245 3076 5315 185,
3099 5254 3155 5300 et
3181 5252 3301 5315 post
3328 5243 3381 5296 in
3410 5257 3537 5311 app.

1965 5341 2055 5397 60.
2085 5343 2144 5396 In
2171 5340 2592 5397 Theodoricensi
2610 5338 2797 5394 codice
2813 5338 2947 5393 falso
2975 5336 3259 5392 Ambrosio
3290 5334 3540 5400 tributus,

1966 5434 2064 5490 sed
2091 5436 2143 5489 in
2174 5434 2380 5490 ameris
2428 5448 2530 5487 una
2574 5448 2694 5487 cum
2741 5432 2859 5487 aliis
2898 5431 3068 5486 tribus
3096 5427 3312 5483 Maximi
3342 5440 3541 5482 nomen

1969 5536 2112 5583 recte
2157 5524 2316 5595 gerit.
2364 5523 2420 5578 ln
2470 5524 2643 5580 classe
2680 5524 2839 5580 tertia
2870 5524 2933 5578 de
2959 5521 3169 5577 Sanctis
3191 5538 3209 5575 :
3244 5521 3321 5575 -9°
3350 5518 3541 5573 Sermo

1976 5615 2073 5672 192
2098 5617 2154 5670 in
2191 5614 2439 5670 cathedra
2486 5616 2545 5671 S.
2588 5615 2755 5684 Petri,
2803 5612 2891 5682 ΠΙ,
2920 5614 3051 5668 alias
3079 5613 3143 5666 de
3164 5610 3376 5669 Sanctis
3404 5607 3486 5671 16,
3510 5622 3540 5660 a

1971 5705 2171 5763 Lovau.
2206 5705 2346 5764 inter
2373 5707 2564 5765 dubios
2595 5707 2842 5774 relictus,
2892 5720 2921 5761 a
2953 5704 3168 5761 Verlino
3197 5710 3251 5757 et
3276 5699 3541 5763 Vindingo
