4042 6192
465 347 560 403 191

1561 335 1627 396 IN
1664 339 1719 394 S.
1761 335 2085 392 MAXIMUM
2127 335 2605 392 TAURINENSEM

3628 333 3737 388 199.

465 473 564 528 pro
591 455 775 526 spurio
800 454 1016 510 habitus
1043 459 1099 509 et
1125 468 1157 508 a
1182 449 1424 507 Benedd.
1454 450 1687 519 primum
1717 465 1771 502 m
1799 464 1924 518 app.
1957 463 2046 503 τεο
2071 451 2125 510 Α
2149 448 2473 518 proferimus
2494 465 2564 505 ex
2587 448 2842 519 subjectis
2871 447 3338 504 observationibus
3375 447 3547 516 quivis
3574 447 3734 503 facile

464 548 625 614 latus,
655 562 884 602 excusus
911 546 1074 600 etiam
1095 544 1235 598 inter
1261 540 1529 603 Ambrosii
1558 546 1614 596 et
1642 541 1805 610 ipsius
1835 538 2048 592 Maximi

463 654 740 695 sermones
785 645 994 691 mutato
1042 636 1302 710 duntaxat
1348 633 1518 687 initio.
1571 632 1664 685 10⁸
1709 630 1899 686 Sermo
1946 629 2052 682 Q02

463 730 518 783 in
566 727 753 783 Natali
800 726 1150 802 apostolorum
1200 724 1348 778 Petri
1390 733 1438 777 et
1485 722 1665 788 Pauli,
1716 721 1780 788 H,
1830 721 1957 774 olim
1986 720 2050 773 de

467 819 678 874 Sanctis
706 817 796 885 27,
827 827 881 872 et
906 825 1030 887 post
1058 818 1110 871 in
1138 832 1261 885 app.
1315 815 1383 869 79
1403 853 1418 879 ,
1452 815 1504 868 in
1535 813 1746 867 excusis
1774 813 1936 866 etiam
1964 812 2050 865 in-

469 917 551 963 ter
595 908 978 963 Ambrosianus
1027 915 1082 960 et
1126 905 1479 959 Maximianos
1525 903 1704 957 locum
1742 902 1965 968 habens,
1998 901 2050 954 in

471 1015 597 1054 mss.
624 1000 818 1069 partim
852 998 1182 1067 Augustino,
1229 998 1426 1066 partim
1465 995 1781 1059 Ambrosio,
1813 993 1910 1049 sed
1937 994 2053 1063 ple-

468 1109 695 1163 rumque
725 1092 958 1146 Maximo
1005 1092 1338 1159 assignatus,
1387 1088 1538 1157 cujus
1571 1087 1788 1154 nomine
1815 1087 1975 1140 etiam
1999 1085 2052 1140 in

469 1183 744 1238 Breviario
774 1182 1020 1237 Romano
1045 1181 1131 1235 die
1161 1180 1194 1233 5
1234 1179 1358 1234 Julii
1407 1194 1529 1233 eum
1573 1177 1795 1246 reperiri
1823 1173 2054 1230 Benedi-

469 1275 598 1328 ctini
634 1280 871 1326 monent.
916 1271 1012 1326 11⁰
1045 1269 1234 1325 Sermo
1265 1269 1365 1322 207
1402 1269 1454 1321 in
1494 1266 1678 1320 Natali
1720 1267 1884 1320 sancti
1915 1263 2055 1317 Lau-

468 1364 639 1428 rentii,
663 1361 729 1430 ll,
761 1363 894 1416 alias
925 1362 988 1415 de
1017 1361 1228 1416 Sanctis
1248 1359 1340 1424 52,
1371 1374 1402 1412 a
1423 1356 1658 1411 Benedd.
1683 1357 1937 1425 primum,
1960 1354 2055 1408 sed

469 1471 535 1509 ex
556 1464 709 1524 parte
737 1453 1024 1523 posteriori
1052 1452 1335 1514 duntaxat,
1367 1449 1418 1502 in
1449 1464 1573 1518 app.
1607 1447 1806 1500 relatus
1825 1488 1840 1514 ,
1872 1461 1902 1499 a
1932 1459 2056 1500 vcr-

469 1545 551 1599 bis
579 1559 772 1612 nempe
803 1543 1049 1612 Su/ﬁcere
1069 1541 1214 1595 nobis
1245 1539 1444 1605 debent,
1479 1548 1583 1594 etc.
1617 1539 1674 1592 In
1703 1539 1873 1593 classe
1902 1553 2058 1608 quar-

471 1642 524 1688 ta
554 1635 617 1688 de
645 1634 891 1687 Diversis.
947 1631 1036 1684 12°
1063 1631 1252 1686 Sermo
1282 1630 1386 1684 248
1421 1630 1483 1684 de
1511 1630 1792 1701 Sepultum
1819 1627 2054 1694 Domini,

470 1727 604 1781 alias
632 1726 693 1780 de
719 1726 964 1795 Tempore
989 1724 1114 1791 155,
1143 1739 1174 1777 a
1197 1722 1399 1778 Lovan.
1432 1723 1570 1776 inter
1597 1720 1787 1775 dubios
1815 1720 2054 1787 relictus,

2151 540 2581 596 animadvertere
2629 541 2843 611 poterit.
2884 559 2902 592 ι
2935 539 3184 606 Singulas
3213 537 3405 592 dehinc
3448 549 3736 606 percenset

2151 641 2206 687 et
2245 633 2415 686 multo
2444 648 2566 687 cum
2603 632 2847 687 acumine
2875 631 3020 685 elicit
3049 631 3197 696 signa
3233 644 3352 697 quae
3382 629 3435 681 in
3465 643 3558 682 eas
3594 643 3734 696 qua-

2149 739 2267 777 rum
2297 731 2610 794 argumenta
2640 722 2952 777 Gennadius
2995 721 3236 791 protulit,
3268 720 3610 784 conveniant,
3637 719 3737 773 ad-

2151 813 2337 883 ditque
2366 821 2642 882 postremo
2671 813 2813 876 loco,
2847 827 2953 866 non
2990 811 3163 865 solum
3203 810 3490 878 plerosque
3524 825 3734 863 sermo-

2152 920 2280 958 num
2329 905 2422 972 qui
2462 905 2561 958 sub
2605 903 2822 957 Maximi
2865 903 3080 956 nomine
3119 901 3170 955 in
3213 899 3372 954 editis
3400 900 3599 968 vulgati
3627 901 3737 953 sint

2151 996 2448 1050 Maximum
2489 1003 2765 1051 auctorem
2809 995 3026 1057 habere,
3059 993 3152 1048 sed
3181 992 3358 1046 eidem
3387 991 3526 1046 adeo
3555 991 3737 1045 vindi-

2152 1086 2354 1142 candos
2408 1102 2527 1141 esse
2569 1093 2835 1154 quotquot
2874 1100 2942 1140 ex
2993 1084 3058 1138 iis
3105 1083 3389 1137 Ambrosio
3433 1083 3573 1136 inter
3618 1080 3736 1148 ejus

2152 1193 2317 1247 opera
2354 1186 2750 1246 supponantur;
2789 1191 3017 1244 quorum
3051 1189 3252 1244 paucos
3285 1173 3576 1227 admodum
3609 1173 3736 1233 Am-

2152 1267 2353 1333 brosio,
2386 1268 2543 1336 longe
2588 1267 2769 1336 plures
2798 1265 3027 1319 Maximo
3057 1264 3252 1319 ascribi
3291 1263 3489 1317 debere
3516 1271 3733 1327 censet;

2153 1362 2288 1415 alios
2330 1376 2432 1415 nec
2476 1359 2709 1413 Maximo
2755 1374 2858 1414 nec
2904 1357 3188 1411 Ambrosio
3224 1356 3380 1410 tribui
3419 1371 3598 1425 posse,
3641 1353 3738 1408 sed

2153 1453 2512 1523 posteriorum
2543 1459 2821 1507 auctorum
2858 1466 2977 1507 esse
3017 1449 3300 1505 luculentis
3327 1449 3532 1516 aliquot
3554 1461 3741 1501 exem-

2155 1544 2258 1615 plis
2279 1544 2630 1600 demonstrat.

2862 1634 3017 1688 1690.
3696 1687 3698 1692 .

2230 1725 2468 1792 Parisiis,
2492 1726 2631 1797 typis
2659 1733 2714 1780 et
2741 1724 3039 1795 sumptibus
3060 1725 3233 1780 vidua:
3255 1723 3409 1779 Joan.
3437 1724 3591 1792 Bapt.
3619 1721 3742 1776 Coi-

471 1832 504 1870 a
532 1816 771 1871 Benedd.
821 1825 1001 1870 autem
1050 1823 1172 1885 post
1206 1813 1409 1868 Verlini
1439 1820 1495 1866 et
1521 1811 1771 1880 Vindingi
1801 1825 2057 1866 censuras
2088 1807 2132 1869 Β
2159 1817 2328 1885 guard
2355 1823 2411 1872 et
2429 1816 2585 1871 Joan.
2617 1817 2771 1886 Bapt.
2799 1816 3069 1884 Coignard
3092 1815 3205 1879 lilii,
3235 1815 3414 1871 in-fol.
3443 1814 3499 1869 S.
3525 1815 3742 1868 Maximi

472 1908 528 1961 in
550 1922 672 1976 app.
699 1906 919 1960 relatus.
977 1903 1321 1974 Compositus
1351 1909 1434 1957 est
1459 1917 1656 1972 nempe
1684 1917 1752 1956 ex
1778 1909 1932 1971 parte
1960 1915 2058 1970 po-

471 2004 671 2051 strema
701 1995 967 2050 sermonis
996 1994 1137 2065 apud
1157 1993 1498 2048 Ambrosium
1529 1991 1600 2045 52
1628 1992 1690 2046 de
1717 1990 1879 2044 Cruce
1907 1998 1961 2044 et
1989 2005 2058 2044 ex

474 2087 686 2154 integro
733 2099 982 2139 sermone
1021 2083 1163 2153 apud
1210 2082 1458 2137 eumdem
1487 2080 1556 2135 55
1585 2081 1647 2134 de
1676 2080 1924 2151 Sepulcro
1949 2079 2057 2134 Do-

473 2175 620 2240 mini,
653 2173 746 2243 qui
773 2172 880 2228 duo
907 2173 1069 2227 etiam
1099 2171 1321 2226 Maximi
1351 2172 1569 2227 nomine
1599 2171 1799 2240 vulgati
1827 2179 1970 2226 sunt.

1177 2261 1336 2317 1687.

545 2355 771 2409 Lutetia}
811 2355 1159 2418 Parisiorum,
1191 2354 1332 2424 apud
1360 2355 1576 2410 viduam
1619 2354 1887 2411 Edmundi
1914 2354 2058 2408 Mar-

478 2446 574 2510 tiu,
605 2443 760 2499 Joan.
793 2444 1009 2498 Boudot
1035 2452 1090 2497 et
1111 2444 1296 2512 Steph.
1324 2444 1561 2509 Martin.,
1594 2445 1727 2498 ἱππ-4.
1759 2445 1815 2498 S.
1843 2445 2061 2500 Maximi

476 2534 714 2603 episcopi
731 2533 1074 2588 Taurinensis
1097 2533 1329 2588 homilia:
1351 2532 1660 2596 duodecim,
1685 2549 1752 2587 ex
1781 2534 2061 2588 codicibus

477 2643 606 2682 mss.
650 2626 881 2696 primum
910 2633 1075 2680 eruta:
1102 2640 1133 2678 a
1160 2623 1367 2679 Joanne
1409 2624 1681 2679 Mabillon.
1732 2623 1977 2678 Eduntur
2006 2625 2061 2680 in

477 2714 659 2771 Musca
689 2716 876 2770 Italico
906 2715 1168 2784 ejusdem,
1196 2723 1350 2785 parte
1375 2717 1564 2780 altera,
1587 2731 1677 2785 pp.
1710 2716 1864 2768 1-51.

549 2807 709 2861 Tituli
739 2821 925 2862 eorum
951 2814 1076 2860 sunt
1112 2824 1124 2858 :
1156 2806 1196 2859 1.
1229 2805 1308 2859 De
1353 2805 1588 2859 barbaris
1618 2823 1718 2859 non
1750 2806 1986 2860 timendis
2015 2806 2062 2860 ei

477 2901 563 2969 qui
603 2899 766 2972 Deum
794 2901 952 2961 timet,
988 2906 1036 2951 et
1062 2899 1124 2951 de
1151 2907 1329 2952 sancto
1354 2897 1565 2952 Elisazo.
1595 2899 1656 2953 11.
1693 2899 1826 2952 Item
1844 2916 2061 2970 sequen-

477 2991 570 3054 tia,
598 2990 633 3042 i.
658 3005 735 3056 e.,
761 2988 829 3042 de
851 2988 1044 3042 eodem
1073 2987 1128 3042 S.
1161 2987 1353 3043 Elisazo
1379 2989 1476 3058 (a).
1509 2988 1594 3043 111.
1620 2988 1753 3042 Item
1776 2990 2057 3060 sequentia,

478 3083 516 3137 i.
547 3098 623 3149 e.,
653 3082 722 3137 de
750 3082 994 3136 hostibus
1022 3097 1129 3136 non
1162 3081 1433 3136 timendis.
1465 3081 1550 3136 IV.
1589 3081 1668 3135 De
1691 3081 1960 3137 Ninivitis.
1993 3083 2057 3137 ν.

2160 1908 2504 1964 Taurinensis
2532 1923 2808 1963 sermones
2834 1909 2973 1962 inter
3000 1906 3383 1962 Ambrosianos
3412 1905 3743 1975 reperiundi,

2161 1998 2214 2053 in
2255 2005 2403 2053 tomo
2447 1998 2490 2052 11
2529 2015 2656 2069 opp.
2687 1999 2974 2066 Ambrosii,
3008 1997 3094 2054 ed.
3126 1996 3619 2063 Benedictinorum,
3648 2011 3745 2067 ap-

2161 2090 2326 2160 pend.
2353 2106 2382 2144 a
2408 2103 2527 2160 pag.
2558 2090 2680 2144 591.

2231 2178 2404 2248 Major
2431 2178 2646 2249 quidem
2688 2193 2814 2249 pars
2853 2193 3162 2234 sermonum
3201 2177 3448 2242 istorum,
3481 2175 3570 2244 qui
3612 2175 3744 2228 Am-

2161 2270 2328 2325 brosii
2357 2285 2553 2325 nomen
2582 2271 2636 2324 in
2665 2286 2790 2325 mss.
2824 2271 2974 2325 libris
3019 2277 3213 2338 gerunt
3249 2276 3304 2323 et
3342 2283 3465 2323 cum
3495 2267 3747 2336 operibus

2161 2362 2302 2416 illius
2323 2362 2506 2416 excusi
2528 2369 2672 2425 sunt,
2703 2374 3039 2429 quorumque
3067 2360 3306 2414 omnium
3338 2357 3538 2411 nullum
3567 2356 3746 2411 omni-

2161 2468 2234 2507 no
2261 2454 2328 2508 ad
2357 2450 2700 2508 Ambrosium
2728 2453 2999 2522 pertinere
3026 2458 3352 2506 censuerunt
3389 2448 3740 2514 Benedictini,

2162 2545 2451 2599 Maximum
2480 2545 2864 2598 Taurinensem
2901 2551 3175 2598 auctorem
3203 2541 3466 2610 agnoscit.
3498 2539 3748 2608 Plerique

2162 2637 2323 2690 etiam
2353 2651 2420 2689 ex
2454 2636 2517 2689 iis
2545 2635 2670 2688 alibi
2697 2636 2797 2688 sub
2826 2633 3040 2688 Maximi
3080 2633 3295 2687 nomine
3341 2631 3588 2700 impressi
3628 2630 3744 2685 fue-

2162 2734 2306 2780 runt.
2330 2725 2616 2779 Enimvero
2638 2740 2668 2778 a
2691 2725 2946 2779 Romanis
2973 2724 3239 2778 Ambrosii
3268 2722 3582 2786 editoribus,
3608 2737 3744 2790 quo-

2162 2831 2280 2870 rum
2308 2831 2470 2884 opera
2500 2831 2596 2884 per
2622 2822 2837 2870 centum
2860 2823 2915 2868 et
2934 2815 3161 2884 amplius
3186 2829 3355 2868 annos
3375 2814 3488 2868 sola
3510 2813 3741 2868 exscribi

2162 2905 2458 2968 consuevit,
2490 2904 2682 2959 horum
2711 2904 2852 2958 nulla
2880 2905 3039 2972 plane
3066 2905 3203 2958 ratio
3232 2904 3412 2958 habita
3441 2911 3575 2969 erat,
3593 2904 3746 2973 quip.

2163 3011 2231 3066 pe
2258 2997 2450 3066 quibus
2475 2996 2646 3063 magis
2673 2995 2826 3049 cordi
2856 2995 2955 3048 fuit
2989 3009 3269 3048 numerum
3298 2993 3565 3048 Ambrosii
3611 2994 3746 3048 scri-

2164 3095 2377 3157 ptorum
2401 3101 2720 3157 quocunque
2757 3086 2919 3140 modo
2941 3099 3155 3152 augere,
3183 3100 3344 3153 quam
3374 3084 3542 3138 critici
3565 3083 3746 3138 oﬂicio

473 3173 560 3226 .De
578 3172 808 3226 calendis
837 3171 1126 3226 Januariis.
1162 3171 1246 3226 Vl.
1279 3171 1359 3226 De
1387 3173 1585 3243 defectu
1610 3175 1764 3227 lance.
1797 3173 1904 3227 Vll.
1929 3175 2064 3228 Ante
2090 3167 2132 3226 C
2167 3177 2311 3245 fungi
2340 3185 2396 3231 et
2421 3177 2552 3246 pati,
2584 3185 2641 3230 ut
2669 3174 2924 3230 notandis
2952 3175 3145 3244 spnriis
3184 3175 3273 3229 ille
3320 3175 3740 3228 imminueretur.

481 3265 678 3320 Natale
717 3265 946 3320 Domini.
985 3264 1118 3318 VIII.
1171 3264 1251 3318 De
1291 3264 1479 3318 Natali
1525 3265 1757 3319 Domini.
1801 3250 1891 3318 1X.
1934 3265 2063 3321 Post

481 3355 729 3411 Natalem
755 3357 978 3411 Domini.
1007 3356 1073 3409 X.
1107 3357 1184 3412 De
1205 3357 1457 3412 Itwreticis
1477 3367 1686 3428 peccata
1708 3357 2057 3411 vendentibus.

481 3445 568 3499 XI.
598 3443 749 3509 Quod
771 3464 873 3501 non
895 3447 1078 3500 debent
1098 3447 1272 3501 clerici
1302 3448 1575 3518 negotiari.
1602 3446 1713 3501 Xll.
1741 3447 1820 3500 De
1848 3464 2064 3518 corpore

482 3538 713 3593 Domini.
751 3538 965 3593 Hausta:
1003 3539 1106 3593 illa:
1147 3547 1270 3593 sunt
1309 3539 1568 3594 extribus
1611 3538 1890 3594 codicibus
1928 3554 2055 3593 mss.

479 3631 835 3699 perantiquis,
879 3645 987 3684 uno
1033 3628 1419 3684 Mediolanensi
1458 3629 1796 3685 bibliothecae
1834 3628 2061 3684 Ambro-

481 3721 676 3786 sianm,
722 3719 962 3774 secundo
1015 3719 1260 3775 Romano
1305 3720 1622 3775 monasterii
1669 3719 1726 3775 S.
1774 3719 1961 3775 Crucis
2005 3720 2058 3773 in

483 3811 799 3876 Jerusalem,
815 3811 973 3864 tertio
993 3810 1268 3864 Helvetico
1283 3824 1350 3863 ex
1365 3811 1577 3864 abbatia
1595 3810 1651 3864 S.
1667 3808 1822 3863 Galli.
1846 3830 1864 3860 ί
1884 3809 1960 3864 Ex
1979 3811 2061 3866 his

481 3903 650 3968 tribus
679 3899 958 3955 codicibus
981 3899 1384 3969 (Mabillonius),
1405 3901 1593 3967 inquit,
1617 3903 1957 3968 quanttunvis
1973 3918 2064 3956 an-

481 3993 660 4062 tiquis,
687 4009 792 4048 non
819 3994 1025 4047 eruitur
1035 4001 1183 4048 certa
1195 4001 1249 4048 et
1263 3996 1542 4064 explorata
1563 3996 1801 4064 cognitio
1822 3996 2061 4050 omnium

480 4083 652 4139 sancti
674 4082 890 4136 Maximi
913 4083 1275 4150 homiliarum,
1297 4084 1561 4153 siquidem
1583 4085 1948 4154 Sangallensis
1969 4101 2062 4141 eas

479 4172 578 4226 sub
612 4172 890 4242 Augustini
936 4172 1070 4228 falso
1129 4175 1284 4229 titulo
1333 4175 1590 4242 adducit;
1634 4175 1842 4230 Sancta:
1873 4174 2063 4231 Crucis

479 4262 675 4330 codex,
701 4263 880 4319 deleto
905 4266 1017 4319 veri
1045 4267 1280 4321 auctoris
1303 4267 1540 4334 nomine,
1573 4267 1910 4322 Ambrosium
1931 4282 2064 4336 pra:-

477 4351 619 4421 l'ert;
663 4370 799 4409 unus
827 4354 1206 4410 Ambrosianus
1235 4357 1470 4411 Maximo
1509 4357 1770 4425 quasdam
1803 4357 2056 4425 assignat,

476 4447 575 4504 sed
603 4463 822 4518 paucas,
863 4456 921 4502 ut
948 4457 1136 4517 postea
1171 4449 1488 4503 videbimus.
1514 4448 1711 4503 Verum
1741 4465 1810 4503 ex
1835 4449 1953 4502 aliis
1974 4448 2059 4503 in-

2165 3269 2279 3336 Qua
2301 3269 2520 3337 quidem
2544 3268 2746 3322 desidia
2772 3267 2967 3323 factum
2990 3275 3073 3322 est
3102 3275 3160 3320 ut
3193 3274 3344 3320 tanto
3371 3266 3545 3321 acrius
3566 3266 3616 3318 in
3639 3266 3748 3320 hoc

2165 3360 2439 3428 negotium
2480 3358 2814 3413 Benedictini
2861 3358 3228 3413 incumberent
3272 3367 3327 3411 et
3370 3357 3504 3412 falce
3537 3372 3746 3424 nequa-

2163 3462 2325 3516 quam
2379 3447 2565 3502 timida
2619 3456 2810 3503 cuncta
2865 3448 3040 3502 aliena
3097 3454 3456 3515 amputarent.
3505 3445 3748 3499 Diximus

2164 3545 2342 3592 autem
2369 3537 2544 3591 nullos
2572 3538 2788 3592 omnino
2817 3552 3095 3592 sermones
3124 3545 3318 3606 praeter
3345 3542 3574 3603 quatuor
3609 3547 3746 3586 eon-

2163 3631 2348 3684 eiones
2375 3629 2606 3698 propriis
2635 3628 2768 3683 locis
2795 3629 3078 3692 exhibitas,
3109 3629 3389 3696 nempe‘in
3419 3628 3596 3696 funere
3636 3623 3746 3677 Va-

2163 3721 2454 3785 lentiniani,
2497 3721 2549 3773 in
2592 3721 2771 3791 funere
2812 3719 3101 3780 Theodosii,
3138 3719 3201 3770 de
3235 3717 3461 3769 basilicis
3501 3732 3607 3769 non
3638 3724 3747 3768 tra-

2164 3813 2346 3866 dendis
2392 3820 2446 3866 et
2490 3813 2552 3866 de
2589 3813 2818 3880 reliquiis
2850 3811 2954 3864 SS.
2999 3810 3230 3863 Cervasii
3274 3817 3323 3862 et
3366 3808 3601 3862 Protasii
3648 3824 3748 3878 pro

2163 3903 2408 3971 genuinis
2448 3902 2515 3956 ab
2555 3902 2619 3956 iis
2651 3901 2857 3955 haberi.
2897 3899 3014 3954 Jam
3043 3916 3165 3954 eum
3195 3916 3263 3954 ex
3296 3900 3490 3968 spuriis
3520 3900 3624 3954 illis
3653 3901 3749 3956 alii

2165 3993 2376 4047 nonnisi
2407 3991 2550 4061 apud
2592 3991 2952 4058 Ambrosium,
2985 3993 3075 4046 alii
3101 4007 3230 4046 vero
3263 3992 3425 4046 etiam
3454 3992 3581 4046 alibi
3622 3993 3745 4046 vul-

2163 4084 2273 4153 gati
2303 4092 2596 4149 exstarent,
2627 4085 2835 4153 priores
2873 4092 3078 4137 tantum
3116 4085 3449 4137 retinuerunt
3477 4089 3532 4135 et
3567 4082 3618 4134 in
3649 4097 3746 4150 ap-

2164 4177 2391 4247 pendice
2419 4177 2798 4240 exhibuernnt,
2841 4175 3102 4230 sermonis
3139 4173 3398 4241 cujusque
3429 4173 3590 4252 capiti
3627 4172 3747 4226 stri-

2164 4273 2290 4326 Ctim
2317 4271 2606 4341 praemissis
2626 4271 2689 4324 iis
2715 4269 3033 4334 rationibus,
3057 4281 3174 4336 qua:
3201 4265 3608 4320 Ambrosianum
3635 4280 3745 4319 non

2163 4378 2283 4418 esse
2315 4361 2604 4416 suaderent
2636 4369 2728 4414 aut
2769 4361 2929 4415 alium
2961 4368 3236 4415 auctorem
3271 4359 3633 4414 ostenderent.
3666 4358 3747 4412 No

2163 4467 2294 4507 vero
2323 4452 2546 4506 mutatio
2576 4449 2665 4504 illa
2688 4449 2915 4504 molesta
2943 4450 3190 4516 cuiquam
3214 4448 3496 4510 accideret,
3528 4446 3744 4514 gemino

477 4539 651 4606 diciis,
684 4541 917 4594 maxime
945 4555 1010 4593 ex
1031 4539 1329 4605 Gennadio,
1361 4539 1706 4607 intelligimus
1733 4555 1940 4604 omnes,
1972 4548 2065 4594 aut
2092 4535 2143 4594 D
2168 4543 2343 4598 indice
2371 4543 2640 4613 provisum
2671 4549 2773 4606 est,
2803 4555 3029 4608 quorum
3070 4539 3122 4592 in
3162 4538 3334 4608 primo
3362 4536 3539 4590 omissi
3575 4536 3747 4589 collo-

477 4629 868 4700 propemodum
897 4645 1105 4695 omnes,
1127 4631 1425 4699 praesertim
1447 4646 1563 4699 qua:
1583 4632 1637 4686 in
1660 4631 1850 4687 codice
1877 4631 2061 4687 Sancti

477 4721 613 4775 Galli
641 4722 976 4786 exhibentur,
1003 4719 1233 4774 Maximo
1255 4735 1374 4775 esse
1399 4721 1730 4778 tribuendas.
1754 4722 1822 4777 Et
1841 4722 2060 4793 quidem

475 4810 552 4865 ita
597 4813 755 4866 simul
797 4826 1056 4866 connexa:
1098 4816 1153 4864 et
1200 4809 1461 4878 colligatis
1489 4820 1632 4876 sunt,
1663 4820 1718 4865 ut
1754 4813 1801 4866 si
1830 4828 2056 4866 nuarum

477 4909 662 4955 auctor
690 4904 1002 4973 exploratus
1030 4903 1312 4964 habeatur,
1344 4899 1413 4953 de
1460 4899 1579 4954 aliis
1619 4915 1953 4969 consequens
1978 4901 2060 4956 fu-

476 4999 655 5044 turum
685 4995 753 5046 sit
776 4994 1058 5063 judicium.
1103 4994 1306 5049 Auctor
1344 4994 1543 5063 quippe
1589 4994 1786 5062 passim
1826 4995 2058 5050 homiliat

475 5081 827 5150 praecedentis
867 5086 920 5138 in
960 5086 1303 5155 subsequenti
1333 5085 1660 5140 mentionem
1699 5083 1846 5139 facit.
1898 5078 2059 5154 Atqui

475 5172 745 5243 pleneque
790 5171 1079 5228 Maximum
1118 5177 1196 5231 uti
1241 5176 1537 5245 legitimum
1579 5182 1857 5245 parentem
1892 5187 2058 5242 agno-

475 5268 664 5328 scunt,
696 5268 909 5332 utpote
947 5278 1081 5332 quas
1125 5265 1432 5321 Gennadius
1459 5266 1692 5321 maxime
1731 5263 2052 5332 designavit.

477 5351 592 5408 Hoc
617 5353 670 5406 in
699 5367 922 5407 numero
953 5367 1046 5409 eas
1073 5368 1189 5409 esse
1216 5373 1349 5426 quas
1375 5373 1522 5412 nunc
1545 5357 1776 5427 primum
1800 5354 1855 5408 in
1880 5354 2055 5409 lucem

547 5502 939 5585 (a)_Enimvero
965 5503 1021 5558 hi
1046 5501 1158 5585 duo
1187 5504 1338 5585 deus.
1363 5504 1552 5585 Elisago
1584 5523 1877 5585 sermones,
1910 5522 2038 5585 non,

476 5581 536 5628 ut
575 5573 678 5629 sibi
723 5581 1062 5644 persuaserat
1109 5573 1460 5639 Mabillonius,
1504 5579 1686 5632 inediti
1735 5586 1908 5643 erant,
1950 5576 2045 5632 sed

477 5645 681 5716 pridem
726 5643 780 5699 in
820 5643 1062 5716 Romana
1100 5643 1337 5716 editione
1377 5646 1640 5703 Ambrosii
1682 5649 1884 5711 excusi,
1926 5648 2046 5702 loco

476 5713 693 5788 intidem
722 5723 831 5772 tam
860 5715 1055 5775 alieno.
1089 5724 1147 5771 ut
1188 5713 1342 5772 facile
1385 5716 1548 5771 etiam
1581 5717 2044 5788 diligentissimum

2164 4642 2355 4690 cantur
2376 4633 2468 4687 tali
2493 4632 2698 4695 ordine,
2730 4639 2785 4684 ut
2823 4646 2926 4684 non
2952 4629 3117 4683 solum
3154 4644 3304 4698 quam
3333 4628 3543 4696 quisque
3573 4625 3745 4678 sedem

2162 4735 2317 4779 antea
2362 4725 2416 4779 in
2456 4721 2765 4776 editionibus
2809 4720 3167 4774 Ambrosianis
3214 4717 3522 4778 obtinuerit,
3571 4732 3746 4769 verum

2160 4819 2335 4882 etiam,
2366 4815 2504 4886 apud
2529 4830 2678 4885 quem
2717 4813 2935 4865 Patrum
2955 4813 3261 4882 reperiatur,
3292 4825 3399 4863 uno
3426 4808 3616 4861 intuitu
3643 4805 3745 4859 ad.

2159 4907 2295 4962 verti
2339 4905 2536 4974 possit;
2569 4905 2624 4957 in
2663 4901 2898 4957 secundo
2936 4903 2972 4956 ii
3009 4916 3284 4956 sermones
3320 4914 3454 4969 quos
3500 4897 3740 4952 retinue‘

2164 5005 2311 5061 runt,
2341 4996 2412 5048 ita
2445 4993 2765 5056 indicantur,
2796 5000 2856 5046 ut
2890 4991 3201 5054 editionum,
3235 4989 3572 5057 antiquarum
3600 4987 3746 5041 scili—

2163 5094 2268 5151 cet,
2302 5085 2556 5139 Romana:
2579 5092 2634 5137 et
2660 5082 2961 5137 novissima:
2989 5081 3319 5150 comparatio
3348 5081 3560 5134 existat.
3593 5077 3746 5134 Sicut

2164 5191 2292 5231 vero
2321 5191 2388 5229 ex
2413 5175 2593 5244 priore
2619 5173 2794 5228 indice
2833 5180 3072 5242 apparet,
3104 5173 3409 5225 amissorum
3435 5169 3593 5236 longe
3621 5169 3742 5238 plu-

2163 5267 2329 5322 rimos
2353 5266 2492 5320 inter
2513 5263 2863 5318 Maximianos
2885 5263 2997 5332 jam
3017 5262 3262 5330 vulgatos
3289 5275 3427 5324 esse,
3452 5275 3613 5328 quem
3635 5274 3742 5313 non

2163 5355 2430 5410 immerito
2470 5369 2570 5424 pro
2611 5360 2832 5408 auctore
2860 5367 3046 5407 eorum
3083 5350 3269 5406 haberi
3298 5350 3353 5405 in
3392 5349 3649 5418 singulari
3674 5347 3742 5402 ad

2152 5509 2296 5564 hunc
2328 5510 2499 5563 virum
2547 5509 2729 5578 fugere
2777 5514 3017 5578 possent.
3068 5505 3437 5578 Observarunt
3477 5504 3742 5578 illudpri—

2151 5594 2298 5634 mum
2334 5575 2875 5636 Ambrosii—editores
2915 5576 3247 5636 Benedictini
3284 5577 3337 5632 in
3375 5575 3737 5632 admonitione

2155 5650 2220 5706 ad
2247 5650 2617 5724 appendicem.
