4042 6192
222 351 310 409 195

1292 352 1564 410 ΝΟἸἹΤΙΑ
1606 353 2433 416 1115Το1110οοι1ΤΤΕ11ΑΙὶΙΑ.

3373 379 3473 435 194

219 464 431 518 omissos
470 478 752 518 sermones
789 464 1135 520 adnotatione
1176 466 1575 532 demonstrant;
1618 468 1690 522 ita
1721 482 1786 522 ex
1815 470 1869 528 Α
1893 469 1993 524 bus
2021 471 2316 527 editionum
2345 472 2558 529 Leonis.
2594 474 2672 530 Ad
2702 458 2920 533 manum
2949 489 3135 536 neutra
3165 482 3279 538 fuit.
3312 487 3469 555 Igno-

216 555 474 624 sexaginta
497 555 679 622 tribus,
706 556 899 624 quibus
918 557 1094 612 locum
1120 559 1171 611 in
1187 559 1480 628 appendice
1503 560 1783 625 dederunt,

216 662 366 716 usque
393 647 521 700 dum
556 648 768 702 nonnisi
796 665 915 702 cum
952 649 1236 705 Ambrosio
1277 653 1486 706 excusis
1524 653 1788 706 sermoni-

215 742 299 794 bus
338 739 681 807 potissimam
728 749 934 808 partem
983 741 1216 797 Maximo
1254 743 1570 798 Taurinensi
1603 743 1785 798 deberi

216 831 585 898 ostendertmt;
636 848 808 901 nuper
851 848 982 887 vero
1029 834 1203 888 editor
1251 820 1522 889 Romanus
1568 834 1794 889 Maximi

215 924 376 978 Bruno
405 924 619 978 Brunus
648 932 853 977 tantum
893 941 1001 979 non
1031 942 1237 991 omnes,
1273 942 1407 995 quos
1436 929 1521 981 vel
1551 929 1785 982 incertos

215 1016 546 1084 reliquerant,
573 1016 658 1069 vel
684 1016 801 1070 aliis
830 1017 1096 1072 interdum
1119 1020 1353 1072 tribuere
1377 1019 1473 1072 visi
1504 1029 1627 1073 sunt
1656 1020 1784 1072 Am-

215 1105 357 1158 brosii
397 1103 655 1169 editores,
701 1105 945 1160 codicum
988 1123 1114 1160 mss.
1156 1117 1445 1178 superante
1475 1110 1781 1163 testimonio

214 1196 427 1250 Maximo
457 1212 558 1251 suo
587 1205 850 1252 assertum
890 1197 1004 1252 ivit.
1049 1198 1218 1253 Tanta
1257 1215 1386 1254 vero
1425 1199 1639 1253 Maximi
1667 1201 1808 1254 ser-'

215 1304 409 1342 monum
455 1305 583 1358 pars
622 1290 765 1358 quod
807 1290 862 1344 in
905 1291 1170 1345 Ambrosii
1210 1308 1407 1346 nomen
1443 1292 1777 1361 potissimum

214 1379 512 1448 transcripta
560 1381 649 1445 sit,
692 1389 886 1448 praeter
925 1381 1262 1435 librariorum
1295 1380 1524 1447 fraudes,
1569 1385 1680 1452 qui,
1720 1391 1778 1436 ut

211 1469 545 1523 vendibiliora
575 1471 902 1539 exemplaria
932 1470 1188 1534 facerent,
1219 1473 1440 1527 illustria
1471 1474 1686 1526 nomina
1712 1475 1775 1528 iis

212 1562 485 1616 inscribere
524 1563 789 1630 solebant,
831 1565 933 1618 hoc
961 1580 1134 1619 causa:
1162 1565 1324 1620 fuisse
1350 1576 1570 1621 censent
1599 1568 1774 1622 Bene—

210 1654 387 1719 dictini,
411 1655 556 1723 quod
579 1672 700 1710 cum
723 1657 988 1711 Ambrosii
1016 1672 1177 1726 opera
1202 1657 1486 1726 diligenter
1506 1659 1773 1714 lectitasse

209 1745 430 1798 videatur
473 1745 752 1808 Maximus,
785 1762 863 1801 ex
904 1747 1091 1816 iisque,
1131 1748 1466 1816 potissimum
1507 1765 1573 1804 ex
1611 1765 1771 1803 com-

210 1836 452 1890 mentario
483 1837 534 1889 in
555 1836 776 1905 Lucam,
797 1852 986 1906 magna
1019 1837 1311 1905 fragmenta
1341 1840 1407 1894 ad
1434 1841 1653 1895 verbum
1677 1858 1772 1896 ex-
1804 1824 1850 1883 Β

208 1936 364 1996 cerpta
395 1927 671 1992 indiderit,
709 1929 937 1982 incautis
977 1930 1207 1986 librariis
1239 1932 1454 1985 errandi
1482 1934 1772 2002 pricbuerit

210 2018 547 2072 occasionem.
581 2038 600 2068 ι
634 2018 762 2072 Inde
791 2019 1052 2083 similiter,
1079 2021 1342 2088 inquiunt,
1367 2022 1634 2090 conjicere
1657 2023 1767 2078 for-

207 2123 286 2160 san
306 2109 479 2174 liceat,
511 2124 618 2162 non
649 2109 808 2163 alium
838 2120 1113 2165 auctorem
1134 2112 1283 2166 libris
1309 2129 1402 2167 seu
1429 2117 1767 2171 sermonibus

207 2199 259 2252 de
285 2198 632 2254 Sacramentis
661 2202 1005 2270 quzcrendum
1051 2219 1168 2259 esse
1190 2220 1348 2272 quam
1379 2207 1623 2261 eumdem
1649 2207 1765 2261 Ma‘

206 2289 400 2354 ximum,
435 2292 522 2347 cui
553 2291 877 2360 conjecturae
907 2293 1055 2348 locus
1091 2301 1145 2348 et
1183 2303 1391 2365 tempus
1424 2298 1766 2365 patrocinan-

209 2387 295 2433 tur.
331 2400 346 2431 ι

783 2491 1004 2546 δέεαιῖιο,
1036 2492 1181 2531 XVIII.

895 2567 1053 2620 1715.

261 2652 477 2720 Patavii,
512 2658 652 2725 typis
681 2657 974 2722 scminarii,
1007 2658 1148 2727 apud
1179 2659 1333 2713 Joan.
1372 2659 1595 2722 Manfré,
1628 2661 1756 2715 in-A.

202 2743 247 2798 S.
274 2744 480 2799 Maximi
503 2745 849 2802 Taurinensis
873 2751 1110 2820 episcopi
1131 2765 1407 2805 sermones
1430 2752 1540 2821 (75,
1565 2754 1761 2821 partim

203 2834 329 2901 editi,
358 2838 554 2906 partim
586 2837 797 2906 iucditi)
827 2855 953 2893 cura
983 2848 1036 2894 et
1063 2840 1236 2895 studio
1258 2840 1512 2896 Ludovici
1543 2843 1760 2897 Antonii

205 2926 485 2994 Muratorii;
517 2929 571 2982 in
604 2938 750 2984 torno
780 2929 845 2982 IV
874 2929 1208 2994 Anecdo!or.,
1242 2947 1332 3000 pp.
1369 2931 1545 2986 I-II7.

260 3016 575 3072 Muratorius
609 3034 674 3072 ex
706 3019 895 3098 egdem
928 3020 1112 3074 codice
1153 3019 1506 3076 Ambrosiano
1550 3038 1615 3077 ex
1651 3038 1759 3092 quo

200 3117 377 3176 partem
422 3111 766 3164 homiliarum
797 3111 1079 3165 duodecim
1120 3113 1439 3168 incditarum
1469 3131 1756 3186 excerpse-

201 3208 268 3252 rat
292 3199 644 3268 Mahillonius,
678 3218 783 3256 non
811 3203 984 3256 solum
1014 3220 1180 3259 novas
1210 3205 1406 3270 denuo,
1441 3223 1541 3263 nec
1562 3225 1759 3277 paucas

200 3290 333 3350 eruit,
364 3305 500 3358 quas
541 3307 669 3346 vere
714 3291 1004 3346 Maximum
1048 3304 1320 3350 auctorem
1362 3297 1558 3350 habere
1604 3305 1758 3366 putat

200 3375 439 3444 homilias,
474 3379 569 3435 sed
598 3397 690 3436 eas
737 3383 897 3436 etiam
928 3398 1046 3451 qua:
1083 3383 1193 3451 jam
1224 3387 1378 3439 editae
1408 3387 1616 3441 fuerant
1645 3389 1757 3443 sive

201 3470 318 3524 inter
343 3473 629 3536 Ambrosii,
658 3475 769 3528 sive
798 3475 849 3528 in
877 3475 1090 3529 Maximi
1114 3476 1278 3545 ipsius
1308 3479 1557 3547 Operibus
1587 3480 1758 3534 adno-

202 3563 312 3614 tavit
341 3571 393 3617 et
417 3563 621 3631 judicio
660 3580 758 3619 suo
797 3565 1151 3620 conﬁrmavit.
1185 3567 1390 3639 Stylum
1418 3570 1753 3638 potissimum

198 3647 401 3716 iudicem
451 3663 666 3708 secutus
706 3649 806 3720 est,
855 3656 947 3709 sed
991 3671 1097 3711 non
1138 3658 1312 3715 minus
1339 3657 1670 3713 Gennadium
1701 3668 1757 3714 et

200 3742 284 3796 alia
306 3744 498 3799 indicia
529 3761 597 3800 ex
626 3747 755 3816 ipsis
783 3747 1016 3801 homiliis
1042 3749 1227 3817 petita.

891 3837 1046 3890 1755.

258 3923 484 3990 Parisiis,
513 3925 654 3995 apud
681 3925 996 3991 Montalant,
1038 3927 1106 3981 ad
1151 3929 1321 3997 ripam
1359 3927 1462 3983 PP.
1504 3929 1755 3998 Augusti-

198 4015 475 4080 nianorum,
502 4033 671 4088 prope
697 4026 913 4088 pontem
943 4017 998 4072 S.
1032 4018 1324 4083 Michaelis,
1358 4020 1523 4074 in-fol.
1551 4022 1607 4076 S.
1638 4021 1752 4076 Ma-

197 4108 305 4162 ximi
341 4109 687 4164 Taurinensis
733 4110 968 4180 episCOpi
1015 4110 1246 4164 homilia:
1282 4124 1395 4174 sex,
1441 4125 1506 4165 ex
1543 4111 1755 4165 schedis

194 4196 467 4255 Mabillonii
514 4200 684 4255 edidit
732 4200 1042 4256 Edmundus
1089 4183 1328 4255 Martene
1380 4201 1433 4255 in
1488 4209 1635 4255 tomo
1681 4201 1752 4254 ιχ

193 4290 503 4346 collectionis
554 4293 894 4362 amplissima:
923 4299 1054 4348 vett.
1087 4291 1182 4346 SS.
1235 4300 1289 4346 et
1325 4300 1749 4360 monumentor.,

192 4393 332 4447 quam
360 4398 464 4435 una
505 4397 628 4436 cum
674 4382 902 4436 Martino
952 4383 1200 4436 Durando
1249 4382 1488 4450 ejusdem
1537 4398 1600 4437 ac
1637 4383 1752 4459 ipse

193 4473 601 4540 congregationis
629 4473 799 4527 sancti
829 4471 994 4526 Mauri
1035 4473 1182 4526 socio
1219 4481 1273 4526 et
1309 4473 1625 4542 presbytero
1653 4488 1750 4527 no-

192 4571 296 4615 rem
320 4565 674 4619 voluminibus
699 4563 1005 4630 adornavit;
1038 4578 1127 4633 pp.
1161 4562 1406 4616 154-142.

250 4653 518 4724 Selegerat
555 4672 648 4711 eas
695 4655 1032 4710 Mabillonius
1072 4672 1137 4710 ex
1173 4657 1363 4710 eodem
1401 4653 1589 4709 codice
1614 4651 1750 4706 San-

189 4747 416 4814 gallensi,
446 4765 513 4804 ex
538 4765 646 4820 quo
675 4751 905 4819 primum
950 4749 1198 4804 homilias
1241 4748 1529 4803 duodecim
1569 4747 1748 4817 publi-

189 4843 331 4902 cavit,
364 4843 494 4897 alias
522 4857 586 4896 ex
611 4841 899 4910 nonaginta
929 4848 982 4894 et
1010 4849 1214 4911 septem
1245 4857 1378 4908 quas
1403 4841 1502 4893 sub
1530 4839 1748 4894 nomine

186 4929 448 5001 Augustini
476 4931 984 5004 comprehendebat,
1016 4947 1241 5002 quarum
1271 4941 1448 4985 tamen
1480 4947 1604 5001 pars
1628 4946 1744 4984 ma-

188 5023 314 5077 xima
354 5025 464 5092 jam
505 5026 604 5080 sub
652 5023 953 5092 Augustini,
994 5025 1079 5078 vel
1124 5023 1408 5090 Ambrosii,
1451 5024 1535 5078 vel
1579 5024 1748 5093 ipsius

185 5110 384 5169 Maximi
416 5117 628 5170 nomine
657 5121 877 5170 exarata
905 5120 1038 5177 erat,
1071 5113 1124 5167 in
1165 5113 1306 5167 aliud
1336 5123 1543 5184 tempus
1572 5129 1746 5168 reser-

183 5219 316 5258 vans.
363 5205 465 5260 Sed
493 5213 691 5275 prmter
725 5206 823 5259 has
867 5220 963 5259 sex
1006 5205 1137 5259 nihil
1183 5206 1236 5258 in
1274 5205 1485 5260 schedis
1523 5206 1639 5275 ejus
1675 5207 1742 5261 ab

182 5294 270 5352 hoc
296 5297 504 5353 editore
531 5305 804 5368 repertum
831 5305 930 5352 est.

481 5385 492 5390 ”
874 5387 1029 5441 1741.

235 5478 498 5548 Venetiis,
531 5483 670 5553 apud
701 5481 1054 5549 Augustinum
1092 5481 1290 5538 Savioli
1311 5523 1325 5550 ,
1369 5482 1537 5538 in-fol.
1564 5483 1738 5552 Opera

176 5570 379 5628 Maximi
432 5573 802 5642 Taurinensis;
843 5577 1105 5631 accedunt
1143 5577 1395 5646 Operihus
1441 5575 1636 5632 Leonis
1665 5577 1734 5630 Μ.

174 5662 230 5715 ab
255 5664 453 5720 eodem
479 5666 771 5737 bibliopola
800 5665 976 5722 editis.

232 5753 306 5811 De
334 5756 442 5812 hac
468 5756 723 5822 editione,
750 5767 806 5813 ut
829 5757 896 5813 de
919 5758 1180 5826 sequenti,
1215 5757 1424 5812 dicetur
1455 5759 1504 5812 in
1535 5758 1736 5812 annali-

1891 575 2070 616 ramus
2099 577 2228 629 ergo
2256 572 2436 619 utrum
2471 567 2599 620 sola:
2626 569 2872 636 primitus
2902 586 3022 625 cum
3055 571 3234 628 Leone
3269 579 3470 646 vulgari

1888 650 2058 703 solitae
2100 652 2334 706 homilize
2380 654 2449 706 7-1
2495 655 2716 710 reddita:
2761 660 2886 721 sint,
2932 676 2998 714 an
3041 677 3106 715 ex
3154 663 3467 736 Mabillonii,

1888 740 2166 795 Muratorii
2194 752 2247 797 et
2273 743 2540 800 Edmundi
2582 745 2820 803 Martene
2867 750 3244 810 collationibus
3270 756 3470 814 fuerint

1887 829 2252 900 locupletatus.
2757 867 2767 876 -

2591 928 2749 983 1748.

1956 1009 2216 1080 Venetiis,
2248 1014 2388 1084 apud
2417 1015 2688 1072 Andream
2718 1019 2929 1087 Poletti,
2970 1024 3136 1080 in-fol.
3175 1027 3466 1086 Sermones

1883 1107 1938 1152 et
1965 1100 2199 1156 homilia:
2228 1103 2284 1156 S.
2318 1103 2535 1160 Maximi
2567 1109 2803 1178 episcopi
2848 1112 3207 1171 Taurinensis.
3234 1119 3298 1172 ad
3328 1137 3458 1176 mss.

1882 1189 2099 1245 codices
2141 1191 2318 1248 denuo
2363 1197 2606 1265 castigati
2655 1207 2709 1252 et
2749 1204 2922 1269 aucti;
2969 1206 3228 1261 accedunt
3267 1207 3462 1266 Leonis

1880 1278 1951 1334 M.
1985 1283 2235 1350 operibus
2263 1300 2361 1353 per
2383 1289 2631 1342 eumdem
2663 1294 2890 1348 excusis.

2587 1383 2742 1437 1749.

1949 1466 2205 1535 Venetiis,
2235 1472 2374 1541 apud
2398 1472 2647 1528 Carolum
2690 1476 2913 1543 Pecora,
2948 1479 3113 1535 in-i‘ol.
3152 1482 3207 1536 S.
3241 1484 3455 1542 Maximi

1881 1555 2225 1616 Taurinensis
2271 1564 2506 1634 episcopi
2547 1582 2824 1622 sermones
2859 1571 3022 1635 varii;
3057 1572 3109 1625 in
3149 1574 3454 1631 Combelisii

1879 1648 2194 1704 Bibliotheca
2219 1657 2609 1710 concionatoria
2639 1674 2791 1712 novae
2821 1661 3087 1727 editionis,
3121 1665 3452 1733 potissimum

1877 1756 1973 1808 per
2001 1750 2204 1796 tomum
2234 1743 2271 1809 I,
2306 1743 2367 1808 Il,
2400 1745 2443 1799 V
2473 1755 2527 1801 et
2559 1747 2640 1800 VI.

2580 1838 2734 1892 1775.

1943 1923 2199 1992 Venetiis,
2235 1941 2299 1980 cx
2336 1935 2543 1998 typogr.
2593 1929 2750 1983 Joan.
2800 1931 2951 2001 Bapt.
2995 1933 3224 2001 Alhritii,
3276 1937 3453 1992 in-l'ol.

1871 2012 2057 2067 Sancti
2105 2015 2320 2070 Maximi
2362 2019 2598 2088 episcopi
2643 2020 2986 2077 Taurinensis
3025 2026 3328 2094 complures
3355 2028 3444 2082 ho-

1867 2104 2045 2167 miliie,
2077 2119 2197 2173 quae
2238 2106 2290 2159 in
2338 2116 2493 2161 antea
2541 2110 2697 2164 editis
2744 2111 3143 2178 desiderantur,
3188 2117 3448 2183 evulgato:

1867 2211 1993 2248 cura
2064 2204 2119 2249 et
2177 2197 2357 2250 studio
2405 2215 2490 2251 vv.
2554 2200 2641 2253 ell.
2702 2200 3013 2266 Mabillonii,
3065 2203 3340 2262 Muratorii
3395 2214 3451 2261 et

1865 2285 2129 2354 Martenii,
2161 2289 2461 2343 recollecta:
2489 2291 2556 2344 ab
2585 2290 2798 2347 Andrea
2829 2293 3140 2360 Gallandio;
3168 2297 3218 2349 in
3253 2296 3447 2352 Biblio-

1867 2379 2012 2432 theca
2046 2378 2160 2432 Vet.
2186 2378 2405 2432 Patrum
2434 2382 2859 2454 antiquorumque
2881 2387 3187 2454 scriptorum
3207 2387 3448 2440 ecclesia-

1864 2471 2128 2535 uicorum,
2163 2479 2308 2525 tomo
2335 2471 2423 2535 IX,
2455 2488 2545 2541 pp.
2579 2472 2831 2527 549-595.
2879 2475 3109 2530 Additus
3155 2486 3236 2529 est
3281 2478 3444 2530 etiam

1864 2575 2040 2614 sermo
2069 2576 2239 2614 novus
2268 2576 2332 2614 ex
2364 2561 2708 2617 Comhetisio.
2752 2562 2992 2632 Suhjecit
3038 2565 3214 2619 editor
3257 2563 3447 2623 breves

1864 2651 2070 2719 aliquot
2099 2661 2272 2716 notas,
2305 2654 2592 2715 variantes,
2631 2655 3052 2721 emcndaliones,
3084 2656 3444 2723 conjecturas,

1863 2755 1963 2795 nec
2001 2757 2109 2796 non
2158 2743 2275 2797 loca
2323 2743 2536 2807 biblica,
2568 2760 2687 2813 quae
2728 2745 2810 2799 vel
2861 2745 3060 2799 diserte
3106 2749 3328 2816 profert,
3358 2748 3443 2802 vel

1861 2834 2082 2902 respicit
2123 2835 2310 2889 saltem
2340 2834 2620 2889 Maximus.
2669 2837 2728 2890 In
2768 2839 3165 2906 prolegomcnis
3209 2839 3445 2909 denique

1862 2940 1982 2993 cap.
2014 2923 2064 2990 9,
2097 2942 2186 2995 pp.
2237 2926 2430 2991 20—22,
2463 2928 2529 2982 de
2559 2928 2771 2982 Maximi
2811 2930 2990 2996 rebus,
3023 2938 3078 2985 et
3105 2933 3291 2985 harum
3324 2932 3442 3000 ejus

1860 3014 2199 3070 bomiliarum
2245 3019 2542 3072 editoribus
2572 3021 2842 3088 exquisito
2871 3037 2992 3076 cum
3034 3021 3239 3091 judicio
3267 3024 3430 3079 disse~

1859 3107 2014 3160 ritur.

2566 3201 2722 3254 1784.

1933 3285 2134 3352 Romae,
2168 3289 2305 3357 typis
2332 3304 2468 3343 sacr.
2497 3307 2682 3359 congr.
2716 3293 2782 3346 de
2810 3292 3157 3362 Propaganda
3180 3295 3332 3361 Fide,
3359 3296 3440 3350 in-

1858 3376 1950 3430 fol.
1983 3393 2129 3430 max.
2161 3377 2343 3433 Sancti
2374 3380 2591 3433 Maximi
2621 3383 2861 3452 episcopi
2904 3384 3251 3439 Taurinensis
3277 3402 3438 3456 opera

1854 3467 2009 3534 jussu
2052 3466 2131 3521 Pii
2172 3467 2339 3522 Sexti.
2374 3469 2432 3522 P.
2478 3470 2546 3523 M.
2587 3480 2763 3536 aucta,
2807 3482 2969 3543 atque
3007 3475 3438 3534 adnotationibus

1863 3557 2129 3612 illustrata
2159 3575 2189 3613 a
2218 3559 2458 3614 Victorio
2482 3560 2740 3627 Amedeo,
2774 3562 3035 3617 Sardiniae
3065 3567 3176 3632 regi
3207 3565 3268 3618 D.
3302 3566 3364 3619 D.

1927 3645 2133 3701 Seriem
2171 3664 2292 3702 cum
2343 3650 2708 3714 homiliarum,
2750 3661 2860 3704 tum
2899 3668 3204 3708 sermonum
3245 3657 3296 3710 in
3336 3657 3436 3713 hac

1855 3737 2092 3792 editione
2125 3747 2503 3794 contentorum
2544 3757 2702 3811 supra
2743 3742 3002 3798 dedimus.
3051 3745 3168 3800 Jam
3207 3750 3434 3816 primum

1856 3841 1972 3880 esse
2019 3827 2200 3893 debet,
2248 3837 2326 3893 ut,
2375 3847 2610 3900 quonam
2656 3841 2815 3902 pacto
2861 3837 3155 3904 pnestitum
3191 3840 3259 3893 sit
3287 3840 3434 3906 illud,

1855 3933 1964 3986 quo
1994 3921 2228 3975 maxime
2257 3922 2475 3989 gloriari
2506 3939 2569 3977 ea
2610 3927 2800 3994 possit,
2847 3937 2906 3981 ut
2946 3945 3054 3983 non
3103 3937 3210 3983 tam
3259 3942 3433 3997 aucta,

1854 4025 2015 4079 quam
2040 4009 2108 4064 de
2124 4027 2267 4066 novo
2287 4013 2506 4068 condita
2533 4015 2796 4081 videatur,
2823 4021 3165 4088 explicemus.
3193 4021 3358 4078 Simul
3375 4040 3437 4080 ac

1853 4101 2104 4154 nimirum
2131 4117 2160 4155 a
2188 4102 2440 4170 pontiﬁce
2464 4122 2676 4162 summo
2709 4112 2944 4165 Brunoni
2966 4111 3147 4168 Bruno
3169 4115 3282 4170 lucc
3305 4130 3429 4169 con-

1853 4190 2053 4244 credita
2075 4201 2215 4246 esset
2238 4192 2522 4248 Maximum
2551 4212 2700 4250 orna:
2725 4198 2780 4251 di
2810 4202 3100 4267 provincia,
3132 4206 3431 4262 nonsolunt

1853 4280 1994 4334 intra
2023 4281 2230 4335 Italiam
2261 4285 2581 4339 auctoritate
2611 4302 2705 4339 sua
2735 4289 2861 4354 egit,
2894 4297 2952 4341 ut
2981 4290 3282 4360 ubicunque
3315 4294 3431 4351 Iihri

1853 4389 1981 4426 mss.
2016 4374 2068 4427 in
2098 4375 2289 4444 quibus
2318 4376 2518 4444 aliquid
2551 4377 2764 4430 Maximi
2797 4395 3019 4448 operum
3052 4382 3268 4447 inesset,
3297 4384 3430 4436 deli-

1853 4472 2140 4530 tescerent,
2173 4469 2408 4522 studiose
2438 4469 2836 4542 inquirerentur
2864 4481 2917 4526 et
2945 4473 3012 4526 ad
3041 4474 3182 4528 edita
3213 4485 3428 4530 excute-

1773 4539 1826 4598 D
1853 4563 2059 4618 rentur,
2097 4558 2295 4626 quique
2326 4559 2452 4613 inde
2493 4563 2867 4630 provenissent
2903 4565 2987 4619 vel
3026 4582 3284 4621 novorum
3314 4581 3428 4620 ser-

1851 4661 2070 4700 monum
2104 4648 2189 4701 vel
2230 4651 2550 4705 variantium
2592 4653 2881 4708 lectionum
2922 4656 3144 4722 fructus,
3178 4672 3279 4710 una
3309 4673 3427 4713 cum

1833 4737 2051 4803 .formze,
2085 4741 2478 4808 characterum,
2512 4752 2674 4814 atque
2721 4749 2893 4801 aetatis
2929 4747 3292 4804 declaratione
3322 4749 3448 4802 Ro-,

1848 4847 1990 4884 mam
2022 4833 2379 4900 mitterentur,
2411 4837 2504 4892 sed
2539 4847 2690 4892 extra
2729 4839 2934 4892 Italiam
2965 4841 3125 4893 etiam
3162 4840 3303 4893 idem
3332 4857 3426 4910 per

1851 4921 2056 4988 legatos
2102 4940 2228 4981 suos
2274 4927 2389 4983 ﬁeri
2436 4931 2661 4984 curavit.
2709 4930 2882 4999 Ipsum
2924 4930 3154 4999 denique
3192 4931 3426 4986 Brunum

1849 5013 2168 5082 insigniores
2207 5025 2261 5073 et
2307 5021 2579 5076 codicibus
2624 5038 2750 5076 mss.
2811 5023 3041 5075 maxime
3095 5023 3427 5078 abundantes

1848 5106 2200 5166 bibliothecas
2227 5115 2391 5167 veluti
2421 5114 2776 5168 Casincnsem
2811 5123 2864 5168 et
2910 5114 3251 5169 Florentinas
3280 5115 3426 5169 adire

1847 5217 1903 5265 et
1927 5214 2117 5275 su0ple
2138 5205 2350 5272 ingenio
2379 5206 2609 5274 experiri
2630 5204 2806 5272 jussit,
2839 5214 3094 5273 quantmn
3125 5206 3256 5258 lucri
3284 5213 3423 5263 esset

1847 5304 2069 5358 laturus.
2097 5301 2263 5355 Simul
2286 5298 2477 5353 summi
2511 5297 2861 5365 undequaque
2887 5305 2941 5351 et
2968 5298 3086 5351 loco
3109 5305 3163 5351 et
3180 5297 3423 5350 doctrina

1844 5397 1944 5451 viri
1974 5404 2027 5451 et
2069 5395 2228 5450 oﬂieii
2269 5393 2350 5446 sui
2398 5405 2524 5458 erga
2571 5389 2875 5458 pontilicem
2911 5389 3140 5444 testandi
3178 5404 3340 5444 causa
3370 5397 3424 5448 et

1842 5487 1981 5541 bene
2008 5486 2075 5540 de
2105 5483 2334 5537 Maximo
2363 5480 2606 5534 merendi
2625 5481 2800 5549 cupidi
2829 5481 3078 5534 eximiam
3110 5480 3162 5532 in
3186 5480 3291 5533 hoc
3309 5485 3423 5533 stu-

1840 5577 1930 5631 dio
1959 5569 2149 5630 edituri
2179 5579 2440 5627 navarunt
2468 5587 2707 5641 operam.
2740 5571 2791 5626 Is
2819 5585 2946 5638 ergo
2975 5563 3260 5639 postquam
3303 5584 3422 5623 om-

1843 5681 1956 5731 nes,
1989 5671 2254 5734 quotquot
2297 5663 2556 5718 hactenus
2601 5645 2798 5717 curatie
2837 5668 3018 5715 essent
3057 5657 3272 5712 Maximi
3300 5657 3417 5710 edi-

1842 5759 2016 5813 tiones
2035 5756 2490 5827 circumspexerat
2518 5766 2570 5812 et
2600 5754 3014 5822 conquisiverat,
3040 5749 3416 5815 ingeniumque
