4042 6192
510 325 616 380 195

1608 316 1676 373 ΙΝ
1723 317 1782 376 8.
1823 313 2153 379 DLAXIMUH
2190 313 2682 371 TAURINESSEM

3685 319 3777 378 l96

506 435 707 492 deinde
743 432 990 504 legendis
1027 431 1268 488 virorum
1316 429 1566 486 historiae
1602 431 1926 501 critieaeque
1964 431 2296 498 artisAdit.
2345 434 2520 505 Atque
2564 435 2678 490 hzec
2723 433 2774 488 in
2819 433 3124 489 universum
3169 430 3386 502 quidem
3412 431 3482 487 de
3531 434 3776 492 methodo

504 529 700 600 peritia
741 526 1040 597 insignium
1079 524 1148 579 de
1185 523 1422 578 Maximo
1459 525 1705 592 scriptis,
1748 523 1932 592 qualia
1973 529 2102 577 sunt

504 637 573 677 ex
607 618 1044 690 antiquioribus,
1079 615 1348 670 Gennadii
1382 626 1436 670 et
1473 615 1698 671 llonorii
1737 614 2098 686 Augustodu-

502 710 718 774 nensis,
750 708 1121 762 recentiorum
1151 719 1308 768 vero,
1337 702 1648 766 Trithemii,
1684 703 1918 768 Erasini,
1950 700 2096 754 Sixti

506 797 780 863 Sinensis,
797 795 977 850 Latini
995 794 1217 859 Lnlinii,
1243 793 1581 858 Bellarniini,
1600 792 1844 857 Baronii,
1868 787 2102 857 Labbei,

508 906 775 961 editorum
805 902 1084 970 Augustini
1105 909 1160 955 et
1183 897 1453 954 Ambrosii
1482 913 1513 953 e
1541 908 1794 965 congreg.
1819 895 1876 950 S.
1901 893 2094 959 Mauri,

507 994 713 1050 Natalis
737 992 1047 1056 Alexandri,
1078 990 1235 1046 Joan.
1279 989 1396 1044 Alb.
1442 987 1690 1050 Fabricii,
1722 985 1905 1050 Cavei,
1935 985 2100 1054 Dupi-

509 1086 604 1150 aii,
632 1083 847 1149 Oudiut,
877 1081 1224 1146 Tillemontii,
1253 1078 1489 1134 Ceillerii
1533 1086 1588 1132 et
1623 1076 1846 1131 fratrum
1876 1075 2100 1130 Balleri-

513 1176 747 1240 niorum,
799 1182 1124 1238 nutriverat;
1171 1181 1432 1242 tantaque
1480 1170 1715 1240 denique
1766 1184 1896 1224 mss.
1945 1167 2100 1237 cupia

506 1277 804 1324 mactatum
824 1283 884 1324 se
909 1267 1137 1332 videret,
1167 1265 1312 1336 quod
1337 1264 1404 1319 ad
1433 1263 1604 1319 editas
1621 1260 1860 1332 quidem,
1883 1269 2102 1318 secutus

511 1367 596 1414 est
622 1359 817 1429 partim
846 1358 1153 1428 exemplum
1193 1355 1457 1427 Gymnici,
1503 1355 1595 1423 qui
1636 1354 1840 1424 primus
1877 1360 2098 1422 septua—

510 1450 658 1519 ginta
687 1459 919 1519 quatuor
947 1449 1194 1504 homilias
1221 1447 1444 1502 dederat
1483 1460 1514 1499 a
1543 1445 1816 1501 Galesinio
1854 1459 1986 1498 mox
2013 1457 2100 1498 re-

511 1549 692 1602 cusas,
722 1541 795 1593 ita
825 1547 1002 1593 tamen
1035 1546 1091 1593 ut
1118 1537 1373 1593 nonnulla
1398 1537 1516 1606 ejus
1551 1543 1644 1590 aut
1679 1535 1974 1606 suppleret,
2006 1539 2100 1587 aut

509 1630 845 1699 emendaret,
872 1631 1203 1698 omninoque
1251 1629 1318 1682 ad
1366 1628 1734 1699 probatiorutn
1777 1642 1907 1682 mss.
1939 1624 2098 1680 ﬁdem

506 1724 768 1791 exigeret,
813 1722 1009 1792 partim
1056 1720 1464 1790 repraesentavit
1509 1718 1754 1788 exempla
1801 1716 2098 1772 editionum

506 1814 888 1870 Parisiensium
917 1829 1140 1883 operum
1186 1812 1244 1867 8.
1286 1812 1552 1866 Ambrosii
1583 1826 1847 1865 annorum
1876 1807 2016 1863 1569
2042 1816 2098 1864 et

506 1905 664 1973 1690,
696 1905 1096 1961 Anecdotorum
1142 1903 1418 1958 Muratorii
1465 1918 1554 1956 an.
1605 1901 1773 1969 i713,
1821 1908 1879 1956 et
1926 1900 2096 1954 Musei

505 1994 672 2052 Italici
701 1995 1067 2050 Mabilloniani
1096 2010 1184 2048 an.
1221 1991 1385 2059 i724;
1418 2009 1587 2048 novas
1627 2000 1807 2047 autem
1843 1999 1899 2047 et
1926 1991 2099 2046 inedi-

505 2095 590 2142 tas
617 2089 880 2142 hactenus
901 2085 1113 2140 nonnisi
1137 2086 1596 2141 consentientibus
1617 2085 1858 2154 pluribus
1880 2085 2097 2155 optimm

504 2187 652 2235 noue
675 2195 803 2234 mss.
836 2186 892 2234 et
919 2195 984 2233 ex
1009 2177 1198 2248 judieii
1225 2179 1308 2233 sui
1337 2193 1561 2233 assensu
1584 2177 1637 2232 in
1663 2192 1944 2233 numerum
1973 2177 2100 2233 alle-

505 2271 602 2336 xit,
634 2271 736 2326 hac
771 2271 1010 2325 adhibita
1041 2271 1092 2325 in
1121 2269 1476 2340 dijudicandis
1512 2285 1640 2326 mss.
1673 2271 1947 2327 codicibus
1969 2285 2096 2325 cau-

507 2359 676 2425 tione,
709 2368 770 2414 ut
808 2360 1140 2428 antiquiores
1178 2361 1475 2428 generatim
1523 2361 1802 2431 prail‘erret
1830 2360 2098 2418 recentio-

503 2448 688 2510 ribus,
746 2448 1143 2502 emendatiores
1194 2448 1374 2502 minus
1421 2448 1696 2516 castigatis
1749 2457 1806 2504 et
1857 2449 1923 2503 iis
1975 2448 2099 2518 plus

506 2539 788 2604 tribueret,
820 2552 957 2606 quos
1000 2552 1068 2592 ex
1109 2537 1329 2607 optimis
1369 2538 1763 2607 exemplaribus
1797 2538 2098 2608 descriptos

505 2644 630 2686 esse
659 2630 1021 2698 cognovisset.
1061 2648 1080 2682 ‹
1127 2628 1185 2684 ld
1224 2643 1356 2684 vero
1394 2637 1454 2684 ut
1489 2630 1877 2697 dignoscerem,
1901 2630 2093 2698 inquit,

505 2722 718 2790 regulas
758 2723 890 2778 mihi
938 2723 1177 2778 subsidio
1223 2729 1335 2778 tres
1384 2722 1714 2792 comparavi.
1758 2720 1954 2777 Earum
1997 2721 2097 2777 fuit

505 2814 674 2885 prior,
719 2814 963 2870 codicum
1014 2799 1368 2884 plurimorum
1407 2829 1703 2883 eorumque
1732 2815 2096 2886 antiquiorum

505 2906 1042 2976 emendatiorumque
1077 2915 1400 2973 concentus;
1451 2906 1652 2972 altera,
1695 2915 1937 2962 veterum
1979 2923 2097 2962 mo-

505 3006 884 3053 numentorum
911 2998 1340 3067 scriptorumque
1367 2998 1689 3064 auctoritas;
1717 2998 1897 3065 tertia,
1925 2998 2098 3053 histo-

505 3090 740 3146 ricorum
787 3090 1094 3158 critieteque
1133 3089 1265 3144 artis
1312 3089 1606 3160 peritorum
1653 3090 1959 3146 consensio.
2001 3088 2097 3146 llis

2199 540 2362 596 quam
2390 527 2444 581 in
2472 523 2786 580 adhibendis
2813 525 3059 580 codicum
3085 539 3212 578 mss.
3239 523 3557 580 testimoniis
3575 535 3777 585 secutus
3865 549 3872 555 -

2199 619 2289 683 sit,
2318 617 2592 688 prtecipit;
2615 617 2920 686 singulatim
2944 632 3074 671 vero
3103 615 3170 670 ad
3199 630 3630 686 unamquamque
3668 634 3779 672 ora-

2200 710 2403 766 tionem
2430 709 2610 775 docet,
2637 708 2779 763 unde
2807 709 2894 762 illa
2925 708 3013 773 sit,
3045 724 3204 775 nova,
3232 723 3300 760 an
3328 707 3460 761 alias
3483 706 3595 776 jam
3623 709 3774 778 edita,

2199 815 2308 871 quo
2332 799 2455 869 jure
2485 799 2700 854 Maximi
2729 814 2925 853 nomen
2949 799 3100 864 ferat,
3123 799 3384 868 quibusve
3403 814 3530 852 mss.
3555 814 3614 854 se
3633 807 3778 856 tuea-

2200 898 2315 957 tur;
2346 906 2466 960 quze
2488 890 2714 960 junctim
2751 890 3161 944 admonitionum
3196 890 3416 945 nomine
3443 891 3511 946 ab
3545 907 3612 948 eo
3637 909 3776 948 com-

2199 983 2622 1052 prehenduntur.
2667 980 2786 1036 iam
2835 982 2902 1036 ad
2943 982 3048 1036 alia
3091 982 3426 1047 accedamus,
3458 998 3576 1053 quae
3604 985 3779 1043 inhoc

2201 1089 2365 1143 opere
2393 1073 2448 1128 S.
2478 1073 2696 1129 Maximi
2725 1072 3053 1126 amatoribus
3081 1071 3404 1127 videbuntur
3422 1074 3636 1140 eximia,
3669 1083 3778 1131 tex-

2201 1173 2288 1221 tus
2327 1163 2760 1220 emendationem
2797 1162 2919 1219 dico
2959 1171 3014 1218 et
3053 1163 3484 1220 illustrationem.
3525 1165 3608 1220 Ad
3640 1167 3777 1223 illam

2199 1255 2348 1324 quod
2375 1265 2602 1326 spectat,
2631 1255 2722 1310 vix
2743 1254 2978 1310 dubitari
3005 1262 3183 1324 potest
3223 1254 3350 1324 quin
3380 1256 3452 1321 ei,
3477 1257 3567 1325 qui
3593 1256 3649 1312 S.
3675 1257 3778 1312 Ma-

2201 1347 2331 1403 ximi
2359 1347 2628 1416 ingenium
2657 1346 3040 1416 propriamque
3078 1345 3370 1400 dictionem
3414 1346 3572 1412 adeo,
3603 1355 3661 1403 ut
3688 1365 3779 1405 no-

2200 1446 2330 1500 ster,
2361 1436 2542 1492 animo
2573 1436 2800 1503 imbibit,
2832 1436 3046 1506 egregie
3088 1435 3176 1493 hic
3219 1436 3374 1490 labor
3411 1438 3653 1503 cesserit,
3685 1455 3778 1496 nec

2199 1529 2356 1584 facile
2385 1528 2492 1592 illa,
2527 1528 2627 1584 nisi
2655 1529 2724 1584 ab
2751 1543 2905 1597 teque
2932 1526 3228 1590 exercitato
3257 1527 3310 1581 in
3339 1527 3499 1596 hujus
3526 1529 3778 1585 aliorum-

2199 1636 2305 1690 que
2332 1621 2777 1684 concionatorum
2803 1619 3036 1674 lectione
3063 1618 3166 1674 rite
3193 1618 3447 1672 :estimari
3474 1619 3701 1688 poterit;
3727 1620 3778 1679 id

2200 1729 2367 1770 unum
2415 1722 2621 1769 tantum
2665 1711 3012 1776 alﬁrmamus,
3040 1709 3312 1764 variantes
3341 1709 3598 1766 lectiones
3636 1711 3777 1780 larga

2129 1794 2176 1854 η
2203 1824 2363 1863 manu
2393 1806 2664 1878 appositas
2691 1813 2748 1860 et
2782 1804 3065 1874 diligenter
3089 1810 3337 1859 enotatas
3375 1819 3511 1864 esse.
3545 1803 3779 1862 Illustra-

2203 1899 2336 1953 tioni
2362 1898 2657 1953 inserviunt
2681 1913 2802 1952 cum
2830 1903 3146 1965 argumenta
3173 1894 3511 1951 sermonibus
3538 1904 3593 1950 et
3619 1895 3781 1952 homi-

2200 1993 2286 2049 liis
2311 1990 2549 2063 praxﬁxa,
2585 2000 2696 2047 tum
2725 1989 3124 2054 adnotationes,
3148 2004 3258 2043 non
3280 1988 3530 2044 omnibus
3546 1987 3780 2058 quidem,

2199 2083 2298 2140 sed
2323 2083 2706 2153 prolixioribus
2732 2081 2933 2152 passim
2972 2079 3289 2148 subjunetm,
3320 2078 3388 2134 de
3417 2079 3538 2133 ﬁdei
3566 2079 3782 2148 dogma-

2200 2175 2362 2242 tibus,
2394 2188 2514 2244 qute
2562 2171 2701 2227 forte
2746 2171 3010 2225 Maximus
3048 2169 3243 2238 attigit,
3275 2169 3433 2228 unice
3469 2177 3779 2228 tractantes.

2200 2267 2277 2323 De
2305 2266 2494 2322 iisdem
2540 2280 2670 2319 vero
2705 2263 2996 2334 separatim
3024 2261 3187 2317 etiam
3215 2275 3311 2330 per
3337 2260 3640 2332 systematis
3664 2276 3781 2316 mo-

2198 2357 2324 2413 dum
2364 2357 2523 2426 longe
2569 2355 2785 2410 uberius
2820 2369 2983 2423 quam
3031 2353 3084 2407 in
3126 2352 3219 2407 tali
3260 2359 3481 2406 auctore
3517 2351 3781 2420 quispiam

2199 2446 2608 2510 desideraverit,
2636 2452 3032 2500 commentatus
3061 2451 3163 2499 est.
3207 2443 3394 2498 Restat
3439 2458 3580 2497 nunc
3610 2451 3668 2497 ut
3696 2449 3782 2498 to-

2199 2538 2306 2592 tius
2354 2537 2535 2608 operis
2582 2536 2997 2606 descriptionem
3045 2543 3100 2590 et
3144 2535 3414 2604 quomodo
3460 2535 3681 2604 singula:
3723 2550 3784 2590 se

2199 2637 2382 2698 partes
2401 2628 2588 2682 ordine
2607 2628 2864 2683 continuo
2894 2627 3182 2697 excipiant,
3214 2628 3397 2697 paucis
3426 2641 3778 2695 exponamus.

2199 2718 2523 2791 Auspicatur
2546 2720 2796 2776 volumen
2827 2719 2908 2776 Pii
2937 2719 3004 2777 Vl
3031 2719 3092 2774 P.
3118 2720 3188 2774 Μ.
3221 2721 3288 2774 ad
3316 2719 3611 2775 Vietorium
3635 2720 3786 2778 Ame~

2197 2814 2358 2869 deum
2405 2813 2665 2869 Sardiniae
2707 2827 2889 2881 regem
2936 2813 3162 2884 epistola
3194 2813 3267 2884 (d.
3300 2812 3486 2867 Roma:
3524 2812 3690 2883 apud.
3721 2813 3782 2868 8.

2198 2905 2421 2960 Mariam
2447 2904 2709 2974 Majorem
2739 2922 2788 2960 vr
2817 2905 2936 2961 idus
2961 2904 3084 2960 Julii
3115 2921 3202 2960 an.
3237 2903 3394 2970 1784,
3432 2898 3788 2975 pontiﬁcatus

2197 3013 2340 3052 anno
2371 2995 2480 3064 lli),
2513 2996 2567 3050 in
2595 3009 2701 3064 qua
2728 3005 2839 3050 tum
2868 2995 3084 3050 Maximi
3110 2995 3178 3050 de
3212 2994 3632 3054 Taurinensibus
3661 3009 3786 3049 me-

2197 3088 2318 3153 rita,
2352 3094 2466 3141 tum
2494 3085 2902 3143 Taurinensium
2930 3094 2984 3141 et
3013 3085 3274 3141 universa:
3301 3086 3476 3154 gentis
3504 3084 3790 3141 Sabaudia:

505 3198 634 3253 ergo
668 3182 930 3254 prmsidiis
970 3155 1226 3249 munitus,
1259 3155 1523 3253 permulta
1561 3183 1818 3252 opuscula
1854 3182 1976 3252 jure
2003 3198 2094 3238 as-
2123 3155 2169 3218 ϐ
2202 3178 2568 3250 imprimisque
2593 3179 2849 3234 comitum
2877 3177 3181 3246 ducumque
3209 3175 3325 3245 ejus
3347 3185 3403 3231 et
3422 3189 3604 3243 regum
3632 3175 3791 3230 deni-

505 3274 653 3329 serui
685 3273 937 3340 Maximo,
968 3273 1070 3328 etsi
1099 3280 1280 3328 essent
1306 3273 1399 3342 qui
1427 3273 1666 3342 ipsorum
1702 3273 1892 3343 aliqua
1921 3274 2097 3329 eidem

504 3374 725 3436 accepta
767 3365 955 3420 referri
991 3373 1244 3435 oportere
1272 3373 1367 3419 aut
1401 3364 1785 3431 intlciarentur,
1821 3373 1914 3420 aut
1939 3365 2098 3421 dubio

505 3463 703 3511 tarent.
732 3454 887 3522 Quod
918 3454 962 3508 si
989 3453 1276 3525 aliquando
1314 3455 1507 3509 horum
1554 3456 1683 3510 mihi
1730 3456 2100 3525 praesidiorum

506 3547 592 3602 vel
620 3546 800 3615 aliqua
829 3545 912 3600 vel
961 3560 1099 3616 pene
1133 3545 1314 3600 omnia
1349 3544 1654 3612 defuerunt,
1703 3545 1882 3603 induci
1919 3555 2099 3602 tamen

505 3654 615 3694 non
644 3638 816 3708 potui,
849 3645 908 3691 ut
943 3645 1133 3693 saneto
1162 3637 1384 3693 antistiti
1415 3638 1771 3707 abjudicanda
1793 3653 1914 3694 esse
1937 3638 2102 3695 duee-

507 3745 643 3793 rem,
667 3743 786 3797 quae
815 3729 883 3783 ab
921 3729 1040 3798 ipso
1077 3727 1240 3782 fuisse
1267 3729 1466 3798 scripta
1494 3730 1617 3800 styli
1643 3745 1707 3785 ae
1734 3731 1996 3787 orationis
2022 3732 2098 3787 si-

505 3819 755 3874 militudo
804 3818 1076 3873 suaderet.
1127 3817 1312 3886 Neque
1350 3834 1501 3883 vero,
1534 3819 1679 3887 quod
1709 3820 1761 3874 in
1783 3822 2097 3889 quibusdam

503 3908 779 3979 opusculis
821 3907 1077 3962 humilior
1124 3923 1284 3976 quam
1331 3909 1384 3962 in
1427 3909 1635 3963 caeteris
1684 3910 1755 3964 sit
1790 3911 1983 3975 oratio,
2015 3912 2099 3966 id-

505 4001 652 4056 eirco
681 4000 748 4054 ab
778 3997 964 4054 iisdem
996 3998 1228 4053 Maximo
1256 3999 1586 4055 ascribendis
1626 4000 1887 4057 deterreri
1923 4002 2094 4072 potui.

510 4089 628 4145 Non
657 4090 801 4144 enim
829 4104 945 4143 sum
986 4089 1199 4144 nescius
1235 4104 1523 4146 consuesse
1552 4098 1787 4159 sanctos,
1819 4092 1936 4163 ejus
1969 4109 2102 4165 prm-

506 4181 696 4236 sertim
739 4181 936 4246 tetatis,
987 4181 1257 4237 antistites
1309 4182 1622 4240 sublimiore
1664 4185 2101 4258 elegantioreque

505 4272 758 4327 oratione
785 4272 884 4338 uti,
915 4286 1036 4328 eum
1066 4271 1343 4328 auditores
1386 4274 1707 4343 eloquentia:
1733 4276 2101 4348 doctrinaeque

508 4364 669 4419 laude
689 4369 1004 4435 praestantes
1026 4364 1170 4419 nacti
1192 4372 1401 4430 essent;
1433 4365 1716 4421 humiliore
1743 4375 1952 4431 contra,
1977 4383 2098 4422 cum

509 4455 807 4512 conciones
833 4454 902 4509 ad
931 4455 1239 4523 imperitum
1276 4456 1467 4523 vulgus
1506 4455 1786 4512 haberent.
1809 4490 1881 4500 —
1902 4458 2098 4514 Verum

507 4549 612 4604 etsi
641 4563 740 4618 par
775 4547 997 4601 omnino
1025 4546 1081 4600 in
1117 4545 1324 4615 aliquot
1359 4545 1576 4602 Maximi
1614 4549 1905 4618 opusculis,
1937 4559 2100 4619 atque

508 4642 564 4695 in
595 4639 715 4694 aliis
742 4636 986 4708 pluribus
1017 4651 1135 4690 esse
1164 4652 1273 4692 non
1298 4637 1544 4692 videatur
1571 4639 1870 4695 sublimitas
1891 4655 2099 4695 sermo-

507 4731 595 4784 nis
637 4737 694 4785 et
736 4727 1032 4797 elegantia;
1063 4725 1200 4782 adeo
1243 4734 1424 4782 tamen
1461 4736 1546 4785 est
1574 4729 1762 4796 series,
1794 4731 2101 4796 collocatio,

511 4823 800 4878 verborum
825 4821 1038 4884 ductus,
1071 4819 1575 4891 aﬁ'ereudorumque
1607 4837 1774 4878 sacra:
1812 4821 2104 4892 Scriptum:

512 4912 756 4968 locorum
786 4915 926 4970 ratio
954 4913 1161 4980 similis,
1187 4921 1246 4968 ut
1271 4911 1430 4969 facile
1459 4915 1512 4968 in
1543 4916 1784 4984 utrisque
1811 4915 2103 4971 Maximum

513 5012 786 5059 auctorem
833 5008 1007 5075 possis
1035 5021 1347 5076 agnoscere.
1377 5005 1497 5062 Jam
1527 5021 1658 5063 vero
1685 5009 1730 5062 si
1752 5023 1858 5077 qua
1886 5009 1939 5064 in
1968 5025 2105 5081 opu-

495 5094 662 5178 scula
702 5095 919 5161 incurri,
951 5115 1070 5168 qum
1096 5115 1346 5156 sermone
1375 5108 1482 5155 tam
1513 5099 1738 5168 vulgari,
1769 5101 1978 5167 humili,
2005 5102 2093 5156 ab-

509 5187 679 5256 jccto,
727 5186 999 5256 implicato
1044 5193 1240 5263 scripta
1285 5201 1484 5258 essent,
1526 5200 1587 5247 ut
1631 5209 1853 5263 prorsus
1890 5194 2105 5264 indigna

514 5277 768 5332 Maximo
785 5277 1120 5346 viderentur;
1145 5299 1207 5337 ea
1231 5284 1481 5353 equidem
1513 5285 1643 5339 nihil
1666 5285 1916 5341 haesitans
1937 5287 2101 5344 statui

515 5367 666 5434 rejici
724 5376 977 5438 oportere
1032 5370 1084 5424 in
1143 5389 1422 5430 numerum
1484 5392 1711 5447 Operum
1765 5378 2101 5447 spuriorum,

515 5473 822 5528 quanquam
852 5461 906 5515 in
935 5460 1141 5529 aliquot
1180 5465 1456 5522 codicibus
1503 5468 1756 5538 inscripta
1785 5476 1967 5525 essent
1991 5468 2104 5524 Ma-

515 5549 645 5603 ximi
675 5550 914 5618 ejusdem
933 5553 1170 5632 nomine.
1199 5573 1218 5607 ι
1240 5554 1397 5621 Quod
1424 5560 1692 5627 posterius
1720 5559 1880 5616 latius
1903 5559 2102 5616 ibidem

517 5639 784 5696 editorum
811 5641 1082 5698 Ambrosii
1109 5651 1165 5699 et
1191 5642 1475 5712 Augustini
1499 5664 1530 5704 e
1557 5664 1810 5720 congreg.
1846 5650 1906 5709 S.
1932 5651 2101 5712 Mauri

516 5739 573 5786 et
597 5728 792 5789 Leonis
817 5731 910 5799 Μ..
941 5734 1162 5790 fratrum
1190 5733 1599 5795 Balleriniorum
1628 5743 1890 5814 exemplis
1917 5742 2102 5803 defen-

2199 3285 2304 3336 t,ue
2329 3271 2606 3341 pietatem,
2639 3270 2692 3324 in
2733 3269 2930 3326 tuenda
2967 3269 3420 3341 propagandaque
3448 3268 3567 3323 ﬁdei
3595 3268 3792 3323 catho-

2201 3363 2314 3417 lica:
2345 3362 2592 3418 doctrina
2625 3362 2958 3418 alacritatem
3003 3370 3059 3418 et
3108 3363 3163 3418 in
3206 3361 3556 3432 apostolicam
3595 3359 3790 3416 sedem

2201 3453 2544 3508 devotionem
2591 3453 2666 3509 ita
2711 3454 2991 3524 praedicat,
3039 3462 3100 3510 ut
3139 3470 3246 3512 non
3293 3454 3536 3509 omiserit
3580 3453 3798 3521 singula

2201 3545 2515 3615 pontiﬁcum
2556 3545 2924 3601 Romanorum
2965 3546 3422 3618 prredecessorum
3452 3561 3668 3602 suorum
3699 3546 3796 3600 lit-

2202 3635 2331 3689 teris
2358 3643 2413 3690 et
2441 3633 2792 3692 Guicbenonii
2833 3636 3117 3695 Sabaudia:
3145 3638 3337 3696 domus
3373 3639 3797 3708 historiographi

2201 3727 2522 3781 testimoniis
2549 3726 2888 3784 conﬁrmare.
2912 3730 3168 3800 Sequitur
3205 3729 3428 3784 editoris
3464 3731 3708 3800 prafatio
3742 3730 3800 3783 in

2203 3819 2338 3875 duas
2364 3827 2549 3890 partes
2578 3819 2766 3886 divisa,
2798 3835 3024 3888 quarum
3053 3837 3156 3874 una
3187 3821 3408 3890 exponit
3436 3820 3619 3888 quibus
3658 3822 3802 3874 scri-

2201 3919 2406 3980 ptorum
2434 3919 2484 3965 et
2507 3911 2739 3965 codicum
2769 3911 3105 3982 adiumentis,
3128 3921 3178 3966 et
3209 3929 3309 3985 quo
3335 3913 3519 3966 ordine
3543 3913 3653 3967 haec
3679 3912 3804 3966 edi-

2203 4003 2273 4056 tio
2295 4005 2362 4067 sit
2387 4004 2638 4074 perfecta,
2659 4002 2826 4057 altera
2847 4002 2910 4056 de
2926 4002 3162 4058 doctrina
3183 4002 3239 4057 Μ
3243 4004 3404 4058 eximi
3424 4002 3808 4072 copiosissime

2203 4092 2438 4148 disserit.
2469 4092 2619 4149 Hane
2644 4094 2843 4165 exeipit
2869 4094 2934 4148 de
2971 4093 3093 4148 Vita
3123 4093 3184 4149 S.
3216 4092 3440 4149 Maximi
3466 4092 3810 4148 Commenta-

2203 4186 2312 4239 rius
2336 4185 2769 4250 verbosissimus,
2798 4185 2939 4240 binis
2967 4185 3233 4240 columnis
3272 4185 3578 4254 impressus.
3604 4183 3811 4239 Proxi-

2203 4293 2292 4332 ma
2345 4285 2472 4331 sunt
2522 4279 2816 4332 testimonia
2874 4280 3182 4349 scriptorum
3227 4278 3702 4333 ecclesiasticarum
3739 4278 3816 4332 de

2201 4371 2410 4440 scriptis
2440 4367 2498 4424 S.
2537 4368 2757 4424 Maximi
2798 4369 3157 4435 Taurinensis,
3189 4369 3274 4425 cui
3317 4371 3621 4426 adnectitur
3648 4368 3818 4428 elen—

2203 4461 2337 4519 chus
2377 4461 2660 4516 editionum
2712 4461 3044 4517 homiliarum
3087 4470 3138 4515 et
3183 4477 3480 4515 sermonum
3530 4458 3812 4529 ejusdem.

2126 4521 2180 4586 υ
2205 4552 2398 4607 Postea
2427 4553 2612 4606 notitia
2637 4552 2872 4608 codicum
2890 4569 3043 4616 mss.,
3071 4569 3136 4606 ea:
3157 4551 3335 4625 quibus
3359 4553 3560 4605 auctior
3581 4561 3630 4603 et
3654 4550 3819 4606 locu-

2202 4646 2389 4715 pletior
2414 4645 2586 4716 prodit
2623 4645 2734 4700 hac
2754 4662 2966 4716 operum
3002 4645 3063 4699 S.
3103 4643 3323 4699 Maximi
3351 4643 3531 4711 editio,
3556 4643 3818 4712 itemque

2205 4736 2490 4791 declaratio
2520 4738 2690 4792 (etatis
2729 4737 2962 4792 codicum
3002 4754 3126 4792 mss.
3161 4753 3388 4808 quorum
3418 4736 3720 4806 specimina
3753 4735 3822 4790 in

2207 4827 2405 4880 tabulis
2432 4841 2540 4881 tere
2568 4827 2752 4882 incisis
2779 4827 2845 4882 ad
2874 4827 3076 4884 calcem
3104 4828 3358 4897 subjectis
3385 4835 3511 4883 sunt
3536 4826 3822 4882 exhibita.

2208 4913 2383 4971 Iudex
2400 4917 2635 4986 denique
2661 4933 2958 4972 sermonum
2973 4925 3027 4972 et
3057 4918 3391 4974 homiliarum
3411 4917 3637 4973 sistitur.
3670 4917 3827 4984 Qua:

2207 5007 2386 5062 omnia
2410 5006 2564 5075 juxta
2592 5023 2815 5079 quanta
2846 5009 3004 5064 nobis
3031 5017 3156 5064 sunt
3187 5017 3500 5068 enumerata
3527 5007 3632 5062 200
3655 5009 3829 5078 pagi-

2207 5114 2304 5154 nas
2350 5099 2592 5171 implent.
2642 5101 2848 5157 Dehine
2894 5102 2998 5172 ipsi
3045 5117 3324 5159 sermones
3360 5111 3414 5159 et
3442 5102 3680 5160 homiliae
3712 5115 3827 5170 ge-

2209 5190 2358 5245 nuini
2387 5191 2524 5246 binis
2543 5192 2826 5262 columnis,
2859 5191 3010 5248 dubii
3035 5208 3100 5250 ae
3123 5194 3294 5264 spurii
3322 5207 3418 5263 per
3445 5192 3828 5263 appendicem

2209 5283 2422 5352 adjecti,
2448 5285 2568 5340 latis
2589 5286 2742 5341 lineis
2762 5287 3002 5356 impressi
3025 5295 3340 5357 sequuntur.
3370 5286 3648 5344 Coronant
3667 5301 3832 5356 opus

2206 5375 2404 5430 iudices
2434 5375 2534 5431 duo
2557 5376 2789 5432 locorum
2819 5378 3106 5450 Scriptura:
3132 5396 3300 5435 sacrae
3327 5389 3377 5434 et
3406 5395 3577 5434 rerum
3595 5387 3834 5434 senten-

2205 5468 2493 5539 tiarumque
2522 5467 2952 5524 memorabilium.
2995 5468 3149 5538 Quod
3193 5471 3460 5542 reliquum
3493 5479 3599 5536 est,
3641 5477 3833 5542 typo-

2207 5560 2397 5630 graphi
2425 5561 2702 5624 splertiam
2733 5577 2842 5618 non
2874 5562 3010 5618 intra
3051 5563 3275 5620 editoris
3298 5573 3470 5619 artem
3497 5563 3837 5619 substitisse

2207 5659 2475 5706 notamus.
2507 5649 2720 5707 Gaudet
2747 5653 2893 5708 enim
2939 5653 3053 5709 hare
3089 5652 3258 5710 editio
3299 5652 3502 5712 chartis
3531 5652 3839 5723 amplissi-

2207 5742 2310 5800 mis
2324 5741 2571 5802 candidis
2591 5749 2646 5801 et
2676 5745 2903 5816 teneris;
2935 5752 3182 5818 typorum
3211 5759 3418 5803 summa
3441 5754 3522 5802 cst
3543 5744 3835 5812 varietas,
