4042 6192
231 278 330 337 197

1315 272 1583 329 ΝΟΤΙΊΊΑ
1624 271 2439 332 lliSTORlCO-LITTERARM.

3402 282 3503 339 I98

228 387 494 458 elegantia
519 394 576 443 et
595 387 769 454 nitor;
796 385 1191 457 descriptioque
1215 396 1325 441 tam
1345 388 1514 443 oculis
1536 395 1685 456 grata
1708 395 1810 453 est,
1840 395 1891 453 Α
1918 388 2135 443 nomine
2163 403 2228 442 ex
2260 388 2585 445 editionibus
2632 399 2686 445 et
2727 391 3003 448 codicibus
3038 394 3362 463 collegisset,
3403 396 3503 467 ipsi

228 497 391 554 quam
418 479 702 537 commoda
732 481 945 546 usibus;
975 480 1207 549 denique
1243 480 1515 536 rarissima
1554 490 1821 551 apparent
1920 478 2088 532 tutius
2134 478 2498 548 adjudicaret,
2546 495 2612 534 ex
2658 481 2933 536 titulorum
2972 491 3029 537 et
3064 485 3324 540 orationis
3368 501 3503 542 eon-

228 586 518 641 operarum
544 570 696 635 vitia,
736 577 797 623 ut
833 572 925 640 qui
954 585 1141 625 verum
1170 579 1333 633 amet,
1363 586 1586 626 necesse
1616 572 1688 625 sit
1732 572 1813 625 fa-

228 673 409 719 teatur
433 671 683 717 neutrum
728 662 783 716 in
818 660 1151 732 proﬂigando
1179 662 1286 719 hoc
1314 677 1479 734 opere
1508 661 1589 719 Pii
1619 663 1685 719 Vl
1714 681 1813 720 vo-

228 752 421 809 luntati
448 768 516 808 ac
542 752 782 808 consiliis
807 752 1060 807 defuisse.

831 842 858 907 §
882 843 969 893 IV.
994 840 1211 895 Codices.

288 936 434 1006 Quin
459 935 710 992 codicum
738 951 866 991 mss.
897 935 1019 990 loco
1041 934 1301 990 habenda:
1319 935 1427 991 sint
1451 935 1685 1005 antiquae
1708 935 1811 990 illa:

224 1028 650 1085 homiliariorum
663 1026 944 1092 editiones,
965 1027 1019 1081 in
1040 1026 1235 1097 quibus
1257 1025 1496 1092 Maximi,
1509 1035 1569 1081 ut
1582 1027 1811 1082 totalio-

224 1137 342 1177 rum
370 1118 593 1174 Patrum
619 1118 752 1172 varii
798 1133 1076 1173 sermones
1114 1118 1348 1188 primum
1394 1117 1637 1172 formulis
1663 1125 1812 1171 stan-

225 1212 335 1266 neis
381 1209 636 1280 exscripti
678 1217 825 1274 sunt,
853 1208 945 1278 qui
975 1208 1292 1263 addubitare
1337 1208 1517 1274 vellet,
1550 1222 1633 1262 nte
1659 1208 1809 1262 illum

223 1303 463 1358 celebres
491 1300 687 1356 Leonis
706 1300 777 1355 M.
803 1315 1028 1370 operum
1055 1300 1292 1355 editores
1314 1300 1565 1370 exemplo
1591 1314 1691 1354 suo
1720 1314 1808 1354 re—

223 1393 546 1461 darguerent
577 1399 632 1446 et
658 1391 938 1456 docerent,
968 1391 1161 1446 horum
1190 1391 1468 1457 lectiones,
1500 1398 1561 1445 ut
1594 1401 1721 1461 pote
1740 1406 1809 1444 ex

222 1501 348 1540 mss.
396 1483 594 1537 smculo
633 1498 686 1537 ix
724 1482 1116 1551 antiquioribus
1152 1483 1362 1549 ductas,
1402 1497 1510 1537 non
1540 1482 1688 1552 parvi
1725 1480 1807 1534 fa-

223 1575 440 1629 ciendas
492 1588 631 1629 esse.
674 1571 794 1639 Quo
846 1574 1017 1641 magis
1071 1573 1331 1628 miramur
1376 1572 1807 1628 recentissimum

222 1666 439 1721 Maximi
467 1667 747 1731 editorem,
778 1681 965 1721 eorum
994 1667 1078 1721 vel
1107 1666 1333 1721 oblitum
1363 1680 1506 1733 esse,
1533 1666 1619 1721 vel
1648 1666 1808 1736 plane

1916 569 2161 637 gruentia
2182 578 2460 623 auctorem
2505 584 2755 638 arguens.
2802 571 2984 627 Monet
3024 573 3255 643 denique
3298 576 3352 630 in
3398 578 3503 635 hoc

1910 658 2067 728 juxta
2094 675 2255 728 quam
2284 659 2336 713 in
2367 660 2537 714 tribus
2591 663 2940 731 sequentibus
2986 664 3261 721 codicibus
3302 665 3500 722 formas

1802 790 1809 797 .
1912 750 2228 821 plerumque
2256 751 2625 805 characterum
2653 761 2745 805 aut
2773 770 2994 823 prorsus
3032 765 3125 810 aut
3150 757 3308 826 plene
3334 758 3500 815 fuisse

1913 840 2137 905 deletas,
2168 841 2323 905 adeo,
2344 852 2402 895 ut
2423 843 2512 896 vix
2537 843 2830 911 fragmenta
2853 847 3096 915 qumdam
3120 851 3494 913 remanserint,

1911 945 2031 1000 quae
2061 940 2239 987 tamen
2269 932 2423 988 facile
2465 935 2709 1005 intelligi,
2748 946 2843 992 aut
2886 955 2994 993 non
3025 939 3307 996 difficulter
3333 943 3437 1012 legi
3465 960 3496 997 a

1910 1024 2085 1093 perito
2108 1023 2309 1079 lectore
2338 1026 2565 1094 possint.
3242 1084 3247 1089 ,

1980 1113 2038 1167 2"
2063 1115 2238 1170 Codex
2270 1115 2614 1183 Pedonensis,
2665 1119 2757 1187 qui
2788 1119 2917 1173 olim
2963 1119 3063 1175 fuit
3092 1124 3404 1179 monasterii
3432 1123 3491 1180 S.

1910 1202 2158 1259 Dalmatii
2178 1206 2244 1260 de
2267 1204 2508 1272 Pcdona,
2532 1210 2997 1275 membranaceus,
3024 1210 3258 1278 iii-folio,
3288 1214 3495 1268 laceras

1894 1295 2125 1363 .quidem
2153 1296 2333 1355 multis
2379 1298 2433 1351 in
2464 1299 2725 1367 partibus,
2751 1300 2826 1353 ita
2854 1307 3032 1354 tamen
3076 1308 3133 1355 ut
3161 1316 3227 1355 ex
3258 1303 3496 1356 numeris

1907 1387 2167 1456 appositis
2220 1388 2461 1456 dignosci
2500 1390 2670 1458 possit
2698 1392 3116 1460 comprehensas
3160 1393 3216 1446 in
3243 1408 3309 1448 eo
3332 1392 3495 1450 fuisse

1907 1477 2155 1532 bomilias
2195 1477 2299 1530 ibi
2325 1487 2381 1532 et
2416 1494 2696 1534 sermones
2739 1479 2827 1545 9.0,
2860 1482 3211 1550 videaturque
3246 1485 3494 1540 collectLo

1904 1584 1975 1625 ex
2003 1569 2220 1639 Optimis
2246 1570 2641 1640 exemplaribus
2682 1573 2919 1627 condita.
2947 1572 3006 1628 In
3054 1575 3220 1630 titulis
3249 1576 3494 1631 humilia-

1907 1676 2025 1714 rum
2053 1668 2108 1715 et
2135 1676 2444 1715 sermonum
2492 1677 2589 1731 per
2637 1663 2815 1718 omnia
2847 1664 2960 1720 fere
3005 1681 3128 1720 cum
3177 1666 3495 1723 Taurinensi

223 1772 313 1813 eos
338 1758 747 1828 contempsisse.
778 1755 886 1811 Sed
922 1756 1111 1825 ingens
1138 1772 1269 1811 mss.
1312 1757 1570 1813 librorum
1605 1772 1723 1827 quae
1758 1757 1807 1811 ei
1838 1758 1885 1819 B
1910 1752 2198 1807 convenire
2225 1751 2437 1818 dicitur,
2468 1752 2563 1809 sed
2600 1761 2759 1809 aetate
2785 1756 3118 1826 superiorem
3158 1765 3213 1811 et
3239 1773 3269 1811 a
3297 1758 3492 1813 saeculo

222 1848 538 1918 suppetebat
582 1848 760 1918 copia,
800 1861 961 1902 causa
1006 1846 1150 1902 haud
1190 1848 1351 1903 dubie
1390 1847 1490 1903 fuit
1536 1857 1597 1903 ut
1638 1849 1805 1903 alter-

223 1948 403 1993 utrum
431 1938 705 1994 acciderit.

288 2027 480 2083 Utrum
510 2045 575 2083 ex
595 2028 965 2097 hujuscemodi
994 2028 1291 2084 Homiliarii
1307 2031 1393 2085 vel
1422 2031 1694 2101 impressis
1717 2032 1803 2086 vel

222 2137 345 2175 mss.
376 2121 797 2192 exemplaribus,
829 2137 897 2175 an
926 2136 997 2176 ex
1014 2122 1133 2176 aliis
1161 2138 1288 2177 mss.
1318 2121 1591 2179 fasciculis
1616 2125 1805 2181 decer-

221 2224 305 2285 pta
350 2213 513 2268 fuerit
556 2214 806 2270 collectio
850 2227 1161 2269 sermonum
1207 2213 1465 2281 Maximi,
1506 2230 1665 2285 quam
1697 2217 1804 2269 Das

224 2307 433 2360 mianus
460 2305 550 2359 ille
577 2304 954 2360 Ascendiensis
979 2303 1173 2359 Joanni
1220 2303 1483 2377 Gymnico
1529 2308 1805 2363 excuden-

222 2396 336 2449 dam
366 2394 530 2460 dedit,
562 2394 803 2449 nondum
845 2409 875 2448 a
920 2394 1210 2464 quapiam,
1256 2404 1518 2465 quantum
1544 2410 1645 2465 ego
1690 2412 1805 2452 me-

221 2484 367 2549 mini,
400 2485 682 2552 quaesitum
706 2492 806 2539 est.

284 2574 579 2639 Mabillonii
627 2574 940 2641 codicibus,
992 2575 1350 2630 Ambrosiam
1396 2575 1639 2642 scilicet,
1693 2574 1805 2630 Ro-

221 2682 398 2731 mano,
422 2674 477 2721 et
501 2665 836 2735 Sangallensi
861 2683 985 2723 cum
1019 2669 1147 2722 item
1174 2667 1453 2724 Romanus
1472 2669 1649 2723 editor
1676 2682 1805 2723 usus

220 2754 399 2821 fuerit,
425 2756 761 2812 commodior
781 2757 849 2811 de
886 2757 1075 2812 iisdem
1113 2758 1167 2811 in
1213 2759 1561 2826 sequentibus
1587 2758 1801 2813 dicendi

221 2848 365 2904 locus
392 2850 514 2903 erit.
537 2848 679 2918 Ergo
707 2849 970 2904 Brunouis
998 2850 1164 2905 Bruni
1194 2867 1320 2905 mss.
1350 2852 1606 2907 librorum
1638 2868 1807 2923 appa-

222 2949 392 2995 ratum
421 2955 704 2995 recensere
732 2957 874 2996 nunc
888 2943 1245 3010 aggredimur,
1277 2944 1369 3011 qui
1388 2943 1603 3013 quidem
1625 2951 1805 2999 tantus

219 3030 335 3097 fuit,
382 3040 618 3102 quantus
658 3032 792 3085 nulli
820 3032 995 3088 adhuc
1040 3033 1304 3102 ejusmodi
1350 3036 1561 3100 saltem,
1605 3036 1659 3089 id
1698 3044 1801 3101 est,

1905 1857 1997 1897 vni
2017 1843 2369 1912 repetendum
2394 1858 2513 1898 esse
2540 1858 2726 1898 versus
2755 1844 2810 1903 in
2838 1854 3082 1901 extremo
3124 1849 3356 1917 appositi
3397 1848 3487 1903 de-

1905 1943 2236 2001 monstrant,
2266 1935 2460 2004 quibus
2484 1936 2716 2005 scriptus
2752 1938 2979 1991 traditur
3006 1939 3104 1994 sub
3135 1938 3363 2007 Ruperto
3394 1941 3487 1995 ab-

1905 2027 2019 2078 bate
2039 2026 2254 2080 canobii
2274 2025 2593 2079 Pedonensis
2616 2035 2670 2080 et
2694 2035 2953 2094 regnante
2984 2026 3183 2083 Kurolo
3204 2046 3322 2098 rege
3349 2029 3484 2094 Lon-

1903 2116 2252 2188 gobardorum
2280 2126 2329 2171 et
2349 2116 2695 2171 Francorum.
2729 2117 2869 2171 Anni
2897 2128 3039 2172 notm
3061 2128 3411 2174 evanuerunt.

1975 2209 2036 2261 '50
2078 2208 2253 2265 Codex
2301 2208 2622 2262 Pedonensis
2657 2209 2825 2274 alter,
2876 2212 3351 2279 membranaceus,
3404 2214 3485 2268 iu-

1903 2308 2119 2368 quarto,
2155 2300 2333 2353 saeculi
2377 2315 2450 2362 x1,
2480 2309 2724 2353 exemtus
2751 2301 2949 2370 quippe
2976 2317 3007 2353 a
3035 2301 3261 2372 Joseplto
3304 2321 3488 2358 mona-

1904 2390 2017 2453 cbo,
2048 2406 2144 2461 quo
2176 2400 2401 2457 tempore
2421 2389 2578 2443 abbas
2608 2389 2867 2443 Henricus
2897 2395 3209 2447 monasterio
3237 2396 3327 2448 isti
3350 2412 3486 2467 pra-

1905 2482 2022 2551 fuit,
2052 2496 2241 2551 rexque
2266 2480 2530 2535 Henricus
2558 2481 2611 2534 in
2643 2479 2804 2535 Italia
2828 2481 3088 2536 obtinebat
3106 2486 3450 2556 principatum
3466 2526 3489 2553 ν

1905 2578 1965 2625 ut
1989 2571 2230 2627 versibus
2253 2571 2319 2624 ad
2349 2571 2551 2625 calcem
2586 2573 2837 2641 ascriptis
2877 2574 3125 2628 similiter
3163 2576 3485 2631 declaratur.

1903 2663 2088 2719 Insunt
2113 2663 2347 2718 homilize
2378 2663 2503 2729 170,
2534 2678 2811 2719 sermones
2839 2664 2908 2718 40
2930 2706 2945 2731 ,
2976 2666 3070 2720 sed
3098 2666 3309 2722 diverso
3339 2684 3370 2722 a
3396 2684 3485 2723 su-

1903 2756 2205 2827 perioribus
2228 2756 2418 2811 ordine
2443 2756 2717 2825 disposita:
2744 2764 2801 2810 et
2826 2772 2948 2812 cum
2995 2760 3336 2813 sermonibus
3363 2776 3485 2830 per-

1905 2848 2096 2902 mistre.
2126 2846 2185 2901 In
2206 2846 2390 2905 fronte
2429 2847 2622 2902 litteris
2649 2862 2681 2901 e
2717 2847 2886 2902 minio
2923 2848 3233 2916 majusculis
3269 2849 3487 2907 Maximi

1906 2955 2103 2995 nomen
2158 2940 2471 3010 inscriptum
2518 2940 2677 3007 gerit.
2725 2938 2906 3008 Scipio
2957 2938 3200 2996 Maffeius
3249 2942 3484 3009 ejusdem

1904 3047 2025 3087 cum
2055 3032 2331 3101 superiore
2373 3031 2550 3085 :etatis
2571 3070 2586 3095 ,
2635 3031 2817 3085 saeculi
2845 3046 3038 3102 nempe
3064 3047 3155 3087 vni
3182 3047 3301 3089 esse
3340 3033 3484 3102 judi-

220 3140 327 3180 non
349 3124 641 3179 multorum
668 3124 1001 3179 voluminum
1028 3126 1309 3196 scriptoris
1337 3126 1529 3182 editori
1553 3129 1795 3197 contigit.
1828 3129 1874 3192 C
1905 3123 2082 3176 cabat.

222 3212 385 3269 Erant
412 3224 592 3271 autem
618 3217 817 3286 partim
861 3216 1029 3272 Italici
1048 3256 1063 3282 ,
1114 3220 1309 3288 partim
1338 3217 1663 3286 Germanici,
1695 3236 1800 3289 qua

220 3304 518 3373 posteriore
543 3305 908 3375 appellatione
932 3308 1095 3361 etiam
1132 3308 1437 3364 Helveticos
1465 3319 1521 3365 et
1558 3309 1803 3378 Belgicus

221 3395 475 3461 quosiam
502 3396 929 3466 comprehendit.
961 3396 1141 3454 Series
1162 3407 1344 3453 autem
1365 3400 1604 3454 omnium
1633 3401 1712 3455 sic
1743 3416 1804 3456 se

223 3484 400 3539 habet.

516 3593 569 3631 Δ.
612 3592 829 3635 οουιοεε
864 3596 936 3635 EX
971 3596 1149 3635 ιτΑιιΑ
1185 3597 1525 3645 αοιηρυιειτι..

291 3665 330 3722 Ι.
356 3667 652 3739 Subalpini.
695 3698 755 3707 —
784 3671 845 3725 ιο
875 3670 1049 3725 Codex
1087 3670 1439 3727 Taurinensis.
1466 3673 1806 3728 Membrana-

226 3772 369 3823 ceus,
399 3757 625 3825 iit-folio,
656 3759 852 3815 saeculo
897 3769 1046 3816 certe
1080 3777 1136 3816 ιι
1163 3762 1426 3832 scriptus,
1475 3777 1584 3832 quo
1612 3764 1803 3818 verisi-

224 3849 399 3904 milius
431 3857 516 3904 est
560 3865 685 3905 eum
713 3865 781 3905 ex
809 3851 1027 3920 optimis
1073 3853 1467 3923 exemplaribus
1493 3853 1658 3909 fuisse
1702 3853 1803 3907 du-

224 3948 390 3992 ctum.
418 3938 465 3992 Α
490 3940 782 3995 recentiori
818 3956 976 3995 manu
1007 3942 1255 4011 apposita
1301 3950 1419 3997 erat
1460 3943 1737 4013 inscriptio
1787 3961 1801 3997 :

222 4030 308 4083 Ad
340 4049 485 4086 usum
531 4034 748 4103 majoris
795 4035 1025 4089 ecclesiae
1073 4034 1429 4089 Taurinensis.
1475 4035 1800 4091 Continebat

222 4124 416 4193 partim
442 4125 709 4190 bomilias,
741 4127 934 4195 partim
963 4140 1243 4181 sermones
1270 4126 1485 4182 Maximi
1515 4128 1636 4194 122,
1666 4144 1805 4198 quo-

221 4229 343 4268 rum
383 4216 559 4284 plures
598 4217 837 4272 nondum
886 4218 1059 4272 lucem
1108 4227 1459 4289 aspexerant,
1511 4234 1808 4288 eorumque

221 4304 449 4360 indicem
478 4324 583 4362 una
611 4324 733 4363 cum
764 4309 930 4363 titulis
958 4318 1013 4365 et
1032 4311 1198 4366 initiis
1222 4311 1552 4380 singulorum
1580 4328 1803 4383 separa-

221 4395 325 4450 ﬁsn
364 4398 526 4454 babes
591 4401 645 4454 in
706 4400 996 4455 novissima
1042 4402 1279 4459 editione
1324 4404 1656 4474 descriptum
1710 4420 1801 4474 pp.

1974 3211 2037 3265 4°
2061 3211 2237 3267 Codex
2254 3212 2619 3283 Appauicnsis,
2650 3212 2703 3266 id
2742 3221 2843 3279 est,
2875 3215 3189 3269 monasterii
3226 3229 3323 3270 seu
3350 3215 3487 3285 prio-

1905 3312 2053 3359 ratus
2076 3305 2143 3359 de
2172 3305 2434 3374 Appania,
2465 3305 2531 3358 ad
2562 3306 2705 3385 quod
2755 3307 2885 3361 olim
2930 3307 3225 3376 pertinuit,
3278 3306 3489 3363 in~fol.o

1904 3410 2093 3465 parvo,
2125 3394 2469 3465 imperfectus
2498 3396 2551 3449 in
2574 3397 2839 3467 principio
2863 3404 2917 3451 et
2946 3398 2999 3450 in
3024 3412 3283 3466 corpore;
3304 3398 3488 3454 avulsa

1850 3482 1863 3491 ’
1905 3488 2048 3542 enim
2074 3495 2198 3541 sunt
2224 3487 2392 3542 multa
2441 3486 2587 3543 folia.
2637 3487 3113 3556 Complectebatur
3140 3496 3321 3541 autem
3367 3504 3485 3541 ser-

1905 3596 2093 3636 mones
2122 3581 2210 3645 Si,
2242 3581 2490 3636 bomilias
2519 3595 2648 3636 vero
2697 3580 2761 3633 70
2788 3580 2888 3649 (a),
2921 3587 2979 3633 ut
3023 3594 3091 3634 ex
3135 3579 3372 3633 numeris
3400 3593 3485 3632 re-

1903 3673 2159 3729 stanlium
2179 3674 2466 3741 colligitur.
2491 3672 2569 3727 Ex
2593 3672 2763 3727 forma
2785 3672 3109 3726 eliaracteris
3138 3672 3204 3725 ad
3234 3672 3487 3726 saeculum

1905 3781 1959 3818 1x
1987 3765 2073 3819 vel
2096 3780 2362 3819 summum
2389 3764 2459 3819 ad
2485 3781 2518 3819 x
2546 3763 2736 3819 referri
2764 3764 2926 3818 debet
2955 3764 3062 3834 (b);
3116 3763 3165 3817 id
3196 3764 3339 3831 quod
3360 3763 3485 3817 sub-

1904 3858 2129 3928 scriptio
2165 3857 2564 3927 quodammodo
2614 3856 2934 3921 conﬁrmat,
2993 3856 3047 3910 in
3094 3870 3199 3924 qua
3246 3853 3487 3910 Lotharii

1907 3950 2247 4021 imperatoris
2268 3951 2576 4022 (incertum,
2607 3948 2647 4015 l,
2672 3949 2763 4017 qui
2792 3964 2881 4003 an.
2906 3946 3029 4013 841,
3058 3962 3144 4001 an.
3176 3947 3239 4011 ll,
3267 3946 3359 4018 qui
3395 3962 3486 4001 an.

1907 4038 2009 4093 947
2038 4040 2265 4109 imperio
2294 4040 2497 4109 potitus
2524 4038 2644 4108 fuit)
2676 4037 2733 4091 iit
2761 4040 2985 4093 mentio.

1977 4132 2219 4200 Quatuor
2247 4133 2410 4186 hosce
2449 4131 2664 4185 codices
2698 4130 2898 4183 dudum
2940 4138 3066 4183 ante
3111 4130 3300 4184 initum
3331 4145 3361 4184 a
3391 4128 3491 4185 Pio

1907 4224 1974 4280 Vl
2005 4224 2221 4278 Maximi
2247 4221 2439 4277 edendi
2466 4220 2748 4274 consilium
2774 4228 3083 4273 excusserat
3105 4228 3160 4273 et
3181 4235 3301 4274 cum
3332 4219 3490 4275 editis

1906 4316 2191 4385 diligenter
2217 4320 2557 4381 compararat
2582 4308 2895 4363 Franciscus
2922 4307 3305 4377 Meyranesius,
3347 4308 3488 4362 Aca-

1909 4407 2099 4461 demia:
2128 4403 2471 4458 Taurinensis
2496 4401 2795 4469 theologus,
2818 4399 2909 4470 qui
2932 4399 3188 4467 quidquid
3215 4399 3337 4453 inde
3358 4414 3488 4454 eno-

221 4487 473 4545 16Ἱ-172.
507 4490 804 4548 Peculiaris
840 4495 1041 4565 quippe
1071 4495 1172 4565 ipsi
1200 4495 1301 4550 fuit
1343 4497 1511 4552 series
1548 4498 1801 4552 continua
1834 4494 1884 4553 D
1911 4504 2135 4561 taverat,
2163 4510 2266 4550 una
2293 4535 2309 4561 ,
2353 4502 2413 4548 ut
2439 4507 2692 4559 auguror,
2726 4508 2848 4546 cum
2896 4500 3139 4546 accurata
3170 4505 3356 4545 eorum
3394 4490 3487 4544 de-

218 4587 285 4635 ει
320 4581 582 4651 colligatio
614 4584 959 4639 bomiliarum
1006 4580 1393 4657 titulorumque
1434 4590 1801 4659 appositorum

218 4676 358 4731 satis
381 4678 637 4746 castigate
675 4678 913 4748 perfecta
944 4680 1255 4751 descriptio.
1287 4682 1565 4737 Distributi
1594 4682 1805 4736 fuerant

215 4766 426 4821 scilicet
450 4783 725 4824 sermones
762 4779 816 4824 et
854 4771 1086 4825 homilize
1105 4770 1260 4839 juxta
1290 4773 1417 4825 anni
1454 4770 1804 4826 ecclesiastici

218 4864 498 4927 tempora,
550 4869 607 4914 ut
655 4861 847 4917 divinis
892 4862 1083 4917 olliciis
1129 4864 1472 4919 inservirent.
1520 4864 1689 4918 Simul
1735 4879 1803 4917 ex

213 4946 413 5003 eodem
454 4960 639 5020 patet,
686 4952 1005 5007 collectione
1032 4952 1133 5007 bac
1170 4955 1530 5023 antiquiorem
1575 4954 1799 5008 alteram

213 5040 517 5106 exstitisse;
564 5043 830 5111 siquidem
874 5044 1107 5114 scriptor
1152 5044 1267 5113 ejus
1312 5046 1510 5115 passim
1544 5060 1664 5114 quae
1702 5045 1802 5116 ipsi

208 5130 440 5186 deerant
480 5134 752 5189 indicavit.
804 5132 957 5189 Unde
985 5134 1188 5204 colligit
1225 5136 1398 5191 editor
1426 5137 1584 5206 longe
1620 5137 1803 5207 plures

208 5237 382 5291 quam
407 5242 547 5281 nunc
571 5234 803 5293 exstant,
833 5242 865 5281 a
891 5227 1126 5283 Maximo
1156 5227 1367 5283 habitas
1393 5236 1448 5283 et
1470 5228 1637 5283 lectas
1674 5227 1798 5282 olim

129 5320 141 5329 '
208 5314 273 5367 in
304 5316 687 5384 antiquioribus
706 5319 981 5374 codicibus
1007 5318 1170 5374 fuisse
1192 5320 1457 5373 homilias.
1489 5319 1601 5374 Nec
1627 5318 1800 5374 levem

208 5405 380 5459 eu‘am
403 5446 419 5472 ,
469 5408 611 5463 idem
655 5409 845 5480 inquit,
893 5410 1037 5465 hunc
1084 5410 1311 5467 indicem
1341 5412 1441 5467 sibi
1488 5412 1799 5482 praestitisse

203 5495 600 5566 conjecturam,
628 5508 687 5555 ut
711 5514 845 5569 quas
883 5501 1131 5558 homilias
1167 5511 1222 5558 et
1248 5517 1527 5558 sermones
1570 5501 1790 5557 Maximi

291 5631 371 5710 (ᾳ)
397 5633 485 5710 Sic
514 5636 566 5691 in
597 5634 772 5707 praet,
804 5637 909 5710 alio
929 5638 1053 5695 loco
1082 5638 1183 5692 120
1212 5640 1469 5710 scriptum
1500 5647 1601 5693 est.

284 5702 370 5773 (δ)
401 5704 453 5762 In
492 5702 686 5765 notitia
723 5702 969 5766 codicum
1016 5725 1169 5765 error
1212 5702 1340 5766 esse
1360 5710 1594 5774 videtur,
1635 5706 1779 5778 quod

1905 4587 2195 4657 scriptione
2239 4584 2457 4653 Iosephi
2489 4584 2774 4638 Vernazza:
2813 4583 3031 4637 hortatu
3073 4582 3137 4635 ad
3188 4581 3487 4634 Brunonem

1906 4679 2143 4732 Brunum
2191 4676 2505 4739 transmisit,
2547 4675 2632 4729 cui
2670 4675 2917 4728 universe
2962 4672 3201 4741 quidem,
3254 4684 3374 4725 cum
3415 4670 3487 4725 ob

1906 4775 2259 4833 vetustatem,
2306 4776 2417 4820 tum
2463 4765 2532 4820 ob
2573 4765 2761 4819 miram
2804 4765 2943 4817 inter
2970 4776 3029 4816 se
3075 4760 3486 4815 consensionem

1905 4859 2195 4929 plurimum
2252 4857 2605 4927 profuerunt,
2657 4854 2955 4924 priesertim
3005 4860 3185 4905 autem
3237 4858 3486 4905 auctores

1906 4952 2249 5016 exstiterunt,
2272 4959 2328 5004 ut
2348 4949 2601 5004 nonnulla
2626 4947 2853 5002 antehac
2882 4943 3098 5007 inedita,
3129 4957 3248 5013 quin
3269 4941 3483 4996 Maximi

1908 5055 2103 5095 nomen
2130 5040 2183 5094 in
2215 5040 2278 5094 iis
2305 5038 2619 5109 praeferrent
2650 5036 2705 5090 in
2746 5035 2913 5102 iisque
2963 5039 3072 5086 tres
3109 5032 3176 5087 de
3204 5031 3484 5101 Baptismo

1907 5144 2187 5199 tractatus,
2227 5135 2278 5189 ei
2316 5138 2605 5187 assereret.

1979 5226 2046 5280 ll.
2094 5224 2308 5281 Codices
2347 5222 2720 5283 Verceltenses,
2760 5218 2797 5272 i.
2852 5231 2927 5283 e.,
2971 5215 3190 5286 capituli
3244 5212 3487 5273 ecclesia!

1908 5319 2283 5385 Vercellensis,
2328 5331 2465 5386 quos
2503 5311 2808 5382 Subalpinis
2840 5315 3165 5364 annumerat
3203 5307 3257 5361 in
3289 5305 3484 5375 prmiu-

1909 5412 2056 5465 tione
2081 5411 2276 5465 editor.

1971 5500 2031 5555 1°
2063 5500 2238 5556 Codex
2258 5496 2676 5553 membranaceus
2703 5496 2843 5566 sign.
2867 5508 3013 5551 num.
3037 5508 3129 5557 vn,
3148 5487 3482 5554 in-folio,s:e~

1882 5633 2077 5697 saeculo
2103 5654 2156 5695 xi
2184 5635 2496 5692 ascribitur.
2931 5601 2953 5647 "
