4042 6192
499 322 603 381 199

1590 306 1656 362 IN
1694 308 1751 363 S.
1792 305 2116 362 MAXIMUM
2157 303 2630 390 TAURINENSEM

3649 300 3752 355 200

496 437 601 497 culi
626 451 698 503 χι,
739 432 949 487 duabus
982 425 1247 485 columnis
1282 430 1565 489 exaratos,
1607 421 2071 491 comprehenderis
2100 425 2145 481 Δ
2174 419 2468 489 majusculo
2516 417 2683 472 nitido
2725 414 2951 481 exarati,
2984 426 3263 503 sermones
3290 418 3345 467 et
3379 410 3635 503 homilias
3659 427 3757 483 per

499 542 658 583 unam
683 501 976 584 vhomiliam
1017 519 1085 574 de
1123 514 1364 572 Calendis
1413 512 1682 577 Januarii,
1714 512 1769 566 in
1821 511 2072 566 omnibus
2174 518 2349 563 totum
2372 522 2573 562 armum
2607 506 2660 560 in
2690 505 2826 560 duas
2852 512 3033 575 partes
3072 502 3385 558 distributas
3406 501 3755 558 exhibebant.

498 617 654 673 editis
676 616 1011 684 impressam.

2175 597 2525 667 Reliquorum
2565 596 2720 666 juxta
2760 595 2938 650 aetatis
2984 593 3180 649 seriem
3208 593 3325 648 haec
3350 600 3433 647 est
3472 592 3614 662 apud
3635 608 3758 648 eum

566 705 629 758 2ο
664 702 837 758 Codex
864 699 1281 754 membranaceus
1308 696 1442 764 sign.
1468 709 1621 748 num.
1654 707 1829 758 vau,
1859 687 2076 744 in-folio
2176 687 2444 743 recensio.

502 794 772 857 maximo,
830 789 1011 845 saeculi
1058 805 1130 842 xu
1161 786 1247 841 vel
1294 801 1408 849 xm,
1454 785 1681 851 integer,
1714 779 2078 849 complectens

2246 777 2373 832 Cod.
2408 776 2552 843 Vat.,
2580 775 2757 832 in-fol.
2783 775 2939 843 min,
2962 790 3114 830 num.
3143 774 3269 843 248,
3298 775 3599 843 membrau,
3630 791 3754 833 stec.

503 896 807 941 sermonem
837 880 950 949 jam
978 878 1249 946 vulgatum
1280 875 1343 928 de
1383 872 1738 937 Mirabilibus,
1770 877 1826 925 et
1852 876 2081 939 quatuor
2179 885 2234 924 ιι
2260 870 2491 924 circiter.

506 977 629 1032 illos
672 987 951 1029 sermones
991 970 1056 1023 de
1098 968 1323 1023 Eusebio
1380 965 1530 1021 Vere.
1573 982 1653 1036 ep.
1686 972 1736 1018 et
1775 971 2022 1033 martyre,
2048 977 2081 1018 a

507 1069 693 1126 Bruno
719 1068 859 1120 inter
878 1063 1090 1134 sporios
1118 1060 1371 1135 rejectos.

576 1157 633 1212 5°
662 1156 836 1211 Codex
861 1152 1278 1207 membranaceus
1305 1148 1443 1216 sign.
1476 1162 1623 1201 nom.
1650 1161 1835 1210 Lxxxt,
1867 1143 2082 1199 in—folio

512 1247 764 1310 maximo,
794 1227 972 1298 sazculi
1000 1258 1073 1296 xu
1100 1240 1186 1295 vel
1224 1255 1337 1302 xm,
1369 1246 1429 1292 ut
1468 1235 1762 1290 adnotatur
1800 1233 1900 1307 (a),
1935 1234 2087 1289 exhi-

511 1340 645 1394 hens
674 1337 742 1389 12
770 1335 965 1405 partim
991 1345 1288 1396 sermones,
1312 1328 1512 1399 partim
1541 1326 1808 1381 homilias.

580 1427 1014 1486 Vercellensibos
1053 1423 1329 1479 codicibus
1383 1421 1437 1474 in
1489 1419 1744 1489 operibus
1794 1416 1852 1471 S.
1892 1415 2088 1471 Leonis

514 1523 622 1593 jam
652 1522 733 1575 usi
764 1525 923 1574 erant
942 1517 1136 1571 fratres
1166 1512 1458 1568 Ballerinii.
1495 1511 1565 1566 At
1606 1512 1660 1565 in
1689 1524 1841 1564 usum
1862 1507 2090 1562 Romani

515 1611 736 1667 editoris
766 1609 944 1664 denuo
983 1606 1221 1663 excussit
1253 1602 1495 1674 ejusdem
1526 1602 1765 1657 ecclesiae
1800 1599 2091 1656 canonicos

514 1702 640 1758 Ant.
666 1702 859 1757 Frane.
890 1701 1113 1754 Frisios.

2250 959 2378 1015 Cod.
2414 960 2556 1027 Vat.,
2588 975 2734 1015 num.
2779 959 2936 1026 1278,
2964 964 3020 1014 et
3046 959 3166 1014 Vat.
3211 958 3415 1026 Palat.;
3464 977 3611 1015 num.
3637 961 3759 1024 450,

2182 1049 2389 1115 iu-fol.,
2420 1050 2818 1106 membranacei
2840 1051 3017 1117 ambo,
3040 1050 3258 1105 circiter
3280 1065 3403 1106 smc.
3438 1066 3513 1105 xi.

2253 1141 2380 1196 Cod.
2426 1142 2541 1197 Vat.
2588 1157 2734 1197 num.
2764 1141 2924 1208 4222,
2950 1142 3144 1197 litteris
3189 1141 3607 1211 Lougobardicis
3633 1159 3756 1200 exa-

2184 1241 2354 1299 ratos,
2388 1232 2560 1289 in-fol.
2606 1250 2780 1298 max.,
2807 1249 2931 1288 saec.
2970 1250 3022 1287 xi
3048 1234 3065 1303 (
3090 1232 3321 1289 fortasse
3346 1235 3581 1291 scribere
3601 1238 3764 1293 volni‘

2188 1339 2259 1388 ιιι,
2292 1324 2337 1377 si
2365 1339 2493 1379 vere
2516 1325 2691 1379 :etatis
2714 1323 2958 1379 ordinem
2987 1324 3266 1394 servavit).

2261 1411 2388 1467 Cod.
2424 1413 2567 1479 Vat.,
2596 1428 2742 1467 nom.
2774 1411 2945 1477 4951,
2976 1427 3099 1467 εωε.
3132 1429 3188 1467 x1
3226 1413 3312 1467 vel
3336 1429 3409 1468 xu
3452 1414 3580 1469 olim
3621 1416 3769 1472 card.

2189 1503 2390 1570 Sirleti,
2424 1505 2595 1560 nitide
2617 1513 2672 1560 et
2693 1504 2980 1573 diligenter
3006 1504 3256 1575 scriptos,
3281 1520 3351 1559 ex
3371 1521 3480 1575 quo
3503 1507 3684 1577 plures
3710 1508 3767 1564 de

2190 1592 2490 1664 Epiphania
2534 1597 2787 1663 homilias,
2839 1597 2971 1651 item
3023 1595 3094 1652 de
3161 1594 3571 1670 Quadragesinta
3611 1608 3668 1655 et
3707 1599 3768 1656 S.

2190 1685 2397 1742 Joanne
2418 1686 2657 1758 Baptista
2685 1688 2985 1758 descripta.

586 1794 672 1847 111.
705 1792 915 1847 Codices
936 1790 1302 1854 Novarienses,
1335 1787 1372 1842 i.
1394 1801 1469 1854 e.,
1493 1784 1829 1841 bibliothecae
1849 1782 2087 1839 ecclesiae
2120 1790 2167 1849 Β
2263 1776 2394 1831 Cod.
2428 1776 2570 1842 Vat.,
2603 1795 2752 1833 num.
2780 1776 2936 1845 1l96,
2962 1777 3204 1847 ejusdem
3225 1780 3443 1835 circiter
3462 1783 3656 1848 aetatis,
3687 1783 3774 1837 vi-

518 1884 843 1943 catbedralis
863 1881 1225 1937 Novariensis.
1282 1928 1287 1933 ,

592 1975 654 2026 1°
694 1973 867 2027 Codex
891 1968 1307 2024 membranaceus
1336 1967 1472 2034 sign.
1504 1979 1648 2020 num.
1678 1980 1714 2018 x
1736 1962 1835 2035 (b),
1860 1961 2097 2027 iii—folio,

522 2062 703 2118 szecoli
727 2077 804 2125 xl,
836 2059 1029 2113 litteris
1049 2057 1341 2112 initialibus
1363 2057 1637 2122 eleganter
1662 2055 1820 2125 pictis
1855 2061 2096 2109 ornatus.

519 2151 942 2223 Comprehendit
971 2149 1108 2204 duas
1149 2149 1213 2202 de
1252 2146 1521 2202 Communi
1549 2144 1653 2201 SS.
1685 2156 1968 2218 martyrum
2002 2145 2102 2201 ho-

526 2244 704 2298 nilias
735 2241 828 2313 (c).
1011 2299 1018 2305 _

592 2333 655 2385 2°
694 2332 868 2386 Codex
908 2331 1325 2384 membranaceus
1368 2328 1504 2396 sign.
1548 2343 1693 2382 num.
1743 2344 1825 2394 x1,
1876 2325 2100 2393 in-folio,

524 2422 705 2477 saeculi
748 2437 846 2483 xu,
890 2419 1289 2474 litterisitidcm
1331 2418 1621 2471 initialibus
1641 2418 1917 2484 coloratis,
1940 2433 2103 2473 unam

524 2508 797 2565 homiliam
822 2508 884 2560 de
914 2507 1019 2561 SS.
1047 2504 1358 2576 martyribus
1379 2505 1480 2559 hac
1501 2506 1556 2558 in
1585 2505 1673 2561 ed.
1700 2507 1803 2559 col.
1829 2506 1934 2559 265
1975 2522 2105 2561 con-

525 2601 720 2655 tinens.

593 2692 656 2746 5ο
683 2690 857 2746 Codex
884 2687 1302 2743 membranaceus
1333 2687 1469 2755 sign.
1504 2702 1651 2742 num.
1679 2702 1857 2747 xxvu,
1876 2686 2102 2754 in-folio,

527 2782 708 2838 sreculi
738 2798 791 2836 xi
821 2781 919 2851 (ἀ),
944 2779 1137 2833 litteris
1173 2778 1465 2832 initialibus
1501 2784 1557 2831 et
1595 2777 1764 2831 titulis
1798 2776 2104 2842 rubricatis,

528 2872 721 2941 partim
759 2870 1025 2933 homilias,
1070 2868 1267 2938 partim
1314 2882 1589 2922 sermones
1632 2866 1722 2931 27,
1767 2881 1955 2930 omnes
1990 2865 2105 2935 jam

530 2962 789 3029 Vulgatos,
813 2966 1090 3028 prtestans.

596 3051 658 3104 4ο
690 3049 864 3106 Codex
892 3049 1313 3104 membranaceus
1347 3049 1484 3118 sign.
1510 3065 1657 3104 num.
1699 3064 1827 3114 xui,
1859 3047 2100 3114 iuofolio,

2201 1876 2283 1925 tas
2308 1877 2620 1924 sanctorum
2665 1876 2720 1925 et
2774 1870 3049 1940 passiones
3094 1879 3391 1943 martyrum
3430 1872 3687 1929 referens.
3718 1872 3779 1933 In

2199 1976 2266 2016 eo
2314 1970 2545 2030 quatuor
2598 1962 2668 2017 de
2716 1961 2776 2031 δ.
2831 1961 3038 2017 Joanne
3093 1962 3327 2034 Baptista
3374 1967 3650 2020 sermones
3695 1979 3779 2019 rc-

2146 2054 2166 2067 '
2201 2050 2360 2119 perli.

2272 2139 2483 2195 Codices
2513 2140 2632 2195 Vat.
2662 2141 2856 2210 signati
2877 2157 3023 2197 num.
3053 2141 3210 2206 1267,
3245 2142 3400 2209 1269,
3427 2142 3583 2207 1270,
3616 2142 3782 2208 6150,

2203 2229 2368 2294 6451,
2399 2229 2557 2298 6452,
2589 2239 2717 2298 ete.,
2746 2240 2802 2287 et
2856 2231 2978 2286 Vat.
3028 2235 3222 2303 regina?
3252 2234 3465 2289 Suecor.
3501 2233 3634 2300 125,
3680 2234 3786 2288 128

2204 2328 2259 2375 et
2284 2319 2405 2384 559,
2438 2322 2529 2389 qui
2549 2336 2735 2377 omnes
2764 2321 2835 2380 ad
2857 2337 2980 2377 saec.
3007 2321 3206 2377 Christi
3229 2339 3300 2378 xu
3318 2324 3609 2393 pertinent.

2278 2410 2405 2466 Cod.
2436 2411 2557 2466 Vat.
2579 2411 3547 2483 Reg.,num.1025,membranaceus,
3581 2415 3783 2480 in-fol.,

2205 2518 2326 2559 εωε.
2353 2520 2465 2559 XIII.

2277 2595 2452 2650 Codex
2476 2597 2634 2663 alter,
2660 2613 2807 2652 num.
2843 2597 2929 2662 19,
2961 2597 3152 2666 in-fol.,
3179 2598 3418 2668 ejusdem
3447 2600 3636 2655 aetatis.

2276 2683 2404 2740 Cod.
2446 2685 2588 2755 Vat.,
2620 2703 2768 2741 num.
2797 2686 2917 2755 587,
2945 2705 3069 2745 suae.
3109 2705 3216 2745 xw.

2278 2777 2490 2832 Codices
2519 2778 2641 2834 Vat.
2683 2778 2884 2847 Palat.,
2917 2796 3063 2835 num.
3098 2779 3221 2845 185,
3253 2777 3378 2846 452,
3411 2779 3534 2847 455,
3576 2780 3790 2835 charta-

2205 2868 2307 2935 cei,
2335 2868 2513 2923 saeculi
2540 2871 2650 2923 inv.

2276 2956 2405 3013 Cod.
2440 2957 2562 3012 Vat.
2582 2957 2847 3026 0ttobon.,
2873 2976 3021 3015 nom.
3048 2961 3166 3027 106,
3181 2961 3383 3027 in-fol.,
3402 2961 3789 3025 membranac.,

2205 3064 2329 3105 sate.
2354 3065 2431 3116 xi,
2456 3048 2583 3103 Cod.
2613 3048 2735 3103 Vat.
2766 3046 2938 3104 Ottob.
2964 3051 3120 3115 alter,
3146 3068 3293 3106 rium.
3326 3052 3446 3116 ⁵175,
3476 3052 3530 3105 in
3556 3066 3666 3120 quo
3692 3066 3793 3121 per

531 3149 803 3204 exaratos,
850 3146 907 3194 ut
948 3140 1000 3193 in
1042 3146 1169 3193 nota
1199 3137 1377 3193 eidem
1423 3139 1652 3208 ascripta
1695 3139 1910 3207 legitur,
1962 3153 2106 3193 anno
2132 3127 2178 3191 C
2209 3141 2506 3196 sententias
2534 3148 2590 3196 et
2631 3140 2905 3195 doctrinas
2946 3138 3164 3196 Patrum
3213 3142 3387 3210 agitur
3414 3141 3483 3196 de
3522 3141 3797 3213 mysteriis

532 3231 686 3286 1251.
708 3229 941 3285 Ornatus
964 3239 1067 3295 est,
1092 3240 1151 3285 ut
1171 3231 1369 3296 catteri,
1395 3236 1452 3285 et
1472 3231 1712 3286 continet
1739 3230 1809 3283 12
1833 3246 2108 3286 sermones

532 3321 636 3392 jam
667 3321 840 3377 editos
861 3329 915 3376 et
944 3321 1062 3376 aliis
1088 3320 1248 3375 codd.
1281 3319 1645 3376 conﬁrmatos.

596 3413 1132 3478 Excosserat_hosce
1180 3412 1537 3467 Novarienses
1584 3411 1799 3468 codices
1847 3412 1900 3469 in
1950 3429 2108 3469 osum

531 3503 694 3559 Broni
717 3502 859 3558 idem
881 3501 1005 3557 Ant.
1038 3501 1229 3557 Frauc.
1262 3502 1483 3565 Frisios.
1514 3501 1702 3558 Plures
1729 3512 1907 3559 autem
1930 3513 1985 3558 et
2008 3520 2109 3574 op-
2160 3568 2165 3574 _

530 3597 689 3650 timas
718 3594 990 3648 variantes
1039 3594 1299 3667 lectiones
1342 3593 1712 3664 suppeditasse
1762 3596 1862 3650 sibi
1903 3596 2107 3661 scribit,

529 3686 764 3753 indeque
810 3685 1015 3753 colligit
1063 3700 1129 3739 ex
1152 3685 1409 3754 perfectis
1456 3686 1761 3758 archetypis
1806 3703 1901 3742 eos
1946 3686 2109 3743 fuisse

525 3774 842 3844 descriptos.
870 3774 1004 3828 Cum
1028 3774 1459 3830 Vercellensibos
1484 3792 1626 3846 saepe
1654 3779 1996 3833 conveniunt.

594 3862 684 3917 IV.
727 3861 936 3915 Codices
968 3861 1207 3915 Romani.

599 3980 634 4012 α
663 3955 925 4009 Vaticani.
951 3955 1008 4008 In
1031 3955 1358 4010 bibliotheca
1379 3954 1638 4011 Vaticana
1663 3965 1891 4014 testatur
1932 3959 2109 4015 editor

528 4043 649 4114 plus
678 4043 896 4111 triginta
926 4044 1259 4098 homiliarios
1282 4060 1340 4100 se
1368 4046 1655 4115 reperisse,
1697 4063 1924 4117 quorum
1950 4057 2106 4104 vetu-

525 4133 719 4187 stiores
742 4131 812 4185 ad
836 4133 986 4187 initia
1015 4133 1195 4187 saeculi
1224 4135 1401 4189 octavi
1429 4135 1619 4191 referri
1660 4153 1818 4207 posse
1856 4139 2108 4195 videren-

528 4228 636 4285 tur,
663 4220 925 4289 siquidem
958 4208 1215 4286 Romanis
1254 4223 1653 4281 characteribus
1679 4226 1954 4294 quadratis
1981 4242 2107 4297 per-

526 4314 710 4384 scripti
742 4325 914 4368 erant.
947 4312 1195 4384 Plerique
1239 4331 1428 4372 omnes
1469 4318 1682 4385 integri,
1709 4333 1773 4373 ex
1806 4326 1958 4389 parte
1978 4320 2106 4375 olim

528 4402 600 4457 ad
622 4402 875 4458 Sirletum
918 4404 1064 4458 card.
1097 4404 1459 4472 pertinebant,
1485 4408 1575 4475 qui
1621 4408 1797 4476 aliqua
1824 4409 1877 4462 in
1919 4409 2106 4464 iisdem

2207 3230 2595 3301 redemptionis
2617 3231 2882 3296 humanae,
2915 3232 3160 3301 interque
3181 3247 3272 3287 eas
3300 3232 3528 3302 plurima
3551 3232 3797 3287 citantur

2210 3319 2267 3375 S.
2292 3320 2531 3376 Maximi.
2557 3319 2702 3392 Opus
2728 3322 3004 3389 ineditum,
3047 3324 3252 3392 absque
3293 3323 3528 3378 auctoris
3571 3323 3797 3378 nomine

2208 3409 2349 3467 forte
2375 3412 2731 3483 perscriptum
2757 3420 3001 3468 extremo
3023 3428 3145 3467 sazc.
3179 3429 3286 3467 xw.

2281 3503 2581 3573 Antequam
2612 3512 2791 3558 autem
2813 3503 2961 3574 ipsos
2987 3505 3150 3560 hosce
3170 3503 3384 3559 codices
3416 3503 3794 3574 perlustraret,

2209 3602 2494 3665 acceperat
2538 3611 2569 3649 a
2612 3594 2774 3650 Petro
2804 3596 3023 3668 Aloysio
3072 3593 3325 3661 Galletio,
3369 3595 3634 3651 monacho
3679 3603 3793 3650 tum

2209 3682 2409 3739 Bened.
2440 3697 2694 3754 congreg.
2738 3685 3068 3751 Casinensis,
3106 3692 3228 3754 post
3257 3686 3548 3756 Cyrenensi
3573 3685 3785 3754 episco-

2107 3831 2113 3839 ,
2209 3790 2301 3845 po,
2320 3775 2494 3830 varias
2515 3775 2775 3830 lectiones
2789 3790 2855 3830 ex
2878 3774 2999 3830 Vat.
3025 3774 3186 3830 codd.
3211 3782 3266 3829 et
3286 3788 3563 3829 sermones
3583 3775 3798 3843 aliquot

2210 3866 2495 3933 diligenter
2515 3864 2641 3919 inde
2663 3865 2982 3936 descriptos,
3005 3880 3126 3934 quae
3153 3866 3425 3920 stimulum
3445 3856 3598 3921 tanto
3625 3864 3800 3919 acrio-

2208 3970 2322 4008 rem
2371 3954 2473 4025 ipsi
2510 3953 2820 4009 indiderunt
2871 3954 2942 4010 ad
2979 3955 3161 4010 omnia
3207 3956 3319 4010 suis
3362 3954 3534 4010 oculis
3586 3968 3799 4025 cogno-

2209 4044 2432 4100 scenda.

2230 4186 2242 4191 -
2279 4138 2333 4209 β.
2379 4134 2622 4191 Basilica:
2656 4135 2717 4190 S.
2747 4134 2913 4190 Petri.
2946 4135 3312 4190 Recensentur
3339 4150 3429 4189 sex
3457 4151 3475 4188 :

2279 4227 2335 4280 1°
2374 4227 2547 4282 Codex
2567 4228 2703 4296 sign.
2749 4243 2895 4282 num.
2943 4225 3079 4292 106,
3108 4227 3212 4282 litt.
3237 4226 3298 4294 C,
3325 4225 3800 4292 membranaccus,

2208 4317 2401 4383 in-fol.,
2432 4333 2553 4374 smc.
2588 4334 2679 4372 xu.

2236 4392 2242 4399 ’
2283 4408 2345 4463 2Τ
2387 4406 2561 4464 Codex
2583 4408 2719 4464 alter
2746 4408 3026 4465 continens
3064 4409 3316 4465 homilias
3336 4416 3393 4464 et
3418 4423 3699 4464 sermones
3743 4409 3804 4465 in

528 4511 626 4552 sua
657 4494 939 4549 adnotavit
966 4511 1156 4560 manu;
1187 4511 1312 4564 pars
1340 4513 1525 4552 eorum
1569 4499 1765 4567 reginae
1812 4498 2107 4555 Succorum
2135 4491 2185 4550 D
2210 4502 2470 4557 lectiones
2497 4500 2831 4556 distributos.

527 4586 816 4641 Christinm
843 4586 961 4648 fuit,
995 4586 1083 4638 alii
1112 4600 1180 4640 ex
1209 4584 1563 4642 Ottoboniana
1593 4590 1958 4659 suppellectile
1980 4605 2106 4660 pro-

531 4678 653 4735 fecti
692 4686 866 4734 erant.
899 4678 1103 4746 Singuli
1147 4679 1213 4733 ad
1244 4680 1579 4735 condendam
1601 4680 1656 4735 S.
1697 4681 1915 4737 Maximi
1941 4683 2103 4738 colle-

535 4769 769 4823 ctionem
802 4768 1001 4838 aliquid
1031 4768 1395 4824 contulerunt.
1440 4767 1660 4824 Prtefert
1696 4780 1875 4828 autem
1903 4773 2110 4828 eteteris

535 4867 665 4924 tres,
705 4863 795 4929 qui
824 4861 1068 4915 indubias
1092 4860 1271 4915 saeculi
1299 4877 1389 4915 vui
1421 4869 1576 4915 notas
1603 4863 1938 4927 exhiberem,
1971 4865 2115 4921 inter

533 4963 672 5016 quos
699 4950 1080 5005 celeberrimus
1110 4951 1154 5006 is
1194 4950 1286 5019 qui
1328 4948 1594 5005 Gennadii
1636 4952 1829 5005 librum
1875 4954 1940 5006 de
1976 4954 2115 5009 Viris

532 5038 817 5093 illustribus
867 5043 1342 5112 complectebatur.
1398 5042 1502 5096 Alii
1557 5041 1666 5096 duo
1725 5043 1922 5117 signati
1967 5061 2112 5099 num.

533 5125 676 5181 5855
697 5134 753 5180 et
774 5127 912 5184 5856
937 5132 1352 5197 membranacei,
1372 5131 1583 5186 in-folio
1604 5147 1789 5202 parvo,
1808 5134 2121 5192 charactere

607 5261 681 5338 (α)
723 5262 814 5318 Sic
860 5262 911 5317 in
961 5265 1172 5338 notitia,
1214 5267 1268 5338 in
1316 5267 1637 5336 prmtatione
1673 5275 1854 5338 autem
1884 5269 2103 5338 scribit,

535 5334 804 5407 pertinere
833 5348 957 5407 eum
985 5334 1054 5388 ad
1083 5334 1338 5407 saeculum
1370 5354 1422 5391 x1
1454 5345 1510 5391 et
1540 5337 1824 5407 complecti
1862 5334 2112 5397 homilias

537 5401 849 5472 18,_omnes
872 5403 983 5472 jam
1016 5404 1153 5472 typis
1180 5405 1446 5472 volgatas.

607 5470 680 5540 (ι)
718 5471 771 5542 In
798 5470 943 5542 praef.
970 5470 1121 5525 audit
1143 5473 1193 5526 ei
1221 5470 1485 5542 septimus.

608 5544 693 5615 (ei
718 5540 813 5615 Sic
840 5541 894 5595 in
916 5542 1248 5615 pnefatione.
1276 5540 1355 5615 'ln
1384 5546 1596 5615 notitia
1635 5545 1886 5602 codicum
1930 5557 2111 5604 autem

538 5610 739 5681 scribit,
792 5610 1061 5681 repertum
1103 5613 1157 5665 in
1213 5626 1281 5681 eo
1324 5611 1486 5667 fuisse
1528 5630 1834 5671 sermonem
1865 5634 2026 5671 unum
2051 5620 2113 5673 de

536 5679 803 5736 Corum-mi
824 5679 1109 5753 martyrum
1129 5681 1184 5737 S.
1211 5679 1424 5734 Maximi
1451 5685 1666 5740 uouiine
1696 5686 1931 5741 nondum
1958 5697 2112 5743 antea

2275 4590 2342 4645 5ο
2361 4589 2535 4645 Codex
2551 4591 2688 4659 sign.
2711 4606 2856 4645 num.
2877 4588 2998 4656 210,
3018 4590 3071 4645 in
3093 4605 3199 4660 quo
3219 4590 3466 4646 collectio
3485 4605 3803 4646 sermonum

2207 4679 2403 4739 Leonis
2414 4680 2509 4750 M.,
2526 4682 2668 4738 inter
2680 4698 2819 4753 quos
2833 4684 3078 4739 nonnulli
3098 4686 3189 4755 qui
3210 4684 3267 4739 S.
3288 4684 3508 4739 Maximi
3530 4686 3817 4753 posterio.

2204 4773 2356 4854 ribus
2377 4776 2716 4845 temporibus
2737 4775 3035 4845 adjudicati
3060 4784 3211 4833 sunt.
3236 4776 3430 4831 Surculi
3454 4776 3670 4831 videtur
3689 4790 3817 4829 xiv-

2289 4862 2352 4914 40
2393 4860 2566 4915 Codex
2585 4860 2724 4929 sign.
2749 4876 2899 4915 num.
2933 4861 2984 4927 7,
3016 4860 3081 4915 A.
3123 4859 3492 4915 Lectionarius
3515 4867 3570 4914 et
3591 4861 3813 4930 passio-

2219 4951 2423 5016 narius,
2447 4950 2690 5006 continet
2711 4958 2921 5019 partem
2942 4950 3179 5005 homilias
3200 4948 3257 5004 S.
3283 4948 3501 5004 Maximi
3530 4949 3593 5003 de
3632 4948 3815 5003 Mira-

2222 5041 2425 5097 bilibus.

2295 5132 2355 5187 5ο
2394 5121 2570 5188 Codex
2607 5133 2744 5201 sign.
2771 5133 2920 5188 nuin.
2945 5131 3034 5198 40,
3068 5131 3131 5187 Α.
3164 5132 3474 5189 Lectionar.
3518 5132 3817 5187 continens

2216 5271 2443 5337 editum,
2484 5268 2578 5337 qui
2612 5276 2788 5323 exstet
2816 5268 2984 5324 ined.
3023 5267 3183 5324 Rom.
3209 5271 3315 5324 col.
3346 5268 3469 5323 651.
3504 5268 3574 5322 At
3604 5268 3817 5324 ibidem

2217 5342 2435 5403 dicitur,
2486 5338 2725 5393 describi
2773 5340 2920 5395 hunc
2969 5354 3271 5395 sermonem
3318 5355 3389 5393 ex
3442 5354 3567 5394 cvm
3612 5338 3821 5394 codice

2219 5412 2347 5466 bibl.
2373 5409 2430 5463 S.
2464 5408 2626 5463 Marci
2656 5407 3021 5464 Venetiarum.
3059 5408 3283 5464 Videtur
3310 5408 3450 5463 adeo
3491 5409 3607 5477 ipsa
3634 5409 3821 5463 multi-

2223 5480 2353 5535 tudo
2380 5477 2629 5535 codicum
2658 5493 2817 5533 caosa
2849 5480 3011 5535 fuisse
3040 5480 3237 5534 ut‘btec
3282 5477 3657 5534 confunderet.

2221 5627 2241 5675 ι
2295 5549 2450 5674 (Solio
2472 5547 2786 5620 prmfatione
2823 5565 2879 5604 rx
2907 5552 2991 5606 vel
3021 5551 3089 5605 ad
3123 5565 3389 5605 summum
3419 5565 3453 5603 x
3475 5549 3658 5603 seculi
3686 5564 3821 5606 esse

2246 5637 2303 5675 ra
2343 5637 2357 5672 ι
2390 5634 2475 5675 ur.

2246 5634 2475 5676 l‘aﬂlllll'.
