4042 6192
225 287 315 343 301

1276 279 1548 337 ΝΟΤΙΤΙΑ
1586 278 2412 337 lllSTORlCO-LITTERARIA.

3366 286 3472 340 £02

225 410 343 458 octo
369 398 563 470 partim
582 410 882 461 sermones,
911 395 1106 465 partim
1157 395 1406 451 homilias
1445 394 1503 450 S.
1549 393 1789 448 Maximi.
1821 399 1868 456 Α
1966 392 2016 448 δ.
2058 374 2416 459 Vallicellaui,
2449 392 2483 447 i.
2516 408 2568 449 e.
2598 392 2937 449 bibliotheca:
2968 394 3319 452 Valliccllzma:
3363 396 3470 455 PP.

288 493 351 547 ϐο
379 490 552 545 Codex
590 489 731 557 sign.
774 502 923 542 num.
974 484 1028 552 9,
1053 486 1115 541 A.
1164 484 1798 545 Lcctionarhcontiuens

225 595 493 641 sermones
521 580 575 632 in
600 576 730 631 Nat.
756 576 1107 647 apostolorum
1133 575 1279 631 Petri
1300 585 1349 631 et
1377 575 1533 630 Pauli
1573 584 1629 631 et
1658 575 1797 630 alte-

227 689 338 729 rum
366 672 429 725 de
452 670 512 725 S.
543 668 842 721 Laurentio.

288 762 558 818 Cancrum
579 764 809 813 testatur
828 757 1062 824 Brunus,
1078 756 1294 813 codices
1312 756 1369 811 S.
1390 754 1536 811 Petri
1560 770 1669 826 pm
1691 771 1799 811 ca:-

226 856 352 911 teris
373 850 840 910 emendatissimos
866 864 1007 915 esse,
1030 850 1272 917 utrisque
1293 856 1495 915 autem,
1517 848 1666 902 hisce
1692 847 1802 903 sci-

227 950 348 1005 licet
369 954 424 1000 et
450 942 741 1005 Vaticanis,
763 941 869 997 hoc
891 941 1129 1010 impertit
1149 940 1400 1009 elogium,
1426 954 1521 995 eos
1543 948 1600 994 et
1617 953 1804 994 emen-

229 1037 435 1091 datiore
475 1042 654 1100 textu,
695 1034 1065 1087 characterqu
1106 1031 1282 1085 nitore
1313 1040 1369 1084 et
1414 1031 1711 1098 elegantia,
1748 1037 1806 1085 et

227 1136 486 1186 concentu
502 1127 643 1180 inter
667 1141 743 1191 se,
759 1125 981 1193 reliquis
1000 1124 1247 1178 omnibus
1262 1122 1501 1193 pneferri
1525 1132 1800 1191 Oportere.

290 1242 343 1293 γ.
372 1218 433 1274 S.
457 1216 635 1272 Cruci:
654 1217 710 1270 in
730 1214 1038 1280 Jerusalem,
1064 1214 1100 1269 i.
1125 1228 1175 1269 e.
1202 1214 1537 1270 bibliotheca:
1550 1212 1719 1268 Roma
1758 1225 1807 1265 ω

226 1309 533 1368 monasterii
578 1308 638 1364 S.
682 1307 870 1363 Crucis
914 1306 969 1360 in
1009 1305 1329 1373 Jerusalem,
1372 1303 1577 1361 ordinis
1601 1303 1805 1361 Cister-'

225 1401 437 1456 ciensis.
463 1399 608 1453 inter
628 1399 727 1453 hos
754 1398 917 1465 longe
947 1396 1425 1467 praestantissimus
1447 1396 1546 1452 fuit
1576 1412 1590 1449 :

292 1494 356 1545 ιθ
388 1491 559 1545 Codex
588 1489 1019 1554 Nonnumtemis,
1043 1488 1097 1543 id
1122 1496 1224 1553 est,
1255 1488 1347 1557 qui
1375 1488 1502 1542 olim
1542 1494 1661 1541 erat
1684 1501 1805 1540 mo-

226 1584 445 1638 nasterii
469 1579 826 1637 Nonantulani
854 1580 909 1635 in
947 1593 1078 1649 agro
1100 1578 1405 1643 Mutinensi,
1437 1586 1562 1632 ante
1602 1591 1803 1631 annum

224 1672 420 1729 Christi
445 1671 832 1739 octogesimum
862 1669 1158 1739 acquisitus
1193 1668 1264 1723 ab
1304 1668 1560 1722 Anselmo
1589 1667 1693 1721 abb
1712 1674 1801 1731 :te,

1897 484 2324 551 congregationis
2351 482 2581 538 Oratorii
2600 484 2657 539 8.
2692 482 2920 554 Philippi
2948 484 3112 548 Nerii,
3143 501 3262 555 qua:
3288 487 3477 543 lectio-

1896 576 2063 630 uariis
2088 575 2242 630 valde
2270 576 2563 645 insignibus
2584 576 2848 641 abundat,
2880 586 2939 633 ut
2966 576 3168 648 pridem
3196 593 3228 632 a
3254 577 3475 634 Balleri-

1900 665 2001 719 niis
2030 664 2280 721 fratribus
2331 667 2384 721 in
2431 666 2627 724 Leonis
2669 668 2738 722 M.
2772 669 3009 724 editione
3045 669 3223 725 edocti
3269 687 3472 727 sumus.

1898 755 2292 827 Septemdecim
2319 774 2387 814 ex
2417 760 2481 817 iis
2509 761 2709 816 evolvit
2737 761 2976 824 Brunus.
3006 763 3061 818 in
3089 763 3281 832 quibus
3318 766 3477 835 quin—
3508 788 3517 793 ν

1901 847 2153 914 quaginta
2195 855 2350 903 erant
2390 848 2605 903 Maximi
2647 865 2922 908 sermones
2966 860 3021 906 et
3047 852 3313 919 homilias,
3341 868 3479 924 quos

1901 950 2025 990 cum
2052 935 2208 991 editis
2234 937 2490 1003 contulit;
2521 953 2749 1009 nempe:

1974 1022 2035 1076 l0
2063 1023 2238 1079 Codex
2264 1025 2348 1092 II,
2372 1027 2830 1092 membranaceus,
2863 1028 3043 1084 in-fol.
3071 1046 3237 1100 max.,
3274 1046 3399 1090 smc.
3426 1050 3479 1093 ιι

1903 1112 2138 1176 circiter,
2170 1115 2223 1169 in
2253 1132 2360 1185 quo
2390 1132 2582 1171 novem
2608 1133 2886 1174 sermones
2910 1119 3146 1175 Maximi.

1974 1202 2037 1257 2°
2067 1202 2241 1260 Codex
2276 1205 2372 1273 VI,
2404 1208 2787 1278 membranae,
2814 1209 2993 1266 in-fol.
3018 1226 3185 1274 max.,
3210 1227 3331 1268 saec.
3368 1231 3477 1270 xm.

1974 1295 2037 1349 3°
2069 1295 2241 1351 Codex
2273 1296 2402 1364 VII,
2436 1301 2684 1368 membr.,
2717 1300 2769 1354 in
2798 1300 2891 1356 fol.
2916 1318 3083 1367 max.,
3108 1318 3230 1357 saec.
3265 1320 3372 1360 xxv.

1976 1385 2038 1440 ιι*
2068 1385 2243 1442 Codex
2276 1388 2439 1457 VIII,
2469 1393 2717 1458 membr.,
2750 1393 2932 1449 in-fol.
2980 1411 3146 1461 max.,
3194 1411 3317 1451 sam.
3370 1413 3474 1452 xm.

1907 1474 1972 1530 ili
2009 1492 2118 1533 non
2165 1478 2264 1533 nisi
2293 1495 2457 1537 unum
2502 1490 2593 1535 aut
2639 1483 2865 1539 alterum
2912 1484 3126 1540 Maximi
3173 1502 3478 1544 sermonem

1905 1568 2195 1625 habebant.

1979 1657 2041 1712 5°
2074 1659 2247 1714 Codex
2276 1659 2379 1725 IX,
2412 1660 2649 1732 ejusdem
2694 1664 2868 1720 aetatis
2894 1678 2958 1719 ac
2985 1663 3168 1721 fenum
3194 1681 3258 1722 ac
3286 1683 3480 1738 praece-

225 1764 691 1828 tncmbmnaceus,
724 1760 954 1825 in—lolio,
998 1767 1215 1815 notatus
1239 1774 1387 1812 num.
1416 1756 1504 1811 XC
1532 1758 1588 1810 in
1627 1757 1804 1811 fronte
1837 1762 1880 1820 Β
1905 1747 2057 1816 deus,
2089 1757 2198 1805 tres
2223 1766 2500 1806 sermones
2527 1753 2853 1808 continebat.

225 1856 434 1926 quidem
446 1855 731 1919 exteriore,
743 1867 1047 1923 quanquam
1058 1851 1110 1905 in
1118 1858 1200 1905 tus
1208 1865 1327 1921 pag.
1348 1849 1372 1902 1
1389 1866 1534 1904 num.
1549 1846 1802 1904 CXXXIV

228 1949 453 2021 prazfert.
478 1946 674 2009 Omnes
694 1946 811 2015 ejus
832 1944 1171 2000 bibliotheca:
1194 1942 1409 1999 codices
1429 1957 1549 1997 cum
1571 1941 1805 2011 antiqui-

229 2050 349 2103 tate,
377 2054 486 2094 tum
510 2048 758 2093 accurata
779 2036 1042 2105 scriptura
1064 2034 1489 2102 antiquitateque
1511 2031 1800 2095 antecellit,

226 2140 535 2204 spectatque
572 2129 637 2185 ad
675 2128 929 2185 sazculum
958 2142 1027 2182 vn
1054 2126 1141 2181 vel
1169 2140 1434 2181 smmnum
1461 2141 1570 2180 vm.
1604 2123 1804 2179 Ductus

226 2224 517 2279 litterarum
547 2222 823 2277 Romanus
850 2226 951 2285 est,
994 2217 1264 2282 secundae,
1292 2225 1352 2272 ut
1396 2217 1576 2283 aiunt,
1606 2216 1799 2280 aetatis,

227 2314 494 2384 paululum
515 2326 740 2380 vergens
769 2310 836 2364 ad
862 2308 1346 2378 Longobardicum.
1379 2306 1424 2361 A
1452 2321 1570 2376 pag.
1605 2304 1707 2359 129
1734 2305 1802 2360 ad

230 2406 341 2469 £60,
390 2405 560 2473 inquit
602 2404 811 2457 Brunus
851 2401 904 2455 in
933 2399 1262 2470 praefatione,
1304 2397 1579 2465 sexaginta
1607 2395 1801 2466 partim

228 2496 498 2559 homilias,
529 2493 723 2564 partim
752 2506 1028 2547 sermones
1055 2488 1447 2559 complwitur,
1493 2487 1585 2556 qui
1614 2502 1822 2551 omnes,

225 2586 395 2653 judice
422 2585 568 2640 card.
599 2583 817 2640 Besutio
857 2582 911 2637 in
954 2581 1130 2637 indice
1175 2579 1418 2649 ejusdem
1464 2576 1819 2641 bibliothecae,

225 2677 277 2731 S.
306 2675 593 2729 Maximum
622 2682 899 2729 auctorem
921 2680 1231 2741 agnoscant.
1265 2670 1334 2724 At
1361 2670 1415 2725 in
1438 2668 1629 2724 notitia
1652 2668 1802 2724 codi-

227 2783 361 2828 cum,
387 2766 479 2820 ubi
498 2765 736 2819 omnium
764 2763 1037 2831 sigillatim
1064 2761 1248 2816 titulos
1270 2768 1531 2828 recenset,
1554 2766 1800 2813 numerat

228 2858 306 2911 ὤ.
335 2856 676 2911 Mabillonius
704 2864 915 2919 contra,
943 2853 1035 2923 qui
1057 2852 1264 2924 pridem
1283 2864 1351 2907 eo
1380 2867 1506 2907 usus
1532 2858 1668 2918 erat,
1697 2851 1799 2907 ho-

230 2948 394 3001 milias
422 2947 476 3000 in
505 2961 572 3001 eo
594 2944 857 3000 contineri
882 2944 1068 2999 scribit
1097 2942 1184 3011 '75,
1215 2958 1281 2998 ex
1318 2941 1513 3012 quibus
1531 2942 1801 3011 pleraeque

228 3038 464 3094 etiamin
504 3034 801 3105 exemplari
843 3033 1180 3103 Sangallensi
1209 3033 1561 3101 habebantur.
1606 3031 1799 3089 Inscri-

1977 1840 2040 1892 6ο
2069 1838 2244 1895 Codex
2270 1840 2398 1908 XV,
2426 1841 2666 1911 ejusdem
2703 1842 2888 1899 forma:
2914 1854 2970 1901 et
2994 1845 3188 1912 aetatis,
3214 1862 3488 1903 sermones

1907 1928 2097 1986 decem
2128 1931 2361 1987 Maximo
2390 1934 2649 1989 inscribit.

1978 2022 2131 2078 70—90
2161 2024 2369 2087 Codices
2382 2024 2542 2091 XIX,
2564 2025 2616 2079 Χ
2618 2025 2668 2079 Χ
2690 2035 2745 2082 et
2764 2026 2867 2081 XX
2884 2027 2943 2081 V.
2970 2026 3179 2084 Primus
3206 2039 3289 2085 est
3312 2046 3483 2085 mem-

1904 2114 2079 2180 bran.,
2123 2114 2298 2170 in-fol.
2341 2131 2507 2181 max.,
2545 2118 2736 2172 litteris
2770 2117 3185 2187 Longobardicis
3213 2130 3482 2187 exaratos,

1902 2206 2080 2261 smculi
2113 2205 2252 2262 forte
2278 2223 2361 2274 1x;
2386 2207 2627 2276 ejusdem
2654 2210 2828 2265 aetatis
2857 2219 2912 2265 et
2935 2210 3139 2275 formas,
3172 2229 3272 2268 nec
3301 2198 3480 2270 tamen

1902 2299 2247 2365 chwacteris,
2289 2314 2352 2355 ac
2379 2300 2571 2369 reliqui
2598 2300 2725 2356 duo.
2772 2300 3007 2368 Quilibet
3028 2318 3215 2359 eorum
3241 2321 3349 2361 non
3379 2308 3481 2362 nisi

1904 2390 2118 2446 unicum
2149 2389 2364 2445 Maximi
2392 2407 2695 2447 sermonem
2720 2394 3051 2451 continebat.

1971 2480 2067 2535 1οο
2097 2480 2272 2537 Codex
2298 2484 2435 2553 sign.
2462 2482 2515 2549 4,
2559 2493 2766 2555 septem
2813 2486 3061 2542 homilias
3099 2488 3357 2546 exhibens
3384 2506 3483 2561 per
3520 2528 3526 2533 ι

1899 2571 2026 2655 anni
2054 2572 2309 2628 circulum
2327 2612 2344 2639 ,
2375 2573 2428 2628 in
2455 2575 2649 2644 quibus
2675 2584 2880 2647 septem
2909 2577 3123 2633 Maximi
3151 2596 3446 2639 sermones.

1971 2662 2068 2719 H0
2084 2671 2140 2720 et
2156 2664 2250 2719 12°
2266 2664 2438 2721 Codex
2467 2666 2511 2720 Α
2532 2666 2585 2735 9,
2611 2668 2774 2723 codex
2791 2672 2833 2721 Α
2862 2669 2953 2735 l0;
2984 2679 3208 2739 uterque
3230 2675 3479 2735 membr.,

1899 2754 2076 2813 in—fol.
2105 2772 2270 2822 max.,
2299 2773 2423 2813 nec.
2454 2774 2574 2824 xm;
2606 2760 2752 2830 prior
2771 2761 2987 2815 unicum
3006 2760 3071 2816 de
3091 2760 3197 2816 SS.
3224 2763 3481 2834 Apostolis

1896 2846 2056 2904 Petro
2074 2858 2123 2903 et
2145 2849 2333 2917 Paulo,
2360 2851 2625 2920 posterior
2644 2868 2737 2906 sex
2760 2852 2980 2922 profert.

1971 2938 2200 2993 130-170
2231 2939 2444 2995 Codices
2473 2941 2517 2996 A
2548 2941 2631 3006 l6,
2656 2941 2697 2995 Β
2724 2942 2778 3008 5,
2807 2942 2853 2996 Η
2882 2943 2934 3006 2,
2967 2942 3013 2997 Η
3038 2946 3089 3011 7,
3119 2943 3164 2998 Η
3195 2945 3282 3012 23,
3315 2963 3477 3003 unum

1900 3030 1986 3087 vel
2009 3031 2238 3087 alterum
2265 3048 2570 3089 sermonem
2595 3043 2688 3090 aut
2716 3035 2989 3090 homiliam
3017 3039 3442 3109 suppeditantes.

230 3138 365 3199 ptum
390 3136 544 3194 erat,
592 3126 782 3184 eodem
832 3134 996 3192 teste,
1038 3124 1092 3180 in
1138 3124 1316 3180 bonte
1355 3123 1555 3180 codicis
1602 3138 1797 3177 nomen

1971 3148 2015 3183 ι.
2048 3124 2445 3194 Lateraneuses.
2475 3126 2534 3182 In
2564 3127 2720 3196 hujus
2748 3130 2980 3184 basilice
3016 3131 3277 3187 tabulario
3303 3133 3482 3201 plures

231 3223 455 3276 auctoris
479 3239 491 3273 :
515 3219 607 3274 sed
628 3235 696 3274 eo
721 3218 945 3281 abraso,
959 3216 1131 3271 sancti
1160 3215 1426 3270 Ambrosii
1453 3230 1644 3269 nomen
1673 3214 1800 3269 sub-

230 3312 482 3366 stitutum.
511 3309 797 3366 Maximam
819 3316 997 3363 tamen
1022 3313 1228 3376 partem
1250 3306 1439 3360 harum
1460 3304 1798 3359 homiliarum

232 3400 435 3456 Maximi
466 3416 584 3455 esse
628 3407 815 3455 censet
854 3416 867 3449 :
912 3397 1123 3452 tametsi
1166 3395 1409 3466 quaedam
1454 3394 1571 3448 alia:
1613 3393 1803 3449 lliero-

231 3491 367 3559 nymi
393 3498 451 3545 et
475 3488 753 3559 Augustini
778 3488 876 3544 sub
906 3502 1094 3542 eorum
1124 3485 1340 3540 nomine
1367 3484 1581 3539 inserta:
1597 3492 1798 3539 essent.

296 3581 355 3634 2°
383 3580 557 3636 Codex
587 3579 639 3634 Ν
644 3580 995 3635 ouantulensis
1024 3578 1175 3643 alter,
1204 3577 1443 3647 signatus
1468 3592 1615 3630 num.
1640 3573 1802 3629 XCIX

233 3674 390 3742 (intus
430 3671 661 3738 LXVII),
692 3671 1150 3733 membranaceus,
1180 3667 1317 3733 ιιι-4,
1347 3668 1661 3723 charactere
1689 3665 1800 3727 Ro-

232 3780 386 3818 mano
407 3764 633 3818 rotundo
658 3771 712 3818 et
727 3761 977 3830 eleganti,
994 3761 1187 3816 sazculo
1208 3760 1418 3815 circiter
1439 3776 1508 3813 xu
1530 3768 1800 3813 exaratus.

234 3852 492 3924 Principio
537 3854 866 3908 exorcismos
909 3867 1070 3922 super
1111 3864 1500 3918 energumenos
1543 3850 1800 3915 continet,

232 3945 417 3999 deinde
446 3944 703 4012 epistolas
729 3942 861 3996 duas
906 3940 1173 4011 pontificis
1215 3940 1355 3993 Max.
1398 3939 1463 3992 Α.
1495 3937 1803 4008 (Alexandri

234 4035 316 4101 ill,
340 4047 489 4107 putat
508 4034 768 4103 Brunus);
802 4044 1072 4104 postremo
1094 4049 1124 4086 a
1146 4047 1265 4103 pag.
1291 4031 1323 4084 5
1347 4031 1414 4085 ad
1436 4032 1536 4085 165
1557 4032 1804 4085 homilias

236 4142 606 4195 sermonesque
632 4126 690 4179 S.
734 4125 947 4178 Maximi
975 4124 1064 4189 96,
1106 4124 1157 4178 in
1199 4123 1391 4191 quibus
1433 4121 1501 4175 48
1529 4137 1806 4177 sermones

236 4218 532 4272 nullatenus
576 4218 645 4271 ab
699 4217 763 4271 iis
798 4232 935 4285 quos
980 4214 1149 4270 codex
1194 4214 1281 4268 XC
1324 4215 1563 4269 continet
1601 4214 1804 4268 discre-

239 4318 439 4377 pantes,
473 4307 611 4362 unde
640 4322 824 4361 verum
852 4321 1037 4362 eorum
1065 4313 1342 4359 auctorem
1371 4303 1660 4358 Maximum
1687 4319 1806 4359 esse

238 4414 351 4451 cum
383 4398 596 4453 Besutio
624 4397 834 4452 Brunus
871 4405 1085 4459 censet,
1116 4395 1525 4465 astipulantibus
1570 4394 1807 4449 versibus

1897 3218 2049 3280 olim,
2096 3232 2258 3287 quam
2302 3233 2447 3273 nunc
2489 3228 2809 3288 supersunt,
2862 3220 3132 3276 exstitisse
3173 3221 3387 3278 codices
3414 3238 3481 3278 ex

1901 3309 2138 3365 numeris
2185 3308 2458 3377 inscriptis
2506 3317 2689 3378 patere
2735 3318 2922 3364 monet
2969 3309 3196 3365 Brunus.
3241 3310 3483 3378 Quatuor

1900 3406 2081 3453 tamen
2127 3397 2333 3453 invenit
2378 3398 2698 3463 homiliaria,
2745 3414 2972 3467 quorum
3004 3400 3105 3454 tria
3156 3401 3479 3466 membran.,

1901 3488 2113 3544 in-folio
2160 3504 2327 3553 max.,
2377 3488 2690 3543 charactere
2731 3488 2973 3543 Romano
3019 3490 3186 3545 nitide
3237 3501 3479 3558 exarata,

1899 3578 2096 3634 saeculo
2121 3595 2172 3633 xi
2200 3578 2396 3647 scripta
2420 3584 2622 3641 censet,
2647 3586 2894 3646 quartum
2916 3578 3091 3633 in—l‘ol.
3110 3578 3329 3644 minori,
3353 3596 3478 3637 saw.

1905 3686 2014 3725 xm.
2048 3670 2126 3724 Ex
2162 3669 2533 3737 grandioribus
2582 3669 2685 3723 illis
2726 3667 2831 3722 duo
2878 3667 2929 3721 in
2972 3667 3148 3723 fronte
3195 3668 3482 3727 voluminis

1905 3760 2219 3830 inscriptum
2247 3759 2543 3827 gerebant:
2575 3758 2925 3828 Compositum
2953 3776 2986 3812 α
3013 3757 3309 3815 Secundino
3341 3760 3481 3815 Trut-

1902 3851 2214 3905 romiuitano
2243 3849 2478 3918 episcopo
2507 3856 2734 3919 tempore
2757 3848 2923 3902 sancti
2951 3846 3167 3920 Gregori
3201 3866 3372 3921 papae.

1974 3940 2052 3995 Ex
2082 3940 2536 3997 Lateranensibus
2562 3940 2806 4010 quaedam
2849 3948 2973 3995 ante
3021 3940 3238 4008 inedita,
3291 3959 3484 4014 nempe

1905 4048 2206 4090 sermonem
2254 4034 2307 4088 in
2346 4032 2613 4089 dominica
2660 4031 2961 4087 Palmarum
2999 4041 3057 4089 et
3099 4033 3166 4089 de
3201 4032 3483 4090 Communi

1907 4125 2256 4193 plurimorum
2308 4130 2603 4194 martyrum
2653 4122 2981 4192 desumpsit,
3040 4125 3250 4192 aliaque
3297 4140 3482 4181 eorum

1908 4217 2217 4274 testimonio
2262 4215 2631 4278 continuavit,
2679 4215 3006 4281 omninoque
3053 4214 3482 4280 Ballcriniormn,

1908 4311 1998 4380 qui
2027 4307 2490 4366 emendatissimos
2515 4312 2800 4370 censeant,
2831 4304 3148 4373 subscripsit
3175 4308 3481 4361 sententia).

1981 4408 2028 4469 ζ.
2060 4401 2454 4456 Casanateusea.
2488 4397 2819 4452 Bibliotheca
2849 4395 2993 4450 card.
3040 4394 3318 4451 Casanatze
3346 4397 3484 4466 apud

236 4488 518 4544 barbaricis
554 4490 622 4544 ab
660 4488 810 4542 initio
837 4503 1024 4542 eormn
1053 4487 1298 4556 ascriptis
1331 4495 1388 4541 et
1430 4487 1602 4541 titulo.
1633 4485 1806 4539 Etiam
1834 4482 1887 4543 D
1910 4493 2015 4548 FF.
2045 4492 2453 4562 praedicatorum
2493 4488 2560 4545 ad
2607 4488 2858 4544 Minerva:
2883 4488 3018 4543 duos
3048 4488 3270 4557 praebuit,
3308 4489 3482 4543 hami-

238 4581 391 4649 hujus
416 4582 614 4636 codicis
647 4595 954 4635 sermonum
995 4578 1400 4633 homiliarumve
1422 4578 1605 4633 titulos
1625 4578 1804 4645 singu-

240 4670 316 4725 los
343 4670 671 4740 transcripsit
701 4670 753 4723 in
792 4669 977 4722 notitia
1006 4668 1187 4733 codd.,
1216 4667 1312 4723 sed
1337 4683 1594 4723 numerus
1620 4667 1805 4721 simili-

232 4771 311 4815 ter
337 4777 401 4813 ac
426 4762 475 4814 in
505 4761 671 4829 priori
694 4760 992 4827 discrepat,
1026 4774 1124 4812 nec
1150 4757 1217 4811 96
1245 4757 1339 4813 sed
1368 4756 1437 4809 92
1462 4757 1798 4811 exhibentur.

299 4852 360 4905 3"
389 4851 765 4904 Lectionarium
784 4850 979 4904 saeculo
995 4849 1104 4904 fere
1126 4867 1214 4904 xm
1232 4850 1605 4919 perscriptum,
1627 4850 1804 4917 signa—

236 4950 341 4993 tum
376 4958 515 4995 num.
557 4941 590 4993 9
619 4941 783 5011 (intus
808 4940 952 5008 22:2),
980 4940 1189 4994 in-folio
1218 4939 1511 5008 grandiori,
1540 4941 1805 4995 membra-

232 5048 418 5097 naceo,
442 5034 629 5087 litteris
656 5031 929 5101 quadratis
949 5043 1247 5086 exaratum.
1271 5031 1591 5087 Continebat
1620 5032 1804 5087 lectio-

230 5138 325 5177 nes
351 5124 419 5177 de
444 5124 710 5193 Tempore
738 5132 793 5177 et
821 5122 888 5177 de
915 5122 1125 5177 Sanctis
1153 5130 1208 5176 et
1235 5122 1480 5177 homilias
1508 5123 1729 5191 aliquot.

294 5213 359 5264 4ο
393 5212 766 5267 Lectionarium
805 5210 1141 5266 Cistercieme
1185 5213 1432 5277 alterum,
1474 5213 1653 5267 seculi
1696 5228 1823 5289 ιινη

225 5302 437 5357 in-folio
457 5304 636 5358 itidem
659 5302 946 5372 graniiori,
971 5303 1291 5368 membrum,
1316 5303 1625 5358 charactere
1644 5305 1804 5359 semi-

221 5396 440 5463 gotbico
463 5395 782 5465 exscriptus.
814 5394 1029 5448 inerant
1055 5393 1122 5447 12
1150 5394 1383 5449 homiltze
1411 5395 1465 5454 S.
1500 5395 1735 5451 Maximi.

290 5483 491 5539 Monita
512 5498 567 5539 et
582 5486 850 5538 variantes
870 5484 1127 5540 lectiones
1149 5492 1313 5540 testes
1331 5484 1557 5540 advocat
1572 5485 1797 5554 Brunus,

220 5590 288 5627 ex
313 5574 511 5644 quibus
538 5583 770 5635 constet,
801 5583 1062 5643 quantum
1088 5575 1334 5631 utilitatis
1361 5576 1417 5631 hi
1436 5575 1652 5633 codices
1685 5575 1799 5634 edi-

229 5666 366 5721 tioni
386 5682 493 5721 sua:
516 5668 860 5722 contulerint.

435 5763 699 5819 l’nnut.
751 5761 830 5819 ω
860 5761 936 5821 ll.

1906 4583 2087 4638 liarios
2106 4582 2320 4637 codices
2346 4579 2806 4645 membranaceos,
2840 4579 2914 4634 in-
2929 4579 3020 4635 fol.
3053 4596 3220 4642 max.,
3252 4579 3482 4648 eleganti

1903 4682 1962 4728 et
2006 4670 2175 4727 nitido
2222 4670 2465 4725 Romano
2495 4669 2813 4725 charactere
2860 4685 2983 4726 saec.
3013 4669 3127 4725 fere
3155 4687 3206 4724 xi
3232 4670 3479 4738 scriptos.

1906 4765 1976 4818 At
2024 4777 2193 4832 pauca
2245 4776 2314 4818 ex
2363 4761 2429 4817 iis
2484 4775 2583 4832 pro
2620 4761 2853 4817 Maximo
2897 4761 3175 4828 collegisse
3220 4776 3279 4815 se
3322 4769 3483 4817 testa-

1906 4864 2012 4911 tur.

1978 4968 2029 5008 η.
2058 4938 2348 5007 Zeladidni,
2382 4943 2434 4999 id
2461 4953 2564 5009 est,
2593 4942 2805 4999 codices
2844 4940 2933 5008 qui
2962 4947 3086 4994 sunt
3127 4955 3291 5010 penes
3329 4943 3481 4997 card.

1905 5035 2095 5090 Franc.
2126 5032 2258 5088 Xav.
2290 5034 2358 5089 de
2388 5033 2599 5098 Zelada,
2630 5031 2757 5086 bibl.
2800 5029 2919 5085 Vat.
2970 5028 3275 5103 prmfectum
3295 5073 3310 5099 ,
3345 5032 3485 5089 inter

1902 5139 2041 5195 quos
2061 5125 2263 5180 eminet
2285 5141 2297 5176 τ
2553 5140 2572 5158 ι

1981 5215 2034 5267 1⁸
2063 5212 2237 5268 Codex
2263 5212 2627 5276 Urbevetanus,
2653 5223 2684 5262 a
2705 5208 2937 5278 capitulo
2963 5210 3285 5267 cathedralis
3316 5211 3484 5268 Urbe-

1905 5314 2110 5359 vctanze
2139 5303 2238 5373 ipsi
2266 5302 2409 5356 dono
2437 5299 2614 5363 datus,
2644 5299 3103 5367 membranaceus,
3135 5300 3337 5356 in-folio
3366 5318 3481 5357 ma-

1908 5400 2053 5453 ximo
2081 5399 2283 5468 Optime
2310 5401 2564 5449 exaratus
2590 5392 2660 5447 ab
2692 5392 3014 5461 octingentis
3050 5394 3265 5449 circiter
3307 5410 3481 5451 annis.

1907 5486 2051 5543 Inter
2072 5488 2251 5557 plures
2277 5484 2633 5540 celebriorum
2659 5481 2762 5537 PP.
2794 5483 3041 5538 homilias
3072 5483 3250 5554 plures
3282 5483 3335 5538 S.
3369 5485 3481 5541 Ma-

1909 5577 2037 5632 ximi
2066 5578 2247 5640 habet,
2277 5590 2500 5643 quarum
2530 5575 2827 5640 nonnullae,
2858 5576 2960 5629 etsi
3005 5574 3219 5629 nomine
3249 5577 3483 5629 auctoris

1904 5678 2148 5734 careant,
2175 5667 2333 5723 tidem
2354 5676 2533 5723 tamen
2554 5681 2625 5722 cx
2645 5666 2772 5723 aliis
2795 5666 3070 5723 codicibus
3100 5663 3490 5721 nanciscuntm.

3098 5746 3129 5798 7
