4042 6192
516 308 621 364 203

1607 305 1675 359 IN
1711 304 1768 360 S.
1809 302 2128 359 MAXIMUM
2167 303 2646 360 TAURINENSEM

3666 302 3774 362 ΞΜ

515 423 596 480 Ex
619 421 806 478 eadem
831 429 1090 493 praeterea
1115 419 1436 476 bibliotheca
1458 417 1623 472 Bruni
1647 417 1826 472 usibus
1853 417 2093 472 concessi
2119 423 2170 479 Α
2195 416 2346 471 statis
2403 433 2464 472 ac
2493 417 2682 472 summi
2704 417 2860 486 pretii
2891 418 3055 472 libros
3076 433 3201 472 mss.
3225 404 3557 474 celeberrimi
3583 435 3776 476 mona-

514 516 748 570 fuerunt.

583 605 646 658 2°
673 604 844 659 Codex
865 603 1321 664 membranacens,
1341 599 1544 654 in-folio
1565 614 1728 663 max.,
1753 606 1871 652 acta
1887 606 1942 651 et
1965 612 2088 667 pas-

519 695 698 750 siones
721 702 1012 766 martyrum
1041 693 1341 757 continens,
1372 700 1429 744 et

580 786 638 840 3°
667 785 840 840 Codex
867 784 1217 848 tectionarius,
1251 783 1304 835 in
1331 796 1437 850 quo
1467 788 1698 848 quatuor
1723 777 1939 832 Maximi
1965 792 2084 832 ser-

513 896 722 936 moues.

583 977 630 1026 θ.
675 971 924 1026 ϐΙιὶεἱαηὶ.
977 967 1035 1022 In
1081 966 1329 1022 Chisiana
1377 962 1702 1019 bibliotheca
1751 977 1880 1016 mss.
1938 961 2087 1016 libris

513 1063 966 1121 abundantissima
994 1067 1103 1114 tres
1124 1057 1323 1112 evolvit
1349 1055 1702 1118 homiliarios,
1730 1067 1958 1121 quorum
1981 1051 2085 1105 duo

512 1153 905 1211 membranacei
935 1149 1134 1214 in-fol.,
1184 1164 1306 1203 saec.
1359 1164 1452 1211 xu,
1501 1147 1629 1200 olim
1659 1143 1895 1198 Ecclesia
1946 1141 2085 1194 Ana-

512 1248 747 1315 gniensis
773 1243 1027 1314 possedit.
1049 1241 1260 1296 Tertius
1287 1248 1404 1294 erat
1429 1240 1741 1293 chartaceus
1767 1250 1889 1289 sine.
1920 1250 2006 1298 xv,
2031 1241 2087 1287 et

511 1337 695 1407 plures
722 1335 937 1388 Maximi
965 1346 1238 1387 sermones
1260 1330 1448 1384 dubios
1475 1327 1801 1382 continebat.

587 1453 621 1482 ι.
655 1425 1028 1488 Carrarianus,
1061 1423 1116 1477 id
1160 1429 1276 1486 est,
1327 1419 1498 1474 codex
1525 1419 1766 1488 pnesulis
1816 1415 2084 1470 Francisci

511 1519 797 1582 ϐέλη-πίω,
829 1531 994 1572 sacrm
1039 1511 1467 1580 congregationis
1511 1509 1722 1565 concilii
1767 1525 1797 1561 a
1838 1507 2079 1563 secretis.

510 1611 632 1665 Fuit
653 1609 778 1665 olim
804 1607 1054 1663 Ecclesiae
1077 1603 1476 1672 Strigoniensis,
1501 1610 1557 1655 et
1583 1600 1911 1654 Breviarium
1941 1597 2084 1665 ejus-

511 1701 631 1757 dem
662 1700 920 1755 continet.
951 1697 1191 1767 Scriptus
1227 1704 1312 1749 est
1350 1694 1403 1746 in
1452 1692 1774 1747 membranis
1812 1688 2080 1750 candidis,

2193 507 2342 560 sterii
2369 507 2655 574 Farfensis,
2687 508 2823 563 duos
2863 510 3130 578 praecipue
3174 509 3477 564 observavit
3505 514 3774 567 membra-

2194 612 2411 662 naceos,
2437 599 2604 653 in-fol.
2629 615 2798 665 max.,
2818 600 3160 655 lectionarios
3180 617 3247 655 ex
3268 601 3412 655 card.
3440 601 3770 661 Τειωωὶηῆ

2192 689 2457 743 sententia
2485 690 2679 745 steculo
2708 707 2761 744 xi
2792 692 3134 760 perscriptos.
3186 691 3398 746 Tertius
3444 694 3613 748 codex
3641 697 3769 751 item

2192 782 2652 848 membranaceus,
2680 782 2896 837 in-folio
2923 783 3136 846 minori,
3168 783 3346 838 smeuli
3385 801 3439 848 x,
3485 801 3606 839 cum
3651 789 3772 842 aliis

2192 873 2506 926 tractatibus
2535 872 2780 926 homilias
2817 873 3017 942 aliquot
3051 873 3523 943 complectebatur.
3558 876 3770 930 Duode-

2189 961 2291 1014 cim
2311 962 2386 1031 (in
2400 964 2551 1032 prter.
2575 963 3000 1033 quatuordecim)
3031 978 3304 1018 sennones
3330 962 3388 1018 S.
3417 964 3630 1019 Maximi
3655 966 3764 1034 jam

2186 1052 2360 1106 editos
2385 1053 2440 1106 in
2468 1054 2533 1106 iis
2560 1054 2792 1121 invenit,
2821 1054 3104 1124 pluresque
3132 1055 3254 1109 inde
3279 1056 3546 1111 variantes
3574 1058 3765 1112 lectio-

2187 1159 2284 1198 nes
2309 1144 2621 1214 desumpsit.

2257 1233 2365 1288 VII.
2399 1234 2610 1290 Codices
2659 1235 3014 1292 Sublacenses.
3064 1236 3141 1292 Ex
3186 1239 3529 1294 vetustissimi
3574 1257 3768 1295 mona-

2185 1329 2334 1383 sterii
2363 1328 2704 1384 Sublacensis
2731 1331 3052 1386 bibliotheca
3093 1339 3202 1385 tres
3240 1332 3452 1387 codices
3480 1347 3610 1389 mss.
3640 1348 3764 1388 cum

2185 1421 2342 1474 editis
2369 1422 2612 1475 contulit.
2645 1421 2812 1476 Erant
2852 1432 3031 1476 autem
3076 1421 3394 1478 Lectionarii
3435 1425 3611 1480 smeuli
3651 1442 3765 1492 xiv,

2185 1512 2240 1566 in
2270 1514 2579 1568 membrana
2608 1515 2700 1569 fol.
2731 1529 2872 1569 max.
2908 1515 3097 1570 litteris
3124 1514 3364 1572 Gothicis
3390 1517 3617 1584 exarati,
3652 1527 3765 1575 tres

2184 1617 2460 1658 sermones
2479 1603 2535 1658 S.
2565 1603 2780 1658 Maximi
2806 1606 3164 1660 continentes.

2255 1695 2387 1748 VIII.
2421 1695 2638 1750 Codices
2664 1697 3026 1751 Beneventani.
3068 1697 3124 1750 In
3162 1697 3483 1754 bibliotheca
3510 1697 3765 1754 Ecclesia!

511 1793 822 1847 charactere
842 1787 1008 1842 nidito
1029 1794 1084 1840 et
1105 1784 1354 1852 eleganti,
1379 1782 1531 1836 initio
1558 1782 1669 1835 fere
1690 1779 1868 1835 saeculi
1887 1777 2081 1832 decimi
2117 1775 2160 1832 Β
2190 1787 2576 1843 Βοῃενεῃιαηαξ
2605 1789 2836 1858 antiquis
2859 1789 3007 1844 ﬁbris
3029 1805 3152 1844 mss,
3179 1790 3602 1856 instructissima,
3625 1806 3766 1860 qua-

511 1883 670 1948 sexti,
697 1880 919 1951 picturis
951 1875 1386 1948 splendidissimis
1433 1889 1462 1928 a
1505 1872 1710 1928 Joanne
1739 1870 2086 1932 Boeeardino,

512 1976 630 2029 cive
655 1975 965 2028 Florentino
995 1972 1048 2026 in
1076 1971 1182 2025 hoc
1209 1969 1339 2024 artis
1362 1983 1562 2037 genere
1591 1966 1812 2027 eximio,
1845 1969 2085 2018 ornatus.

511 2065 728 2138 Septem
751 2064 997 2118 homilias
1016 2062 1230 2116 Maximi
1253 2061 1560 2124 exhibebat,
1577 2073 1800 2127 quarum
1823 2057 2092 2110 variantes

505 2157 774 2212 lectiones
801 2155 911 2210 suis
941 2155 1070 2208 locis
1096 2161 1222 2208 szmt
1249 2152 1556 2223 propositm.

579 2271 628 2302 at.
660 2246 832 2302 Codex
853 2245 1170 2299 bibliotheca:
1189 2243 1448 2314 Angelij
1475 2239 1535 2296 S.
1561 2239 1854 2310 Augustini.
1879 2237 2092 2291 Brevia-

513 2340 650 2394 rium
672 2337 851 2394 smculi
871 2352 960 2403 xv,
975 2335 1458 2396 membranacemn,
1477 2329 1707 2394 in-folio,
1727 2328 1942 2386 eosdem
1966 2341 2094 2396 qua-

513 2439 638 2485 tnor
654 2435 1134 2483 sermones-sancto
1154 2424 1386 2477 Maximo
1407 2422 1692 2476 attributes
1707 2419 2087 2490 complectens,

514 2532 650 2588 quos
668 2516 999 2571 Breviarium
1018 2513 1271 2568 Ecclesiae
1291 2512 1572 2566 Veliternae
1593 2511 1852 2566 continet.

539 2631 546 2634 ·
581 2608 845 2663 Cancrum
894 2605 1138 2660 lustravit
1183 2604 1345 2658 etiam
1373 2601 1582 2656 Brunus
1609 2601 1960 2656 bibliothecas
1985 2597 2091 2654 Co-

516 2703 815 2757 lnmnarum
859 2699 1135 2763 comitum,
1188 2695 1617 2750 Barberiniorum
1647 2700 1702 2747 et
1730 2692 2087 2756 Albanorum;

515 2801 571 2846 at
611 2792 741 2846 nihil
786 2791 839 2845 in
888 2804 1072 2844 eorum
1113 2787 1386 2842 codicibus
1430 2785 1694 2855 reperisse
1734 2799 1794 2838 se
1839 2783 2085 2845 affirmat,

515 2883 658 2952 quod
697 2899 804 2937 non
835 2883 1015 2936 tritum
1054 2879 1317 2933 editorum
1346 2877 1678 2946 superiorum
1705 2889 1975 2939 sermone,
1999 2879 2090 2926 aut

516 2991 624 3030 non
650 2973 1015 3044 pervulgatum
1038 2979 1199 3024 esset.
1221 2967 1355 3023 Cum
1372 2977 1548 3022 autem
1569 2966 1633 3020 ad
1649 2963 1954 3036 pontiﬁcem
1975 2979 2090 3018 ma-

517 3069 716 3124 ximum
761 3067 986 3121 relatum
1015 3068 1184 3124 esset,
1215 3076 1371 3130 quam
1393 3059 1542 3114 dives
1570 3074 1678 3128 prae
1697 3058 1903 3113 eteteris
1942 3055 2090 3110 libris

2190 1886 2314 1932 tuor
2339 1880 2564 1948 reperiri
2590 1889 2771 1935 monet
2798 1881 3028 1945 codices,
3059 1881 3148 1950 qui
3189 1897 3464 1936 sermones
3503 1883 3570 1936 I0
3608 1885 3765 1940 exhi-

2190 1969 2352 2047 beant
2374 1969 2432 2024 S.
2469 1969 2685 2024 Maximi
2726 1971 2940 2026 nomine
2983 1972 3280 2040 insignitos.
3323 1971 3764 2031 Membranaceos

2191 2076 2308 2116 esse
2335 2061 2597 2126 declarat,
2641 2062 2813 2117 in-fol.
2847 2079 3020 2130 max.,
3052 2064 3290 2132 signatos
3330 2079 3473 2117 num.
3505 2061 3558 2128 l,
3588 2063 3632 2117 ll
3650 2104 3665 2128 ,
3692 2064 3763 2120 III

2191 2159 2245 2205 et
2271 2150 2356 2214 IV,
2389 2159 2443 2205 et
2469 2151 2662 2205 sreculo
2692 2167 2761 2204 xu
2788 2167 2894 2205 non
2919 2152 3220 2217 inferiores,
3253 2161 3311 2207 ut
3339 2167 3405 2207 ex
3447 2155 3759 2210 charactere

2192 2241 2340 2308 argui
2357 2242 2542 2310 possit,
2560 2249 2613 2295 et
2628 2257 2691 2295 ex
2705 2241 2904 2310 judicio
2918 2244 3321 2300 eminentissimi
3335 2244 3483 2299 card.
3501 2244 3761 2316 Stephani

2192 2329 2427 2399 Borgiie,
2475 2332 2563 2402 qui
2603 2331 2852 2402 decerpta
2890 2347 2958 2387 ex
2985 2334 3050 2388 iis
3077 2349 3196 2388 cum
3241 2334 3421 2390 Bruno
3463 2338 3762 2391 communi»

2190 2422 2351 2477 cavit.
3706 2428 3711 2432 '

2259 2512 2348 2567 IX.
2383 2513 2556 2567 Codex
2610 2511 2922 2568 Veliternus.
2984 2513 3312 2569 Breviarium
3355 2515 3470 2584 ejus
3506 2515 3762 2571 Ecclesia:

2189 2605 2400 2667 sistens,
2423 2612 2665 2658 servatus
2687 2605 2739 2657 in
2769 2603 3030 2660 tabulario
3058 2605 3274 2674 capituli
3297 2594 3570 2670 Veliterni,
3591 2621 3762 2661 mem-

2189 2696 2510 2759 branaceus,
2537 2694 2748 2748 in—folio
2777 2710 2960 2764 parvo,
2985 2696 3163 2751 smculi
3191 2712 3277 2761 xv,
3309 2696 3619 2751 charactere
3646 2697 3762 2752 exi-

2189 2787 2298 2841 mio
2328 2795 2381 2841 et
2409 2787 2599 2842 litteris
2642 2787 2930 2842 initialibus
2971 2788 3244 2856 eleganter
3285 2789 3437 2858 pictis
3483 2798 3758 2844 exaratos.

2190 2880 2429 2946 Quatuor
2452 2895 2726 2935 sermones
2754 2881 2805 2934 in
2835 2880 3203 2958 collectionem
3233 2880 3550 2934 Brunianam
3579 2880 3762 2934 tradu-

2190 2981 2306 3027 ctos
2335 2972 2593 3036 continet,
2626 2986 2855 3040 quorum
2875 2971 2979 3025 duo
3007 2971 3178 3024 sancti
3207 2969 3502 3038 Augustini,
3535 2971 3623 3025 alii
3651 2969 3762 3026 duo

2191 3061 2361 3116 sancti
2403 3061 2616 3114 Maximi
2661 3075 2854 3114 nomen
2897 3061 3204 3130 praeferunt.
3260 3051 3766 3116 Communicaverat

517 3175 647 3214 mss.
673 3157 906 3211 Maximo
936 3153 1226 3226 profuturis
1252 3161 1392 3207 esset
1415 3151 1718 3205 Casinensis
1747 3149 2085 3212 bibliotheca,
2116 3132 2159 3193 C
2192 3170 2313 3210 cum
2340 3153 2517 3208 Bruno
2561 3153 3011 3208 eminentissimus
3051 3151 3353 3223 Stephanus
3399 3153 3610 3222 Borgia,
3648 3151 3764 3223 jam

516 3253 688 3320 ipsum
709 3246 943 3301 Brunum
967 3243 1216 3299 Casinum
1244 3257 1301 3297 se
1321 3241 1564 3296 conferre
1604 3254 1803 3308 eosque
1840 3239 2089 3294 evolvere

517 3340 686 3412 iussit.
721 3335 903 3392 Paruit
932 3336 1020 3390 ille
1049 3342 1104 3388 et
1127 3331 1500 3402 adjuvantibus
1539 3330 1710 3385 doctis
1736 3330 1939 3396 aliquot
1977 3327 2092 3396 ejus

517 3427 942 3498 congregationis
985 3424 1259 3479 monachis
1285 3421 1353 3475 20
1381 3420 1593 3476 codices
1630 3419 1878 3474 excussit.
1926 3417 2093 3470 Erant

518 3528 696 3575 autem
727 3537 740 3574 ἶ

587 3610 650 3664 V.
677 3610 886 3665 Codices
909 3606 1229 3671 Casinenscs,
1255 3619 1440 3659 omnes
1460 3600 1870 3661 membranaeei,
1897 3599 2088 3669 partim

522 3703 786 3765 Romano,
820 3700 1014 3768 partim
1045 3694 1447 3765 Longobardico
1475 3693 1783 3747 charactere
1811 3689 2014 3744 exarati
2039 3696 2093 3742 et

519 3790 798 3846 meliorum
845 3788 1152 3841 criticorum
1179 3785 1381 3852 judicio
1427 3782 1495 3834 ad
1537 3797 1571 3834 x
1607 3782 1692 3834 vel
1743 3797 1793 3833 xi
1842 3778 2091 3833 saeculum

520 3877 801 3934 referendi.
827 3875 1181 3944 Signabantur
1203 3872 1283 3924 his
1305 3870 1538 3924 numeris
1564 3887 1575 3919 :
1603 3868 1704 3920 10?.
1725 3870 1877 3938 (alias
1909 3867 2088 3931 1094);

520 3968 624 4023 203
655 3967 807 4037 (alias
837 3963 1027 4034 1075);
1063 3963 1162 4016 104
1191 3963 1345 4032 (alias
1370 3960 1560 4029 2050);
1591 3958 1690 4012 l06
1721 3960 1872 4029 (alias
1908 3958 2088 4028 1072);

520 4060 619 4113 107
650 4059 804 4130 (alias
831 4055 1020 4122 1034);
1053 4054 1171 4120 1‘26,
1200 4054 1318 4120 129,
1346 4053 1446 4106 125
1469 4052 1623 4124 (alias
1653 4051 1809 4123 581);
1844 4052 1962 4118 151,
1993 4051 2092 4104 M7

521 4150 677 4221 (alias
706 4147 892 4219 “00);
924 4147 1044 4210 Mi,
1077 4146 1178 4199 142
1222 4146 1375 4214 (alias
1418 4144 1605 4215 “00);
1639 4144 1768 4210 l93,
1797 4142 1901 4197 505
1939 4142 2092 4214 (alias

521 4239 699 4311 1080).
731 4235 959 4292 Omnino
988 4247 1160 4292 autem
1195 4238 1471 4306 sexaginta
1499 4251 1775 4290 sermones
1812 4235 2091 4304 plerosque

520 4333 634 4404 jure
661 4331 830 4388 sancti
851 4329 1063 4384 Maximi
1095 4345 1287 4383 nomen
1314 4329 1544 4382 ferentes
1564 4328 1614 4381 in
1639 4327 1701 4382 iis
1721 4326 2089 4396 deprehendit.

520 4425 766 4479 Attamen
795 4436 994 4491 paucos
1035 4435 1101 4473 ex
1131 4420 1316 4473 iisdem
1348 4419 1399 4470 in
1429 4417 1803 4486 appendicem,
1838 4427 2089 4486 tanquam

519 4515 731 4583 spurios
777 4520 832 4567 et
871 4511 1102 4564 Maximo
1150 4509 1422 4574 indignos,
1457 4523 1562 4562 non
1609 4508 1853 4562 obstante
1901 4509 2088 4562 borum
2123 4495 2166 4553 υ

519 4605 766 4660 codicum
818 4601 1136 4655 auctoritate
1189 4599 1392 4666 rejecit.
1443 4596 1575 4651 Illud
1626 4599 1860 4652 notabile
1909 4599 2086 4664 ducit,

520 4699 660 4773 quod
688 4697 904 4754 homilia
934 4694 998 4747 de
1033 4691 1342 4762 Evangelica
1369 4689 1666 4763 Piscatione
1694 4699 1747 4744 et
1782 4699 2004 4759 quartus
2031 4706 2094 4756 ac

518 4790 938 4865 septuagesimus
959 4801 1154 4848 sermo,
1176 4783 1239 4836 de
1258 4780 1444 4835 Natali
1463 4785 1627 4836 sancti
1655 4783 1940 4850 Laurentii,
1973 4799 2093 4839 cum

523 4885 621 4938 nisi
645 4884 759 4937 sola
789 4881 942 4936 unius
980 4875 1178 4932 codicis
1217 4871 1587 4927 Laurentiante
1615 4871 1862 4929 Medicem
1897 4875 2093 4930 biblio-

525 4979 690 5028 thecae
711 4973 996 5043 epigrapbe
1016 4968 1248 5024 Maximo
1268 4966 1460 5020 ascribi
1482 4966 1782 5035 nequirent,
1799 4967 1909 5035 jam
1930 4953 2116 5021 etiam.

525 5063 868 5131 inscriptione
907 5062 1106 5117 codicis
1145 5059 1363 5114 alterius
1389 5057 1547 5127 hujus
1584 5057 1917 5111 bibliotheca;
1943 5057 2095 5127 quasi

527 5156 762 5210 firmiore
790 5154 1186 5207 asseveratione
1225 5152 1274 5206 ei
1303 5150 1461 5206 tribui
1502 5149 1799 5204 videantur.
1831 5147 2094 5204 Caeterum

529 5259 834 5317 quanquam
863 5243 1024 5296 hosce
1052 5245 1264 5298 codices
1313 5242 1504 5311 insigni
1546 5241 1701 5312 plane
1752 5241 1904 5296 bona:
1931 5240 2094 5309 frugis

531 5335 846 5391 variantiutn
873 5332 1162 5387 lectionum
1189 5335 1340 5402 capia
1361 5333 1647 5388 Maximum
1675 5332 1937 5386 illustrare
1965 5331 2095 5386 scri-

530 5430 635 5494 hit,
667 5427 861 5481 fatetur
890 5433 1066 5478 tamen
1087 5464 1100 5487 ,
1126 5437 1220 5476 eos
1243 5423 1552 5495 plerumque
1580 5424 1651 5477 ita
1682 5439 1802 5478 eum
1829 5422 2097 5477 Vaticanis

532 5531 845 5587 congruere,
876 5524 935 5571 ut
963 5515 1015 5569 in
1047 5514 1111 5568 iis
1147 5513 1233 5566 vix
1257 5514 1540 5583 quidquam
1569 5513 1892 5584 deprehendi
1927 5513 2097 5585 possit

533 5609 806 5668 dissimile.

610 5701 692 5758 Vl.
723 5700 934 5757 Codices
962 5697 1258 5767 Farfenses.
1307 5691 1446 5746 Inter
1475 5695 1650 5760 plures
1697 5713 1914 5751 summa:
1942 5699 2093 5752 vetu-

2193 3244 2249 3300 S.
2284 3244 2347 3298 Β.
2373 3242 2436 3299 C.
2464 3245 2608 3299 card.

2263 3333 2326 3389 Χ.
2359 3332 2568 3389 Codices
2615 3333 2904 3389 Bobienses.
2951 3331 3217 3388 Bobiense
3263 3334 3642 3389 mona'Sterium
3679 3343 3766 3389 est

2193 3429 2248 3483 S.
2274 3428 2586 3484 Columbani
2613 3429 2666 3482 in
2691 3443 2756 3482 eo
2786 3434 2956 3481 tractu
2977 3426 3201 3482 ducatus
3220 3425 3644 3490 Mediolanensis,
3669 3427 3763 3494 qui

2194 3534 2333 3572 nunc
2375 3516 2633 3572 Sardiniae
2678 3516 2789 3582 regi
2836 3523 3015 3584 paret,
3047 3514 3197 3583 cujus
3224 3513 3435 3569 codices
3463 3513 3518 3568 S.
3547 3513 3766 3568 Maximi

2194 3609 2448 3679 opuscula
2499 3609 2834 3664 continentes
2886 3605 3068 3659 laudat
3114 3605 3431 3659 Mutatorius
3485 3605 3537 3659 in
3589 3605 3765 3660 indice

2194 3700 2530 3754 bibliotheca:
2559 3700 2675 3765 ejus
2699 3697 2875 3752 smeuli
2899 3713 2932 3751 x
2955 3697 3098 3751 edito
3121 3697 3171 3750 in
3197 3697 3452 3764 Antiquit.
3481 3698 3640 3752 medii
3664 3699 3765 3752 aevi

2196 3802 2326 3846 tom.
2357 3791 2420 3846 Ill
2439 3833 2453 3856 ,
2482 3805 2603 3861 pag.
2635 3789 2755 3843 819.
2787 3789 2914 3855 Quae
2941 3804 3059 3842 cum
3089 3788 3424 3854 cognovisset
3452 3791 3766 3844 monasterii

2193 3881 2495 3936 Casinensis
2518 3888 2677 3948 atque
2699 3878 3123 3946 congregationis
3147 3878 3294 3933 istius
3315 3879 3480 3932 abbas
3503 3880 3768 3946 generalis

2194 3971 2497 4025 Dominicus
2526 3970 2742 4036 Favilla,
2768 3970 2980 4040 scripsit
3005 3968 3070 4024 ad
3098 3967 3408 4024 Bobiensem
3435 3969 3680 4023 abbatem
3709 3977 3768 4024 et

2195 4064 2466 4118 mandavit
2493 4072 2551 4118 ut
2593 4063 2660 4118 de
2705 4064 2976 4119 codicibus
3004 4061 3201 4120 eisdem
3231 4069 3578 4128 cognosceret
3615 4069 3671 4115 et
3699 4061 3768 4116 ad

2194 4171 2254 4210 se
2278 4154 2518 4209 referret.
2565 4154 2670 4209 Sed
2713 4153 2985 4223 rescripsit
3023 4152 3129 4216 ille,
3163 4152 3356 4206 frustra
3400 4152 3614 4206 eosdem
3645 4167 3675 4205 a
3704 4167 3768 4207 se

2194 4249 2408 4317 suisque
2447 4261 2564 4301 esse
2592 4246 2914 4315 perquisitos
2953 4259 3018 4299 ac
3057 4245 3265 4298 nescire
3303 4259 3380 4308 se,
3413 4244 3510 4298 nisi
3552 4245 3768 4312 penitus

2192 4338 2479 4409 perierint,
2529 4352 2636 4406 quo
2680 4351 2806 4390 casu
2860 4335 3054 4390 sublati
3099 4343 3153 4388 et
3197 4349 3452 4402 quorsum
3507 4335 3767 4402 asportati

2197 4427 2409 4481 fuerint.
2451 4426 2508 4480 In
2547 4426 2611 4481 iis
2648 4441 2777 4481 vero
2811 4426 2898 4493 qui
2939 4425 3182 4477 adhucin
3206 4439 3302 4477 suo
3323 4424 3644 4476 monasterio
3665 4437 3766 4474 ex-

2196 4527 2337 4572 stent
2365 4518 2656 4582 codicibus,
2689 4527 2812 4572 octo
2842 4531 2958 4570 esse
2989 4517 3233 4568 inventos
3261 4527 3536 4567 sermones
3557 4511 3612 4566 S.
3646 4511 3768 4565 Ma-

2198 4609 2324 4662 ximi
2356 4609 2570 4662 nomine
2599 4607 2899 4673 insignitos,
2932 4620 3065 4672 quos
3106 4603 3336 4657 cxscribi
3382 4603 3543 4656 eliam
3572 4609 3627 4655 et
3655 4600 3766 4654 Ro-

2197 4715 2338 4752 mam
2369 4698 2434 4752 ad
2463 4699 2696 4751 Brunum
2726 4697 2862 4750 mitti
2889 4697 3001 4765 ipse
3031 4695 3254 4750 curavit.
3283 4693 3357 4746 Ex
3388 4693 3470 4747 bis
3501 4701 3622 4747 octo
3651 4707 3768 4746 ser-

2199 4789 2442 4843 monibus
2487 4798 2592 4842 trcs
2638 4787 2851 4854 genuini
2897 4796 3049 4839 erant
3093 4795 3148 4840 et
3193 4794 3346 4838 artea
3394 4783 3540 4849 editi,
3572 4784 3768 4854 reliqui

2198 4880 2430 4947 quinque
2477 4887 2726 4945 tanquam
2770 4877 3030 4947 suppositi
3085 4877 3138 4929 in
3185 4874 3531 4946 appendicem
3582 4882 3709 4929 sunt
3737 4890 3770 4928 a

2197 4969 2373 5024 Bruno
2394 4967 2596 5037 rejecti.

2268 5059 2352 5114 XI.
2385 5059 2594 5114 Codices
2619 5057 2971 5129 Neapolitani,
3002 5073 3137 5126 quos
3165 5058 3408 5112 lustravit
3434 5065 3487 5110 et
3515 5063 3769 5125 excerpta

2196 5167 2317 5208 cum
2345 5149 2523 5204 Bruno
2549 5149 2961 5205 communicavit
2987 5149 3221 5215 Angelus
3249 5147 3413 5202 Maria
3443 5146 3753 5200 Bandinius.

2266 5267 2319 5299 α.
2354 5241 2680 5296 Bibliotheca!
2700 5240 2893 5296 Montis
2916 5240 3120 5295 Oliveti.
3151 5238 3319 5309 Hujus
3348 5239 3399 5292 in
3423 5239 3612 5292 notitia
3637 5235 3766 5302 duo,

2197 5336 2250 5389 in
2287 5333 2596 5404 pmfatione
2644 5341 2756 5386 tres
2803 5339 3084 5387 enumerat
3129 5330 3360 5391 codices,
3409 5329 3501 5397 qui
3551 5326 3766 5381 Maximi

2196 5425 2399 5493 aliquot
2426 5423 2698 5479 orationes
2725 5424 3083 5479 continerent.
3132 5419 3430 5476 Homiliarii
3467 5431 3685 5480 omnes,
3715 5425 3765 5470 et

2195 5516 2429 5586 quidem.

2269 5607 2322 5661 l'
2352 5605 2523 5661 Codex
2553 5606 3011 5672 membranaeeus,
3043 5602 3221 5659 in-fol.
3251 5617 3417 5664 max.,
3455 5601 3766 5656 charactere

2199 5699 2440 5754 Romano
2468 5707 2736 5762 exaratos,
2769 5698 2966 5762 saeculi,
2999 5704 3057 5750 ut
3103 5696 3158 5750 in
3205 5693 3518 5766 praefatione
3560 5690 3770 5747 Brunos
