4042 6192
273 271 379 327 2:5

1337 257 1604 314 ΝΟΤΙἸΊΛ
1642 253 2459 309 ΙΙΙΞΪΟΒΙΕΟ-ΙᾸΤΪΕΒΑΒΙΛ.

3422 247 3526 301 2υῦ

274 396 381 447 ait,
413 399 486 446 xi,
528 379 622 434 sed
661 379 814 448 juxta
859 377 1094 446 ejusdem
1143 376 1196 428 in
1242 374 1429 428 notitia
1479 385 1850 434 assertionem,
1883 376 1928 432 Α
2027 368 2206 423 Codex
2237 369 2289 431 4,
2341 368 2676 422 bibliothecm
2717 367 2845 420 olim
2887 373 3085 418 sancte
3121 363 3308 416 Crucis
3337 362 3526 425 Minor,

276 473 475 528 smequ
505 486 590 524 xlv
615 485 721 522 non
743 469 1009 537 superior,
1037 475 1091 519 et
1119 464 1406 534 acquisitus
1443 463 1728 517 Florentiae
1756 477 1852 516 εω-
1957 460 2096 514 Ριυι.
2129 459 2342 513 XXXIII
2373 459 2541 529 partis
2570 459 2818 523 sinistnc,
2864 454 3319 514 membranaceus,
3363 451 3414 502 in
3439 451 3529 502 l‘ol.

276 565 404 618 culo
434 578 519 616 xv.
561 561 621 614 In
650 561 756 613 hoc
782 558 966 613 codice
1014 573 1173 611 unum
1202 557 1490 622 genuinum
1538 554 1596 608 S.
1640 553 1854 607 Martini

279 667 588 710 sermonem
616 647 990 718 deprehendit,
1020 647 1170 716 cujus
1199 647 1407 700 initium
1433 663 1444 698 :
1477 645 1631 714 δαέρα
1650 645 1858 697 iulium—

282 755 394 797 tum
420 751 516 806 est,
543 741 742 810 quique
764 738 831 792 ab
852 753 918 792 eo
936 737 1090 804 juxta
1121 751 1248 790 mss.
1283 736 1588 789 testimonia
1615 732 1861 801 sequenti

285 835 388 888 sub
415 835 539 885 tit.:
582 829 656 882 De
679 828 877 901 jejunio
906 827 1133 898 generali
1173 826 1391 894 reliquis
1415 825 1754 879 sermonibus
1795 822 1863 876 de

289 921 704 992 Quadragesima
733 927 816 972 est
843 917 1102 984 adjectus.

361 1015 426 1066 2°
455 1011 627 1066 Codex
649 1011 784 1063 alter
805 1008 970 1078 priori
995 1006 1298 1077 persimilis.
1330 1005 1420 1059 Sic
1450 1005 1500 1059 in
1531 1003 1862 1074 prtel'atione.

296 1106 364 1160 At
393 1106 444 1157 in
475 1103 662 1157 notitia
681 1102 840 1170 plane
866 1100 933 1153 de
957 1098 1144 1152 eodem
1173 1099 1310 1152 silet.

367 1197 429 1248 3°
454 1193 624 1248 Codex
659 1193 993 1251 ehartaceus,
1038 1189 1210 1242 in—lol.
1237 1189 1389 1252 min.,
1433 1202 1554 1241 cum
1583 1185 1871 1239 initialibus

297 1288 448 1340 rario
469 1287 650 1340 colore
673 1282 893 1341 ornatis,
918 1279 1115 1343 smculi,
1138 1288 1194 1333 ut
1213 1281 1491 1334 character
1511 1277 1626 1346 ejus
1648 1276 1873 1330 demon-

294 1389 452 1439 strat.
497 1395 582 1432 xv.
637 1376 789 1431 Hunc
825 1376 1042 1428 alterum
1083 1382 1242 1428 vocat
1287 1374 1340 1427 in
1385 1372 1594 1434 notitia.
1646 1369 1724 1422 Ex
1774 1372 1877 1422 hoc

300 1473 464 1526 etiam
506 1483 806 1523 sermonem
850 1467 1138 1534 genuinum
1167 1465 1403 1526 Maximi,
1435 1464 1562 1518 olim
1592 1461 1874 1515 Ambrosio

303 1565 581 1625 tributum,
624 1560 972 1630 deprompsit,
1001 1559 1091 1627 qui
1114 1558 1420 1612 inscribitur
1453 1575 1465 1609 :
1505 1556 1639 1608 Ante
1685 1552 1879 1606 Natale

304 1653 550 1718 Domini,
573 1659 628 1706 et
648 1651 865 1720 incipit:
891 1649 1034 1704 Satis
1062 1648 1357 1718 abundeque
1378 1648 1568 1700 dixisse
1596 1663 1676 1698 me
1707 1644 1878 1696 credo.

379 1745 524 1798 Duos
548 1751 805 1813 prmterea
835 1757 903 1796 ex
928 1739 1112 1794 iisdem
1135 1738 1411 1794 codicibus
1445 1750 1720 1790 sermones
1745 1733 1882 1786 inter
1916 1738 1958 1795 Β

308 1836 500 1891 dubios
521 1833 778 1903 reposuit,
804 1832 936 1885 alios
963 1839 1161 1893 autem,
1187 1843 1321 1897 quos
1345 1827 1502 1881 iidem
1526 1824 1878 1888 exhibebant,

310 1935 563 1994 tanquam
589 1922 832 1991 indignos
852 1920 1082 1974 Maximo
1103 1919 1260 1988 plane
1283 1915 1497 1984 abjecit.

381 2019 435 2086 β.
465 2015 794 2068 Bibliotheca:
819 2011 1310 2082 Augustinianorum
1333 2006 1392 2062 S.
1414 2005 1633 2059 Joannis
1662 2003 1731 2055 ad
1758 2002 1886 2056 Car-

311 2107 607 2161 bonariam.
634 2105 817 2161 Codex
842 2105 1298 2164 membranaceus,
1332 2098 1554 2161 ili-folio,
1580 2097 1756 2150 medio
1777 2097 1888 2151 fere

311 2199 511 2250 saeculo
553 2213 646 2250 xm
687 2195 760 2266 (in
791 2197 999 2259 notitia,
1042 2195 1236 2249 saecqu
1267 2193 1376 2260 xw)
1427 2200 1698 2250 exaratos,
1745 2188 1889 2244 haud

313 2285 532 2354 quidem
562 2285 760 2339 inedita
803 2285 897 2340 sed
931 2287 1197 2339 variantes
1241 2284 1505 2338 lectiones
1533 2298 1695 2352 quam
1720 2284 1888 2353 pluri-

315 2390 434 2428 mas
455 2391 586 2444 supp
599 2375 832 2428 “ditavit.

387 2461 501 2515 XII.
527 2461 737 2518 Codices
761 2463 1070 2519 Florentini.
1107 2484 1125 2515 ι
1161 2463 1434 2530 Quamvis,
1467 2464 1636 2533 inquit
1661 2464 1888 2530 Brunus,

314 2554 460 2606 nulla
504 2553 614 2607 fere
653 2555 720 2607 sit
759 2554 1045 2608 Florentia:
1078 2554 1422 2617 bibliotheca,
1467 2569 1586 2623 qua:
1627 2555 1892 2623 aliquibus

313 2659 447 2696 mss.
480 2643 751 2698 codicibus
780 2660 884 2698 non
914 2651 1221 2706 exornetur,
1253 2651 1490 2696 attamen
1523 2642 1892 2698 Laurentiame

315 2736 480 2804 copia
524 2743 579 2788 et
622 2735 843 2789 raritate
891 2733 1139 2788 omnibus
1187 2735 1408 2798 eminet,
1451 2749 1574 2788 cum
1625 2735 1895 2804 principes

315 2824 550 2879 Medic-ei
580 2824 736 2877 nullis
784 2825 1122 2895 pepercerint
1165 2823 1486 2892 sumptibus,
1520 2830 1578 2876 ut
1598 2837 1718 2876 eam
1750 2823 1896 2877 locu-

317 2918 623 2990 plctarent;
652 2931 878 2985 quorum
901 2917 1200 2970 litterarum
1223 2929 1483 2976 amorem,
1507 2919 1563 2967 et
1590 2912 1899 2967 muniﬁcen-

320 3008 452 3061 tiam
504 3004 863 3059 Franciscusl
908 3006 1222 3073 imperator,
1268 3011 1324 3056 et
1352 3001 1544 3055 Petrus
1591 3000 1898 3070 LeOpoldus

1955 555 2112 618 min.,
2159 570 2282 607 saac.
2324 570 2396 607 x1.

2031 648 2213 702 Codex
2238 647 2286 714 I,
2311 647 2550 714 ejusdem
2583 645 2771 711 Plutci,
2805 642 2983 699 ἰιισ-ΐοι.
3008 655 3174 703 max.,
3205 652 3328 692 s:ec.
3353 653 3425 689 χι.

2032 742 2218 797 Codex
2248 741 2300 803 4,
2352 739 2521 794 Plutei
2552 739 2664 793 XIII
2695 739 2864 809 partis
2907 735 3156 797 sinistrtn,
3194 730 3536 784 membrana-

1963 849 2113 898 ceus,
2146 831 2319 887 in-fol.
2349 833 2502 894 min.,
2528 847 2649 885 ειυς.
2682 848 2754 885 x1.

2038 925 2222 980 Codex
2268 922 2318 989 5,
2353 921 2524 977 Plutei
2553 920 2810 988 ejusdem,
2855 919 3315 976 membranaceus,
3363 906 3538 964 in-l'ol.

1968 1031 2091 1070 εωο.
2125 1032 2199 1069 XI.

2040 1107 2225 1162 Codex
2245 1106 2298 1170 ἓ,
2330 1105 2471 1160 Plut.
2493 1101 2710 1157 XXXIII
2731 1101 2898 1170 partis
2925 1098 3174 1161 sinistrae,
3205 1089 3540 1148 membrana-

1971 1214 2121 1262 ceus,
2143 1196 2318 1251 in—fol.
2346 1212 2514 1257 max.,
2543 1210 2668 1248 sa'c.
2703 1209 2774 1245 xi.

2046 1287 2227 1342 Codex
2255 1286 2375 1347 lI7,
2400 1285 2865 1346 membranaceus,
2893 1279 3105 1334 in-lolio
3126 1292 3295 1339 max.,
3324 1287 3446 1328 srec.
3475 1287 3554 1336 xr,

1975 1370 2108 1436 olim
2134 1378 2446 1432 bibliothec.
2489 1375 2628 1430 :edil.
2653 1373 2904 1440 majoris,
2935 1371 3178 1427 ecclesiae
3207 1365 3554 1422 Florentium.

2047 1469 2277 1524 Codices
2299 1467 2417 1531 I72,
2451 1466 2572 1530 I75,
2608 1464 2730 1526 I74,
2767 1459 3332 1524 l69,memhranacei;
3369 1454 3549 1511 ιιι-[οι.

1980 1577 2151 1625 max.,
2174 1576 2296 1614 sarc.
2330 1575 2403 1612 xi.
2437 1555 2742 1612 Postremus
2771 1554 2870 1608 fuit
2897 1553 3027 1608 olim
3056 1551 3184 1606 bibl.
3206 1548 3350 1603 tedii.
3373 1545 3548 1600 eccle-

1983 1654 2076 1706 siae
2095 1652 2317 1720 majoris
2345 1649 2687 1704 Florentium.

2056 1741 2197 1795 Inter
2223 1741 2321 1795 hos
2349 1741 2646 1810 praecipuos
2673 1753 2793 1792 esse
2817 1746 2874 1791 et
2901 1736 3159 1802 castigate
3188 1732 3420 1801 scriptos
3458 1737 3569 1781 tra-

1986 1829 2086 1892 dit.
2115 1847 2221 1885 non
2245 1832 2374 1885 item
2395 1831 2649 1899 reliquos,
2675 1829 2939 1897 quinque;
2965 1841 3184 1894 nempe:

2058 1921 2112 1973 I°
2141 1920 2708 1984 Sanctacruciensem;
2737 1917 2799 1970 2ο
2831 1933 2953 1971 eum
2991 1916 3081 1983 qui
3116 1915 3243 1969 olim
3267 1913 3365 1968 l‘uit
3396 1911 3572 1966 eccle-

1986 2011 2080 2064 sia:
2116 2011 2420 2074 Meldeusis,
2463 2027 2604 2065 nunc
2643 2008 3013 2062 Laurentiana:
3054 2006 3420 2066 bibliothecas;
3468 2001 3559 2055 sed

1988 2101 2058 2155 ad
2079 2120 2240 2172 quem
2283 2123 2350 2160 ex
2389 2121 2549 2173 supra
2581 2101 2862 2157 recensitis
2891 2100 2977 2152 illa
3005 2104 3270 2166 spectent,
3303 2085 3558 2161 auguratu

1989 2193 2205 2249 difﬁcile
2234 2196 2331 2260 sit;
2363 2195 2424 2247 5ο
2446 2193 2581 2248 duos
2620 2191 2863 2247 ecclesia:
2901 2189 3028 2242 olim
3055 2185 3394 2247 Florentium,
3422 2197 3568 2237 nunc

1989 2301 2206 2354 quoque
2227 2284 2598 2338 Laurentianae
2619 2283 2748 2336 bibl.
2778 2281 2846 2334 ad
2879 2295 3031 2333 usum
3055 2277 3226 2340 chori,
3251 2291 3317 2330 ex
3344 2283 3563 2328 senten-

1993 2375 2065 2428 tia
2097 2377 2279 2444 ipsius,
2321 2385 2566 2444 paratos;
2616 2371 2677 2424 4ο
2727 2370 2968 2426 codicem
2998 2368 3180 2422 smculi
3226 2383 3333 2431 xw,
3377 2366 3431 2420 in
3457 2379 3566 2434 quo

1991 2464 2227 2519 homilias
2255 2481 2317 2519 ea
2346 2465 2484 2520 serie
2505 2479 2680 2532 eoque
2709 2462 2897 2515 ordine
2925 2459 3224 2513 distributa-
3251 2459 3379 2523 sint,
3406 2466 3567 2527 atque

1993 2554 2047 2608 in
2075 2557 2260 2613 codice
2290 2556 2454 2612 XCIX
2481 2555 2692 2611 Sancta:
2713 2554 2900 2609 Crucis
2926 2553 2978 2606 in
3005 2551 3323 2606 Jerusalem.
3355 2551 3569 2607 Scilicet

1994 2650 2281 2706 homiliarii
2321 2661 2448 2706 sunt
2473 2667 2664 2706 om..es
2691 2649 2805 2705 fere
2851 2650 2904 2704 hi
2953 2648 3302 2703 Laurentiaui
3333 2647 3567 2712 codices,

1995 2744 2063 2798 de
2110 2760 2339 2814 quorum
2382 2745 2561 2799 indole
2601 2752 2658 2798 et
2693 2744 2920 2798 diversis
2963 2745 3251 2811 generibus
3291 2742 3571 2798 commode

1999 2833 2101 2889 hac
2154 2835 2440 2889 occasione
2470 2835 2710 2905 pnecipit
2738 2835 2934 2899 editor,
2967 2843 3027 2888 ut
3071 2833 3287 2900 doceat,
3317 2835 3408 2905 qui
3459 2835 3572 2889 lleri

1999 2927 2257 2996 potuerit,
2291 2936 2351 2982 ut.
2371 2929 2520 2982 multi
2549 2937 2604 2982 et
2626 2929 2868 2998 plerique
2892 2929 3031 2983 adeo
3060 2929 3376 2984 tuendorum
3401 2939 3459 2984 et
3479 2931 3574 2984 fal-

2001 3033 2180 3073 sarum
2230 3019 2637 3088 inscriptionum
2668 3022 2813 3090 pleni
2841 3021 2968 3076 sint.
2999 3021 3182 3076 Fuisse
3219 3024 3362 3077 enim
3393 3032 3574 3078 monet

319 3118 440 3166 e,us
489 3099 627 3152 ﬁlius
665 3098 889 3151 Etrurize
943 3097 1119 3164 magni
1147 3095 1311 3150 duces
1352 3093 1523 3147 secuti
1552 3101 1695 3146 sunt.
1737 3113 1753 3144 ι
1792 3093 1887 3148 llos

2003 3106 2334 3163 homiliarios
2374 3087 2483 3163 non
2511 3087 2685 3165 solum
2713 3113 3128 3178 cathedralibus,
3161 3114 3257 3168 sed
3284 3115 3449 3169 etiam
3479 3131 3577 3184 pa-

320 3205 455 3258 engo
483 3191 704 3258 primos,
729 3189 834 3241 imo
864 3187 1029 3249 solos,
1054 3185 1315 3252 siquidem
1339 3184 1404 3236 de
1429 3183 1548 3234 aliis
1581 3191 1741 3244 tacet,
1767 3199 1897 3236 coza-

319 3278 837 3346 sulendoscensuit,
865 3291 1065 3344 eosque
1108 3274 1301 3326 dividit
1344 3273 1396 3324 in
1429 3271 1818 3324 Laurentianus
1847 3281 1904 3324 et

323 3372 567 3425 additos.

403 3490 465 3542 I°
489 3488 567 3542 Ex
591 3485 956 3541 Laurentianis
984 3493 1186 3548 autem,
1212 3482 1302 3551 qui
1341 3488 1468 3534 sunt
1494 3476 1732 3540 Medicei,
1765 3491 1902 3544 pra:-

320 3588 416 3634 sto
442 3577 659 3632 fuerunt
689 3595 702 3628 :

401 3666 589 3720 Codex
623 3665 673 3729 I,
699 3664 838 3718 Plut.
872 3663 1008 3727 XIV,
1033 3663 1496 3723 membranaceus,
1528 3657 1697 3712 in-l‘ol.
1729 3672 1903 3724 max.,

323 3775 462 3815 REC-
488 3775 577 3812 XII.

609 3848 696 3913 56,
716 3846 857 3902 Plut.
872 3845 1031 3910 XVII,
1047 3844 1510 3904 membranaceus,
1533 3838 1712 3894 in-fol.
1734 3805 1904 3901 maxi,

325 3938 463 3978 S-‘DC.
495 3936 569 3974 XI.

403 4011 589 4066 Codex
633 4009 724 4073 37,
778 4007 919 4062 Plut.
963 4007 1160 4075 ejusd.,
1220 4005 1686 4068 membranaceus,
1739 4002 1907 4056 in-l‘ol.

325 4118 510 4166 max.,
537 4116 660 4154 saac.
709 4115 782 4166 χι.

406 4189 593 4242 Codex
641 4187 728 4253 58,
783 4187 920 4240 Plut.
975 4183 1169 4253 ejusd.,
1223 4181 1685 4246 membranaceus,
1740 4179 1909 4234 in-l‘ol.

325 4298 509 4345 max.,
541 4297 662 4335 sazc.
710 4297 782 4334 xl.

409 4376 598 4432 Codex
647 4375 732 4439 39,
778 4373 917 4427 Plut.
967 4371 1164 4441 ejusd.,
1217 4370 1685 4435 membranaceus,
1731 4368 1908 4424 in-fol.

326 4487 514 4533 max.,
545 4484 670 4524 saec.
707 4482 782 4520 xl.

411 4564 601 4620 Codex
650 4560 737 4626 42,
788 4558 927 4613 Plut.
982 4556 1176 4626 ejusd.,
1225 4556 1686 4620 membranaceus,
1746 4553 1914 4607 in-I'ol.

327 4675 518 4720 "233.,
549 4673 672 4712 saec.
704 4671 780 4709 XI.

411 4745 600 4800 Codex
620 4745 706 4809 LI,
740 4743 877 4796 Plut.
903 4740 1036 4807 XVI,
1069 4742 1527 4805 membranaceus,
1551 4740 1716 4794 ιιι-[οι.
1750 4755 1918 4802 max.,

329 4851 480 4888 sec.
513 4851 583 4888 XI.

271 4911 274 4913 ’
409 4925 601 4980 Codex
647 4923 736 4989 εδ,
788 4923 924 4977 Ριυι.
971 4922 1165 4987 XVIII,
1222 4924 1686 4988 membranaceus,
1743 4923 1920 4978 in—l’ol.

329 5033 522 5081 max.,
562 5031 683 5072 stne.
718 5010 789 5070 xl.

413 5105 602 5160 Codex
635 5105 687 5171 I,
718 5103 856 5158 Plut.
886 5101 1021 5168 XIV,
1056 5104 1515 5167 membranaceus,
1554 5102 1719 5157 in-fol.
1756 5120 1924 5168 max.,

329 5214 488 5254 sa‘c.
521 5213 607 5252 III.

417 5287 612 5342 Codex
657 5286 753 5356 I0,
797 5285 933 5340 Plut.
981 5286 1175 5355 ejusd.,
1228 5287 1702 5352 membranaceus,
1757 5286 1927 5343 in-l‘ol.

328 5380 522 5435 min.,
551 5389 670 5429 sazc.
705 5391 793 5428 xv.
942 5380 943 5383 “

417 5465 616 5521 Codex
641 5465 693 5528 9,
736 5465 872 5522 Plut.
905 5467 1042 5532 XIX,
1076 5471 1531 5535 membranaceus,
1566 5473 1740 5528 iu-lol.
1775 5475 1928 5540 min.,

324 5579 490 5625 szrc.
524 5577 624 5624 xw,
655 5563 934 5619 continens
962 5565 1213 5634 epistolas
1241 5565 1571 5638 Hieronymi.

365 5673 398 5690 ρ
417 5653 506 5706 20
537 5649 611 5704 lix
638 5651 825 5707 additis
850 5651 900 5704 in
929 5652 1274 5708 Laurentiano
1297 5659 1485 5710 nostris
1511 5658 1815 5725 temporibus
1838 5675 1855 5713 :

2003 3199 2332 3255 rochialibus
2370 3218 2434 3256 ac
2463 3205 2780 3258 monasticis
2809 3207 3068 3268 ecclesiis,
3101 3209 3228 3275 quin
3266 3209 3429 3262 etiam
3461 3211 3578 3264 cui-

2003 3304 2108 3357 que
2136 3295 2423 3361 sacerdoti,
2451 3297 2502 3349 in
2525 3298 2844 3366 quihusdam
2874 3301 3064 3354 saltem
3087 3303 3415 3369 regionibus,
3440 3306 3578 3359 unde

2007 3379 2119 3436 lieri
2151 3385 2233 3437 vix
2291 3386 2551 3453 potuisse,
2585 3387 2712 3455 quin
2743 3389 3003 3457 imperitis
3033 3391 3299 3446 interdum
3331 3395 3578 3462 calligra-

2008 3472 2126 3540 phis
2156 3473 2206 3526 iu
2235 3490 2424 3527 manus
2446 3475 2765 3530 inciderent.

2079 3560 2212 3614 XIII.
2257 3561 2466 3618 Codices
2505 3564 2866 3620 Cistercienses
2917 3567 3111 3624 Montis
3154 3570 3406 3637 AmiaL‘e,
3450 3574 3486 3628 i.
3527 3590 3579 3630 e.

2008 3654 2238 3707 emnobii
2267 3657 2469 3710 veteris
2496 3658 2699 3712 ordinis
2719 3657 3092 3715 Cisterciensis
3120 3663 3176 3717 S.
3211 3663 3504 3721 Salvatoris
3529 3667 3581 3722 in

2009 3757 2137 3809 agro
2160 3742 2384 3799 Senensi
2414 3746 2636 3802 ditionis
2662 3747 2912 3828 Clusina}.
2947 3753 3060 3807 Duo
3091 3754 3178 3809 hic
3201 3759 3402 3824 reperti
3431 3769 3584 3813 erant

2011 3833 2243 3897 codices,
2267 3834 2334 3887 de
2357 3835 2551 3904 quibus
2579 3838 2643 3891 ad
2673 3834 2910 3895 Brunum
2943 3843 3173 3898 relatum
3220 3845 3338 3909 fuit,
3368 3848 3584 3903 Maximi

2012 3921 2262 3977 homilias
2289 3933 2345 3977 et
2371 3939 2651 3982 sermones
2687 3931 2894 3999 aliquot
2921 3935 3283 3998 continentes.
3316 3940 3587 3993 membra-

2015 4012 2187 4076 nacei,
2212 4013 2391 4068 in-fol.
2422 4032 2591 4083 max.,
2619 4023 2796 4076 saeculi
2831 4040 2942 4091 xm,
2975 4040 3112 4092 quos
3144 4028 3196 4081 in
3234 4031 3454 4085 monitis
3483 4048 3588 4086 non

2014 4103 2381 4173 inﬁ'cqueuter
2405 4122 2814 4168 commemorat.

2086 4194 2224 4249 XIV.
2273 4195 2484 4251 Codices
2532 4197 2804 4262 Lucenses.
2838 4205 2956 4258 i.-e.
2989 4208 3233 4262 ecclesia:
3273 4212 3328 4264 S.
3378 4212 3588 4268 Martini

2018 4287 2294 4343 Lucensis.
2328 4289 2471 4344 Inter
2504 4292 2684 4361 plures
2720 4294 2879 4361 hujus
2905 4297 3146 4351 ecclesiae
3189 4315 3317 4353 mss.
3351 4303 3588 4370 codices,

2019 4381 2110 4446 qui
2131 4379 2327 4434 famam
2355 4396 2451 4450 per
2469 4382 2878 4438 celeberrimum
2904 4385 3020 4452 ejus
3048 4388 3196 4441 urbis
3223 4389 3589 4459 archiepisco—

1947 4453 1997 4511 Ῑ)
2024 4484 2151 4537 pum
2179 4467 2440 4524 Joannem
2464 4471 2798 4527 Dominicum
2828 4475 3085 4530 Mansium
3110 4477 3290 4547 adepti
3311 4488 3454 4537 sunt.
3485 4491 3594 4533 tres

2024 4563 2262 4623 exstant,
2293 4561 2543 4617 homilias
2580 4564 2837 4630 quasdam
2875 4577 2932 4621 et
2971 4583 3248 4623 sermones
3283 4567 3340 4623 S.
3377 4567 3591 4622 Maximi

2026 4649 2349 4719 praebentes,
2374 4654 2770 4730 membranacei
2801 4672 3010 4718 omnes.
3035 4658 3254 4722 iu-l'olio,
3283 4659 3596 4714 charactere

2029 4739 2274 4795 Romano
2302 4743 2500 4797 smculo
2529 4760 2601 4798 xu
2624 4745 2708 4798 vel
2735 4762 2826 4799 xm
2849 4748 3083 4812 exarati;
3115 4761 3342 4816 nempe:

2100 4832 2157 4882 l°
2189 4831 2364 4888 Codex
2394 4835 2634 4901 signatus
2663 4834 2719 4888 P.
2751 4838 2790 4908 ~1-
2818 4853 2926 4890 non
2967 4838 3064 4890 nisi
3099 4853 3261 4892 unum
3291 4855 3598 4897 sermonem

2028 4924 2094 4979 de
2124 4926 2161 4980 S
2211 4924 2503 4982 Laurentio
2544 4936 2801 4998 martyre,
2833 4928 2887 4981 in
2917 4927 3005 4980 ed.
3037 4927 3191 4982 Rom.
3229 4931 3333 4984 col.
3367 4931 3472 4985 579
3503 4934 3600 4990 im-~

2033 5033 2299 5086 pressum,
2334 5021 2638 5073 continens.

2101 5109 2165 5161 20
2195 5107 2370 5163 Codex
2398 5111 2534 5176 sign.
2577 5125 2722 5163 num.
2747 5108 2815 5161 89
2843 5125 3006 5164 unam
3036 5113 3307 5168 homiliam
3337 5116 3601 5170 sinceram

2035 5201 2088 5255 in
2131 5201 2286 5254 Rom.
2318 5201 2421 5256 col.
2464 5200 2571 5252 9.85
2603 5200 2947 5265 collocatam,
2979 5203 3245 5273 aliamque
3267 5206 3502 5274 spuriam
3550 5208 3604 5261 in

2036 5292 2375 5346 dedicatione
2403 5292 2575 5346 sancti
2605 5291 2878 5347 Michaelis
2905 5295 3212 5362 archangeli
3241 5312 3270 5350 a
3314 5297 3493 5352 Bruuo
3524 5316 3606 5354 re~

2034 5383 2233 5451 jcctam
2272 5383 2552 5436 exhibens.

2109 5473 2166 5525 '5‘
2206 5472 2379 5526 Codex
2397 5473 2532 5538 sign.
2563 5488 2709 5526 num.
2737 5471 2806 5526 85
2833 5473 3020 5529 decem
3051 5483 3107 5528 et
3135 5484 3261 5529 octo
3290 5479 3483 5546 partim
3516 5479 3607 5531 lm-

2040 5569 2231 5631 milias,
2275 5568 2470 5636 partim
2525 5583 2802 5624 sermones
2845 5572 3018 5625 sancti
3075 5571 3287 5626 Maximi
3329 5587 3612 5640 germanos

2041 5675 2228 5716 omnes
2253 5659 2529 5716 exhibens.
