4042 6192
457 287 560 345 207

1550 292 1618 350 IN
1653 294 1710 350 s.
1754 293 2074 350 summu
2114 296 2601 356 raunmensen
2639 284 2641 288 ’

3607 312 3711 370 ωε

522 404 638 458 Non
682 403 855 460 levem
896 420 963 461 ex
999 404 1332 461 Lucensibus
1361 421 1490 461 mss.
1525 408 1815 462 utilitatem
1853 421 1912 463 se
1941 422 2034 464 ce-
2065 413 2111 468 Δ
2212 407 2345 462 XVI.
2379 409 2595 465 Codices
2623 410 3022 475 Modoetienses,
3055 416 3089 470 i.
3120 431 3170 470 e.
3201 415 3539 473 bibliotheca
3565 421 3712 492 capi-

452 496 596 565 pisse
624 493 838 550 Maximi
868 495 1049 551 editor
1077 506 1331 551 testatur.
1375 496 1484 552 Sed
1522 514 1645 553 cum
1675 497 1825 552 addit
1857 514 1918 554 se
1965 497 2034 552 ad

453 587 664 640 laudem
685 587 1002 642 eorumdcm
1022 589 1184 644 silere
1212 605 1320 643 non
1352 605 1532 660 posse,
1561 590 1706 659 quod
1735 591 1868 644 nihil
1909 605 2037 660 spu-

449 681 611 742 rium,
644 682 775 736 nihil
795 684 1194 752 supposititium
1225 686 1277 740 in
1313 687 1417 741 illis
1445 688 1519 741 sit
1541 694 1859 742 contentum
1886 688 2039 757 (qua-

452 784 674 844 propter
699 791 767 830 ex
799 777 1018 845 optimis
1045 779 1450 848 exemplaribus
1476 777 1670 834 ductos
1707 779 2030 848 existimat),

450 865 526 932 id,
572 867 848 936 quomodo
887 884 1009 923 cum
1054 868 1507 926 antecedentibus
1552 872 1804 940 componi
1841 873 2034 944 possit,

449 957 658 1012 nescire
689 972 776 1012 me
801 958 996 1014 fateor.

524 1047 639 1103 XV.
663 1047 878 1103 Codices
911 1049 1353 1106 Mediolanenses.

518 1162 572 1193 α.
604 1138 934 1194 Bibliotheca:
961 1139 1206 1194 Basilica
1230 1141 1608 1196 Ambrosianw.

519 1229 582 1282 ιο
613 1229 788 1285 Codex
823 1231 960 1298 sign.
1011 1229 1091 1284 lit.
1123 1229 1185 1284 C.
1233 1246 1384 1286 num.
1426 1228 1516 1294 98,
1547 1238 1804 1284 exaratus
1839 1227 2036 1284 litteris

449 1321 871 1390 Langobardicis
916 1330 1111 1377 octavo
1159 1322 1378 1377 circiter
1427 1322 1641 1377 saeculo.
1697 1320 1744 1376 ls
1789 1322 1905 1391 ipse
1949 1327 2036 1375 est

446 1427 607 1481 quem
637 1414 870 1483 primum
913 1413 1249 1468 Mabillonius
1294 1421 1351 1468 et
1390 1428 1501 1467 non
1531 1412 1728 1466 minori
1753 1410 2033 1479 diligentia

447 1511 571 1572 post
587 1518 712 1557 eum
744 1502 1066 1557 Muratnrius
1095 1503 1355 1557 excussit.
1392 1501 1633 1572 Uterque
1658 1499 1802 1556 haud
1832 1516 2034 1572 paucos

446 1593 682 1648 ineditos
728 1602 855 1648 ante
904 1608 1186 1649 sermones
1236 1609 1306 1648 ex
1352 1609 1422 1649 eo
1475 1593 1684 1660 eduxit,
1739 1593 2032 1663 pluresque

445 1684 612 1740 etiam
641 1685 850 1738 notavit
877 1685 1019 1739 inter
1051 1684 1440 1739 Ambrosianos
1462 1683 1575 1754 jam
1599 1692 1716 1738 tum
1744 1684 2026 1752 vulgatos;

2146 498 2238 550 tuli
2266 497 2546 554 Modoetia:
2577 501 2829 572 (Monza).

2215 587 2268 639 Γ
2296 587 2471 643 Codex
2499 591 2634 658 sign.
2665 591 2753 656 III,
2781 594 3240 659 membranaceus,
3269 594 3505 664 in-folio,
3535 600 3716 656 saeculi

2140 692 2248 741 vm,
2280 680 2370 745 qui
2398 679 2638 735 diversos
2680 697 2955 737 sermones
3003 683 3059 737 in
3100 683 3362 741 lectiones
3398 687 3714 747 distributos

2138 769 2531 837 complectitur.

2209 857 2272 910 2ο
2297 858 2474 915 Codex
2500 862 2636 930 sign.
2668 862 2712 917 Β
2738 863 2826 931 XI,
2857 867 3318 933 membranaceus,
3347 868 3581 937 in«l'olio,
3609 886 3712 926 ste-

2138 949 2243 1003 euli
2273 966 2364 1004 xtt.

2206 1040 2271 1093 5ο
2300 1039 2476 1096 Codex
2496 1043 2631 1112 sign.
2660 1044 2701 1099 Β
2723 1043 2788 1110 Χ,
2817 1046 3273 1112 membranaceus,
3301 1047 3513 1104 in-l'olio
3540 1064 3711 1116 max..

2136 1133 2316 1186 saeculi
2346 1149 2416 1186 χι.

2206 1221 2362 1276 XVII.
2387 1223 2602 1284 Codices
2630 1224 2829 1281 Veneti.
2859 1226 2977 1297 Ipsa
3006 1228 3203 1300 inclyta
3236 1228 3575 1286 Venetiarum
3598 1248 3711 1289 res-

2135 1313 2367 1384 publica,
2388 1314 2545 1369 simul
2561 1330 2624 1371 ac
2644 1316 2710 1371 de
2732 1315 2810 1370 Pii
2833 1316 2898 1372 Vl
2919 1318 3144 1373 consilio
3165 1318 3380 1374 Maximi
3395 1323 3711 1377 memoriam

2135 1418 2199 1458 ac
2236 1415 2580 1460 monumenta
2624 1405 2950 1462 instaurandi
3003 1409 3315 1476 inaudisset,
3357 1410 3613 1480 quidquid
3655 1413 3710 1470 in

2133 1494 2290 1548 codd.
2323 1511 2452 1550 mss.
2497 1496 2940 1552 bibliothecarum
2980 1514 3090 1554 sua:
3126 1500 3344 1556 ditionis
3372 1501 3546 1557 eidem
3575 1518 3708 1558 eon-

2131 1585 2330 1641 ducere
2355 1597 2554 1657 posset,
2580 1590 2758 1658 colligi
2785 1597 2840 1644 et
2865 1591 3120 1660 singulari
3145 1591 3308 1648 ol'licii
3336 1593 3709 1651 testiﬁcatione

2133 1678 2372 1748 poutilici
2404 1681 2538 1734 tradi
2561 1684 2786 1737 curavit.
2819 1683 3058 1740 Fuerunt
3081 1695 3281 1754 autem,

444 1777 520 1832 ita
545 1785 747 1839 tamen,
778 1778 840 1830 ut
865 1775 937 1830 de
963 1776 1219 1830 omnibus
1247 1790 1359 1829 non
1385 1775 1517 1829 satis
1535 1783 1745 1829 eertum
1774 1774 1878 1829 sibi
1909 1788 2029 1828 esse
2063 1776 2106 1835 Β
2204 1792 2257 1823 α.
2289 1768 2618 1828 Bibliolltecte
2636 1772 2698 1829 S.
2727 1773 2898 1828 Marci
2921 1791 2939 1828 :

442 1866 703 1935 judicium
732 1865 1013 1921 fateretur.
1038 1865 1250 1936 Quippe
1277 1865 1500 1919 mutilus
1517 1873 1602 1918 est
1621 1863 1796 1919 codex
1835 1879 1946 1917 non
1973 1863 2029 1918 in

444 1956 622 2013 fronte
650 1957 850 2022 solum,
873 1956 971 2012 sed
999 1957 1165 2011 etiam
1206 1956 1262 2011 in
1289 1957 1440 2012 calce
1466 1957 1697 2025 aliisque
1724 1971 1885 2026 quam
1911 1955 2029 2025 plu-

443 2047 596 2101 rimis
625 2047 680 2124 in
707 2047 863 2108 locis,
893 2046 1038 2115 quod
1061 2045 1184 2114 jure
1211 2061 1312 2102 suo
1349 2061 1570 2101 causam
1608 2061 1730 2101 esse
1755 2047 2030 2101 existimat

443 2135 789 2200 Muratorius,
814 2153 913 2192 cur
933 2137 1163 2192 clariora
1186 2137 1258 2192 de
1275 2137 1464 2191 harum
1486 2137 1827 2190 homiliarum
1847 2145 2030 2193 aucto-

441 2241 503 2282 re
550 2225 951 2283 desiderentur.
1002 2225 1380 2297 Prastcreaque
1428 2227 1579 2293 illud,
1627 2226 1774 2298 quod
1802 2227 2025 2298 quidam

441 2321 608 2374 insint
653 2335 934 2376 sermones
985 2321 1078 2390 qui
1118 2335 1382 2390 expresso
1421 2321 1641 2376 nomine
1683 2320 1740 2374 S.
1791 2318 2025 2376 Maximo

440 2408 722 2464 Taurinati
767 2410 1024 2480 episcopo
1075 2410 1418 2475 tribuuntur;
1467 2410 1615 2464 unde
1670 2413 1818 2467 nasci
1857 2415 2026 2468 sentit

439 2500 826 2569 suspicionem,
855 2514 925 2554 ne
964 2500 1169 2566 caeteri,
1201 2515 1430 2570 quorum
1461 2501 1576 2570 ipse
1620 2518 1728 2556 non
1769 2505 2026 2558 scribitur

439 2598 650 2656 auctor,
681 2590 750 2644 ad
777 2590 913 2646 alios
953 2599 1207 2645 auctores
1234 2589 1564 2660 pertineant.
1591 2591 1815 2660 Dignum
1837 2601 2020 2647 autem

439 2691 742 2736 memoratu
765 2695 984 2742 censeo,
1007 2679 1154 2750 quod
1177 2679 1245 2735 de
1266 2681 1370 2735 hoc
1393 2680 1581 2737 codice
1608 2695 1776 2750 nuper
1801 2683 2018 2737 demum

439 2770 650 2826 Brunus
695 2771 980 2840 comperit,
1025 2785 1149 2824 cum
1191 2785 1355 2838 super
1400 2770 1518 2840 ipso
1541 2788 1608 2825 ex
1656 2770 1814 2826 Joan.
1859 2771 2016 2841 Bapt.

439 2863 645 2918 Brattea
673 2864 968 2919 substituto
997 2861 1233 2933 prml‘ccti
1273 2864 1404 2918 bibl.
1447 2865 1694 2919 Ambros.
1718 2865 2018 2935 quaesisset.

437 2955 764 3025 pertinuisse
785 2971 909 3010 eum
938 2956 1068 3010 olim
1097 2955 1168 3010 ad
1205 2957 1593 3012 monasterium
1621 2957 1908 3020 Bobiense,
1933 2972 2022 3011 ex-

437 3046 636 3102 cidisse
664 3048 812 3113 inde,
838 3061 1140 3117 magnoque
1163 3047 1257 3102 diu
1282 3055 1408 3118 post
1435 3050 1611 3118 pretio
1633 3064 1662 3103 a
1691 3049 1840 3104 card.
1867 3049 2013 3104 Frid.

2202 1859 2262 1913 1ο
2291 1859 2467 1917 Codex
2491 1863 2630 1933 sign.
2663 1882 2808 1919 num.
2840 1865 3013 1933 CLIII,
3060 1867 3238 1922 saeculi
3278 1883 3350 1932 xt,
3391 1883 3515 1938 pars
3542 1869 3704 1923 nimi-

2128 1966 2247 2005 rum
2275 1953 2447 2022 prima
2475 1954 2760 2029 homiliarii
2785 1956 3052 2012 distributi
3076 1958 3129 2012 in
3157 1958 3263 2013 duo
3285 1958 3517 2027 ingentia
3544 1961 3703 2014 volu-

2127 2045 2270 2098 mina
2298 2048 2728 2114 membrauacea,
2761 2047 2984 2114 in-l'olio,
3014 2065 3132 2119 qua:
3153 2048 3290 2118 juris
3326 2050 3452 2104 olim
3489 2049 3704 2107 fuerunt

2125 2136 2273 2190 card.
2305 2136 2667 2207 Bessarionis,
2698 2148 2754 2194 et
2780 2148 2902 2209 post
2929 2141 2998 2196 ab
3026 2141 3217 2197 eodem
3248 2158 3369 2196 cum
3399 2143 3516 2198 aliis
3538 2144 3704 2213 ipsius

2126 2225 2276 2283 libris
2302 2228 2446 2286 dono
2471 2231 2774 2301 reipubliee
2804 2231 2950 2286 data.
2991 2231 3133 2288 Satis
3160 2231 3439 2288 emendate
3470 2235 3704 2304 scriptus

2126 2326 2231 2379 est,
2258 2331 2324 2370 ex
2354 2332 2528 2387 eoque
2563 2319 2670 2374 duo
2699 2323 2762 2373 de
2792 2317 3206 2392 Quadragcsima
3232 2337 3505 2378 sermones
3541 2331 3702 2378 antea

2126 2403 2310 2459 inediti
2340 2409 2564 2477 accepti,
2591 2425 2821 2479 quorum
2841 2412 2990 2481 prior
3013 2412 3156 2466 inter
3181 2412 3427 2466 homilias
3445 2412 3549 2467 col.
3575 2412 3700 2476 1ου,

2125 2496 2263 2551 alter
2291 2498 2429 2552 inter
2463 2515 2739 2556 sermones
2773 2503 2879 2557 col.
2919 2501 3021 2556 M7
3061 2501 3148 2558 ed.
3195 2502 3352 2558 Rom.
3397 2503 3572 2559 locum
3605 2520 3698 2558 oc-

2124 2597 2306 2657 cupnt.

2193 2679 2255 2733 2ο
2285 2679 2459 2734 Codex
2504 2683 2642 2750 sign.
2682 2700 2828 2739 num.
2862 2685 3050 2751 DVIII,
3081 2687 3518 2743 membranaceus
3545 2688 3694 2752 item,

2123 2771 2348 2837 in-l'olio,
2379 2773 2556 2827 szcculi
2596 2791 2697 2839 xu;
2728 2790 2852 2845 pars
2883 2777 3116 2831 secunda
3155 2777 3375 2832 alterius
3413 2779 3696 2834 homiliarii

2122 2862 2261 2927 libri,
2295 2879 2401 2917 non
2432 2873 2537 2918 tam
2567 2865 2824 2932 castigate
2852 2867 3055 2936 scripti,
3085 2881 3244 2937 quam
3275 2869 3394 2922 libri
3425 2870 3696 2939 postulant

2120 2952 2212 3021 qui
2241 2952 2451 3020 publice
2477 2953 2528 3006 in
2559 2953 2782 3008 ecclesia
2819 2955 2923 3024 legi
2969 2956 3162 3010 solent.
3194 2955 3458 3027 Repertus
3484 2966 3601 3012 erat
3640 2959 3695 3012 in

2119 3042 2234 3096 aede
2273 3041 2330 3096 S.
2371 3042 2532 3098 Marci
2573 3044 2847 3099 immixtus
2883 3047 3122 3116 pauculis
3163 3048 3538 3113 voluminibus,
3575 3063 3696 3117 qua:

437 3139 734 3195 Borromeo
749 3149 963 3210 partum
977 3108 1402 3196 ac'hibliothetxu
1425 3108 1792 3194 Ambrosiam:
1813 3141 2016 3194 illatum
2043 3108 2091 3172 ϐ
2120 3129 2408 3186 Pell‘al'cha
2437 3134 2488 3187 ei
2516 3133 2755 3188 ecclesia:
2781 3108 3024 3200 donarat,
3056 3135 3285 3205 indeque
3323 3138 3374 3191 in
3410 3108 3694 3191 bibliothe-

437 3247 578 3289 esse.
609 3231 708 3287 llic
729 3244 911 3288 autem
936 3231 1131 3301 codex,
1161 3249 1283 3288 cum
1319 3233 1410 3287 diu
1452 3233 1602 3288 solus
1640 3233 1781 3303 apud
1814 3233 2019 3288 Medio-

437 3323 687 3378 lanenses
710 3323 961 3392 cognitus
1002 3324 1212 3386 luisset.
1241 3325 1332 3393 qui
1381 3323 1600 3378 Maximi
1643 3325 1842 3394 scripta
1870 3340 2019 3394 qua:-

437 3412 562 3467 dam
590 3414 933 3468 contineret:
958 3429 1129 3483 nuper
1157 3413 1378 3468 demum
1408 3413 1498 3468 alii
1541 3429 1665 3468 cum
1697 3412 2014 3480 Mediolani,

437 3511 553 3558 tum
588 3503 868 3558 Modoetia:
898 3489 1096 3560 inventi
1122 3512 1268 3568 sunt,
1294 3521 1362 3559 ex
1385 3504 1580 3572 quibus
1606 3519 1887 3558 sermones
1913 3505 2014 3558 ali-

436 3595 528 3665 qui
554 3595 744 3650 inediti
772 3605 830 3652 et
868 3596 1050 3667 plures
1076 3597 1348 3652 variantes
1377 3596 1639 3651 lectiones
1665 3596 1732 3650 ad
1777 3597 2015 3652 Brunum

435 3686 732 3742 redierunt.
765 3686 966 3756 Nempe
992 3705 1004 3738 :

506 3775 564 3828 2⁸
603 3775 777 3829 Codex
815 3775 1153 3838 homiliarius,
1183 3776 1413 3845 scriptus
1453 3777 1509 3830 in
1550 3779 1878 3844 membrana,
1911 3791 2014 3832 8:1:-

437 3869 559 3922 culo
583 3867 692 3921 fere
716 3883 786 3920 xi.
821 3865 899 3919 Ex
926 3881 993 3921 eo
1023 3867 1237 3920 homilia
1262 3867 1478 3921 Maximi
1507 3869 1725 3922 nomine
1763 3870 2011 3937 insignita

436 3959 490 4013 in
522 3957 820 4012 Traditione
847 3957 1083 4027 symboli,
1115 3957 1296 4012 multis
1319 3973 1442 4013 cum
1469 3959 1799 4013 variantibus
1829 3960 2013 4014 lectio-

436 4049 591 4103 nibus
618 4063 683 4104 ex
707 4048 892 4102 codice
918 4047 1215 4117 superiore,
1252 4063 1398 4103 num.
1434 4046 1524 4112 98,
1555 4050 1865 4104 transmissa
1892 4051 2007 4105 fuit.

502 4137 560 4192 5⁸
589 4137 763 4193 Codex
781 4137 1218 4194 membranaceus
1237 4138 1430 4206 in-l'ol.,
1459 4140 1774 4196 charactere
1801 4140 2013 4211 Longo.

432 4229 650 4286 bardico
681 4237 950 4294 exaratus,
983 4230 1179 4284 saeculo
1207 4247 1280 4285 tx.

506 4322 566 4377 ιο
588 4321 762 4378 Codex
790 4322 918 4377 item
945 4323 1404 4390 membranaceus,
1433 4323 1659 4388 in-lolio,
1693 4324 1870 4382 saeculi
1897 4339 1970 4378 xi.

501 4416 565 4468 5°
592 4413 766 4470 Codex
787 4415 1028 4484 ejusdem
1047 4415 1300 4481 basilicae,
1320 4417 1781 4484 membranaceus,
1812 4415 2004 4482 ἱππ-ἴοι,

429 4506 607 4562 δέεαιιί
636 4521 712 4561 tx.

499 4596 561 4650 6°
589 4595 763 4650 Codex
797 4595 935 4650 alter
962 4594 1199 4664 ejusdem
1227 4597 1422 4662 atatis,
1449 4597 1540 4666 qui
1567 4612 1674 4652 non
1705 4605 1880 4653 exstat
1903 4599 2005 4653 "lci

428 4689 480 4742 iu
503 4686 796 4757 exemplari
825 4694 1046 4741 exarato
1073 4700 1162 4739 an.
1193 4685 1332 4740 1514
1356 4703 1388 4740 a
1408 4689 1669 4752 canonico
1690 4687 1900 4744 Casola.
1927 4688 2004 4744 Ex

427 4787 531 4842 hoc
575 4789 808 4844 homilias
852 4787 1057 4856 aliquot
1095 4786 1310 4842 Maximi
1357 4802 1552 4843 nomen
1591 4790 1935 4859 praeferentes
1972 4805 2002 4845 a

427 4887 599 4942 Frisio
638 4891 897 4944 canonico
937 4890 1003 4944 ad
1045 4888 1280 4943 Brunum
1319 4895 1446 4943 sunt
1481 4890 1824 4956 transmissa},
1866 4892 2006 4946 inter

425 4998 560 5053 quas
585 4986 850 5055 praecipua
884 4988 952 5043 de
989 4989 1327 5059 reparatione
1355 4987 1596 5043 ecclesia:
1635 4987 1855 5058 majoris
1892 4988 2004 5043 Mc-

425 5082 778 5138 diolaneusis.

496 5187 550 5256 β.
607 5181 933 5238 Bibliotheca:
986 5187 1397 5259 metropolitano:
1447 5185 1678 5241 ecclesia:
1733 5184 1998 5240 Mediola-

426 5303 619 5340 "811818.

498 5387 554 5440 Γ
585 5388 757 5442 Codex
787 5388 1242 5452 membranaceus,
1263 5390 1466 5446 in-i‘olio
1488 5389 1638 5452 utiu.,
1664 5388 1798 5456 sign.
1827 5387 1905 5441 lit.
1933 5385 1990 5454 F,

428 5505 575 5547 num.
607 5488 698 5558 56,
727 5491 906 5546 s'eculi
934 5505 1046 5545 xm.

493 5589 557 5644 2"
585 5589 758 5646 Codex
784 5591 1238 5656 membranaceus,
1267 5589 1440 5647 in-l'ol.
1468 5607 1634 5657 max.,
1665 5590 1800 5660 sign.
1846 5603 1993 5645 num.

420 5693 545 5751 202.

2119 3238 2237 3277 cam
2266 3223 2556 3279 translatus
2582 3225 2698 3278 fuit.
2729 3223 3046 3280 Continebat
3070 3237 3178 3281 tres
3205 3242 3480 3282 sermones
3504 3226 3561 3281 S.
3587 3226 3695 3281 Ma-

2119 3315 2245 3369 ximi
2270 3317 2486 3370 nomine
2513 3315 2654 3385 apud
2681 3315 2916 3372 Brunutn
2961 3318 3138 3373 editos
3174 3318 3280 3374 col.
3325 3317 3447 3386 651,
3495 3318 3600 3374 633
3637 3332 3693 3376 ct

2119 3405 2245 3460 (335.

2186 3498 2241 3570 {5.
2272 3495 2549 3551 Patavium
2569 3496 2738 3552 codex
2767 3496 3082 3553 bibliotheca
3105 3500 3489 3564 canonicornm,
3511 3499 3691 3554 smculi

2120 3603 2186 3641 xv
2238 3603 2306 3640 ex
2333 3603 2442 3656 quo
2468 3587 2576 3642 duo
2604 3603 2898 3652 sermones,
2923 3603 3152 3658 quorum
3180 3591 3317 3644 alter
3343 3590 3530 3659 incipit
3560 3607 3572 3642 :
3607 3590 3690 3643 Ad

2115 3678 2458 3734 exhibendum
2501 3689 2680 3733 vestra
2721 3680 2965 3734 clmritati
3003 3697 3306 3744 sermonem,
3345 3689 3474 3745 ete.;
3505 3681 3685 3735 alter:

2117 3768 2274 3832 Recte
2301 3779 2451 3842 atque
2475 3787 2540 3824 ex
2580 3770 2768 3835 debito,
2799 3779 2926 3836 etc.,
2955 3772 3216 3842 descripti.
3249 3770 3522 3826 Posterior
3546 3771 3691 3826 inter

2113 3864 2375 3930 genuinos
2402 3863 2576 3917 locum
2611 3874 2838 3933 occupat
2871 3863 2973 3920 col.
3006 3861 3130 3929 623,
3160 3863 3307 3934 prior
3334 3864 3474 3920 inter
3491 3863 3688 3921 dubios

2115 3953 2167 4006 in
2197 3952 2509 4021 appendice,
2539 3953 2642 4007 col.
2676 3952 2764 4007 5'5.

2186 4042 2368 4098 XVIII.
2399 4042 2612 4100 Codices
2642 4043 2956 4100 Veronenses
2985 4059 3080 4100 seu
3105 4043 3440 4100 bibliotheca:
3467 4044 3684 4124 capituli

2115 4135 2455 4190 Veronensis.

2185 4227 2244 4279 l°
2274 4225 2448 4280 Codex
2484 4226 2618 4294 sign.
2651 4241 2796 4279 num.
2830 4224 2917 4291 75,
2958 4225 3415 4291 membranaceus,
3454 4223 3681 4288 iii-lolio,

2110 4318 2288 4372 seaculi
2313 4333 2422 4372 vut.

2182 4407 2238 4461 2⁸
2277 4407 2450 4462 Codex
2494 4405 2632 4475 sign.
2687 4419 2834 4458 num.
2884 4403 3008 4468 451,
3054 4403 3493 4459 membranaceus
3530 4405 3680 4470 item,

2029 4472 2088 4536 θ
2109 4499 2455 4567 ejusdemque
2479 4472 2652 4553 aetatis
2679 4513 2742 4550 ac
2783 4497 2983 4552 formae.
3019 4495 3254 4564 Uterque
3279 4511 3555 4550 sermones
3581 4495 3682 4548 ali-

2108 4601 2240 4661 quot
2259 4591 2634 4662 suppeditavit,
2662 4603 2890 4658 quorum
2916 4587 3183 4641 variantes
3211 4587 3465 4644 lectiones
3493 4587 3546 4641 in
3578 4601 3681 4640 an-

2107 4685 2472 4739 notationibus
2499 4699 2528 4736 a
2559 4682 2738 4754 Bruno
2761 4689 2885 4734 sunt
2909 4679 3178 4732 exhibiue.

2176 4777 2234 4830 3"
2271 4775 2446 4829 Codex
2491 4775 2628 4842 sign.
2679 4785 2826 4826 num.
2865 4769 2952 4831 49,
2985 4769 3223 4838 ejusdem
3259 4768 3452 4833 (etatis,
3483 4781 3680 4838 perga-

2108 4885 2275 4922 ntemu
2303 4867 2610 4934 formaeque,
2642 4863 2784 4919 unde
2826 4861 3236 4932 proﬁciscuntur
3279 4860 3544 4914 Lectiones
3582 4875 3680 4916 seu

2110 4960 2470 5030 Expositiones
2515 4957 2913 5028 Evangeliorum
2959 4954 3145 5009 nullibi
3199 4954 3373 5007 adhuc
3425 4954 3674 5020 iuventae,

2105 5068 2236 5123 quas
2272 5049 2487 5118 quidem
2519 5049 2727 5104 Brunus
2764 5064 2870 5101 non
2913 5046 3152 5100 diversas
3181 5054 3331 5115 putat
3365 5061 3396 5098 a
3430 5045 3567 5100 libro
3596 5045 3678 5098 iu-

2103 5142 2302 5211 scripto
2331 5141 2395 5194 de
2420 5137 2671 5210 Capitulis
2709 5138 3126 5209 Evangeliorum,
3157 5151 3315 5206 quem
3345 5135 3678 5201 Gennadius,

2102 5232 2372 5288 Ilouorius
2401 5227 2911 5300 Augustoduueusis,
2942 5238 2997 5284 et
3035 5228 3358 5282 Trithcuiius
3385 5227 3534 5281 inter
3564 5227 3677 5281 Ma-

2102 5324 2230 5378 ximi
2256 5337 2418 5392 opera
2449 5329 2746 5376 recensent.
2783 5318 3048 5375 Praaterea
3076 5335 3142 5375 ex
3182 5333 3248 5372 eo
3277 5318 3529 5387 exscripti
3552 5327 3677 5372 sunt

2100 5413 2208 5469 duo
2235 5421 2512 5478 tractatus,
2539 5428 2766 5481 quorum
2789 5427 2926 5466 unus
2947 5420 3028 5466 est
3048 5419 3233 5465 contra
3251 5407 3513 5478 Paganos,
3539 5407 3670 5462 alter

2101 5513 2288 5560 contra
2330 5503 2570 5567 iudices;
2601 5503 2692 5570 qui
2721 5503 2820 5556 etsi
2851 5501 3085 5556 auctoris
3114 5514 3308 5554 nomen
3350 5514 3457 5552 non
3483 5497 3676 5568 prafe-

2101 5604 2243 5660 rant,
2273 5595 2416 5663 digni
2449 5602 2624 5649 tamen
2655 5594 2818 5647 habiti
2845 5601 2970 5647 sunt
3002 5592 3069 5646 ab
3099 5591 3202 5646 isto
3221 5589 3427 5645 editore
3455 5598 3677 5658 propter

2102 5689 2360 5744 orationis
2389 5695 2440 5741 et
2471 5687 2855 5742 sententiarum
2883 5698 3008 5738 cum
3032 5684 3150 5738 aliis
3181 5681 3513 5737 Maximiani:
3535 5696 3666 5750 opu-
