4042 6192
294 317 406 373 αρε)

1339 316 1606 373 ΝΟΊΊἸἸΛ
1641 305 2451 370 lllS'fONCO-LITTERAIHA.

3441 318 3546 369 9J0

295 432 460 487 scolis
487 429 854 494 concordiam,
881 429 971 498 qui
999 429 1171 483 cidem
1203 423 1691 482 tribuerentur.-Ex
1720 430 1869 477 vetu-
1902 425 1946 480 A
1975 423 2157 477 ciensis
2186 424 2406 491 ordinis,
2429 423 2767 492 cliartaccus,
2791 425 2917 492 iii-8,
2943 426 3107 479 nitido
3125 427 3435 481 charactere
3451 443 3547 480 ριν

295 532 440 577 state
464 520 668 576 codicis
698 530 871 573 tamen
902 519 1138 589 pluribus
1164 519 1368 573 lacunis
1397 518 1660 570 laborant.

371 611 548 666 llosce
577 608 910 665 Veronenses
937 609 1150 664 codices
1186 607 1239 662 in
1269 623 1420 661 nova:
1455 605 1705 660 editionis
1735 619 1877 658 coni-

295 705 518 759 modum
546 701 905 757 conferendos
928 701 1136 756 curavit
1170 700 1394 756 antistes
1421 698 1660 768 ejusdem
1689 695 1875 751 Eccle-

297 799 395 851 sia:
420 794 658 849 Joannes
687 793 1026 848 Morosimus.

370 885 511 940 XIX.
545 883 722 940 Codex
750 883 1051 938 Brixiensis.
1076 881 1376 952 Capitulum
1398 880 1635 936 ecclesia:
1659 877 1878 947 majoris

302 979 598 1034 Brixiensis
631 976 1002 1031 lectionarium
1046 982 1225 1029 servat
1262 974 1748 1035 membrauaceum,
1797 969 1879 1023 in-

301 1073 451 1136 folio,
482 1070 664 1126 seculi
705 1085 816 1131 xm,
857 1068 999 1122 unde
1043 1075 1263 1122 curante
1303 1065 1459 1119 Joau.
1509 1063 1722 1117 Mannio
1761 1061 1919 1122 Bri-.

302 1162 568 1217 xiensium
597 1159 838 1214 antistite
866 1158 973 1213 duo
1001 1172 1276 1212 sermones
1319 1154 1489 1210 sancti
1521 1152 1735 1206 Maximi
1777 1167 1876 1206 no-

302 1252 449 1306 mine
471 1249 739 1313 exornati,
765 1263 956 1317 nempe
977 1247 1038 1300 de
1063 1245 1287 1317 Corpore
1305 1243 1514 1308 Christi,
1540 1244 1589 1296 in
1610 1241 1696 1296 ed.
1721 1241 1876 1295 Rom.

299 1341 408 1396 col.
443 1338 573 1405 279,
603 1347 660 1393 et
685 1339 748 1392 de
777 1337 1200 1407 Quodragesima,
1232 1335 1335 1389 col.
1377 1333 1500 1399 447,
1528 1348 1647 1387 cum
1676 1332 1880 1400 aliquot

303 1429 638 1482 variantibus
685 1425 1003 1482 lectionibus
1043 1425 1344 1495 deprompti
1384 1425 1618 1478 fuerunt.
1661 1421 1785 1476 lla-c
1813 1420 1880 1475 de

302 1521 500 1576 Italicis
517 1519 794 1576 codicibus
824 1519 1054 1573 Brunus.
1084 1517 1320 1572 Aderant
1339 1532 1466 1572 vero
1493 1523 1550 1572 et

897 1669 947 1708 Β.
975 1667 1280 1708 GERIANICI.

1981 524 2163 568 aratns
2191 530 2222 568 a
2251 514 2412 568 fratre
2438 514 2645 570 Joanne
2670 515 2738 570 de
2765 517 2957 571 Waqu
3007 533 3096 570 an.
3147 514 3304 582 1620,
3345 515 3548 584 aliquot

1978 605 2193 660 hlaximl
2223 622 2499 662 sermones
2517 608 2798 663 continens
2819 605 3036 678 ιιι-ειτοχο
3063 607 3218 661 titulo
3242 625 3253 658 :
3273 607 3548 661 Sermones

1977 698 2114 752 beati
2159 697 2377 753 Μαίωνιὶ
2426 699 2758 754 Tanrinensis
2796 702 3062 771 episcopi,
3095 707 3199 756 etc.
3253 699 3549 753 Varictati-s

1977 789 2166 842 borum
2195 789 2438 844 codicum
2478 791 2720 860 ascripta:
2755 790 2970 848 fuerunt
2995 791 3213 850 editioni
3239 789 3546 844 Coloniensi

1978 895 2069 934 an.
2100 878 2258 934 1535.

2436 1026 2488 1065 Do
2529 1024 2746 1066 CODICES
2787 1024 3086 1064 lll-lLVl-Z'I'ICI.

2047 1159 2201 1216 llaud
2227 1175 2359 1216 sane
2386 1160 2523 1216 alius
2550 1169 2726 1216 exstat
2752 1161 2887 1217 liber
2914 1177 3016 1216 ius.
3044 1162 3339 1216 celebrior:

2051 1253 2111 1305 l0
2140 1252 2327 1307 Codice
2355 1252 2709 1324 Sangalleusi,
2737 1268 2896 1322 quem
2925 1253 3128 1322 primus
3149 1253 3276 1306 adiit
3308 1251 3550 1306 Mabillo-

1976 1343 2118 1398 nius.
2150 1343 2199 1398 ls
2223 1359 2353 1398 vero
2381 1345 2566 1412 quanti
2594 1360 2717 1398 eum
2747 1344 2931 1399 fecerit
2959 1352 3013 1397 ct
3040 1345 3214 1412 qualia
3244 1360 3311 1397 ex
3339 1359 3406 1396 eo
3423 1342 3552 1396 edn-

1980 1435 2140 1502 xerit,
2176 1449 2337 1504 supra
2376 1435 2594 1488 doctum
2621 1441 2721 1489 est.
2755 1432 3204 1487 Commodaverat
3229 1439 3409 1486 autem
3443 1432 3551 1484 Ma-

1979 1525 2200 1580 billonio
2227 1539 2449 1594 operat“
2488 1541 2662 1593 suam,
2683 1524 2825 1593 quod
2853 1524 3067 1578 silentio
3096 1524 3370 1594 prmterirc
3404 1522 3554 1578 nefas

1978 1614 2070 1683 sit,
2118 1613 2451 1670 llermannus
2493 1614 2812 1683 Schenkius,
2859 1614 2986 1668 bibl.
3033 1614 3396 1682 Sangallensis
3442 1622 3552 1668 tum

1981 1699 2294 1778 pmfectus.’
2315 1707 2462 1762 Nunc
2490 1723 2678 1761 recens
2700 1707 2768 1761 de
2789 1707 2976 1761 eodem
3007 1709 3308 1761 accuratius
3335 1706 3399 1760 ad
3423 1705 3553 1760 Bru-

378 1788 509 1842 Data
550 1796 672 1842 erat
716 1787 830 1840 lucc
861 1787 1136 1856 provincia
1168 1799 1197 1839 τι
1227 1783 1324 1839 Pio
1350 1783 1418 1839 Vl
1449 1781 1511 1838 P-
1542 1783 1613 1838 Μ·
1645 1781 1880 1854 ιοεοριιο
1911 1777 1958 1837 Β
1985 1777 2111 1852 num
2140 1796 2322 1851 retulit
2348 1797 2682 1851 bibliotheem
2711 1797 2862 1850 istius
2891 1797 3016 1850 item
3045 1797 3325 1866 praefectus
3354 1796 3414 1850 r.
3445 1797 3554 1849 Ma-

303 1878 598 1948 Garampio
625 1875 762 1947 apud
796 1875 1149 1932 Viennensem
1181 1875 1507 1946 imperialem
1547 1875 1721 1928 aulam
1753 1882 1883 1930 tunc

305 1971 606 2041 apostolico
646 1967 843 2037 legato,
882 1978 941 2022 ut
976 1969 1022 2023 si
1060 1968 1188 2038 quid
1226 1983 1293 2023 ex
1334 1965 1768 2023 Germanicarum
1796 1968 1881 2023 bi-

299 2062 696 2119 bliothecarum
725 2061 999 2117 codicibus
1025 2076 1152 2115 mss.
1183 2059 1250 2114 ad
1275 2059 1570 2115 ornandum
1592 2059 1880 2115 Maximum

304 2155 422 2210 erui
461 2161 664 2224 posset,
693 2153 748 2208 id
791 2152 942 2208 cordi
983 2153 1083 2208 sibi
1128 2166 1248 2208 esse
1291 2152 1509 2218 sineret,
1542 2159 1598 2206 et
1622 2149 1882 2219 quantum

305 2254 506 2316 posset,
529 2253 764 2313 urgeret.
788 2245 838 2300 ls
867 2245 1028 2313 igitur
1043 2259 1164 2300 cum
1185 2243 1376 2300 frustra
1396 2261 1493 2301 suo
1515 2243 1680 2316 ipsius
1698 2243 1883 2298 labore

308 2354 370 2393 ac
410 2337 673 2392 industria
709 2337 1047 2393 bibliothecae
1079 2338 1330 2406 Augustae
1363 2338 1528 2394 libros
1574 2337 1880 2399 evolvisset,

306 2429 374 2484 ad
401 2429 696 2484 monachos
723 2429 926 2484 ordinis
951 2427 1011 2484 8.
1041 2428 1315 2484 Benedicti
1344 2445 1403 2484 se
1438 2430 1722 2495 convertit,
1747 2443 1885 2499 prm-

305 2519 556 2590 sulesquc
578 2521 1024 2574 monasteriorum
1041 2519 1463 2590 Ratisponensis,
1485 2517 1879 2584 Gottwicensis,

307 2607 687 2666 Lambacensis
727 2609 1014 2680 Augiazque
1067 2611 1255 2665 Divitis
1309 2612 1554 2665 hortatus
1600 2618 1682 2665 est
1723 2617 1784 2664 ut
1828 2609 1882 2664 in

307 2710 486 2756 vetera
544 2699 990 2755 bibliothecarum
1042 2715 1257 2754 suarum
1310 2699 1635 2770 exemplaria
1689 2698 1882 2769 inquiri

305 2793 574 2862 juberent,
607 2791 654 2847 si
679 2792 806 2861 quid
834 2791 1138 2848 collectioni
1176 2806 1397 2862 operum
1425 2792 1482 2848 S.
1514 2791 1728 2846 Maximi
1754 2807 1883 2862 pro-

303 2883 540 2937 futurum
561 2883 738 2951 detegi
767 2891 969 2954 posset.
999 2882 1108 2939 Nec
1128 2882 1345 2939 defuere
1367 2883 1440 2937 illi
1462 2882 1658 2938 cilicio.
1687 2881 1886 2948 Scribit

305 2975 447 3027 enim
492 2973 726 3036 Brunus,
757 2975 1001 3028 certatim
1047 2989 1077 3027 a
1119 2974 1393 3030 monachis
1422 2973 1488 3027 ad
1518 2972 1569 3028 id
1602 2989 1737 3042 opus
1762 2989 1886 3028 eur-

305 3078 421 3117 sum
453 3078 603 3129 esse;
634 3064 900 3135 perfectos
931 3064 1132 3120 indices
1164 3064 1612 3134 locupletissimos
1638 3066 1884 3120 homilia-

1981 1901 2119 1958 gnus
2161 1887 2641 1959 lluugeublykerus
2684 1889 2862 1958 (nonis
2899 1886 3165 1943 Ianuariis
3196 1887 3374 1956 1779).
3404 1909 3420 1939 ι
3457 1888 3555 1942 As—

1981 1980 2169 2035 sentiri
2215 1994 2274 2034 se
2317 1978 2508 2034 Joanni
2551 1979 2878 2046 Mabillonio,
2918 1988 2973 2032 et
3019 1979 3248 2032 Martino
3292 1977 3556 2032 Gerberto

1981 2070 2207 2140 principi
2235 2078 2291 2124 ct
2316 2070 2492 2124 abbati
2522 2068 2578 2123 S.
2609 2069 2792 2136 Blasii,
2823 2068 3060 2123 codicem
3091 2069 3262 2137 ipsum
3291 2068 3554 2121 membra-

1983 2177 2237 2228 naceum,
2288 2159 2526 2227 in-folio,
2573 2161 2767 2214 litteris
2817 2158 3232 2228 Longobardicis
3276 2166 3552 2212 exaratum

1981 2266 2103 2306 smc.
2127 2266 2216 2306 vm
2246 2266 2352 2305 non
2381 2249 2732 2305 recentiorem
2753 2265 2871 2305 esse
2889 2249 3172 2304 aientibus.
3199 2249 3354 2303 Falso
3375 2257 3552 2303 autem

1982 2340 2259 2410 AnguStini
2290 2355 2483 2394 nomen
2511 2339 2781 2409 praeferre.
2812 2339 2949 2393 Nihil
2967 2339 3112 2394 enim
3134 2339 3186 2393 in
3207 2354 3274 2393 eo
3290 2338 3554 2393 contineri

1982 2433 2318 2487 homiliarum
2339 2438 2432 2484 aut
2448 2429 2943 2498 sermonum,quod
2963 2436 3238 2497 acceptum
3262 2427 3556 2497 Augustino

1979 2525 2053 2578 sit
2079 2521 2434 2577 referendum.
2457 2520 2720 2575 Constare
2745 2520 2796 2574 id
2818 2519 3024 2574 scilicet
3039 2535 3102 2574 ex
3126 2519 3296 2572 altero
3318 2517 3553 2585 ejusdem

1983 2614 2319 2669 bibliothecae
2348 2613 2477 2667 noni
2504 2611 2682 2667 saeculi
2707 2610 2915 2677 codice,
2944 2611 3028 2664 cui
3060 2611 3171 2663 lucc
3203 2608 3416 2678 prmlixa
3441 2607 3554 2676 epi-

1982 2709 2183 2778 graphe
2209 2724 2221 2760 :
2258 2705 2602 2762 llomilioruin
2639 2703 2862 2758 Maximi
2887 2702 3115 2773 episwpi
3146 2719 3237 2770 per
3269 2708 3428 2755 totum
3453 2717 3552 2753 an-

1983 2815 2104 2852 num
2125 2798 2189 2851 de
2206 2797 2422 2852 diversis
2445 2792 2804 2868 festivitatibus
2821 2793 3050 2848 volumen
3069 2792 3216 2846 valde
3235 2801 3393 2845 vetus.
3422 2789 3553 2844 Nam

1984 2903 2104 2944 eum
2134 2887 2333 2942 eaedem
2363 2901 2583 2957 prorsus
2611 2884 2842 2939 homiliae
2871 2884 2923 2937 in
2964 2883 3067 2938 hoc
3111 2890 3274 2951 atque
3319 2883 3372 2935 in
3406 2889 3555 2958 vctu:

1984 2979 2150 3034 stiorc
2179 2978 2270 3032 illo
2299 2977 2486 3032 codice
2513 2977 2909 3043 contineantur,
2940 2973 3115 3041 magni
3147 2973 3196 3026 id
3225 2981 3371 3027 certe
3395 2985 3554 3040 argu-

1985 3071 2153 3126 menti
2178 3086 2298 3125 esse
2340 3077 2613 3140 oportere,
2645 3083 2854 3124 errasse
2889 3067 3237 3121 vehementer
3263 3065 3555 3131 librarium,

306 3169 424 3208 rum
453 3162 512 3209 et
537 3170 847 3208 sermonum
875 3153 1122 3221 Maximi;
1153 3155 1424 3210 variantes
1451 3155 1709 3211 lectiones
1742 3156 1884 3210 haud
1907 3128 1955 3190 θ
1984 3162 2077 3230 qui
2131 3128 2480 3230 Augustinum
2535 3159 2748 3214 Maximi
2796 3158 3172 3229 opusculorum
3222 3156 3558 3212 constituerit

307 3245 458 3316 parvi
494 3245 805 3316 pendendas
844 3246 1246 3316 diligentissime
1287 3247 1653 3318 transcriptas,
1685 3246 1886 3303 indica-

303 3345 415 3390 tam
456 3323 705 3392 codicum
748 3343 960 3392 :etatem
1013 3346 1176 3408 atque
1214 3339 1580 3408 prmstantiam
1614 3339 1668 3392 in
1695 3337 1888 3408 quibus

307 3429 565 3498 opuscula
594 3436 870 3483 exstarent
895 3428 954 3483 S.
984 3427 1200 3483 Maximi
1233 3429 1436 3483 nomini
1476 3428 1728 3499 inscripta
1761 3447 1774 3481 :
1806 3435 1888 3482 at-

309 3533 416 3588 que
455 3517 569 3573 haec
597 3519 779 3573 omnia
818 3518 1050 3590 denique
1077 3519 1301 3573 Romam
1339 3535 1370 3574 a
1399 3519 1617 3574 laudato
1662 3519 1888 3591 praesule

309 3609 620 3665 transmissa
640 3616 784 3664 sunt.
810 3608 1048 3664 Fuerunt
1065 3617 1243 3664 autem
1267 3610 1477 3666 codices
1503 3611 1643 3666 sicut
1660 3611 1886 3681 accepit,

311 3701 402 3755 alii
434 3703 688 3772 temporis
716 3711 843 3758 uota
874 3703 1130 3771 insigniti,
1152 3704 1241 3759 alii
1269 3705 1455 3760 eadem
1476 3712 1722 3759 carentes
1745 3721 1759 3757 :

389 3793 444 3845 l'
454 3792 667 3850 Codices
683 3794 907 3851 abbatice
916 3797 1100 3868 Augia:
1112 3795 1295 3851 Divitis
1315 3806 1449 3863 octo,
1461 3796 1656 3865 signati
1678 3810 1859 3850 nurum
1869 3835 1882 3849 .

315 3883 882 3951 12,14,15,16,19,
915 3885 1004 3952 21,
1035 3885 1122 3952 29,
1151 3886 1243 3940 59.

383 3974 447 4026 2°
504 3973 677 4030 Codex
731 3975 1052 4032 bibliotheca:
1103 3977 1164 4032 S.
1213 3975 1513 4031 Emmerani
1557 3975 1887 4048 Ratisponat,

313 4065 775 4132 membranaceus,
801 4067 1024 4133 in—folio,
1046 4067 1182 4136 sign.
1206 4067 1311 4122 litt.
1332 4067 1395 4133 Ε,
1419 4083 1563 4121 num.
1584 4067 1636 4131 4,
1660 4084 1786 4123 erce.
1813 4085 1885 4123 Ix.

385 4154 446 4208 3°
467 4153 640 4209 Codex
667 4155 984 4214 bibliotheca
1011 4157 1398 4224 Lambacensis,
1429 4159 1888 4224 membranaceus,

311 4244 543 4312 iii-folio,
572 4248 748 4303 seculi
778 4265 891 4304 xui.
1186 4297 1190 4302 .

385 4335 451 4390 4ο
472 4337 644 4393 Codex
663 4339 978 4397 bibliothecis
1000 4339 1373 4409 Gottwicensis,
1394 4342 1727 4406 characatis,
1749 4341 1888 4410 sign.

313 4428 359 4483 L
384 4427 440 4491 5,
469 4430 644 4485 sazculi
673 4445 762 4486 xiv
789 4431 872 4487 vel
901 4448 991 4487 xv.

830 4577 880 4620 C.
908 4578 1124 4622 CODICBS
1152 4580 1374 4622 BELGICI.

387 4697 508 4753 Duo
532 4700 729 4770 reperti
756 4709 881 4755 sunt
900 4700 955 4756 in
973 4700 1141 4770 Belgii
1162 4702 1501 4781 bibliothecis
1527 4703 1740 4760 codices
1758 4719 1888 4760 mss.

306 4803 546 4858 quorum
566 4806 750 4845 curam
779 4791 966 4859 gessit,
1003 4793 1291 4847 mandante
1325 4793 1532 4862 lgnatio
1561 4794 1727 4850 Busca
1761 4810 1892 4864 apo-

1986 3259 2281 3306 auetorem.
2309 3251 2366 3305 ln
2388 3267 2457 3306 eo
2482 3267 2644 3322 porro
2663 3249 2903 3306 diffidere
2929 3265 2988 3305 se
3007 3265 3037 3303 a
3062 3249 3393 3314 Mabillonio,
3413 3248 3556 3316 quod

1988 3343 2101 3413 ipse
2128 3343 2376 3397 homilias
2403 3358 2510 3397 non
2539 3341 2656 3411 plus
2685 3343 2968 3408 nonaginta
2999 3342 3050 3394 in
3082 3349 3306 3409 utroque
3352 3339 3443 3392 illo
3473 3353 3558 3392 θοι

1984 3435 2104 3490 dice
2129 3443 2395 3502 numeret,
2425 3433 2761 3489 Mabillonius
2785 3449 2916 3487 vero
2936 3441 3140 3500 septem
3167 3438 3222 3485 et
3247 3430 3556 3496 nonaginta,

1987 3525 2088 3580 hac
2133 3525 2354 3579 omnino
2394 3523 2462 3578 de
2507 3538 2691 3591 causa,
2717 3522 2861 3592 quod
2906 3521 3240 3574 Mabilloius
3266 3519 3335 3572 de
3372 3520 3552 3572 sacra-

1988 3616 2182 3670 mentis
2228 3614 2393 3669 libros
2429 3621 2655 3684 septem,
2683 3613 2777 3681 qui
2814 3611 3095 3665 Ambrosio
3132 3608 3326 3664 ascribi
3359 3609 3556 3675 solent,

1989 3705 2208 3760 totidem
2238 3704 2454 3758 Maximi
2478 3702 2722 3758 homilias
2747 3701 3089 3757 existimavit.
3120 3717 3140 3751 ι

2057 3796 2120 3850 2°
2142 3796 2317 3850 Codex
2339 3796 2475 3848 alter
2499 3809 2529 3847 a
2554 3791 3002 3864 llungenblylicro
3026 3791 3185 3846 modo
3209 3798 3558 3857 memoratus,

1985 3889 2220 3958 scriptus
2241 3885 2381 3941 idem
2411 3885 2602 3940 litteris
2627 3883 3065 3952 Longobardicis.

2061 3979 2185 4034 llaec
2229 3984 2354 4033 sunt
2396 3989 2516 4046 quae
2559 3975 2736 4030 editor
2772 3972 3045 4028 Romanus
3071 3971 3140 4026 de
3165 3970 3440 4028 codicibus
3467 3985 3561 4024 an-

1990 4069 2215 4135 notavit,
2245 4068 2336 4138 qui
2364 4082 2516 4122 novaa
2542 4065 2668 4121 huic
2694 4064 2998 4120 collectioni
3023 4061 3316 4119 condendze
3341 4061 3560 4132 profue-

1990 4168 2137 4227 runt,
2165 4159 2306 4213 inter
2329 4172 2466 4227 quos
2490 4163 2670 4210 tamen
2707 4154 2876 4209 tribus
2903 4154 3026 4220 illis,
3058 4169 3196 4222 quos
3222 4153 3562 4208 Mabillouins

1991 4250 2220 4322 primum
2271 4245 2506 4312 evolvit,
2552 4257 2747 4314 nempe
2794 4242 3150 4313 Sangallensi,
3180 4240 3562 4296 Nonantutensi

1989 4353 2134 4394 nunc
2160 4337 2222 4392 S.
2250 4335 2428 4390 Cruci:
2463 4335 2518 4388 in
2551 4333 2861 4393 Jerusalem,
2891 4340 2949 4386 et
2984 4329 3323 4384 Ambrosiam
3362 4331 3564 4385 Medio-

1991 4430 2102 4485 lani
2126 4429 2325 4500 primas
2351 4434 2408 4482 et
2433 4427 2549 4496 ipse
2583 4424 2775 4480 defert.
2820 4421 3113 4478 Parabatur
3143 4421 3306 4477 etiam
3332 4423 3563 4477 Gallico-

1915 4489 2286 4575 l"rum-mss.
2341 4489 2582 4584 collatio,
2636 4513 2754 4583 sed,
2800 4515 3044 4585 quamvis
3087 4513 3177 4568 diu
3231 4519 3562 4582 exspectata,

1993 4609 2228 4666 nondum
2255 4607 2481 4662 Romam
2508 4605 2734 4677 perferri
2776 4612 3046 4676 potuerat,
3074 4620 3195 4659 cum
3236 4603 3335 4657 sibi
3365 4602 3565 4656 diutius

1991 4699 2418 4770 exspeaantium
2443 4698 2706 4753 desideria
2733 4696 3062 4766 suspendere
3089 4710 3196 4750 non
3229 4709 3387 4763 posse
3414 4695 3564 4749 vidc-

1989 4801 2160 4848 retur.
2185 4791 2433 4848 Attamen
2455 4791 2726 4862 pollicitus
2751 4797 2835 4845 est
2857 4803 2938 4854 se,
2961 4787 3119 4843 simul
3151 4799 3216 4842 ac
3240 4787 3337 4854 ipsi
3360 4788 3562 4842 reddita

304 4878 518 4933 stolicie
541 4881 684 4936 sedis
706 4880 849 4950 apud
877 4880 1067 4950 Belgas
1105 4883 1306 4951 legato,
1348 4884 1440 4953 qui
1483 4885 1535 4938 in
1577 4899 1644 4940 eo
1676 4886 1892 4952 negotio
1991 4883 2174 4951 fuerit,
2200 4897 2308 4938 non
2335 4882 2743 4938 commissurum
2769 4893 2890 4933 esse
2925 4886 2984 4932 ut
3021 4878 3074 4931 in
3105 4877 3169 4931 iis
3197 4879 3561 4943 numerandis,

304 4969 582 5038 pontificis
613 4971 788 5041 jussui
835 4975 1034 5042 paruit,
1078 4989 1199 5029 can.
1248 4974 1714 5031 Vandenvelderus
1760 4977 1890 5032 bibl.

1996 4974 2323 5031 aestimandis
2355 4983 2519 5044 atque
2557 4969 2888 5028 celebrandis
2917 4967 3150 5023 studium
3175 4982 3328 5023 suum
3357 4967 3566 5023 deside-

305 5058 521 5115 Lovan.
559 5062 848 5134 praefectus
871 5064 928 5120 et
952 5064 1233 5135 theologia:
1265 5066 1558 5136 professor.
1594 5065 1766 5122 Erant
1789 5068 1896 5124 sci-
1995 5077 2164 5124 retur.
2196 5065 2434 5134 Denique
2482 5063 2610 5119 illud
2637 5061 2848 5117 silentio
2874 5059 3148 5130 praeterire
3179 5075 3388 5128 nequeo
3417 5059 3566 5129 adje-

303 5151 452 5206 licct
467 5168 480 5204 :

1996 5168 2112 5217 etas
2138 5174 2257 5215 esse
2283 5159 2335 5213 in
2357 5157 2461 5212 fine
2489 5154 2771 5212 voluminis
2795 5152 3050 5207 Romanae
3076 5153 3327 5209 editionis
3354 5154 3420 5207 ad
3446 5155 3569 5208 ube-

387 5241 459 5294 1°
483 5241 652 5300 Codex
681 5244 1077 5301 bibliothecas.
1109 5245 1328 5302 Martini
1355 5249 1718 5304 canonicorum
1746 5250 1915 5323 regit;
1995 5252 2195 5307 riorem
2225 5251 2427 5305 notitiae
2454 5249 2613 5316 hujus
2640 5246 2883 5301 codicum
2922 5247 3329 5301 illustrationem
3359 5247 3570 5302 tabulas

297 5336 514 5392 larium
540 5337 764 5404 Latiam,
792 5337 1250 5406 membranaccus,
1279 5339 1486 5395 in-folio
1512 5341 1766 5411 maximo,
1792 5359 1892 5398 sa:-

1997 5351 2230 5414 quatuor
2278 5340 2517 5411 ejusdem
2566 5353 2632 5393 ac
2678 5339 2850 5410 ipsum
2907 5338 3155 5393 volumen
3199 5337 3424 5407 moduli,
3463 5356 3570 5394 iere

297 5426 430 5482 culi
472 5442 542 5495 ιι,
583 5427 790 5483 duobus
833 5429 1192 5486 voluminibus
1235 5431 1496 5486 exhibens
1541 5432 1786 5488 homilias
1829 5435 1893 5490 de
1999 5433 2300 5501 incisas,.in
2327 5430 2520 5500 quibus
2549 5428 2615 5483 27
2662 5429 2954 5500 specimina
2982 5428 3349 5484 cbaracterum
3377 5439 3434 5483 et
3461 5429 3568 5482 for-

302 5519 572 5586 Tempore
614 5530 670 5576 et
712 5522 775 5576 de
821 5521 1052 5590 Sanctis,
1093 5524 1233 5580 inter
1268 5540 1403 5594 quas
1449 5525 1659 5593 triginta
1701 5529 1891 5596 partim

300 5609 575 5677 honuilim,
605 5614 796 5682 partim
825 5630 1102 5669 sermones
1128 5617 1184 5670 S.
1214 5615 1450 5670 Maximi.

385 5700 468 5755 2°
493 5702 660 5759 Codex
679 5704 994 5760 bibliotheca:
1012 5705 1232 5763 abbatiw
1252 5706 1673 5764 Camberonensis
1701 5709 1888 5765 Cister-

2000 5540 2100 5580 ma:
2145 5523 2386 5579 codicum
2434 5520 2779 5590 insigniorum
2827 5526 3298 5590 reprzesentantur,
3340 5520 3407 5574 ad
3449 5535 3568 5588 qua!

2002 5625 2205 5687 spectat
2232 5614 2526 5669 Declaratio
2555 5613 2722 5668 (etatis
2749 5626 2907 5680 supra
2936 5617 3368 5666 commemorata.
