4042 6192
484 350 578 403 ιιι
669 321 676 328 ’

494 474 665 483 ——.—-
674 475 1197 485 —.—....—.—-—-——_.~._‘——~
1206 476 1418 485 -.ς-.-

1294 353 1716 409 DECLARATIO
1745 354 2012 412 ASTATIS

2136 357 2246 410 nn.
2281 331 2925 415 MANUSCRII’TORUM.
3181 378 3185 383 -
3310 422 3320 432 ,
3620 360 3722 417 sis

783 611 1400 688 DECLARATIO
1471 612 1852 699 [ETATIS
1929 612 2374 689 CODICUM
2454 614 3403 695 MANUSCRIPTORUM.

946 1042 1156 1097 Codices
1183 1044 1362 1112 prima:
1390 1043 1592 1096 tabulae.

544 1174 835 1250 [suum]
873 1176 915 1230 I.
945 1176 1099 1230 Circa
1128 1176 1360 1245 speciem
1387 1175 1714 1230 characteris
1734 1175 1936 1230 codicis
1956 1174 2053 1228 Va-

473 1268 637 1323 ticani
663 1283 807 1321 num.
843 1267 869 1318 1
900 1266 1154 1321 delineati
1185 1281 1291 1319 non
1340 1280 1445 1320 una
1488 1275 1571 1320 est
1596 1265 1737 1335 apud
1765 1265 2053 1334 scriptores

472 1361 846 1429 diplomaticos
869 1359 1070 1429 opinio,
1104 1367 1161 1412 ut
1184 1359 1343 1413 docet
1371 1356 1710 1411 Mabillonius
1730 1364 1862 1410 tom.
1893 1355 1915 1409 ι
1944 1363 2052 1408 tra-

472 1459 649 1504 ctatus
692 1452 755 1504 de
805 1448 879 1503 Re
906 1450 1259 1517 diplomatica,
1308 1461 1428 1517 pag.
1473 1446 1596 1511 487,
1627 1462 1748 1501 cum
1777 1445 1939 1515 aliqui
1986 1443 2050 1498 ad

470 1542 722 1597 saeculum
743 1558 833 1596 VIII
856 1541 1109 1606 referant,
1139 1542 1231 1596 alii
1259 1557 1307 1613 vt
1350 1541 1546 1595 saeculo
1574 1556 1811 1595 coaevum
1840 1547 2045 1610 putent.

542 1632 604 1686 II.
646 1632 704 1686 In
731 1632 920 1687 eadem
965 1632 1277 1702 opinionum
1324 1632 1584 1685 varietate
1631 1638 1875 1684 versatur
1904 1629 2050 1698 judi-

471 1726 613 1778 cium
653 1722 903 1778 secundm
961 1722 1157 1792 speciei
1210 1720 1537 1775 characteris
1589 1719 1790 1774 CodiCis
1843 1718 2051 1773 Sancta:

472 1815 655 1870 Crucis
701 1815 752 1868 in
779 1812 1076 1868 Jerusalem
1115 1827 1262 1866 num.
1292 1809 1329 1862 2
1366 1810 1556 1880 positi,
1588 1808 1896 1862 Mabillonio
1933 1808 2050 1877 ipso

472 1916 630 1973 teste;
679 1905 806 1961 dum
844 1905 1049 1960 similes
1072 1903 1268 1959 formas
1294 1903 1564 1959 exhibeat.
1615 1900 1733 1955 Vid.
1783 1909 1915 1956 tom.
1955 1899 2047 1967 .III,

474 2009 593 2065 pag.
619 1995 688 2049 40
710 2003 767 2050 et
786 1994 873 2059 41,
896 2009 1093 2062 easque
1114 1993 1181 2047 ad
1207 1993 1457 2048 saeculum
1480 2008 1549 2045 vn
1576 1991 1661 2046 vel
1690 2007 1776 2045 nu
1804 1998 2050 2060 spectare

471 2087 587 2156 ejus
616 2086 838 2141 inclinat
857 2084 1144 2140 sententia.
1945 2143 1951 2149 ‘

539 2178 627 2233 III.
667 2177 847 2232 Tertia
878 2176 1085 2246 species
1119 2174 1447 2230 characteris
1474 2172 1676 2228 codicis
1702 2172 1916 2241 capituli
1946 2172 2051 2227 Ve—

470 2268 715 2324 ronensis
761 2283 907 2322 num.
938 2267 974 2321 5
998 2267 1112 2321 visa
1140 2273 1224 2320 est
1266 2263 1565 2318 clarissimo
1604 2261 1898 2317 marchioui
1926 2260 2048 2316 Sci-

468 2360 618 2429 pioni
646 2357 856 2414 Malleio
883 2357 1123 2426 ejusdem
1159 2356 1332 2411 astatis
1369 2370 1431 2409 ac
1472 2355 1778 2423 superiores
1802 2353 2046 2419 codices;

474 2467 665 2523 nempe
688 2452 833 2520 quod
860 2451 999 2504 inter
1024 2465 1096 2503 vn
1127 2457 1183 2502 et
1208 2464 1299 2501 \‘Ill
1343 2447 1592 2501 stecnlum
1619 2447 1688 2499 sit
1714 2445 2047 2501 collocanda.
2084 2432 2101 2486 ί

538 2543 626 2597 IV.
671 2542 745 2597 De
763 2556 878 2596 aevo
899 2539 1099 2595 codicis
1125 2538 1252 2592 olim
1282 2536 1500 2606 capituli
1543 2533 1866 2590 Urbevetani
1897 2549 2041 2589 num.

470 2636 523 2700 4,
553 2648 695 2687 nunc
722 2631 863 2703 apud
888 2629 1367 2685 eminentissimum
1394 2626 1717 2683 cardiualem
1737 2626 1804 2680 de
1824 2625 2044 2689 Zelada,

470 2742 574 2781 non
602 2731 688 2778 est
713 2720 1105 2789 ambigendum,
1136 2730 1255 2774 cum
1297 2720 1351 2772 in
1391 2718 1582 2773 eodem
1610 2718 1817 2786 legatur
1843 2716 2044 2771 exscri-

468 2831 592 2887 ptus
616 2815 825 2870 Joanne
849 2813 922 2867 IX
950 2811 1222 2883 pontiﬁce.
1252 2810 1446 2865 Tenuit
1472 2817 1653 2864 autem
1677 2807 1913 2863 Joannes
1936 2807 2046 2863 Ro-

468 2923 680 2961 manum
708 2905 1039 2976 pontilicitun
1067 2905 1135 2958 ab
1171 2919 1314 2958 anno
1340 2901 1445 2957 90?.
1480 2902 1547 2957 a:l
1584 2918 1782 2957 annum
1811 2900 1932 2955 905.

904 2995 1116 3051 Codices
1135 2994 1376 3049 secundae
1398 2993 1604 3048 tabulae.

538 3089 601 3142 V.
643 3088 895 3144 Succedit
920 3102 1068 3141 num.
1101 3085 1135 3139 5
1160 3086 1430 3156 specimen
1459 3085 1784 3141 characteris
1825 3086 2044 3142 alterius

471 3180 674 3237 codicis
700 3178 939 3234 Vaticani
982 3177 1177 3245 signat.
1208 3191 1355 3229 num.
1405 3174 1530 3241 248,
1558 3174 1710 3243 cujus
1743 3173 1890 3230 artas
1937 3192 2041 3231 non

471 3274 607 3327 ultra
664 3288 699 3326 x
743 3270 997 3326 sacculum
1027 3284 1056 3323 a
1086 3268 1273 3339 peritis
1317 3268 1563 3339 ponitur,
1602 3267 1689 3322 vel
1738 3268 1891 3324 initio
1939 3285 2042 3324 sa:-

467 3362 573 3418 culi
602 3378 671 3415 xt.

536 3450 622 3504 VI.
653 3450 837 3506 Serius
861 3459 945 3505 est
964 3449 1269 3519 scriptionis
1297 3463 1464 3517 genus
1491 3450 1689 3506 codicis
1709 3450 2042 3505 bibliotheca

464 3538 774 3612 [CLXXXVIII]
813 3539 995 3596 Sancti
1023 3540 1186 3595 Marci
1215 3539 1560 3596 Venetiarum
1604 3557 1750 3595 num.
1783 3541 1817 3594 6
1847 3541 2042 3596 Roma-

464 3646 583 3683 nam
605 3629 828 3684 formam
857 3630 1117 3684 exhibens
1144 3629 1385 3696 nitidam,
1427 3631 1716 3700 paucisque
1741 3631 1890 3700 siglis
1912 3647 2042 3686 con-

463 3728 709 3774 tractam.
740 3719 849 3774 Nec
877 3735 975 3773 nos
1021 3718 1155 3773 fallit
1198 3729 1327 3775 uota
1371 3722 1545 3776 aetatis
1594 3722 1647 3776 in
1696 3721 1802 3777 line
1838 3721 2041 3778 codicis

463 3811 729 3879 apposita,
757 3823 951 3877 nempe
978 3825 1120 3863 anno
1150 3809 1309 3862 1158.
1494 3868 1495 3871 η

535 3897 641 3950 VII.
677 3897 949 3951 Absimilis
978 3913 1083 3952 non
1113 3906 1196 3951 est
1221 3898 1443 3967 scriptio
1470 3901 1846 3970 subsequentis
1883 3902 2036 3957 codi-

463 3989 543 4043 cis
571 3987 806 4056 ejusdem
833 3987 1169 4042 bibliotheca:
1196 3987 1379 4044 Sancti
1413 3988 1575 4045 Marci
1603 4006 1752 4045 num.
1785 3991 1816 4044 7
1844 3992 2033 4061 positi;

465 4078 590 4134 ideo
626 4094 862 4134 comvum
891 4079 1237 4148 praecedentis
1274 4081 1614 4135 arbitramur.

532 4168 661 4224 VIII.
690 4167 841 4224 Haud
870 4169 1002 4225 levis
1036 4178 1120 4224 est
1143 4170 1442 4228 dill‘erentia
1466 4173 1793 4229 characteris
1834 4174 2036 4229 codicis

461 4260 797 4315 bibliothecae
823 4259 1094 4315 Vaticana:
1121 4261 1247 4315 olim
1276 4262 1572 4319 Succorum
1600 4264 1795 4332 regina:
1822 4279 1967 4318 num.
1998 4263 2040 4324 8,

459 4350 711 4420 descripti
747 4365 778 4404 a
796 4352 1160 4422 superioribus
1197 4352 1471 4409 codicibus
1490 4354 1825 4410 bibliotheca:
1851 4353 2032 4410 Sancti

460 4438 622 4496 Marci
649 4439 1016 4503 Venetiarum,
1040 4457 1161 4496 cum
1190 4442 1306 4508 ejus
1334 4444 1516 4512 apices
1543 4445 1927 4519 contractiores
1952 4447 2032 4500 vi-

456 4530 702 4583 dcantur.
751 4529 929 4595 Quare
954 4528 1069 4596 ejus
1105 4538 1318 4584 aetatem
1359 4532 1612 4587 sreculum
1657 4549 1747 4589 xm
1790 4535 2059 4604 attigisse-

454 4619 836 4766 dignam
858 4708 1071 4765 Sancta;
1095 4710 1280 4768 Crucis
1317 4713 1371 4766 in
1391 4712 1683 4772 Jerusalem
1715 4732 1865 4786 num,
1894 4717 1928 4771 9
1951 4718 2025 4774 si-

2613 1046 2823 1103 Codices
2855 1050 3015 1103 tertiae
3041 1052 3247 1108 tabulw.

2228 1131 2360 1197 XIV,
2393 1133 2503 1188 XV.
2537 1135 2612 1191 De
2639 1147 2798 1193 aetate
2825 1139 3070 1195 codicum
3108 1142 3445 1207 bibliothecae
3471 1146 3723 1208 Vallicel-

2153 1225 2306 1292 latae,
2336 1241 2566 1295 quorum
2593 1230 2862 1298 specimen
2887 1247 3032 1286 num.
3063 1232 3129 1287 M
3157 1243 3214 1289 et
3234 1234 3301 1288 15
3322 1239 3566 1304 traditur,
3593 1244 3722 1299 mihi

2153 1334 2259 1373 non
2290 1327 2375 1372 est
2414 1319 2782 1387 laborandum,
2814 1332 2873 1377 ut
2910 1324 3205 1393 inquiram;
3254 1332 3526 1397 praecessit
3577 1336 3720 1388 enim

2146 1408 2402 1474 judicium
2430 1411 2772 1466 eruditissimi
2800 1415 2897 1468 viri
2923 1414 3141 1485 Josephi
3171 1417 3486 1488 Blaucliinii,
3518 1425 3608 1492 qui
3653 1427 3723 1481 ad

2150 1497 2398 1551 szeculum
2430 1515 2482 1553 χι
2511 1501 2594 1554 vel
2627 1518 2697 1556 χιι
2718 1504 2986 1572 pertinere
3012 1505 3316 1562 allirmavit.

2222 1588 2358 1643 XVI.
2397 1589 2615 1661 Species
2638 1594 2960 1649 characteris
2985 1596 3186 1653 codicis
3209 1598 3452 1655 Vaticani
3483 1618 3629 1657 num.
3658 1602 3723 1656 l9

2147 1682 2343 1751 signati
2371 1686 2691 1739 concinnata
2720 1686 2930 1741 videtur
2955 1688 3096 1744 circa
3120 1690 3371 1745 saeculum
3403 1709 3514 1747 xm.
3546 1695 3721 1767 Aliqui

2149 1772 2377 1827 fortasse
2396 1774 2556 1844 paulo
2582 1776 2907 1832 anteriorem
2923 1776 3255 1845 judicabunt.

2220 1863 2377 1918 XVII.
2419 1866 2692 1922 Tardioris
2734 1869 2855 1933 :evi,
2898 1870 3105 1926 scilicet
3143 1874 3323 1928 seculi
3353 1891 3459 1942 xiv,
3506 1876 3552 1932 si
3601 1878 3722 1947 quis

2147 1965 2365 2026 putaret
2385 1957 2664 2030 Ῐεωιχιιιιι)
2692 1958 2933 2015 codicem
2955 1964 3265 2019 monasterii
3293 1963 3476 2022 Sancti
3501 1966 3724 2023 Colum-

2146 2047 2273 2102 bani
2327 2048 2607 2104 Bobiensis
2646 2066 2795 2105 num.
2833 2050 2920 2117 I7,
2947 2068 2978 2106 a
3024 2054 3252 2110 veritate
3279 2072 3386 2111 non
3414 2058 3719 2124 recederet,

2146 2140 2305 2194 nulla:
2341 2140 2603 2211 siquidem
2631 2150 2774 2197 notas
2801 2143 2994 2212 prioris
3023 2146 3278 2216 temporis
3304 2146 3358 2201 in
3385 2163 3452 2203 eo
3496 2151 3718 2220 conspi-

2146 2230 2383 2286 ciuntur.

2221 2319 2403 2375 XVIII.
2435 2320 2600 2376 Multo
2621 2323 2973 2392 antiquiorem
2996 2324 3230 2381 dicerem
3256 2328 3496 2383 codicem
3521 2328 3717 2386 biblio-

2102 2433 2120 2485 )
2152 2412 2319 2467 theae
2344 2411 2554 2468 Sancta:
2580 2413 2766 2470 Crucis
2786 2416 2839 2470 in
2864 2416 3157 2473 Jerusalem
3177 2435 3323 2474 num.
3342 2419 3408 2474 18
3426 2421 3716 2490 signatum,

2150 2500 2318 2556 forma
2340 2503 2479 2557 enim
2504 2505 2799 2560 litterarum
2823 2508 3073 2583 szeculum
3103 2525 3174 2564 xu
3196 2511 3278 2565 vel
3309 2512 3513 2566 initium
3540 2516 3717 2571 saeculi

2149 2605 2240 2643 xm
2279 2592 2541 2657 ostendit;
2590 2601 2751 2663 atque
2779 2595 2853 2649 ita
2883 2599 3048 2652 sensit
3075 2601 3522 2659 eminentissimus
3542 2605 3717 2658 cardi-

2146 2680 2280 2734 nalis
2300 2681 2566 2749 Besutius,
2594 2685 2685 2751 qui
2714 2684 3020 2755 frequenter
3046 2690 3262 2746 codices
3279 2708 3406 2748 mss.
3429 2693 3715 2748 bibliothe-

2144 2788 2223 2828 cae
2251 2773 2486 2841 ejusdem
2509 2791 2617 2845 pra:
2646 2780 2892 2834 manibus
2913 2780 3119 2837 habuit.

2216 2866 2356 2921 XIX.
2387 2867 2496 2923 Nec
2523 2867 2590 2923 ab
2615 2868 2850 2936 ejusdem
2879 2873 3161 2929 cardinalis
3177 2874 3379 2943 judicio
3396 2876 3715 2938 recedimus,

2145 2958 2268 3012 cum
2291 2959 2359 3012 de
2385 2966 2546 3013 {etate
2570 2958 2773 3014 codicis
2804 2958 2871 3013 99
2890 2976 3048 3031 agere
3080 2963 3403 3029 debeamus;
3423 2980 3547 3019 eum
3575 2965 3717 3020 enim

2145 3047 2215 3103 ad
2262 3049 2514 3104 smculum
2560 3065 2633 3103 xu
2678 3065 2796 3107 esse
2844 3052 3174 3108 referendum
3215 3070 3309 3110 sua
3349 3071 3510 3109 manu
3547 3056 3717 3111 adun-

2147 3143 2298 3197 tavit.

2218 3233 2332 3288 XX.
2362 3234 2441 3289 Ad
2471 3237 2815 3293 vetustiorem
2845 3237 3144 3293 litterarum
3181 3236 3407 3294 formam
3433 3239 3609 3293 saeculi
3635 3239 3717 3294 vi-

2145 3322 2341 3379 delicet
2375 3342 2430 3380 tx
2461 3328 2670 3383 accedit
2706 3329 2906 3383 codicis
2936 3328 3260 3385 Veronensis
3305 3330 3528 3400 scriptio
3564 3346 3714 3384 num.

2142 3411 2232 3478 20,
2257 3420 2313 3467 ct
2341 3414 2478 3470 hanc
2522 3416 2577 3471 in
2601 3417 2803 3483 judicio
2830 3418 3144 3488 praelaudati
3170 3422 3496 3477 marchionis
3536 3421 3716 3479 Mall‘ei

2146 3503 2451 3573 opinionem
2479 3506 2769 3575 sequimur.
2796 3507 2954 3563 Certe
2980 3509 3279 3578 hujusmodi
3307 3511 3524 3567 codices
3553 3526 3715 3567 vene-

2145 3593 2363 3649 randam
2392 3596 2675 3665 quamdam
2705 3599 3077 3668 antiquitatem
3105 3600 3472 3670 przesel'erunt.

2587 3708 2797 3765 Codices
2818 3722 3016 3782 quartae
3043 3711 3246 3768 tabula.

2064 3792 2109 3852 Ο
2212 3821 2350 3875 XXI.
2381 3821 2497 3877 Non
2526 3822 2777 3878 auderem
2805 3824 3048 3880 codicem
3076 3825 3484 3881 eminentissimi
3511 3825 3581 3880 de
3607 3824 3712 3880 Ze-

2140 3908 2262 3963 lada
2289 3910 2443 3979 cujus
2470 3912 2740 3980 specimen
2787 3920 2872 3966 est
2923 3915 3022 3968 sub
3049 3929 3194 3968 num.
3247 3914 3333 3977 21,
3376 3915 3711 3984 superiorem

2136 3999 2333 4054 saeculo
2367 4017 2459 4056 xui
2483 4000 2769 4068 aliirmarc,
2799 4002 2944 4072 quod
2972 4005 3114 4059 nulla
3143 4003 3452 4059 vetustioris
3482 4004 3582 4059 aevi
3612 4020 3708 4058 ve-

2133 4090 2292 4157 stigia
2321 4093 2375 4146 in
2404 4090 2572 4148 forma
2601 4093 2811 4163 apicum
2834 4095 3202 4163 inspiciantur.

2207 4180 2363 4236 XXII.
2394 4181 2477 4236 Ad
2504 4184 2746 4238 eamdem
2771 4184 2980 4239 accedit
3015 4194 3231 4240 aetatem
3276 4185 3446 4240 codex
3484 4185 3709 4253 capituli

2133 4273 2477 4338 Veronensis,
2491 4273 2640 4341 cujus
2661 4273 2830 4328 forma
2857 4275 3130 4343 scripturae
3149 4291 3296 4330 num.
3317 4274 3705 4330 ﬂexhibetur.

2133 4363 2321 4420 Modus
2343 4365 2616 4420 scribendi
2642 4365 2915 4422 Romanus
2936 4368 2992 4422 in
3019 4376 3250 4439 utroque
3269 4368 3457 4424 codice
3484 4377 3708 4438 apparet

2130 4453 2273 4509 inter
2295 4455 2555 4510 saeculum
2578 4471 2652 4511 xu
2680 4466 2735 4511 et
2763 4472 2853 4512 xm
2873 4457 3125 4512 usitatus.

2200 4543 2380 4599 XXIII.
2421 4544 2668 4616 Speciem
2695 4548 2857 4603 etiam
2892 4548 3200 4618 scriptionis
3225 4548 3582 4616 semigothica:
3609 4563 3707 4603 co-

2129 4633 2266 4690 dicis
2295 4634 2617 4691 Lectionarii
2647 4636 2862 4693 Sancta;
2893 4637 3081 4694 Crucis
3126 4639 3180 4693 in
3219 4637 3512 4693 Jerusalem
3550 4655 3703 4693 num.

2126 4723 2196 4779 23
2222 4724 2480 4781 deliueari
2520 4728 2841 4805 curavimus,
2884 4743 3048 4799 quam
3093 4728 3376 4799 peritiores
3413 4728 3703 4797 antiquarii

452 4808 646 4864 gnatus
673 4813 847 4868 neque
875 4800 1015 4855 inter
1040 4801 1388 4869 antiquiores,
1413 4819 1514 4859 nec
1530 4804 1673 4860 inter
1698 4809 2027 4876 posteriores
2124 4815 2320 4871 saeculo
2346 4832 2435 4871 XIV
2459 4816 2720 4873 tribuunt.

453 4889 795 4956 collocamus,
824 4909 948 4949 cum
992 4895 1270 4964 scripturae
1296 4894 1467 4950 forma
1523 4905 1579 4952 et
1628 4902 2026 4957 contractiones

453 4980 630 5034 seculi
660 4996 750 5036 xui
776 4985 1044 5041 scribendi
1072 5001 1277 5041 morem
1306 4985 1665 5056 prmsel'erant.

523 5068 591 5134 X,
626 5068 716 5134 XI,
745 5070 859 5135 XII,
887 5073 1021 5129 XIII.
1054 5077 1295 5142 Quatuor
1318 5078 1524 5147 species
1551 5079 1852 5148 scriptionis
1875 5080 2019 5137 Lon-

2198 4906 2378 4962 XXIV.
2413 4908 2546 4963 Huic
2564 4910 2918 4982 synchronus,
2947 4911 3034 4966 vel
3061 4908 3220 4981 paulo
3245 4908 3495 4980 superior
3514 4907 3703 4965 dicen-

2125 4997 2227 5053 dus
2251 4999 2355 5052 erit
2382 4999 2552 5053 codex
2573 4999 2914 5055 Sublacensis
2938 5016 3088 5056 num.
3109 5000 3180 5055 24
3199 5001 3422 5071 positus.

2194 5086 2354 5153 XXV,
2379 5086 2563 5151 XXVI,
2594 5088 2798 5144 XXVII.
2831 5089 2965 5146 Tres
3005 5101 3292 5159 sequentes
3329 5091 3706 5147 characterum

452 5161 770 5229 gobardiczn,
792 5176 926 5230 quas
953 5166 1052 5220 sub
1074 5184 1218 5224 num.
1247 5168 1333 5235 10,
1358 5169 1444 5236 11,
1469 5170 1555 5234 12,
1579 5170 1664 5239 15,
1686 5172 2016 5239 exhibemus,
2050 5152 2096 5208 θ
2126 5181 2587 5248 lormte,quarum
2612 5181 2783 5251 prima
2805 5198 2950 5238 num.
2979 5181 3050 5236 25
3084 5152 3170 5237 est
3195 5183 3397 5239 codicis
3433 5181 3703 5241 Vaticani.

451 5253 496 5306 si
525 5252 656 5308 fides
676 5252 918 5309 habenda
956 5266 1038 5309 est
1066 5259 1369 5318 Mabillonio
1391 5271 1521 5317 tom.
1545 5263 1630 5327 III,
1656 5277 1776 5334 pag.
1808 5264 1928 5328 552,
1957 5266 2020 5322 de

448 5345 521 5400 Re
578 5346 928 5416 diplomatica,
959 5350 1153 5404 saeculo
1193 5367 1245 5406 Ix
1272 5353 1641 5421 destinantur;
1684 5363 1831 5409 tanta
1875 5358 2019 5412 enim

444 5449 553 5489 non
584 5443 667 5490 est
687 5436 823 5491 inter
844 5436 988 5506 ipsos
1010 5436 1347 5497 characteres
1371 5447 1617 5501 varietas.
1643 5457 1702 5501 ut
1720 5447 1783 5502 ad
1812 5448 2017 5504 diversa

446 5537 686 5598 tempora
721 5525 906 5581 referri
936 5526 1182 5584 debeant.

2124 5272 2292 5325 altera
2330 5271 2528 5327 codicis
2562 5273 2804 5329 ecclesia:
2832 5273 3133 5338 Veliternae,
3186 5281 3243 5330 et
3295 5274 3455 5329 tertia
3498 5273 3708 5330 codicis

2126 5361 2462 5416 bibliotheca:
2490 5361 2675 5417 Sancti
2724 5362 2935 5419 Martini
2962 5364 3310 5420 Lovauiensis
3347 5378 3498 5419 num.
3538 5361 3609 5426 26
3648 5369 3705 5419 οι

2124 5450 2213 5514 9.7,
2269 5451 2511 5519 quamvis
2562 5450 2851 5509 dissimiles
2899 5455 2953 5509 in
3001 5454 3199 5511 saaculo
3246 5469 3316 5508 xv
3362 5459 3490 5507 sunt
3523 5449 3709 5509 collo-

2125 5541 2330 5597 eandm.
