4042 6192
535 337 642 395 2%

1748 331 1806 387 S.
1843 325 2085 384 ΜΛΧΙΜΙ
2121 322 2573 380 TAURINENSIS

3689 319 3801 373 ’22!

535 454 711 506 luntas
737 449 976 505 donandi
1021 449 1258 516 deﬁciat,
1291 462 1452 518 quam
1500 443 1800 500 substantia
1828 439 2108 510 largiendi.
2141 440 2187 498 Δ
2215 467 2396 512 tamen
2418 456 2628 524 longius
2648 471 2678 509 ε
2707 454 2988 510 sanam“,
3015 459 3316 523 separawr,
3348 449 3458 506 Nec
3475 451 3794 506 societatem

539 539 664 594 "me
689 547 867 592 autem
896 537 1018 592 ideo
1047 537 1278 592 sollicite
1311 535 1514 590 faciunt
1538 577 1553 602 ,
1579 534 1702 604 quia
1725 531 1984 602 majorem
2011 529 2112 584 sibi

536 629 1029 684 remunerationem
1060 645 1158 698 pro
1185 629 1288 682 hac
1329 625 1694 682 sollicitudine
1722 629 1944 694 sperant
1971 621 2115 676 futu-

537 735 670 772 ram.
702 717 758 772 Si
788 732 940 786 ergo,
973 717 1196 785 fratres,
1226 718 1407 772 saeculi
1437 715 1590 772 i'stius
1617 714 1865 770 homines
1893 720 2114 784 propter

536 810 814 878 pnesentis
859 809 1081 863 honoris
1129 809 1354 876 gloriam
1395 809 1594 863 terreni
1623 807 1766 875 regis
1792 805 1875 861 sui
1920 803 2114 859 natalis

537 900 678 953 diem
727 908 874 953 tanta
908 907 934 935 ἰ
964 899 1298 968 apparitione
1336 899 1633 967 suscipiunt
1665 914 1678 949 :
1711 896 1738 936 1'
1765 905 1963 966 quanta
2014 910 2112 950 nos

533 989 880 1044 accuratione
907 990 1096 1044 :eterni
1136 989 1277 1058 regis
1304 988 1475 1043 nostri
1498 975 1625 1042 Jesu
1648 986 1850 1041 Christi
1875 985 2110 1040 natalem

531 1079 807 1148 suscipere
853 1079 1116 1135 debemus
1139 1122 1156 1148 ,
1185 1080 1277 1151 qui
1315 1093 1416 1149 pro
1453 1079 1744 1134 devotione
1787 1085 1972 1132 nostra
2003 1089 2110 1131 non

538 1171 698 1224 nobis
728 1171 1080 1240 temporalem
1119 1171 1379 1240 largietur
1404 1170 1629 1239 gloriam
1647 1211 1662 1237 ,
1684 1168 1782 1224 sed
1809 1177 2066 1224 etet-nam
2089 1179 2108 1232 ς

535 1277 633 1315 nec
655 1263 858 1316 terreni
883 1262 1108 1317 honoris
1131 1261 1652 1316 administrationem
1673 1258 1839 1326 dabit,
1860 1270 1979 1326 qua:
1997 1271 2112 1312 suc-

531 1367 750 1406 cessore
780 1351 980 1421 linitur,
1001 1353 1096 1408 sed
1117 1353 1354 1409 caelestis
1383 1352 1596 1422 imperii
1627 1351 1967 1419 dignitatem,
1991 1363 2112 1420 qua:

530 1460 636 1496 non
684 1445 848 1499 habet
879 1455 904 1483 ε
931 1446 1333 1500 successorem?
1375 1444 1558 1510 Qualis
1593 1453 1772 1496 autem
1800 1442 1826 1478 ά
1859 1456 2108 1496 remune-

529 1535 672 1589 ratio
701 1542 882 1588 nostra
912 1534 982 1588 sit
1011 1533 1211 1601 futura,
1242 1533 1374 1588 dicit
1410 1533 1676 1603 propheta
1711 1548 1724 1585 :
1753 1528 1888 1594 Quia
1929 1530 2108 1584 oculus

528 1643 631 1680 non
661 1625 808 1694 uidit,
838 1643 936 1679 nec
967 1626 1109 1680 auris
1134 1625 1352 1692 audivit,
1378 1642 1468 1678 nec
1492 1626 1548 1679 in
1568 1641 1659 1678 cor
1685 1623 1906 1677 hominis
1925 1637 2108 1675 ascen-

526 1719 624 1784 dit,
650 1734 765 1788 qua:
793 1719 1086 1788 preparavit
1130 1717 1271 1770 Deus
1301 1716 1630 1786 diligentibus
1671 1731 1727 1769 se
1755 1713 1931 1786 (Isai.
1964 1728 2108 1780 LXIV,

2217 549 2416 602 habere
2448 555 2700 618 poterunt
2721 545 3023 600 immundus
3048 554 3103 598 et
3124 550 3359 608 sanctus,
3392 557 3584 596 avarus
3612 549 3668 596 et
3689 543 3794 596 mi-

2213 637 2448 692 sericors
2469 674 2485 698 ,
2517 644 2801 704 corruptus
2828 641 2886 689 et
2914 635 3064 701 virgo
3087 673 3102 699 ,
3134 632 3236 687 nisi
3260 631 3405 701 quod
3445 631 3612 699 magis
3641 632 3795 699 inge-

2215 725 2385 780 rendo
2410 740 2470 779 se
2499 723 2744 791 indignus
2773 722 3125 777 olfensionem
3165 720 3458 786 contrahit,
3483 735 3603 774 cum
3633 720 3796 774 mini-

2215 831 2304 870 me
2357 831 2417 870 se
2466 815 2760 882 cognoscit.
2798 811 2815 851 1
2850 813 2982 867 Dum
3008 813 3151 868 enim
3181 812 3294 866 vult
3335 812 3605 866 officiosus
3629 827 3780 871 esse.

2216 905 2506 975 injuriosus
2531 906 2716 960 existit
2749 922 2760 957 :
2792 903 2929 958 sicut
2958 903 3045 957 ille
3073 902 3126 957 in
3154 901 3444 970 Evangelio
3466 902 3580 970 qui,
3607 902 3657 955 in
3684 918 3794 957 cm-

2214 1005 2270 1051 tu
2292 1007 2602 1052 sanctorum
2640 996 2912 1059 invitatus,
2943 992 3010 1048 ad
3037 994 3248 1063 nuptias
3280 991 3462 1046 venire
3504 1007 3665 1045 ausus
3707 1001 3794 1045 cst

2211 1096 2420 1143 vestem
2448 1101 2556 1141 non
2581 1087 2784 1141 habens
2813 1082 3105 1156 nuptialem
3137 1082 3354 1154 (Matth.
3375 1095 3504 1144 xxn,
3545 1080 3636 1144 12;
3657 1081 3788 1136 Luc.

2213 1193 2300 1231 xiv
2329 1177 2462 1247 );et
2487 1189 2610 1232 cum
2636 1176 2770 1231 alius
2801 1175 2998 1230 niteret
3019 1173 3248 1243 justitia,
3276 1173 3410 1227 alius
3440 1173 3643 1228 luceret
3663 1171 3788 1234 fide,

2212 1265 2348 1321 alius
2377 1267 2627 1321 castitate
2642 1265 2890 1334 fulgeret,
2913 1264 3002 1318 ille
3021 1264 3166 1318 solus
3193 1263 3535 1318 conscientia:
3554 1263 3794 1318 fceditate

2212 1357 2470 1428 pollutus,
2491 1357 2702 1411 cunctis
2727 1355 3132 1425 splendentibus
3160 1353 3386 1408 deformi
3408 1352 3636 1408 horrore
3669 1369 3788 1407 sor-

2210 1449 2372 1504 debat
2403 1466 2416 1502 :
2447 1458 2505 1503 et
2529 1448 2744 1515 quando
2771 1447 2891 1515 plus
2926 1445 3082 1500 simul
3112 1443 3558 1498 discumbentium
3598 1443 3791 1497 beato-

2211 1555 2327 1594 rum
2359 1539 2624 1595 candebat
2659 1538 2934 1601 sanctitas,
2965 1545 3116 1590 tanto
3142 1534 3311 1603 magis
3351 1541 3696 1603 peccatorum
3728 1535 3792 1588 il-

2213 1630 2316 1687 lius
2343 1630 2637 1700 apparebat
2663 1627 3000 1697 improbitas,
3021 1627 3110 1694 qui
3132 1634 3382 1695 potuerat
3403 1625 3578 1679 minus
3605 1623 3792 1693 displi-

2209 1722 2386 1776 cuisse
2433 1719 2655 1774 forsitan
2679 1756 2695 1783 ,
2740 1717 2785 1771 si
2817 1718 2868 1770 in
2899 1715 3230 1771 consortium
3268 1713 3537 1782 justorum
3567 1713 3792 1768 minimc

528 1818 578 1862 et
603 1808 628 1862 1
655 1807 774 1863 Cor.
805 1825 841 1862 ιι
864 1808 904 1877 ).
936 1807 1140 1874 Quibus
1172 1808 1500 1862 indumentis
1528 1821 1630 1862 nos
1666 1806 1918 1861 exornari
1946 1822 2110 1876 opor-
2142 1805 2184 1862 ll
2212 1829 2273 1870 se
2302 1813 2555 1868 dedisset.
2606 1809 2900 1879 Propterea
2947 1819 3075 1874 ergo
3111 1805 3353 1860 sublatus
3378 1813 3419 1841 ω
3449 1803 3696 1858 manibus
3736 1813 3792 1857 et

531 1910 628 1957 tet.
659 1901 813 1968 Quod
844 1909 1023 1955 autem
1066 1899 1302 1954 diximus
1339 1915 1464 1967 nos,
1503 1900 1608 1954 hoc
1638 1903 1724 1953 est
1758 1898 1964 1952 animas
2003 1913 2107 1951 no-

527 2003 687 2057 stras,
715 1991 840 2061 quia
867 2007 962 2045 rex
985 2001 1171 2046 noster
1194 1990 1440 2044 Christus
1476 2006 1584 2044 non
1613 1999 1722 2042 tam
1753 1988 1986 2042 nitorem
2015 2003 2109 2043 ve-

527 2085 711 2149 stium,
741 2098 903 2152 quam
930 2084 1227 2136 animarum
1256 2081 1480 2150 requirit
1507 2081 1777 2145 affectum,
1809 2095 1912 2134 nec
1937 2080 2108 2150 inspi-

526 2175 601 2229 cit
653 2179 967 2228 ornamenta
1019 2186 1305 2241 corporum
1331 2209 1346 2234 ,
1389 2170 1485 2226 sed
1531 2169 1840 2226 considerat
1883 2179 1908 2206 ο
1943 2170 2108 2224 corda

527 2266 876 2328 meritorum;
910 2276 1009 2316 nec
1029 2260 1233 2329 fragilis
1257 2260 1456 2330 cinguli
1486 2259 1862 2330 pmcingentis
1897 2258 2111 2314 lumbos

528 2353 916 2422 operositatem
944 2352 1187 2415 miratur,
1217 2350 1314 2405 sed
1338 2349 1494 2405 fortis
1521 2349 1856 2405 castimonia:
1883 2349 2109 2404 restrin—

529 2443 706 2510 gentis
727 2442 1001 2496 libidinem
1032 2441 1098 2496 ad
1124 2440 1431 2510 pudicitiam
1461 2440 1581 2509 plus
1610 2440 1857 2494 miratur.
1888 2438 2108 2493 Ambia-

535 2547 658 2586 mus
685 2545 814 2598 ergo
844 2529 1070 2584 inveniri
1091 2536 1217 2584 ante
1246 2529 1418 2598 ipsum
1446 2529 1662 2599 probati
1691 2529 1826 2595 fide,
1863 2530 1882 2568 τ
1909 2531 2110 2599 compti

529 2623 894 2680 misericordia
919 2663 935 2688 ,
965 2621 1205 2678 moribus
1243 2630 1271 2672 ε
1313 2622 1551 2678 accurati
1595 2640 1610 2676 :
1664 2630 1722 2679 et
1764 2622 1858 2691 qui
1905 2621 2112 2676 fidelius

529 2717 803 2772 Christum
831 2716 1024 2784 diligit.
1048 2715 1268 2771 nitidius
1287 2731 1348 2772 se
1373 2715 1750 2770 mandatorum
1773 2713 1893 2784 ejus
1923 2714 2112 2769 obsera

534 2807 753 2864 vatione
779 2815 1073 2878 componat
1091 2847 1106 2874 ,
1139 2813 1200 2861 ut
1227 2806 1255 2844 δ
1281 2822 1411 2862 vere
1450 2821 1549 2864 nos
1597 2806 1654 2860 in
1694 2820 1754 2861 se
1781 2804 2005 2861 credere
2034 2804 2110 2858 vi-

531 2901 688 2966 deat,
732 2915 853 2956 cum
884 2900 958 2954 ita
999 2899 1055 2953 in
1082 2897 1200 2968 ejus
1234 2897 1584 2953 solemnitate
1611 2897 1880 2966 fulgemus
1903 2936 1919 2962 ,
1958 2903 2016 2951 et
2043 2910 2111 2951 eo

534 2989 704 3058 magis
746 2988 902 3046 lzetus
928 2989 999 3044 sit
1027 3004 1136 3059 quo
1161 3004 1262 3044 nos
1288 2988 1626 3059 perspexerit
1645 2988 1912 3058 puriores.
1935 2987 2112 3058 Atque

532 3080 659 3137 ideo
707 3089 834 3136 ante
877 3081 1183 3152 complures
1221 3080 1338 3137 dies
1371 3083 1387 3119 1
1419 3080 1781 3137 castilicemus
1819 3082 1983 3136 corda
2014 3097 2112 3136 no-

2214 1905 2461 1975 pedibus,
2489 1903 2543 1956 in
2573 1899 2824 1956 tenebras
2866 1899 3166 1954 exteriores
3201 1895 3516 1966 expellitur,
3551 1911 3656 1947 non
3695 1909 3790 1948 so-

2211 1996 2322 2050 lum
2345 1992 2490 2063 quod
2511 1994 2764 2063 peccator
2785 1997 2925 2056 erat,
2953 1988 3048 2043 sed
3063 1988 3188 2056 quia
3208 2002 3330 2042 cum
3352 1994 3604 2056 peccator
3623 1993 3796 2052 essct,

2208 2083 2512 2140 sanctitatis
2555 2081 2655 2136 sibi
2698 2081 2951 2135 meritum
2982 2077 3307 2133 vindicabat.
3339 2077 3502 2144 Igitur
3526 2119 3540 2142 ,
3575 2075 3791 2141 fratres,

2209 2174 2512 2246 suscepturi
2550 2173 2780 2228 natalem
2807 2180 2832 2207 π
2858 2170 3108 2237 Domini,
3158 2170 3225 2224 ab
3253 2169 3402 2223 omni
3431 2183 3528 2222 nos
3565 2167 3794 2222 delicto-

2211 2282 2329 2322 rum
2357 2267 2485 2321 face
2513 2278 2803 2336 purgemus
2825 2303 2842 2328 ,
2884 2261 3190 2330 repleamus
3232 2258 3513 2313 thesaurus
3551 2257 3668 2324 ejus
3705 2257 3792 2311 di-

2210 2369 2490 2410 versorum
2510 2368 2792 2408 munerum
2817 2350 2994 2412 donis,
3027 2358 3086 2403 ut
3114 2350 3166 2402 in
3196 2348 3284 2403 die
3307 2355 3490 2402 saneta
3513 2357 3542 2384 ο
3563 2347 3658 2414 sit,
3689 2363 3792 2400 un—

2211 2447 2281 2502 de
2311 2443 2577 2516 peregrini
2607 2442 2875 2511 accipiant
2900 2482 2916 2508 ,
2945 2439 3256 2495 reficiantur
3274 2438 3450 2492 viduae
3468 2480 3485 2505 ,
3522 2451 3792 2508 pauperes

2211 2538 2527 2593 vestiantur.
2553 2535 2685 2589 Nam
2707 2534 2866 2604 quale
2893 2532 3018 2599 erit,
3045 2532 3090 2585 si
3113 2531 3164 2585 in
3190 2546 3293 2584 una
3311 2529 3608 2598 eademque
3627 2527 3795 2582 domo

2215 2629 2355 2684 inter
2380 2627 2623 2683 servulos
2653 2625 2811 2679 unius
2829 2622 3032 2678 domini
3074 2623 3210 2677 alter
3238 2621 3474 2675 cxsultct
3494 2619 3546 2673 in
3574 2619 3792 2673 bolose-

2213 2720 2338 2774 ricis
2363 2760 2380 2786 ,
2435 2719 2572 2773 alter
2635 2726 2983 2772 consumatur
3024 2715 3077 2770 in
3135 2715 3366 2785 pannis;
3417 2713 3552 2767 alius
3601 2720 3794 2766 aestuet

2211 2811 2365 2880 cibo,
2402 2811 2538 2866 alius
2585 2810 2778 2865 famem
2823 2809 3094 2879 frigusque
3133 2807 3432 2872 sustineat;
3472 2806 3561 2860 ille
3582 2814 3796 2860 eructet

2213 2901 2523 2957 hesternam
2555 2899 2923 2970 indigestionis
2969 2898 3243 2969 crapulam
3276 2937 3291 2961 ,
3346 2896 3433 2951 hic
3479 2896 3794 2950 hesternam

2207 2991 2397 3062 jejunii
2443 2991 2676 3045 inediam
2745 3006 2851 3044 non
2903 2987 3170 3060 resolvat?
3213 2987 3321 3042 Aut
3361 2987 3482 3056 quis
3534 2986 3638 3042 erit
3691 3002 3794 3042 no-

2215 3091 2339 3136 strte
2369 3081 2631 3135 orationis
2659 3077 2882 3137 effectus
2904 3079 2976 3132 rt
3017 3076 3254 3132 Petimus
3282 3085 3341 3131 ut
3386 3076 3677 3132 liberemur
3724 3075 3796 3129 ab

533 3179 665 3236 stra,
688 3169 1011 3228 mandemus
1039 3172 1446 3236 conscientiam,
1478 3171 1822 3242 purificemus
1843 3173 2110 3242 spiritum,
2137 3168 2184 3230 C
2216 3173 2453 3239 inimico,
2482 3172 2570 3243 qui
2605 3187 2713 3226 non
2743 3186 2927 3226 sumus
2963 3169 3216 3225 liberales
3257 3170 3311 3223 in
3362 3168 3574 3224 fratres.
3599 3167 3794 3242 _Simus

534 3277 600 3318 ac
639 3261 822 3329 nitidi,
847 3270 905 3318 et
929 3263 1047 3318 sine
1075 3262 1284 3318 macula
1329 3262 1659 3318 immaculati
1698 3264 1713 3313 i
1763 3261 2115 3332 suscipiamus

533 3353 824 3410 adventum
855 3372 870 3409 :
901 3364 961 3409 ut
999 3355 1152 3424 cujus
1175 3356 1433 3411 nativitas
1457 3370 1556 3426 per
1577 3357 1973 3412 immaculatam
1998 3357 2114 3411 vir-

537 3444 717 3512 ginem
742 3445 1020 3509 constitit,
1049 3445 1166 3512 ejus
1190 3445 1384 3500 natalis
1412 3459 1509 3514 per
1531 3444 1903 3501 immaculatos
1929 3462 2116 3504 servos

535 3541 870 3604 procuretur.
900 3534 1153 3606 Quisquis
1174 3536 1320 3590 enim
1358 3531 1384 3572 ιι
1439 3535 1492 3589 ἰη
1533 3534 1621 3589 illa
1661 3535 1749 3590 die
1782 3536 2030 3592 sordidus
2062 3537 2118 3609 ἀ,

534 3623 712 3690 fuerit,
734 3640 798 3680 ac
811 3626 1065 3696 pollutus,
1084 3626 1317 3681 natalem
1338 3623 1560 3689 Christi,
1586 3634 1880 3696 votumque
1897 3643 2002 3681 non
2021 3644 2116 3681 cu-

533 3721 636 3768 rat.
663 3713 876 3770 Intersit
904 3715 1029 3770 licet
1057 3714 1339 3770 dominica:
1361 3715 1642 3770 festivitati
1661 3730 1908 3786 corpore,
1932 3725 2114 3772 mente

551 3905 681 3958 iiosa
702 3922 803 3956 non
829 3905 980 3958 desit.
1003 3904 1060 3958 In
1089 3903 1210 3959 cod.
1237 3912 1418 3958 autem
1439 3921 1632 3958 CLXXIV
1661 3906 1788 3960 bibl.
1805 3907 1946 3960 tedii.
1963 3908 2107 3962 Eccl.

563 3974 606 4026 Ι.
638 3972 903 4040 Florent.,
935 3990 986 4041 p.
1019 3971 1111 4046 9i,
1137 3981 1370 4046 atergo,
1396 3974 1469 4027 ita
1499 3975 1694 4042 legitur
1721 3993 1734 4027 :
1771 3975 1840 4030 Ut
1865 3977 1922 4030 in
1945 3994 2113 4046 quan~

535 4053 643 4096 tum
671 4058 968 4117 priurogare
995 4043 1236 4117 voluerit,
1267 4045 1319 4096 in
1342 4052 1541 4117 tantum
1565 4047 1876 4117 prterogatio
1903 4043 2112 4117 copiosa

534 4127 638 4188 non
668 4112 836 4188 desit,
875 4121 923 4188 et
968 4112 1350 4188 antecellimus
1391 4112 1627 4188 donandi
1681 4112 1926 4188 deﬁciat,
1956 4112 2111 4188 quam

535 4181 826 4252 substantia
874 4181 1150 4252 largiendi.
1181 4181 1368 4238 Codex
1408 4199 1542 4239 vero
1595 4185 1653 4239 8.
1692 4181 1879 4240 crucis
1906 4181 2108 4242 in'Jer.

537 4249 730 4327 habet:
760 4249 1021 4327 Quantum
1047 4267 1326 4327 prorogare
1353 4254 1589 4327 voluerit;
1615 4257 1672 4309 in
1701 4265 1902 4327 tantum
1925 4273 2111 4327 proro-

537 4323 680 4392 gatio
704 4324 913 4392 copiosa
942 4339 1045 4376 non
1065 4322 1228 4392 desit,
1257 4333 1306 4376 et
1335 4333 1456 4378 ante
1483 4326 1721 4392 voluntas
1755 4322 1989 4380 donandi
2025 4327 2118 4380 de-

538 4389 700 4460 ﬁciat,
718 4389 828 4462 etc.
856 4389 1142 4462 Postremo
1156 4389 1366 4448 codices
1384 4395 1502 4447 Vat.
1525 4390 1650 4461 455,
1675 4393 1799 4462 455,
1821 4405 1878 4449 et
1897 4396 2117 4450 Modoe—

539 4462 670 4514 lien.
703 4461 807 4514 455
831 4479 843 4514 :
875 4460 940 4514 In
969 4474 1213 4532 quantum
1256 4466 1529 4534 prorogari
1556 4460 1804 4530 voluerit,
1834 4468 1890 4519 in
1916 4475 2117 4520 tantum

538 4533 854 4602 prorogatio;
866 4534 1076 4602 copiosa
1113 4533 1397 4602 non__desit.

612 4612 638 4636 ο·
660 4598 794 4655 Cod.
841 4598 956 4654 Vat.
985 4599 1117 4668 Reg.
1150 4598 1272 4669 19.5,
1293 4609 1445 4655 tanta
1472 4603 1800 4672 apparitione
1829 4604 2117 4675 suscipiunt

540 4685 642 4741 qua
659 4708 694 4741 ,Α
705 4679 811 4725 etc.

2217 3275 2245 3316 ιι
2279 3265 2576 3318 unitatores
2623 3261 2832 3317 Domini
2859 3273 2879 3299 τ
2915 3261 3102 3316 nostri.
3135 3260 3194 3315 Si
3221 3261 3364 3315 enim
3393 3260 3485 3314 ille
3525 3273 3798 3330 pauperes

2165 3382 2178 3392 -
2215 3357 2270 3411 in
2292 3355 2499 3410 ctelesti
2531 3363 2552 3390 ε
2577 3355 2747 3422 gratia
2795 3354 2964 3408 voluit
2993 3352 3148 3406 nobis
3196 3367 3318 3406 esse
3343 3358 3623 3405 consortes
3645 3390 3661 3416 ,
3700 3365 3800 3403 cur

2218 3445 2374 3500 nobis
2401 3460 2510 3498 non
2531 3444 2638 3498 sint
2680 3444 2732 3496 in
2761 3442 3058 3498 substantia
3094 3449 3307 3495 terrena
3337 3439 3651 3494 consortes?
3686 3437 3802 3493 Nec

2214 3535 2457 3590 extranei
2490 3535 2508 3570 ί
2541 3540 2665 3589 sunt
2705 3533 2972 3587 alimoniis
2994 3571 3010 3598 ,
3040 3533 3130 3602 qui
3157 3531 3204 3600 5
3230 3530 3423 3586 fratres
3463 3537 3586 3586 sunt
3612 3545 3796 3584 sacra-

2219 3625 2436 3689 mentis,
2469 3623 2571 3677 nisi
2596 3623 2740 3692 quod
2763 3622 2960 3677 rectius
2989 3620 3131 3692 apud
3161 3620 3330 3674 Deum
3371 3635 3470 3690 per
3499 3619 3646 3688 ipsos
3683 3620 3799 3687 agi-

2219 3731 2340 3771 mus
2365 3728 2582 3770 causam
2629 3721 2866 3768 nostram
2892 3753 2910 3780 ,
2937 3720 2997 3767 ut
3025 3711 3223 3768 nostris
3248 3720 3275 3748 ιι
3302 3725 3396 3765 eos
3423 3711 3633 3764 alamus
3657 3725 3795 3764 sum-

2217 3911 2558 3964 conscientias
2574 3947 2588 3970 ,
2618 3917 2724 3965 etc.

2276 3984 2308 4062 ,ι
2334 3979 2491 4062 tidem
2532 3979 2667 4034 CoJ.
2715 3979 2775 4034 S.
2823 3978 3010 4036 Crucis
3039 3981 3093 4036 in
3131 3979 3265 4046 Jcr.,
3322 3981 3641 4036 immaculati
3685 3980 3799 4035 Do-

2219 4066 2364 4104 nunt.

2291 4118 2316 4156 κ
2347 4119 2515 4191 Idem,
2540 4117 2781 4191 Quisquis
2802 4120 2938 4173 enim
2963 4121 3020 4173 in
3047 4121 3293 4190 presenti
3319 4121 3593 4191 festivitate
3619 4120 3796 4174 sordi-

2221 4189 2317 4244 dus
2346 4189 2521 4312 fierit,
2551 4207 2613 4242 ac
2637 4189 2884 4259 pollutus,
2913 4197 3017 4270 etc:

2298 4258 2313 4297 1
2369 4261 2491 4312 dem
2521 4258 2683 4312 Cod..
2718 4259 2846 4312 Cum
2883 4275 3017 4312 mutu

2298 4258 2313 4297 1
2346 4258 2498 4330 Idem
2521 4258 2683 4330 Cod.,
2718 4259 2846 4312 Cum
2883 4259 3094 4312 minime
3135 4259 3552 4330 recognoscitur;
3592 4267 3643 4312 et
3679 4260 3805 4311 dum

2221 4329 2397 4398 animo
2417 4329 2813 4398 cultrofﬁciosns
2834 4343 2964 4382 esse.

2295 4399 2330 4418 "'
2355 4396 2486 4453 Cod.
2519 4395 2728 4451 Sancum
2749 4396 2936 4451 Crucis
2963 4399 3014 4450 in
3043 4396 3358 4464 Jerusalem,
3396 4405 3454 4451 et
3489 4395 3803 4458 Martinen.,

2259 4480 2494 4538 replerea
2525 4484 2646 4538 ergo
2686 4466 2941 4534 sublatus,
2985 4468 3159 4538 ligatis
3188 4467 3448 4538 manibus,
3479 4477 3583 4519 etc.
3618 4466 3802 4538 Codex

2221 4534 2493 4663 [Vaticana
2520 4534 2794 4609 propterea
2822 4552 2943 4608 ergo
2969 4534 3201 4592 sublatus
3220 4575 3235 4594 .
3264 4535 3499 4590 manibus
3521 4543 3570 4588 et
3589 4534 3754 4605 pedib.
3779 4552 3805 4588 s

2248 4625 2332 4663 iaa
2358 4624 2419 4661 is.

2248 4609 2419 4661 iaatis.

2267 4626 2419 4678 gruis.

2295 4675 2527 4731 nCodex
2576 4674 2792 4730 Floren.
2835 4673 2893 4729 S.
2944 4672 3130 4730 Crucis
3183 4674 3378 4729 minor.
3429 4682 3680 4730 convent.
3732 4690 3807 4736 IV,

617 4740 642 4777 ι’
671 4739 804 4796 Cod.
847 4738 905 4794 S.
936 4737 1122 4794 Crucis
1159 4739 1212 4793 in
1252 4737 1548 4796 Jerusalem
1576 4783 1592 4809 ,
1633 4759 1734 4814 qua
1769 4760 1864 4798 nos
1901 4760 2121 4799 accnra-
2151 4747 2198 4805 D
2225 4745 2365 4800 Plut.
2391 4747 2478 4810 55,
2513 4747 2563 4798 in
2589 4743 2946 4798 Lanrentiana
2975 4745 3110 4798 mire
3147 4745 3394 4812 congruit
3435 4744 3605 4798 textui
3644 4743 3812 4798 Gale-

541 4809 700 4862 tione.

621 4889 643 4916 °
673 4879 806 4933 Cod.
839 4879 961 4933 Vat.
987 4879 1112 4945 455,
1145 4893 1477 4932 successores.

613 4946 641 4983 ιι
672 4950 804 5002 Cod.
837 4951 892 5004 S.
927 4951 1125 5006 Crucis'
1152 4952 1205 5005 in
1243 4948 1379 5017 leta,
1413 4949 1592 5014 Qualis
1632 4961 1798 5004 autem
1830 4961 2010 5006 nostra
2038 4969 2118 5007 re-

546 5021 857 5086 muneratio,
880 5029 982 5073 etc.

629 5095 652 5158 ξ’
688 5085 1202 5158 βοςὶέβειηιὺθτοηη
1226 5090 1410 5143 merita
1438 5090 1692 5143 cordium.

622 5153 645 5238 ξ
837 5155 959 5238 Vat:
983 5153 1525 5238 ﬂeg._la5_,_contenti
1556 5159 1936 5238 misericordia.

620 5234 646 5295 tt
675 5225 808 5278 Cod.
837 5226 976 5278 aedil.
1013 5225 1213 5284 Eccles.
1241 5225 1503 5295 Florent.,
1524 5231 1750 5284 moribus
1775 5230 2040 5284 adornati.

621 5293 646 5379 ξ
675 5295 809 5379 Cod.
840 5295 961 5379 ‘Vat.
997 5295 1127 5379 [leg
1153 5299 1274 5379 ξὸ,
1297 5293 1499 5379 omittit
1520 5317 1653 5354 vere.

626 5364 659 5440 1‘
679 5364 812 5440 Cod.
840 5365 961 5420 Vat.
993 5364 1128 5440 4'55:
1155 5367 1459 5440 audemus
1488 5386 1725 5440 corpora,
1749 5367 2114 5423 conscientiam

547 5437 898 5506 puri/icemus,
919 5446 968 5488 et
992 5436 1267 5506 splendidi.
1300 5449 1350 5492 et
1385 5441 1499 5493 sine
1553 5436 1753 5492 macula
1793 5439 2113 5492 immaculati

549 5505 760 5575 Domini
786 5509 1122 5575 suscipiamus
1161 5505 1449 5560 adventum.
1493 5509 1636 5564 [lem
1675 5511 1848 5563 colex
1876 5508 2014 5561 :Bt'lll.
2047 5507 2108 5561 Ε.

550 5574 736 5648 l"lor._:
769 5574 930 5648 Atque
953 5575 1085 5638 ideo,
1126 5576 1468 5640 dilectissimi,
1495 5588 1547 5630 ut
1573 5577 1925 5648 spiritualibus
1955 5577 2108 5630 indu-

549 5645 733 5699 mentis
763 5645 962 5699 animas
979 5657 1178 5699 nostras
1197 5660 1434 5698 ornamus
1457 5686 1471 5708 ,
1495 5656 1544 5698 et
1572 5645 1627 5699 ut
1657 5649 1710 5700 in
1731 5659 2110 5716 superuentura:

551 5718 715 5770 noctis
769 5717 953 5785 uigiliis
1004 5717 1270 5784 pervigiles
1310 5729 1420 5768 esse
1464 5720 1748 5782 possimus,
1803 5721 2105 5772 mandemus

2222 4817 2435 4871 siniano
2466 4833 2478 4867 :
2513 4815 2812 4882 Suscepturi
2838 4816 3065 4868 natalem
3094 4814 3228 4868 diem
3251 4815 3483 4868 Domini.

2297 4894 2322 4920 °
2352 4885 2532 4940 Codex
2551 4883 2712 4937 IEdil.
2737 4883 2868 4938 eecl.
2896 4883 3066 4951 Flor.,
3082 4894 3138 4937 ut
3159 4885 3216 4936 in
3243 4885 3326 4937 die
3345 4893 3548 4948 sancta,
3566 4883 3812 4953 quwjum

2225 4955 2630 5023 superimminet,
2659 4955 2926 5023 sit,__unde,
2949 4963 3053 5008 etc.

2299 5035 2327 5076 ιδ
2351 5023 2485 5079 Cod.
2520 5022 2642 5076 Vat.
2672 5021 2795 5086 455,
2821 5030 2910 5094 aut
2954 5024 3066 5094 quis
3094 5023 3192 5094 erit
3224 5029 3419 5094 nostra:
3447 5021 3702 5075 orationis
3723 5021 3812 5085 ef-

2227 5096 2409 5166 fectus.
2437 5091 3035 5166 cumnpetimgslilterari
3055 5092 3129 5166 gl)
3159 5091 3416 5166 inimico?

2297 5172 2324 5214 ς
2356 5164 2500 5218 Idem
2530 5160 2663 5217 God.
2695 5161 2859 5216 IEilil.
2887 5162 3022 5217 eccl.
3055 5161 3226 5227 Flor.,
3259 5162 3434 5216 Simus
3466 5160 3660 5225 itaque,
3691 5161 3812 5229 [ra-

2227 5241 2351 5297 tres,
2382 5234 2666 5286 imitatores
2696 5231 2910 5286 Domini
2931 5233 3116 5286 nostri.
3148 5232 3207 5287 Si
3228 5231 3313 5285 ille
3341 5246 3591 5300 pauperes
3628 5229 3682 5282 in
3707 5246 3809 5282 ca:-

2222 5303 2338 5356 lesti
2367 5303 2537 5366 gloria
2565 5301 2721 5355 coluit
2750 5301 2899 5355 nobis
2916 5317 3029 5355 esse
3049 5310 3312 5356 consortes
3331 5339 3344 5366 ,
3374 5312 3479 5354 etc.

2291 5383 2312 5409 ι’
2345 5371 2482 5426 Cod.
2517 5371 2801 5424 Martinen.
2829 5371 3031 5424 omittit
3057 5372 3241 5426 nostri.

2287 5449 2310 5478 ι·
2335 5441 2481 5512 Idem
2501 5439 2635 5512 Cod.
2666 5440 2829 5512 habet
2853 5441 3020 5512 gloria
3042 5457 3139 5512 pro
3161 5439 3560 5512 gratialtostra:

2290 5513 2309 5547 ⁸
2342 5511 2475 5565 Cod.
2501 5510 2559 5564 S.
2589 5508 2776 5563 Crucis
2818 5501 2874 5562 in
2916 5501 3216 5564 Jerusalem
3253 5518 3311 5564 et
3343 5508 3460 5562 Vat.
3513 5505 3648 5574 Reg.
3682 5501 3819 5574 125,

2214 5597 2309 5635 nec
2328 5581 2567 5635 extranei
2590 5581 2695 5632 sint
2714 5580 3002 5646 alimoniis,
3031 5592 3134 5635 etc.

2284 5659 2311 5686 υ
2341 5650 2396 5708 In
2421 5651 2542 5708 cod.
2576 5649 2865 5704 Martinen.
2893 5648 3048 5706 deest
3069 5667 3176 5704 eos.
