4042 6192
542 306 639 360 227

1769 303 1821 358 S.
1861 301 2102 357 MAXIM!
2140 301 2591 357 TAURINENSIS

3699 308 3806 363 228

539 420 854 488 relinquetur
882 414 1032 488 (Luc.
1064 432 1200 483 xvu;
1233 416 1423 470 Matth.
1454 416 1625 483 xxxv),
1660 402 1795 470 nhic
1822 414 1937 483 jam
1950 430 2132 470 resur-
2159 422 2205 476 Α
2235 413 2328 468 tiat
2354 424 2553 480 castus,
2598 414 2815 470 humilis
2856 425 2913 470 et
2950 416 3225 471 modestus
3273 435 3287 470 :
3326 417 3396 473 de
3430 433 3543 488 quo
3575 417 3602 457 ἰ
3632 428 3805 478 strato

540 500 795 564 rectionis
822 508 1071 561 meritum
1100 507 1518 571 demonstratur,
1555 505 1699 574 quod
1738 521 1837 575 pro
1865 505 2124 574 qualitate

539 598 751 653 vivendi
793 598 867 651 sit
903 597 1073 666 gratia
1103 596 1428 665 resurgendi,
1461 611 1524 651 ac
1552 604 1754 649 tantam
1801 596 1857 649 in
1901 595 2124 663 singulis

540 689 841 757 quibusque
869 687 1280 741 resurrectionis
1306 700 1427 741 esse
1473 685 1806 753 distantiam,
1832 692 1889 739 ut
1915 684 2125 740 duobus

541 778 704 831 etiam
733 777 934 847 pariter
960 776 1368 841 dormientibus,
1401 783 1456 830 et
1478 791 1582 830 una
1624 776 1754 829 sede
1789 775 2121 843 quiescenti—

541 868 666 935 bus,
712 868 934 937 aequalis
979 882 1086 921 non
1132 868 1304 937 possit
1339 881 1460 923 esse
1505 867 1821 937 assumptio.
1868 866 2124 933 Quamvis

540 960 684 1014 enim
709 960 903 1015 eodem
934 960 1192 1016 consortii
1218 959 1418 1015 lectulo
1446 967 1760 1023 teneantur,
1789 974 1889 1028 pro
1916 959 2124 1013 meritis

539 1062 719 1109 tamen
748 1054 884 1109 alter
918 1070 1106 1110 eorum
1151 1055 1391 1125 rapietur
1433 1052 1504 1107 ad
1545 1054 1764 1120 omium,
1794 1053 1931 1106 alter
1956 1052 2123 1106 relin-

538 1151 735 1214 quetur
761 1146 816 1198 in
845 1145 1018 1199 terris.
1051 1143 1246 1201 Lectus
1266 1143 1481 1213 quidem
1510 1151 1695 1198 noster
1716 1141 2019 1196 communis
2040 1147 2124 1195 est

539 1242 701 1289 terrae
728 1234 885 1303 hujus
904 1234 1288 1303 amplissimum
1316 1234 1511 1301 solum;
1540 1232 1592 1286 in
1618 1246 1727 1301 quo
1756 1246 1987 1300 corpora
2025 1246 2124 1285 no—

538 1333 652 1377 stra
680 1324 923 1392 deposita
951 1324 1215 1377 tutissima
1244 1322 1374 1377 sede
1401 1322 1763 1389 requiescunt.
1807 1319 1866 1374 in
1894 1320 1997 1374 hoc
2022 1333 2122 1372 au-

539 1421 649 1467 tem
693 1413 891 1467 lectulo
930 1413 1020 1467 ille
1046 1413 1262 1467 mollius
1300 1411 1518 1479 dormit,
1564 1412 1805 1480 quisquis
1842 1411 2026 1465 durius
2068 1411 2121 1464 in

539 1503 649 1556 vita
678 1519 735 1557 se
763 1503 1007 1571 gesserit.
1033 1500 1322 1557 Possumus
1361 1501 1504 1554 enim
1532 1501 1648 1571 ipsa
1674 1500 1915 1555 membra
1939 1509 2121 1555 nostra

539 1591 767 1645 lectulos
793 1600 1006 1645 nostros
1033 1591 1282 1660 proprios
1328 1606 1661 1660 nuncupare,
1710 1591 1761 1645 in
1785 1591 1977 1661 quibus
2002 1591 2121 1644 ani-

537 1697 640 1736 ma:
662 1689 856 1737 nostra:
885 1682 912 1721 ι’
942 1683 998 1737 in
1025 1682 1259 1752 quodam
1284 1690 1454 1736 strato
1490 1682 1801 1737 suavissime
1830 1680 2119 1736 demoran-

2224 505 2572 575 spiritualiter
2599 505 2665 560 ad
2688 506 3044 577 paralyticum
3090 507 3292 561 dictum
3335 517 3416 561 est
3457 524 3490 562 a
3528 509 3759 567 Domino
3785 530 3802 565 :

2229 596 2398 668 Surge
2431 614 2451 650 :
2484 597 2608 651 tolle
2639 607 2664 635 ο
2707 598 2891 651 lectum
2937 607 3099 664 tuum,
3136 608 3187 652 et
3227 598 3436 653 ambula
3462 600 3677 670 (Matth.
3720 618 3800 670 tt;

2226 684 2352 739 Lac.
2385 686 2463 756 v).
2514 685 2631 740 Non
2679 686 2823 740 enim
2871 696 2976 740 tam
3022 687 3078 741 in
3113 702 3182 741 eo
3209 688 3576 745 admirationis
3602 690 3804 760 aliquid

2223 784 2361 843 erat,
2408 783 2468 829 ut
2508 775 2769 830 contracti
2812 776 2993 831 lectuli
3038 776 3271 857 ligneam
3315 786 3518 833 cratem
3564 789 3814 852 portaret

2221 864 2571 936 paralyticus,
2592 879 2753 933 quam
2800 874 2861 919 ut
2904 866 3127 920 resoluti
3165 869 3407 937 corporis
3447 870 3709 939 membra,
3750 880 3810 928 et

2222 954 2499 1009 debilitate
2536 950 2840 1024 confracti,
2882 955 3026 1009 velut
3062 957 3255 1011 animae
3299 972 3410 1012 suae
3448 962 3806 1017 necessariam

2224 1045 2479 1100 lectulum
2507 1045 2835 1117 paralyticus
2873 1047 2989 1115 ipse
3025 1054 3282 1114 gestaret,
3306 1055 3365 1103 et
3400 1064 3587 1104 coram
3618 1052 3809 1119 positis

2220 1134 2417 1191 Judaais
2444 1136 2676 1206 propriis
2703 1136 2878 1191 abiret
2901 1136 3144 1205 pedibus,
3177 1138 3269 1206 qui
3315 1139 3564 1194 manibus
3608 1141 3805 1194 allatus

2223 1227 2397 1282 fuerat
2423 1227 2631 1282 alienis.
2662 1226 2721 1280 In
2763 1227 2868 1281 hoc
2896 1226 3054 1296 plane
3078 1227 3239 1298 (sicut
3264 1227 3402 1298 dixi)
3425 1230 3692 1299 completa
3722 1238 3804 1286 est

2222 1318 2536 1389 prophetica
2577 1317 2666 1372 illa
2706 1317 2972 1372 sententia
3008 1335 3020 1370 :
3062 1317 3291 1372 Versasti
3324 1328 3545 1373 stratum
3586 1321 3697 1391 ejus
3747 1310 3803 1375 in

2219 1411 2523 1480 inﬁrmitate
2539 1410 2685 1480 ejus;
2703 1407 2723 1446 ί
2741 1416 2797 1464 et
2818 1423 2970 1463 versa
2986 1408 3103 1464 vice
3123 1418 3363 1478 portaret
3397 1410 3593 1464 lectum
3621 1413 3673 1464 in
3694 1427 3805 1480 quo

2223 1502 2401 1556 fuerat
2427 1501 2591 1571 paulo
2612 1510 2739 1555 ante
2760 1509 3019 1570 portatus,
3044 1510 3100 1555 et
3118 1501 3296 1555 anima
3324 1502 3486 1569 illius,
3512 1519 3631 1572 qum
3658 1503 3805 1572 prius

2224 1591 2438 1647 vasculo
2466 1591 2707 1660 corporis
2735 1590 3026 1656 ferebatur,
3054 1597 3242 1661 postea
3272 1607 3469 1660 corpus
3496 1608 3653 1647 suum
3680 1594 3803 1662 ipsa

2222 1682 2405 1737 utilius
2439 1678 2823 1735 circumferret.
2856 1679 3043 1735 Potest
3096 1680 3255 1734 etiam
3284 1681 3473 1750 accipi,
3500 1682 3643 1751 quod
3683 1683 3799 1736 ait:

539 1782 657 1838 tur;
680 1774 822 1843 quoi
850 1773 1068 1842 quidem
1096 1784 1338 1827 sanctqu
1371 1772 1690 1842 prophetam
1718 1773 1951 1827 sensisse
1980 1773 2121 1826 arbi-
2156 1784 2195 1840 ιι
2225 1773 2395 1827 Erunt
2416 1773 2515 1827 duo
2540 1773 2594 1825 in
2618 1773 2750 1826 lecto
2770 1789 2894 1840 uno,
2915 1789 3049 1825 unus
3070 1782 3379 1829 assumatur.
3404 1782 3452 1825 et
3487 1790 3620 1826 unus
3642 1775 3802 1827 relin—

536 1871 673 1932 tror,
700 1881 824 1919 cum
864 1865 992 1919 dicit
1022 1882 1035 1917 :
1071 1864 1374 1919 Universum
1406 1866 1462 1935 8
1488 1875 1711 1918 stratum
1749 1865 1862 1935 ejus
1903 1866 2119 1919 versasti

535 1955 591 2006 in
620 1955 921 2024 inﬁrmitate
948 1955 1059 2025 ejus
1090 1953 1272 2025 (Psal.
1304 1954 1417 2024 xv).
1465 1952 1663 2007 Beatus
1710 1953 1853 2007 enim
1898 1961 1982 2007 est
2010 1954 2121 2021 ille,

538 2043 693 2112 cujus
713 2052 938 2099 stratum
961 2043 1219 2099 Dominus
1242 2044 1296 2098 in
1321 2044 1485 2113 ipsius
1504 2042 1815 2098 infirmitate
1844 2056 1864 2081 ε
1897 2058 2121 2097 conver-

538 2133 634 2198 tit;
667 2142 724 2186 ιιι
751 2134 843 2200 qui
872 2135 1045 2189 fuerat
1083 2135 1242 2204 paulo
1270 2144 1397 2189 ante
1441 2135 1759 2202 iracundus,
1808 2136 2039 2202 adulter,
2067 2144 2123 2189 et

536 2223 803 2293 petulans,
849 2232 904 2279 et
939 2232 1256 2280 cunctorum
1285 2227 1548 2281 scelerum
1577 2227 1976 2282 infirmitatibus
2003 2227 2121 2296 ple-

537 2329 659 2382 nus,
687 2323 961 2371 assuetum
999 2331 1198 2380 corpus
1235 2316 1353 2386 ejus
1395 2317 1539 2372 malo
1568 2332 1790 2373 versans
1836 2316 2119 2387 Dominus,

2221 1875 2423 1935 quetur,
2456 1862 2884 1918 Christianorum
2917 1863 3069 1932 plebs
3097 1870 3153 1918 et
3180 1863 3408 1932 populus
3446 1861 3756 1918 indecorum
3783 1906 3803 1931 ,

2225 1955 2318 2024 qui
2346 1957 2495 2011 velut
2523 1970 2629 2009 uno
2659 1955 2873 2021 lectulo,
2906 1956 3010 2010 hoc
3036 1963 3119 2010 est
3143 1971 3249 2010 una
3277 1956 3652 2010 mandatorum
3682 1957 3803 2026 lege

2221 2053 2497 2113 tenentur,
2527 2052 2583 2099 et
2610 2045 2778 2099 veluti
2823 2040 2984 2101 simili
3029 2045 3435 2101 resurrectionis
3472 2045 3653 2116 specie
3678 2045 3803 2114 glo-

2222 2138 2445 2191 riantur.
2482 2136 2633 2191 Tunc
2673 2136 2840 2205 igitur
2873 2133 3297 2192 Christianorum
3342 2136 3533 2191 beatus
3571 2135 3805 2207 populus

2233 2236 2536 2284 assumetur
2564 2228 2615 2282 in
2643 2228 2888 2297 gloriam,
2920 2237 2947 2275 ι
2974 2225 3281 2282 Judzeorum
3303 2235 3481 2283 autem
3502 2235 3804 2284 conventus

2224 2320 2558 2389 relinquetur
2587 2319 2637 2374 in
2667 2327 2832 2374 terra.

1923 2454 2272 2518 HOMILIA
2309 2455 2419 2518 III.

1731 2553 1898 2626 Super
1916 2558 2098 2611 eadem
2126 2559 2281 2613 verba
2303 2557 2597 2628 Evangelii.

1974 2644 2370 2703 ADMONITIO.

602 2740 659 2810 9
676 2736 873 2810 Patens
894 2735 1053 2805 hujus
1070 2735 1311 2810 humilia:
1335 2750 1459 2810 cum
1477 2735 1958 2810 superioreoexus,
1982 2746 2048 2810 et
2052 2736 2322 2810 colligatio
2335 2734 2468 2810 _sati_s
2482 2734 2717 2810 ostendit
2734 2746 3015 2810 utramque
3042 2735 3230 2810 eodem
3247 2751 3327 2810 _ex
3356 2734 3503 2810 fonte
3529 2751 3797 2810 manasse.

540 2803 882 2864 At'certiores
903 2803 1004 2862 nos
1028 2807 1243 2875 quidem
1265 2806 1495 2875 reddunt
1518 2803 1643 2860 mss.
1669 2806 1898 2875 codices,
1931 2812 1990 2859 ut
2017 2805 2396 2875 Sangallensis,
2416 2803 2829 2875 iLambaceosis.
2842 2804 2900 2860 8.
2940 2804 3127 2860 Crucis
3155 2806 3207 2860 in
3234 2805 3344 2861 Jer.
3375 2806 3445 2859 90
3479 2819 3535 2861 et
3560 2805 3646 2871 99,
3673 2806 3802 2862 Val-

535 2879 813 2934 licellanus
836 2894 894 2941 u,
922 2872 1211 2932 Vaticanus
1240 2891 1378 2945 unus
1396 2872 1550 2939 1267,
1575 2889 1711 2945 ιιιιεἒ
1734 2874 1819 2940 15,
1847 2872 2256 2945 Νονειισὶοιιῇ27,
2287 2874 2458 2945 ρ.ί18,
2490 2876 2577 2929 cui
2603 2875 2736 2945 item
2774 2875 2832 2929 8.
2862 2874 3078 2929 Maximi
3108 2891 3302 2930 nomen
3330 2876 3604 2943 praefixum
3641 2877 3802 2931 exhi-

536 2948 683 3002 bent.
714 2946 825 3002 Nec
842 2946 1064 3002 dissidet
1083 2944 1537 3007 Joan.'Gillotius,
1565 2942 1654 3012 qui
1685 2943 1901 2999 Parisiis
1921 2960 2018 3014 an.
2044 2942 2179 2998 1569
2206 2942 2472 3000 ιοόιιᾱθηε
2495 2944 2553 3000 8.
2582 2943 2850 2999 Ambrosii
2877 2960 3061 3014 opera,
3093 2954 3150 3000 et
3172 2947 3310 3003 hanc
3336 2942 3608 3000 homiliam
3621 2946 3802 3001 collo-

536 3032 668 3072 cans
695 3033 842 3070 num.
869 3014 939 3069 29
985 3030 1310 3078 sermonum,
1343 3020 1621 3084 annotavit
1648 3015 1701 3068 in
1744 3028 1913 3083 marg.
1945 3033 1958 3067 :
1991 3013 2139 3068 Idem
2167 3014 2316 3068 habet
2346 3014 2611 3068 Maximus
2645 3013 3072 3077 Mediolanensis,
3103 3014 3250 3084 quod
3278 3032 3466 3070 errans
3493 3016 3644 3079 dixit,
3672 3015 3805 3071 Fuit

535 3087 678 3141 enim
698 3085 959 3140 Maximus
990 3084 1341 3155 Taurinensis.
1372 3083 1477 3138 Sed
1496 3083 1567 3138 ad
1589 3083 1879 3155 ﬁrmiorem
1907 3085 2096 3140 borum
2127 3085 2503 3155 auctoritatem
2531 3085 2736 3155 optime
2774 3085 3025 3155 conducit
3051 3084 3261 3155 Alcuini
3286 3086 3666 3148 testimonium,
3699 3087 3796 3155 qui

535 3171 633 3211 suo
662 3157 714 3210 in
741 3156 1054 3211 llomiliario
1070 3154 1241 3226 Venet
1275 3154 1405 3208 edit.
1429 3169 1615 3226 seria,
1634 3153 1668 3206 4
1689 3154 1882 3226 ριιεςκ8,
1900 3169 2018 3226 eam
2029 3154 2195 3209 subs.
2211 3155 2426 3209 Maximi
2454 3153 2615 3226 tradit
2640 3154 2710 3226 ad
2725 3154 3013 3226 secundam
3036 3154 3357 3226 dominicam
3381 3154 3673 3218 Adventus;
3694 3153 3805 3226 ipsi

575 3226 865 3281 osteriores
885 3241 1071 3279 omnes
1090 3223 1326 3279 editores
1354 3224 1777 3280 conformantur.
1804 3223 1958 3291 Quod
1987 3226 2031 3279 si
2059 3226 2113 3278 in
2136 3226 2453 3293 quibusdam
2473 3224 2752 3294 codicibus
2771 3223 2829 3277 S.
2851 3224 3134 3279 Ambrosio
3155 3226 3453 3289 ascribitur,
3481 3226 3532 3280 lii
3555 3223 3803 3294 profecto

575 3242 865 3281 oStertores
885 3242 1071 3279 omnes
1090 3242 1326 3279 cultores
1354 3242 1777 3280 couiormamur.
1804 3242 1958 3291 uuou
1987 3242 2031 3279 sn
2059 3242 2113 3278 in
2136 3242 2453 3293 quibusnam
2473 3242 2752 3280 cooicmus
2772 3242 2829 3277 δ.
2851 3242 3134 3279 nmorosio
3155 3242 3453 3289 ascrmuur,
3481 3242 3532 3280 tu
3555 3242 3803 3294 prouecta

536 3242 765 3350 {iubendi
793 3304 918 3350 sunt
944 3296 1168 3360 minimi,
1192 3310 1313 3349 cum
1343 3309 1517 3364 neque
1555 3310 1797 3357 numero,
1831 3309 2004 3363 neque
2032 3295 2350 3364 antiquitate
2375 3295 2609 3350 Maximo
2638 3292 2939 3364 faventibus
2981 3294 3087 3348 sint
3120 3294 3454 3364 coasquandi.
3496 3295 3807 3353 Monendus

535 3380 700 3434 porro
725 3367 894 3421 lector
915 3365 1003 3420 hic
1029 3375 1131 3430 est,
1163 3364 1406 3419 additum
1430 3362 1467 3418 ξι
1494 3366 1650 3418 nobis
1690 3366 1814 3434 huic
1840 3362 2016 3419 eidem
2054 3362 2291 3420 homilim
2345 3364 2707 3434 fragmentum
2732 3362 2968 3417 nondum
2998 3364 3218 3434 editum,
3241 3362 3389 3433 quod
3417 3379 3484 3419 ex
3513 3364 3806 3421 codicibus

535 3431 892 3505 Saugallensi,
925 3435 1162 3491 Floreat.
1184 3452 1223 3498 ι,
1254 3434 1396 3490 Plut.
1426 3451 1535 3489 xw.
1561 3435 1689 3490 bibl.
1717 3433 1910 3490 Medic.
1943 3434 2223 3499 Laurent.,
2255 3443 2311 3490 et
2332 3434 2401 3487 99
2429 3431 2560 3490 bibl.
2591 3433 2648 3488 S.
2680 3433 2868 3489 Crucis
2907 3434 2959 3487 in
2988 3431 3284 3489 Jerusalem
3323 3434 3726 3504 exscripsimus.

536 3572 924 3627 Ancoiiexrmt.
950 3603 1021 3612 ——
1046 3568 1284 3623 Continet
1327 3568 1539 3622 homilia
1581 3568 1811 3622 eamdem
1845 3566 2116 3639 Evangelii
2143 3573 2185 3632 (ζ
2221 3567 2410 3637 quisve
2448 3565 2747 3621 molitionis
2789 3563 3030 3622 effectus.
3067 3565 3209 3620 Nulli
3253 3564 3472 3621 dubium
3518 3576 3623 3630 est,
3654 3572 3809 3639 quod

603 3642 974 3711 expositionem
990 3640 1234 3710 ampliori
1249 3640 1667 3708 interpretatione
1681 3650 2006 3692 exornatam.

604 3753 895 3823 Superiore
924 3753 1207 3807 dominica.
1223 3754 1514 3822 capitulum
1553 3752 1919 3821 evangelicum
1948 3752 2118 3807 disse-

538 3855 720 3901 rentes
748 3854 953 3915 partcm
979 3843 1268 3913 quamdam
1290 3859 1356 3897 ex
1374 3844 1465 3898 illo
1494 3844 1931 3913 perstrinximus;
1954 3858 2116 3912 supe-

536 3943 670 4001 rest,
700 3943 761 3989 ut
812 3934 1089 4002 sequentia
1129 3933 1497 3988 decurramus.
1541 3933 1927 4003 Descripsimus
1972 3934 2116 3990 enim

535 4024 666 4092 quid
693 4031 833 4078 esset
862 4023 1008 4092 quod
1043 4022 1299 4077 Dominus
1324 4023 1402 4077 ait
1432 4041 1444 4076 :
1471 4022 1537 4077 In
1556 4022 1651 4077 illa
1675 4034 1822 4078 nocte
1841 4034 1991 4089 erunt
2013 4024 2115 4080 duo

535 4116 590 4169 in
604 4114 733 4169 lecto
755 4131 877 4180 uno,
895 4122 1033 4180 etc.;
1057 4130 1199 4169 nunc
1213 4127 1340 4182 ergo
1362 4114 1657 4181 videamus,
1678 4114 1825 4183 quod
1853 4116 2117 4186 reliquum

537 4214 624 4260 est
654 4224 668 4260 :
700 4205 832 4262 dicit
858 4206 1005 4262 enim
1030 4202 1057 4242 ιι
1087 4205 1267 4259 divina
1313 4207 1578 4262 sententia
1610 4225 1622 4260 :
1665 4206 1836 4261 Erunt
1862 4208 1978 4262 dua:
2004 4225 2116 4262 mo-

537 4296 699 4352 lentes
725 4299 781 4353 in
824 4299 1080 4366 pistrino;
1110 4314 1215 4351 una
1239 4310 1550 4365 assumetur,
1583 4310 1632 4354 et
1666 4316 1771 4353 una
1807 4300 2119 4371 relinquetur

537 4386 690 4460 (Luc.
720 4389 872 4459 xvu).
892 4386 1126 4442 Primum
1154 4388 1316 4455 igitur
1334 4382 1786 4444 considerandum
1821 4387 1837 4426 ί
1865 4399 1964 4452 est,
1983 4404 2123 4459 quo-

537 4479 704 4535 modo
749 4487 966 4536 constet
1012 4481 1268 4534 molentis
1314 4481 1582 4544 cilicium;
1613 4479 1814 4535 deinde
1860 4495 1978 4549 qua:
2016 4480 2123 4536 sint

536 4568 677 4637 dum,
704 4586 825 4640 qua:
851 4570 1056 4626 molere
1075 4569 1356 4636 dicuntur;
1379 4571 1541 4626 tertio
1566 4571 1694 4641 quid
1724 4572 2003 4642 pistrinum
2028 4573 2115 4637 sit,

607 4785 633 4813 ι
680 4775 864 4831 Codex
907 4772 1076 4843 Vatic.
1131 4770 1302 4825 Palat.
1354 4770 1523 4835 1276,
1574 4774 1774 4843 inquo
1815 4773 1917 4827 alia
1951 4790 2111 4828 manu

540 4844 628 4899 hic
653 4861 833 4901 sermo
861 4841 1144 4899 ascribitur
1172 4842 1474 4906 Ambrosio,
1508 4843 1636 4909 legit
1676 4841 1698 4896 ἐ
1718 4844 1841 4897 Jam
1881 4861 2113 4898 resurre-

537 4916 721 4968 ctionis
748 4917 989 4970 meritum
1017 4913 1418 4979 demonstratur,
1447 4914 1583 4982 quod
1614 4930 1718 4967 non
1740 4930 1835 4983 pro
1863 4915 2110 4985 qualitate

537 4982 735 5036 vivendi
759 4986 847 5036 sit.
870 4992 975 5036 etc.

537 4982 735 5037 vivendi
759 4986 847 5039 sit.
870 4992 975 5039 etc.

1003 5051 1073 5107 Μ.
1104 5050 1238 5107 eccl.
1267 5049 1435 5112 Flor.,
1467 5059 1523 5107 et
1563 5050 1684 5106 cod.
1735 5048 1803 5103 99
1830 5049 1889 5105 S.
1918 5048 2106 5107 Crucis

538 5118 593 5175 in
615 5118 1013 5192 Jer.,_ve_luti_in
1031 5122 1257 5192 quodam
1282 5130 1447 5176 stratu
1472 5122 1773 5175 suavissime
1792 5120 2102 5175 demoratur.

613 5201 637 5229 ο
666 5188 797 5244 Cod.
830 5188 1092 5254 Valliccll,
1122 5194 1365 5246 concutit.

609 5257 634 5297 δ
664 5259 809 5314 Idem
839 5258 982 5319 cod.,
1015 5258 1077 5311 de
1098 5277 1194 5319 quo
1222 5271 1408 5316 stratu.

611 5340 634 5366 ⁶
665 5328 796 5385 Cod.
820 5327 940 5383 Vat.
978 5326 1119 5380 1267
1140 5339 1195 5383 et
1213 5330 1399 5387 Vallic.
1431 5328 1495 5395 II,
1534 5328 1805 5395 grabatum
1836 5338 1994 5383 tuum.

613 5398 632 5436 τ
664 5399 721 5452 In
755 5398 939 5455 codice
971 5413 1012 5464 ι,
1040 5395 1177 5465 Plut.
1220 5416 1325 5454 xxv.
1357 5401 1487 5454 bibl.
1534 5395 1919 5465 Laurentianus,
1961 5408 2016 5453 et
2054 5398 2106 5453 in

538 5468 660 5524 cod.
687 5468 743 5523 S.
779 5466 965 5539 Crucis
1001 5468 1053 5520 in
1089 5464 1286 5539 _Jerus.,
1330 5469 1482 5536 cujus
1512 5469 1672 5539 paulo
1695 5479 1817 5523 ante
1863 5464 2109 5539 memini-

540 5554 681 5608 mus,
711 5538 943 5608 legitur:
969 5537 1157 5608 advice
1203 5552 1348 5608 versa
1392 5537 1621 5608 portaret
1667 5539 1924 5594 lectulum.
1955 5538 2110 5605 Quod

538 5607 677 5663 idem
701 5604 802 5663 fert
828 5606 997 5661 codex
1025 5604 1082 5660 S.
1106 5605 1291 5660 Crucis
1331 5604 1724 5663 in'Jerusalem.

613 5688 639 5725 ε
669 5677 1056 5732 Laurentianus
1086 5676 1225 5732 idem
1253 5676 1397 5735 cod..
1428 5675 1728 5732 Judrcorum
1768 5689 1936 5734 autem
1965 5695 2111 5732 exse-

2219 3660 2424 3714 molere
2453 3660 2606 3713 aliter
2644 3675 2751 3713 non
2781 3667 3014 3725 constat,
3038 3659 3139 3714 nisi
3172 3659 3383 3715 duobus
3412 3660 3680 3730 lapidibus
3703 3680 3808 3735 ap-

2218 3752 2442 3823 paratis,
2466 3759 2522 3805 et
2547 3751 2992 3806 convenientibus
3011 3751 3133 3814 sibi,
3179 3760 3237 3805 ut
3265 3751 3419 3805 alteri
3461 3766 3529 3807 ex
3574 3753 3659 3807 his
3687 3771 3810 3809 ma-

2217 3843 2442 3910 gnitudo
2462 3842 2683 3896 alterius
2705 3842 3038 3912 imponatur:
3062 3852 3118 3897 et
3137 3843 3284 3898 illum
3298 3842 3517 3912 quidem
3541 3844 3805 3915 lapidem,

2217 3935 2310 4003 qui
2335 3935 2348 3983 l
2380 3935 2528 4004 prior
2554 3935 2827 4000 sternitur,
2852 3950 2971 3990 esse
2998 3936 3204 4005 pigrum
3228 3942 3283 3990 et
3302 3935 3531 4003 tardum,
3556 3947 3613 3991 et
3639 3953 3806 4008 pene,

2219 4032 2279 4079 ut
2305 4024 2378 4078 ita
2409 4024 2656 4091 dixerim,
2700 4018 2933 4080 otiosum
2964 4041 3030 4082 ac
3073 4028 3175 4082 nisi
3198 4028 3489 4097 superioris
3509 4030 3810 4101 participa-

2222 4117 2371 4171 tione
2391 4116 2587 4186 lapidis
2628 4127 2913 4172 ornaretur
2961 4119 3008 4182 ιι,
3041 4117 3268 4173 fors'tan
3315 4120 3653 4174 necessarius
3692 4137 3810 4177 non

2219 4209 2515 4265 videretur.
2543 4210 2620 4264 lta
2642 4210 2770 4265 dum
2800 4209 2889 4265 ille
2918 4218 3192 4281 operatur,
3226 4211 3390 4266 etiam
3419 4211 3520 4266 iste
3549 4211 3701 4267 utilis
3723 4214 3813 4268 in-

2221 4302 2449 4356 venitur.
2480 4301 2575 4357 ille
2596 4311 2776 4357 autem
2801 4299 2845 4368 ι,
2871 4303 2925 4357 id
2951 4310 3035 4359 est
3061 4304 3309 4374 superior
3327 4304 3463 4374 lapis
3489 4313 3529 4342 ιιι
3558 4312 3673 4358 tota
3706 4322 3811 4361 ve-

2220 4389 2439 4444 locitate
2467 4390 2646 4459 operis
2674 4379 3070 4455 circumfertur,
3099 4402 3159 4447 ut
3181 4392 3372 4448 fallens
3390 4393 3580 4449 oculos
3603 4394 3661 4448 in
3681 4395 3811 4465 ipsa

2219 4480 2498 4535 celeritate
2525 4487 2670 4535 stare
2696 4482 2978 4547 credatur,
3008 4491 3064 4537 et
3083 4492 3302 4553 putetur
3321 4483 3609 4540 immobilis
3652 4501 3810 4551 esse,

2221 4572 2347 4627 dum
2371 4574 2559 4629 currit.
2589 4572 2688 4639 Qui
2709 4583 2911 4643 quanto
2936 4574 3224 4631 violentius
3256 4583 3409 4633 actus
3435 4574 3613 4642 fuerit,
3643 4585 3814 4633 tanto

2219 4772 2430 4827 crabilis
2454 4783 2751 4828 conventus.
2787 4773 2967 4828 Codex
2996 4789 3125 4829 vero
3164 4772 3233 4826 99
3268 4774 3325 4830 S.
3364 4775 3549 4832 Crucis
3590 4778 3646 4834 in
3674 4778 3809 4839 Jer.

2215 4857 2315 4918 ριιρ
2344 4843 2734 4918 telipqnezurin
2770 4845 3101 4918 ter-raliabet
3140 4845 3455 4918 relinquetur
3484 4850 3538 4901 in
3571 4860 3814 4911 tartara.

2283 4909 2310 4948 ιι
2349 4911 2406 4981 lin
2424 4909 2555 4967 Cod.
2589 4911 2656 4965 99
2693 4912 2747 4967 S.
2781 4911 2967 4968 Crucis
2992 4914 3042 4967 in
3070 4911 3179 4968 Jer.
3221 4909 3433 4981 additur
3449 4919 3649 4973 eadem.

2290 4980 2303 5019 ί
2349 4980 2481 5035 Cod.
2510 4981 2768 5038 Vallicell.
2803 4998 2857 5045 ll,
2890 4980 3324 5039 considerandum
3345 4986 3488 5040 nobis
3513 4997 3609 5041 est.

2286 5056 2300 5103 t
2350 5051 2484 5107 Cod.
2516 5051 2572 5107 S.
2607 5052 2794 5107 Crucis
2824 5053 2874 5106 in
2902 5051 3037 5116 Jer..
3069 5055 3151 5107 cui
3178 5054 3508 5111 conformior
3545 5067 3630 5112 est
3669 5058 3813 5117 Vat.

2212 5118 2368 5179 1267.
2402 5123 2545 5176 ocior
2566 5122 2678 5175 solo
2707 5123 2972 5176 sternitur.
2998 5122 3129 5176 Item
3153 5123 3277 5178 cod.
3311 5124 3432 5180 Vat.
3463 5124 3620 5180 1267.

2133 5181 2184 5239 D
2283 5190 2306 5228 ιε
2350 5190 2587 5255 Uterque
2611 5192 2780 5246 codex
2801 5192 2858 5246 S.
2890 5191 3074 5248 Crucis
3100 5192 3152 5246 in
3182 5193 3290 5249 Jer.
3315 5196 3460 5250 addit
3483 5197 3577 5251 ita.
3609 5195 3815 5255 Codex

2213 5261 2335 5316 Vat.
2368 5261 2507 5315 1267
2533 5261 2697 5316 habet
2723 5272 3042 5318 oneraretur.

2255 5329 2306 5414 ,ι
2349 5329 2481 5414 Cod.
2526 5331 2721 5387 Novar.
2773 5331 2861 5398 27,
2905 5333 2994 5387 ille
3039 5341 3209 5388 autem
3255 5334 3389 5387 idem
3437 5335 3673 5404 superior
3724 5338 3814 5393 la-

2215 5419 2325 5508 Ρηιῖι
2340 5412 2497 5526 θὲῗά.
2529 5469 2789 5540 Sangall.,
2821 5480 2876 5526 et
2922 5471 3041 5528 cod.
3075 5470 3143 5525 99
3178 5470 3232 5527 S.
3281 5471 3466 5529 Crucis
3494 5472 3547 5528 in
3586 5471 3729 5538 Jer.,
3766 5488 3821 5531 et

2217 5551 2360 5594 tanta
2386 5540 2672 5595 velocitate.
2716 5540 2783 5595 Et
2810 5542 2930 5596 cod.
2960 5560 2975 5597 ι
3006 5541 3259 5607 Lauren.,
3293 5544 3390 5596 hac
3426 5552 3573 5597 tanta
3613 5544 3826 5601 veleri~

2217 5614 2322 5665 t'ate
2344 5612 2513 5680 operis
2541 5611 2917 5682 circumfertur,
2951 5620 3005 5666 ut
3035 5611 3345 5668 iolnl'ilitate
3375 5630 3486 5667 sua.
