4042 6192
247 305 341 361 ἃς)

1660 300 1939 355 HOMILIA
1977 301 2059 355 lll.

3403 320 3514 374 2Ἷο

245 429 369 485 opus
408 408 699 481 perfectius
741 415 1167 464 consummatur.
1202 408 1278 462 lta
1332 421 1463 475 ergo
1500 408 1648 478 prior
1677 408 1814 478 lapis
1840 417 1891 470 Α
1917 410 2083 465 litatis
2111 413 2404 482 asperitate
2432 416 2658 482 mollita,
2688 419 2949 488 producat
2970 439 3127 477 omne
3145 427 3287 493 quod
3318 444 3510 497 purmn

244 514 357 569 stat,
378 502 545 572 jacet,
574 508 631 555 et
654 515 791 569 pene
810 499 942 553 nihil
972 498 1225 569 prodest;
1256 498 1344 552 ille
1376 514 1503 553 vero
1526 498 1682 562 alter,
1698 513 1818 567 quae

244 597 551 657 inferuntur,
588 600 781 647 cuncta
830 589 1075 659 suscipit,
1114 604 1233 660 qua:
1274 589 1516 653 veniunt,
1566 588 1815 643 universa

243 685 626 755 complectitur,
655 690 710 736 et
751 697 848 752 per
894 683 995 751 ιο
1037 680 1353 735 cavernulas
1380 678 1640 748 quasdam
1672 688 1818 733 uter—

243 795 353 851 que,
399 774 549 845 quod
576 782 851 844 operetur,
898 772 1151 842 acquirit.
1177 770 1280 838 Qui
1309 772 1465 825 molit
1503 778 1684 825 autem
1712 771 1818 825 hoc

246 870 423 923 habere
463 865 679 920 videtur
728 863 916 927 officii,
968 872 1027 917 ut
1066 862 1309 932 pervigili
1351 877 1479 917 cura
1523 875 1816 930 granorum

242 955 514 1030 asperitate
558 954 856 1020 confracta,
889 969 957 1009 ex
995 953 1198 1007 intimis
1240 968 1449 1017 eorum,
1481 951 1817 1019 occultisque

242 1051 520 1107 visceribus
572 1048 948 1117 similaginem,
994 1046 1395 1115 medullamque
1425 1045 1728 1115 producat,
1762 1053 1817 1098 et

242 1141 457 1197 sordium
486 1140 705 1193 levitate
726 1139 985 1203 discussa,
1020 1138 1074 1191 in
1098 1146 1345 1207 apertum
1368 1137 1609 1207 proferat
1632 1152 1812 1201 omne,

241 1236 368 1305 quod
394 1250 591 1304 purum
615 1242 715 1298 est,
740 1249 807 1287 ex
837 1249 945 1302 quo
980 1232 1391 1289 mundissimum
1421 1249 1614 1305 panem
1644 1231 1816 1289 conli-

240 1330 370 1383 ciens
389 1328 624 1396 gratiam
666 1326 872 1381 domini
901 1336 1288 1396 consequatur.
1333 1329 1445 1384 Hos
1477 1330 1639 1397 igitur
1679 1330 1818 1384 duas

240 1424 457 1477 molares
486 1422 698 1492 lapides
728 1421 839 1477 duo
878 1438 999 1479 esse
1029 1425 1265 1480 arbitror
1312 1425 1683 1493 Testamenta,
1715 1428 1820 1484 hoc

240 1528 310 1571 est
344 1517 519 1585 legem
559 1516 780 1587 Moysis,
814 1523 871 1570 et
911 1516 1264 1586 Evangelium
1312 1521 1542 1587 Domini,
1576 1539 1696 1594 qua:
1744 1526 1817 1579 ita

238 1619 349 1663 sunt
385 1607 674 1677 disposita,
736 1608 821 1661 vel
877 1617 1103 1677 parata,
1161 1619 1220 1664 ut
1268 1612 1369 1665 sibi
1411 1612 1817 1669 Testamentum

242 1708 512 1766 utrumque
561 1697 874 1760 conveniat,
914 1699 1053 1752 sicut
1095 1700 1171 1754 ait
1222 1700 1515 1756 Salvator:
1553 1702 1676 1757 Non
1704 1708 1819 1759 veni

1920 511 2021 557 est.
2052 503 2223 569 Quam
2254 504 2654 563 similitudinem
2685 509 3151 568 Testamentorum
3173 515 3509 574 Ezechielcm

1919 595 2236 663 prophetam
2266 597 2500 651 arbitror
2524 602 2918 669 perstrinxisse,
2951 621 3072 659 cum
3094 606 3222 661 dicit
3250 618 3423 664 rotam
3454 613 3507 666 in

1919 686 2101 739 medio
2123 696 2253 740 rota:
2284 703 2401 743 esse
2426 706 2722 746 connexam
2756 704 2800 746 ε.
2834 694 3033 749 Harum
3066 698 3224 765 igitur
3244 701 3509 756 molarum

1919 780 2255 846 operatione,
2290 780 2345 833 id
2388 791 2472 835 est
2498 783 2633 837 Novi
2678 801 2741 839 ac
2778 786 2987 842 Veteris
3029 789 3356 847 Testamenti
3404 795 3509 850 hoc

1919 870 2029 937 agit
2073 880 2256 925 sancta
2301 872 2540 927 Ecclesia
2582 891 2710 929 cura
2751 879 3026 946 pervigili,
3058 889 3116 934 ut
3159 892 3506 951 peccatorum

1919 960 2208 1029 asperitate
2237 962 2495 1027 discussa,
2519 978 2586 1017 ex
2616 967 2841 1021 occultis
2861 971 3273 1038 cogitationibus
3304 976 3511 1029 medul-

1918 1054 2024 1107 lam
2077 1055 2261 1109 mundi
2310 1056 2492 1111 cordis
2545 1058 2750 1123 eliciat,
2781 1068 2836 1113 et
2881 1062 3191 1118 ccelestibus
3245 1067 3510 1122 mandatis

1918 1146 2178 1199 mundata
2219 1162 2285 1200 ex
2315 1147 2517 1201 intimis
2549 1150 2808 1217 spiritalia
2840 1152 3094 1205 alimenta
3124 1155 3402 1222 producat.
3434 1157 3509 1209 De

1918 1237 2110 1304 quibus
2124 1237 2393 1291 alimentis
2407 1236 2600 1292 Paulus
2622 1240 2897 1309 apostolus
2910 1241 3015 1293 ait;
3038 1240 3143 1295 Lac
3165 1242 3304 1296 vobis
3333 1255 3507 1313 potum

1918 1327 2057 1391 dedi,
2111 1344 2214 1380 non
2252 1346 2424 1381 escam
2450 1328 2505 1398 (Ι
2531 1328 2653 1383 Cor.
2687 1332 2759 1400 v).
2795 1330 2861 1384 Et
2890 1332 3123 1385 iterum:
3155 1332 3508 1404 Perfectorum

1919 1427 2087 1471 autem
2118 1427 2193 1471 est
2221 1420 2390 1472 solida
2420 1437 2537 1472 esca
2566 1420 2751 1489 (Hebr.
2791 1423 2881 1491 v);
2910 1423 3001 1489 qui
3038 1421 3055 1459 ί
3094 1433 3315 1493 propter
3360 1425 3510 1478 habi-

1919 1519 2031 1563 tmn
2062 1525 2251 1563 sensus
2276 1512 2601 1565 exercitatos
2630 1512 2848 1573 habent,
2896 1528 2959 1567 ac
2992 1515 3235 1582 Spiritum
3266 1526 3508 1570 nostrum

1920 1603 2067 1655 omni
2098 1603 2432 1657 humanitate
2462 1602 2775 1672 purificans,
2818 1605 2965 1658 velut
3016 1606 3366 1674 similaginem
3397 1607 3510 1661 Deo

1920 1696 2114 1751 olferre
2142 1698 2447 1761 contendit;
2489 1697 2629 1751 sicut
2670 1697 2837 1750 David
2885 1706 3102 1753 sanctus
3131 1700 3206 1752 ait
3239 1717 3251 1750 :
3286 1699 3509 1769 Sacrifi-

239 1791 407 1844 tolrere
438 1789 623 1860 legem,
656 1790 746 1842 sed
773 1789 1056 1860 adimplere
1079 1791 1271 1858 (Marc.
1312 1792 1389 1863 v).
1424 1794 1491 1847 Et,
1510 1794 1577 1848 ad
1599 1806 1623 1833 ι
1648 1798 1818 1851 vicem
1853 1779 1893 1836 Β
1920 1790 2055 1841 cium
2095 1788 2205 1843 Deo
2231 1789 2442 1859 spiritus
2468 1787 2844 1842 contribulatus
2886 1788 3054 1859 (Paul.
3090 1800 3164 1857 ι).
3200 1790 3368 1843 Tanta
3410 1806 3509 1842 au-

240 1881 488 1935 molarum
537 1880 681 1933 aliud
728 1880 876 1948 prius
922 1881 1040 1935 solo
1081 1883 1342 1951 positum,
1402 1885 1546 1938 aliud
1601 1886 1821 1957 insuper

238 1971 568 2036 collocatum,
599 1972 705 2026 hoc
732 1981 815 2026 est
844 1972 1016 2039 legem
1044 1974 1277 2043 primum
1298 1976 1607 2031 hominibus
1627 1981 1821 2033 consti-

239 2070 406 2129 tutam,
453 2062 651 2118 deinde
699 2063 996 2134 perfectum
1054 2065 1403 2135 Evangelium
1453 2069 1502 2123 ι).
1546 2071 1677 2137 Qua:
1706 2072 1814 2139 lex,

240 2157 365 2211 velut
386 2157 664 2212 inferioris
690 2158 846 2213 molae
876 2162 1098 2224 saxum,
1130 2160 1203 2213 ita
1233 2170 1351 2215 erat
1380 2163 1550 2228 tarda,
1584 2165 1732 2233 pigra
1762 2176 1817 2219 et

236 2250 428 2316 penitus
459 2249 661 2312 otiosa,
692 2257 750 2301 ut
797 2248 1053 2318 quidquid
1099 2253 1375 2320 operando
1417 2264 1728 2323 acceperat,
1762 2256 1815 2310 id

238 2354 379 2392 omne
405 2338 739 2408 perdiderit;
764 2338 975 2392 dicente
995 2338 1061 2392 de
1087 2338 1281 2395 Judacis
1309 2343 1599 2411 propheta:
1622 2342 1815 2397 Omnes

238 2428 630 2492 declinaverunt,
654 2427 806 2481 simul
834 2428 1041 2481 inutiles
1063 2431 1190 2499 facti
1218 2440 1360 2494 sunt,
1383 2449 1485 2486 non
1517 2449 1544 2485 e
1576 2443 1593 2485 t
1618 2436 1707 2506 qui
1731 2438 1815 2506 [a-

235 2521 321 2572 ciat
346 2520 555 2585 bouum,
584 2538 688 2574 non
714 2528 791 2573 est
819 2536 982 2590 usque
1010 2521 1077 2573 ad
1104 2539 1265 2575 unum
1295 2523 1463 2593 (l’sul.
1496 2543 1586 2579 xm
1618 2536 1666 2579 et
1695 2528 1808 2597 cu).

234 2610 353 2681 Ergo
374 2614 473 2667 nisi
504 2613 856 2681 Evangelium
886 2617 1281 2684 superpositum
1310 2617 1495 2671 fuisset
1524 2618 1698 2673 adhuc
1725 2620 1809 2674 lex

233 2704 376 2757 veluti
405 2704 583 2769 tarda,
617 2712 672 2757 et
716 2704 892 2772 gravis
932 2703 1138 2772 jaceret
1179 2707 1229 2759 in
1282 2716 1421 2761 terra
1468 2708 1711 2773 Judaica,
1756 2720 1812 2765 et

232 2796 370 2849 unius
394 2796 688 2864 provincia:
716 2797 1089 2865 cooperiretur
1117 2799 1396 2864 angustiis.
1429 2798 1539 2853 Nisi
1569 2798 1810 2869 Evange-

236 2885 370 2949 lium,
396 2886 642 2954 inquam,
669 2886 851 2940 datum
898 2895 1059 2952 esset,
1100 2888 1187 2941 lex
1240 2891 1543 2944 necessaria
1588 2893 1807 2947 omnino

232 2990 323 3029 non
342 2987 503 3031 esset.
524 2976 641 3031 Hoc
664 2988 844 3032 autem
876 2978 961 3032 lex
992 2980 1317 3047 operabatur
1345 2981 1461 3035 sine
1489 2981 1805 3052 Evangelia,

230 3069 351 3136 quod
380 3085 489 3124 uno
521 3084 656 3123 saxo
684 3067 800 3123 ﬁcri
830 3078 1024 3140 potest.
1052 3068 1403 3139 Confringere
1431 3081 1661 3142 poterat,
1694 3092 1802 3130 non

231 3159 467 3228 prodesse
512 3178 526 3213 :

230 3250 345 3303 iram
375 3262 623 3321 operatur
655 3251 846 3322 (Rom.
881 3268 950 3317 Iv,
984 3251 1096 3322 15),
1126 3254 1353 3321 gratiam
1380 3272 1506 3310 vero
1536 3273 1639 3311 non
1680 3274 1807 3327 pne-

230 3352 337 3395 stat.
367 3341 561 3397 Stante
604 3354 627 3381 ε
673 3352 853 3397 autem
903 3344 1047 3411 lege.
1092 3344 1441 3413 Evangelium
1480 3346 1662 3401 datum
1702 3357 1805 3415 est,

230 3433 354 3501 quod
376 3434 558 3488 Veteri
578 3434 976 3503 superpositum
998 3434 1345 3491 Testamento
1373 3445 1657 3508 utrumque
1685 3454 1808 3493 con-

230 3526 428 3577 decorat
461 3542 475 3578 :
518 3529 616 3595 ιι
648 3540 714 3578 ac
743 3534 889 3577 tanta
921 3525 1205 3579 velocitate
1234 3526 1315 3580 sui
1360 3528 1613 3582 sacculum
1646 3546 1806 3583 onine

230 3614 534 3679 circumeat;
566 3616 670 3669 hoc
699 3624 781 3669 est
811 3616 1011 3669 inferna
1039 3617 1235 3680 visitet,
1262 3618 1501 3673 cmlestia
1533 3627 1800 3688 penetret,

230 3713 425 3759 terrena
455 3706 759 3759 collustret.
798 3706 950 3771 Quod
983 3705 1331 3774 Evangelium
1364 3717 1618 3778 tanquam
1647 3725 1808 3779 supe-

230 3798 325 3850 rior
362 3799 505 3851 mola
536 3806 763 3852 cunctos
804 3800 1088 3854 credentes
1120 3801 1375 3869 suscipit,
1427 3818 1613 3856 omnes
1651 3807 1812 3857 adve-

232 3891 426 3943 nientes
481 3890 703 3959 accipit,
752 3899 807 3944 et
846 3890 993 3943 velut
1047 3906 1144 3960 per
1185 3892 1443 3959 quasdam
1496 3894 1814 3948 cavernulas

229 3993 612 4052 praeceptorum
634 3982 701 4035 ad
716 3982 972 4036 interiora
999 3970 1311 4037 transmittit
1326 4002 1339 4036 :
1355 3992 1411 4037 ut
1426 3982 1453 4021 ἀ
1466 3986 1539 4039 ibi
1552 3986 1675 4041 hinc
1690 3986 1814 4041 inde

229 4071 439 4127 duorum
468 4073 941 4129 Testamentorum
982 4074 1307 4130 salutaribus
1338 4077 1605 4131 mandatis
1632 4080 1810 4146 genti-

288 4392 312 4421 ³
348 4384 486 4439 Cod.
516 4383 584 4437 99
622 4384 681 4441 S.
702 4384 897 4441 .Crucis
934 4395 990 4440 et
1017 4386 1212 4441 Novar.
1236 4384 1333 4449 ‘27,
1367 4393 1416 4438 et
1453 4385 1523 4438 ad
1550 4387 1799 4449 invicem;

227 4455 308 4576 ειειῖ
328 4457 448 4509 cod.
482 4456 551 4508 90
579 4456 638 4511 S.
669 4455 855 4511 Crucis
874 4457 928 4509 in
959 4455 1070 4511 Jer.
1101 4456 1256 4526 plane
1286 4472 1407 4510 cum
1439 4464 1587 4509 textu
1615 4468 1801 4510 nostro

231 4536 283 4576 ’Ὀ
304 4535 470 4576 reret.

231 4535 470 4579 “Olimret.

291 4604 312 4630 "
340 4596 477 4649 Cod.
510 4593 773 4667 Sangall.,
816 4596 1000 4650 deinde
1029 4597 1097 4650 ad
1138 4598 1418 4667 perfectum
1460 4594 1805 4667 Evangelium

237 4667 600 4737 :onﬁrmatum.
653 4666 833 4721 Codex
866 4664 1146 4737 pncterea'
1170 4664 1239 4718 90
1268 4666 1324 4719 S.
1372 4666 1557 4737 Crucis
1587 4664 1638 4737 in
1666 4664 1802 4731 Jer.,

229 4746 273 4787 et
299 4740 433 4807 alter
468 4736 562 4799 99;
605 4738 702 4790 sed
726 4735 1051 4792 Valliccllan.
1084 4754 1120 4791 ιι
1152 4738 1312 4790 habet
1341 4735 1527 4789 deinde
1554 4735 1622 4787 ad
1642 4740 1806 4807 perfe-

228 4815 348 4857 ctam
380 4806 743 4860 Ecanaelium.

292 4886 312 4913 ε
352 4876 493 4948 Qad.
521 4876 805 4948 Laurent.,
837 4877 1002 4948 paulo
1028 4884 1152 4948 ante
1184 4876 1445 4948 indicatus
1473 4885 1644 4929 stante
1682 4893 1804 4947 ergo

230 4944 343 5014 lege.
377 4945 533 4998 llaud
560 4964 720 5001 secus
739 4944 862 5003 cod.
895 4946 961 5000 99
984 4946 1021 5001 S
1062 4947 1248 5001 Crucis
1280 4948 1330 5000 in
1357 4946 1490 5010 Jer.,
1518 4948 1610 5015 qui
1637 4944 1808 5000 variat

226 5016 271 5065 in
300 5017 362 5090 iis
390 5031 515 5083 qua:
541 5028 841 5086 sequuntur
868 5037 880 5070 :
909 5019 1043 5090 quod
1078 5017 1245 5071 Veteri
1273 5016 1597 5090 Testamento
1628 5034 1808 5090 super-

221 5087 437 5160 positum
460 5095 729 5160 utrumque
754 5087 1080 5160 condecorat,
1109 5103 1170 5160 ac
1191 5097 1334 5160 tanta
1355 5088 1809 5160 velocitateoperis

220 5157 597 5225 circumfertur,
626 5157 681 5211 ut
709 5157 1020 5213 volubilitate
1046 5158 1126 5212 sui
1151 5158 1395 5211 circulum
1423 5174 1571 5210 omne
1592 5158 1809 5210 circum-

221 5237 326 5286 eat;
353 5236 660 5294 congruunt
688 5230 813 5284 cod.
843 5227 910 5283 90
949 5229 1005 5283 S.
1042 5228 1228 5282 Crucis
1258 5228 1309 5281 in
1338 5226 1472 5292 Jer.,
1503 5226 1621 5283 Vat.
1650 5227 1802 5292 1267,

218 5302 268 5346 et
301 5294 565 5351 Vallicell.
597 5315 652 5353 ιι.

284 5363 311 5400 ά
350 5367 411 5420 ln
443 5366 579 5421 Cod.
612 5368 681 5422 90
703 5368 761 5424 S.
793 5368 979 5425 Crucis
1002 5369 1054 5423 in
1086 5367 1197 5424 Jer.
1226 5367 1378 5423 deest
1392 5367 1481 5421 ibi.

291 5446 313 5560 ξ
357 5436 501 5560 ζῗὶθ
531 5438 588 5494 S.
636 5440 978 5495 Ambrosium
1003 5440 1069 5495 de
1098 5439 1302 5509 Spiritu
1348 5446 1535 5495 sancto
1584 5438 1677 5492 lib.
1729 5454 1802 5503 ιιι,

216 5520 334 5576 cap.
365 5520 463 5560 τι.

291 5577 309 5614 ί
621 5578 766 5650 Vat.,
798 5597 891 5650 pro
917 5580 1116 5634 habitu.

286 5657 312 5692 κ
354 5647 500 5702 Cod.
532 5647 596 5702 99
615 5649 672 5703 S.
702 5647 904 5711 Crucis,
935 5661 1128 5705 currat.

286 5714 315 5755 ⁵
355 5718 514 5774 idem
525 5720 640 5775 cod.
656 5718 741 5787 90,
764 5723 816 5774 in
837 5722 998 5789 nobis,
1024 5731 1096 5789 et,
1116 5721 1511 5782 omissoAmen,
1536 5720 1812 5788 prosequi-

572 3161 713 3215 sicut
746 3161 821 3215 ait
868 3163 1057 3216 beatus
1098 3162 1390 3231 Apostolus
1424 3182 1435 3216 :
1484 3163 1593 3217 Lex
1635 3177 1807 3220 autem
1833 3145 1877 3207 (ἶ

1921 1886 2029 1933 tem
2055 1880 2344 1935 velocitate
2377 1879 2751 1935 circumfertur
2779 1879 3147 1948 Evangelium,
3179 1890 3237 1934 ut
3272 1896 3378 1935 non
3408 1882 3511 1935 nisi

1928 1975 2027 2043 ια
2055 1972 2325 2041 sapientes
2353 1986 2568 2025 cursum
2597 1971 2714 2039 ejus
2756 1964 3089 2039 intelligant;
3133 1986 3291 2039 quem
3319 1972 3510 2025 beatus

1920 2063 2117 2117 Paulus
2145 2062 2449 2129 intelligens
2477 2062 2552 2114 ait
2577 2080 2591 2113 :
2628 2061 2695 2115 Ut
2725 2079 2895 2115 sermo
2918 2061 3019 2114 Dei
3039 2070 3208 2114 curret
3239 2071 3287 2121 κ,
3317 2070 3367 2113 et
3400 2062 3508 2113 cla-

1919 2157 2150 2225 riﬁcetur
2172 2153 2198 2191 δ
2229 2156 2281 2208 in
2304 2155 2462 2208 vobis.
2488 2154 2656 2207 Amen
2677 2153 2938 2222 (HT/1888.
2966 2154 3068 2223 ιιι).
3100 2153 3113 2189 ί
3140 2152 3506 2223 lnsipientium

1916 2255 2095 2300 autem
2121 2248 2289 2302 oculis
2315 2245 2527 2299 videtur
2560 2243 2908 2312 Evangelium
2938 2253 3102 2301 stare.
3133 2245 3258 2298 dum
3287 2244 3505 2308 vident;

1916 2346 2080 2402 stare,
2104 2338 2339 2406 inquam,
2375 2337 2503 2390 illud
2529 2344 2740 2406 putant,
2778 2351 2898 2389 cum
2921 2336 3171 2389 mandata
3200 2335 3319 2403 ejus
3340 2336 3507 2403 negli-

1915 2436 2064 2496 gant,
2083 2443 2203 2482 cum
2224 2444 2330 2486 non
2347 2427 2576 2482 credunt
2590 2436 2849 2481 eventura
2865 2441 3001 2490 esse,
3020 2441 3137 2493 qua:
3152 2427 3350 2495 scripta
3361 2436 3505 2480 sunt.

1914 2519 2066 2573 Molit
2089 2528 2271 2573 autem
2301 2528 2356 2573 et
2378 2517 2682 2589 Synagoga,
2712 2518 2805 2571 sed
2829 2517 3085 2571 inutiliter
3104 2517 3284 2583 molit;
3312 2518 3510 2587 quippe

1912 2626 2031 2680 qua:
2063 2627 2169 2665 uno
2189 2626 2321 2665 saxo
2351 2609 2365 2659 i
2409 2610 2596 2664 nititur
2625 2609 2904 2675 laborare;
2927 2617 3089 2679 atque
3117 2609 3238 2663 ideo
3268 2600 3517 2663 nontam

1912 2704 2067 2757 molit
2114 2718 2274 2771 quam
2312 2703 2536 2771 dissipat
2580 2708 2635 2756 et
2680 2701 2986 2770 confringit.
3030 2699 3323 2770 Propterea
3364 2703 3509 2756 enim

1911 2810 2047 2864 opus
2087 2794 2202 2861 ejus
2230 2794 2478 2863 disciplet
2505 2792 2555 2857 ¹ί,
2587 2801 2641 2848 et
2684 2793 2750 2846 ad
2779 2792 2992 2847 Judzeos
3022 2793 3215 2846 dicitur
3262 2810 3358 2861 per
3384 2810 3508 2862 pro-

1909 2886 2128 2956 phetam
2155 2903 2167 2937 :
2208 2883 2225 2922 ι
2259 2884 2332 2938 Et
2370 2887 2417 2939 si
2441 2886 2677 2953 aﬂ'eratis
2716 2886 3060 2955 similaginem
3090 2885 3405 2939 abominatio
3433 2895 3509 2939 est

1914 2979 2067 3049 (Isai.
2095 2995 2131 3042 ι,
2158 2979 2269 3046 1⁸5),
2290 2994 2389 3033 nec
2408 2995 2517 3032 non
2540 2986 2594 3031 et
2624 2978 2738 3047 ipse
2766 2977 3025 3031 Dominus
3055 2978 3354 3046 reprobans
3384 2992 3509 3046 ope-

1908 3074 2135 3130 rationis
2164 3072 2281 3141 ejus
2297 3072 2532 3127 officium
2550 3071 2656 3125 ait:
2694 3070 2876 3124 Cavete
2891 3088 2923 3123 a
2946 3073 3198 3141 fermento
3219 3069 3509 3123 Phariaca

1913 3182 2029 3219 rum
2053 3164 2261 3236 (Marc.
2294 3163 2441 3229 vui).
2475 3164 2713 3216 Conatur
2742 3163 2901 3228 igitur
2946 3160 3228 3232 Synagoga
3279 3161 3508 3225 malens,

1914 3272 2154 3311 errorem
2176 3256 2463 3311 sustinens.
2492 3252 2702 3307 Etenim
2724 3254 2850 3320 quia
2881 3252 3092 3322 Moyses
3114 3251 3246 3304 duas
3270 3251 3511 3319 lapideas

1914 3349 2121 3402 tabulas
2170 3354 2458 3416 acceperat
2502 3345 2861 3410 Testainenti,
2914 3345 3147 3397 aestimat
3200 3359 3257 3398 sc
3300 3343 3511 3396 duohus

1912 3438 2279 3493 instrumentis
2305 3437 2625 3491 necessariis
2654 3436 2890 3504 operari,
2941 3435 3198 3502 ignorans
3246 3437 3386 3501 quod
3418 3436 3507 3487 illa

1912 3529 2218 3583 tabularum
2264 3529 2496 3582 societas
2542 3527 2772 3581 duorum
2816 3525 3283 3579 Testamentorum
3327 3526 3507 3578 collina

1913 3622 2145 3674 rentium
2174 3619 2274 3673 sibi
2302 3618 2674 3688 pra-figurabat
2704 3616 3010 3679 adventum,
3036 3625 3091 3668 et
3119 3616 3238 3668 ideo
3267 3630 3506 3667 assume-

1914 3712 2071 3765 batur
2091 3712 2157 3764 ad
2185 3720 2441 3765 :cternam
2469 3708 2693 3777 gloriam
2722 3718 2908 3762 sancta
2939 3705 3199 3771 Ecclesia,
3230 3720 3348 3773 qua:
3395 3705 3505 3759 Do-

1917 3804 2063 3857 mino
2092 3803 2270 3856 cibum
2302 3802 2601 3855 sanctitatis
2628 3801 2835 3865 emollt,
2866 3800 3201 3868 relinquetur
3229 3811 3407 3853 autem
3437 3799 3506 3853 ad

1918 3896 2088 3951 molas
2117 3904 2366 3951 cruentas
2388 3894 2669 3966 Synagoga
2696 3909 2885 3965 gyrum
2913 3908 3124 3964 semper
3148 3909 3256 3949 sum
3286 3909 3506 3963 passura

1920 3984 2176 4056 perﬁdiae.
2209 3984 2464 4055 Explicit.

1909 4395 1995 4439 tur
2026 4404 2038 4438 :
2072 4385 2435 4455 Insipienlium
2463 4394 2652 4448 autem,
2684 4393 2793 4438 etc.

1989 4455 2003 4493 ί
2063 4453 2438 4524 Fragmentum
2507 4456 2707 4509 codicis
2765 4453 3163 4524 Sangallcnsis,
3234 4456 3505 4523 reperitur

1911 4528 2074 4583 etiam
2102 4523 2219 4579 sine
2249 4525 2530 4581 intervallo
2561 4526 2613 4579 in
2654 4525 2841 4580 codice
2872 4525 2939 4576 99
2985 4524 3040 4578 S.
3083 4523 3270 4579 Crucis
3303 4527 3354 4577 in
3387 4525 3498 4579 Jer.

1986 4597 1998 4647 ι
2049 4596 2227 4651 Codex
2263 4595 2555 4649 iLaurent.
2581 4604 2806 4665 uterque
2832 4596 2952 4650 cod.
2984 4595 3038 4649 S.
3066 4594 3253 4665 Crucis
3286 4596 3336 4647 in
3366 4594 3500 4660 Jer.,

1912 4678 1966 4722 et
1981 4668 2096 4720 Vat.
2132 4665 2266 4718 12267
2290 4667 2488 4719 habent
2509 4683 2610 4721 uno
2641 4664 2804 4731 snio;
2840 4667 2933 4721 hoc
2950 4676 3023 4719 est
3051 4665 3161 4720 solo
3201 4664 3367 4718 Veteri
3402 4664 3499 4719 Te-

1913 4747 2165 4791 stamento
2195 4738 2376 4788 nititur
2397 4735 2659 4791 laborare.

1987 4807 2196 4878 ltidem
2248 4805 2371 4860 cod.
2408 4804 2684 4878 Laurent.,
2713 4824 2839 4878 opus
2884 4808 2930 4878 ei
2977 4806 3228 4878 displicet.
3254 4803 3344 4878 lnL
3373 4804 3498 4859 cod.

1910 4877 2032 4931 Vat.
2062 4875 2195 4928 l267
2219 4876 2525 4931 annectitur
2546 4873 2949 4946 pars'se'rmonis
2972 4877 3039 4929 de
3060 4873 3283 4929 muliere
3313 4873 3502 4929 Sama-

1909 4950 2119 5010 ritana,
2145 4945 2292 5018 Aqua
2338 4964 2459 5016 ergo
2489 4945 2877 5008 misericordiw.
2909 4955 3037 5018 etc._,
3072 4946 3293 5018 omnino
3310 4955 3500 5018 extra-

1912 5033 2011 5073 nea
2040 5018 2108 5071 ab
2124 5014 2227 5072 hac
2252 5014 2486 5072 homilia.
2519 5018 2573 5071 In
2598 5018 2717 5071 cod.
2750 5032 2878 5070 vero
2909 5014 2976 5068 90
3005 5015 3062 5069 S.
3090 5015 3278 5071 Crucis
3306 5017 3359 5069 in
3381 5015 3496 5072 Jer.

1910 5089 2141 5143 habetur
2174 5087 2337 5143 lectio
2370 5099 2426 5141 ut
2456 5090 2508 5141 in
2539 5086 2890 5154 Sangallensi.

1990 5157 2005 5195 ι
2051 5156 2289 5227 Uterque
2316 5158 2486 5212 codex
2510 5158 2564 5212 S.
2599 5156 2784 5211 Crucis
2812 5158 2864 5211 in
2894 5154 3004 5210 Jer.
3034 5164 3157 5225 post
3185 5157 3368 5220 verba,
3402 5157 3499 5209 etsi

1915 5231 2149 5299 afferatis
2177 5230 2542 5297 similaginem,
2573 5227 3378 5299 prosequentibusabominatio
3398 5236 3493 5299 est,

1913 5296 2114 5354 habent
2135 5315 2317 5352 vanum
2346 5296 2422 5350 est
2437 5314 2454 5360 ;
2481 5297 2621 5366 quod
2652 5296 2991 5367 desumptum
3012 5298 3221 5351 videtur
3240 5312 3307 5349 ex
3329 5297 3499 5350 veteri

1909 5370 2041 5423 Itala
2072 5369 2337 5429 versione,
2364 5369 2451 5420 ubi
2480 5368 2689 5436 integer
2711 5366 2859 5423 locus
2900 5371 2973 5423 ita
3002 5368 3195 5435 legitur
3232 5366 3372 5436 apud
3398 5366 3498 5419 Sa-

1910 5441 2102 5495 batier.
2137 5447 2265 5493 tom.
2294 5436 2381 5500 lll,
2412 5451 2536 5506 pag.
2564 5436 2666 5490 517
2704 5439 2833 5493 edit.
2868 5439 3022 5494 Rem.
3054 5436 3210 5501 1745,
3236 5440 3280 5491 si
3303 5437 3496 5504 aﬂ‘era-

1913 5513 1978 5563 tis
2013 5510 2358 5580 similaginem
2382 5524 2567 5561 vanum
2602 5518 2711 5562 est:
2742 5511 3031 5580 thymiama
3047 5507 3370 5580 abominatio
3417 5514 3496 5580 est

1910 5580 2056 5633 ml/ll.
2081 5575 2304 5645 Vulgata
2333 5588 2513 5632 autem
2541 5580 2702 5635 habet
2730 5599 2741 5632 :
2775 5575 2896 5636 Isai.
2930 5596 2974 5642 ι,
3013 5578 3097 5638 15,
3131 5575 3216 5630 Ne
3262 5575 3493 5644 oﬁ‘eratis

1909 5654 2046 5703 ultra
2075 5648 2385 5716 sacrificium
2431 5652 2625 5719 frustra
2679 5669 2695 5704 :
2744 5653 3005 5705 incensum
3051 5646 3363 5702 abominatio
3416 5653 3491 5695 est

1913 5720 2060 5772 mihi.
2336 5756 2339 5757 ν
