4042 6192
235 338 324 394 εδδ
1637 319 1919 382 IIOMIIJA
1953 321 2039 380 IV.
3357 323 3458 376 '25!

235 453 394 504 vinum
415 455 657 501 naturam
681 447 966 500 humanam
987 445 1275 513 sumpsisse
1305 448 1785 513 eonquct'erea_itur2
1820 437 2050 513 Cessent,
2083 438 2252 513 inquit
2282 437 2342 492 'S.
2382 437 2644 513 pontifex,
2675 453 2846 492 coram
2879 437 3118 506 qttt’t'elw,
3167 439 3248 507 qui
3302 440 3455 513 turpit-

232 534 468 573 murmure
488 516 672 569 divinis
701 509 1163 585 dispensationibits
1193 509 1519 585 obloquentes
1543 512 1605 563 de
1636 509 1919 585 Dominira:
1941 509 2224 562 natiuitatis
2279 509 2538 585 tarditate
2562 515 2863 585 causentur,
2893 516 3158 585 tanquam.
3185 509 3460 585 unctor-itis

235 585 520 654 temporibus
569 601 671 639 non
724 574 794 638 sii
834 586 1140 654 impensum,
1170 583 1306 654 quod
1323 574 1378 634 in
1407 583 1589 654 ultima
1615 579 1792 654 mundi
1821 586 1972 630 aetate
1991 587 2069 630 est
2095 585 2307 654 gestum.
2341 577 2494 631 Verbi
2508 579 2810 654 ineat-natio
2833 577 2939 628 lucc
2968 574 3454 654 εοῃιηιμΤιιιὶεηάιιε

233 644 350 728 quod
371 658 538 726 facta;
569 663 618 707 et
636 644 1009 728 sacramentum
1040 644 1224 728 salutis
1253 651 1491 728 humanae
1515 651 1569 728 in
1590 648 1732 728 nulla
1752 644 2308 728 ui‘tquom‘antiquitate
2325 649 2654 727 cessauit"...
2681 663 2769 726 nec
2790 662 2902 698 sero
2927 655 3003 697 est
3022 644 3306 712 impletum,
3323 646 3455 727 quod

232 715 410 794 iamper
436 715 800 794 est-creditum.
819 721 1097 794 Sapientia
1121 735 1259 794 vero,
1287 729 1336 772 et
1357 720 1644 794 benignitas
1676 717 1768 769 Dei
1789 715 2165 794 hacnsatutiferi
2194 717 2860 794 operismorancapaciores
2894 731 2989 794 nos
3031 730 3138 767 sua:
3182 715 3458 768 vocationis

233 783 444 862 eﬂ'eEit...
477 792 582 846 Sed
610 808 640 844 a
665 783 1024 862 constitutione
1050 790 1229 842 mundi
1247 783 1404 842 unam
1426 783 1753 862 comitemque
1773 784 2006 838 omnibus
2030 783 2243 838 causam
2265 786 2504 862 instituit.
2529 783 2709 838 Gratia
2729 783 3013 862 enim_l)ei_,
3044 800 3142 853 qua
3163 799 3361 852 semper
3383 796 3456 837 est

233 855 515 916 universitas
531 861 818 930 justiﬁcata
845 869 1162 930 sanctorum,
1194 868 1346 911 aucta
1375 867 1472 924 est,
1504 855 1706 930 Christo
1728 863 1990 930 nascente,
2016 871 2122 930 non
2137 862 2422 930 _cwp_ta,_let
2452 855 2562 930 loco
2583 869 2786 923 magna:
2831 855 3034 930 pietatis
3082 863 3454 930 sacramentum

292 948 317 985 ο
340 940 468 985 totus
488 921 601 1000 jam
629 921 848 981 mundus
871 929 1107 1000 impletus
1131 921 1227 994 est,
1253 937 1355 1000 tam
1379 921 1558 997 potens
1586 926 1742 1000 etiam
1765 924 1819 975 in
1849 923 1962 1000 suis
1983 921 2444 1000 signiﬁcationibus
2475 921 2801 1000 fuit,_ut'non
2828 921 2995 1000 minus
3025 922 3212 1000 adepti~
3227 923 3351 1000 sint,
3375 940 3456 993 qm

233 990 279 1053 in
303 1000 425 1053 illud
445 990 706 1068 dedidere
731 990 1058 1068 promissum,
1081 990 1233 1068 quam
1253 999 1336 1068 qui
1357 990 1624 1068 suscepere
1643 994 1910 1045 donatum.
1927 990 2148 1068 Brejius
2169 991 2414 1068 eamdem
2437 990 2750 1068 complestus
2771 998 2852 1068 est
2867 990 3235 1068 doctrinamS.
3263 990 3455 1068 Thom.

235 1069 341 1134 4-‘2,
368 1077 553 1137 qumst.
585 1067 673 1131 98,
706 1060 804 1120 a'rt.
834 1066 884 1137 2Δ
907 1066 972 1118 ad
1001 1060 1370 1137 iiz'Quam-vis,
1410 1060 1516 1130 ait,
1548 1065 1631 1116 lea:
1650 1072 1786 1137 vetus
1816 1078 1918 1137 non
1947 1062 2195 1130 sufﬁceret
2224 1061 2299 1137 ad
2319 1061 2624 1137 saluandam
2653 1061 2902 1137 homines,
2927 1071 3092 1113 tamen
3112 1060 3459 1137 aderatalimt

235 1129 465 1192 auxilium
489 1154 520 1190 a
541 1129 954 1191 Deorhominibus
981 1136 1139 1204 sintut
1159 1151 1272 1188 cum
1293 1129 1418 1204 lege,
1450 1129 1539 1202 per
1565 1149 1662 1204 quo
1681 1131 1871 1204 salvari
1901 1140 2160 1204 poterant,
2187 1129 2380 1204 scilicet
2399 1130 2527 1204 ﬁdes
2552 1129 2877 1204 ediatoris,
2900 1146 2990 1204 per
3010 1145 3161 1204 quam
3183 1131 3462 1199 justiﬁcati

235 1218 337 1262 sunt
377 1208 572 1277 antiqui
601 1215 886 1286 patres.....
919 1214 967 1256 et
994 1207 1066 1258 sic
1106 1203 1246 1256 Deus
1276 1197 1377 1256 non
1406 1197 1676 1271 deﬁciebat
1723 1199 2034 1265 hominibus,
2065 1201 2182 1268 quin
2227 1199 2371 1252 daret
2398 1197 2472 1252 eis
2493 1198 2675 1252 salutis
2697 1199 2914 1250 auxilia.
2941 1197 3048 1252 Sed
3075 1197 3200 1320 (ὲυὶίί
3226 1197 3359 1266 Opus
3383 1209 3463 1253 est

235 1277 430 1320 minus?
461 1274 705 1320 Onmmm
735 1276 846 1320 hmo.
874 1281 955 1320 est
983 1272 1078 1320 SS.
1109 1271 1324 1320 Patrum
1348 1287 1412 1320 ex
1436 1271 1583 1320 Pauli
1613 1269 2124 1320 Evangeliorumaue
2153 1268 2383 1320 fontibus
2412 1268 2598 1320 hausta
2628 1267 2889 1320 doctrina.
2913 1281 2941 1319 a
2962 1283 3064 1320 una
3131 1307 3141 1318 .
3170 1267 3458 1320 Maximum

235 1277 430 1330 multis?
461 1267 706 1329 O'mnium
735 1276 846 1329 btec
874 1281 955 1327 est
983 1272 1078 1327 SS.
1109 1271 1324 1327 Patrum
1348 1287 1416 1326 ex
1436 1267 1583 1324 Pauli
1613 1267 2124 1337 Evangeliorumque
2153 1268 2383 1322 fontibus
2412 1268 2598 1324 hausta
2628 1267 2889 1333 doctrina,
2913 1281 2941 1319 a
2962 1283 3064 1335 qua
3087 1267 3141 1320 S.
3170 1267 3458 1321 Maximum

235 1345 476 1402 defecisse
502 1361 660 1400 nemo
680 1345 782 1400 erit
807 1342 1232 1398 orthodoxorum
1260 1342 1350 1410 qui
1374 1341 1576 1396 credat.

1586 1442 1930 1504 HOMILIA
1977 1443 2082 1502 IV.

1332 1545 1516 1614 Incipit
1539 1544 1729 1596 dictum
1757 1550 1876 1595 ante
1905 1539 2098 1594 Natale
2119 1538 2349 1596 Domini.

1649 1631 2035 1688 ADMONITIO.

299 1735 386 1809 13
413 1736 494 1790 Ex
535 1735 904 1809 antiquissimo
950 1748 1012 1788 ac
1057 1731 1410 1809 celeberrimo
1426 1726 1760 1809 Sangallensi
1785 1725 1970 1806 codice
1986 1725 2326 1809 ‘M‘abillonius
2352 1726 2637 1809 duodecim
2646 1724 2717 1809 IS.
2752 1725 2965 1781 Maximi
2997 1727 3458 1809 homiliasdeeep

234 1793 520 1878 psit-,vquas
548 1806 599 1878 in
629 1793 783 1860 suum
814 1803 1065 1857 Musamm
1113 1800 1355 1878 Italicum
1375 1793 1691 1878 transtulit,
1709 1796 1848 1878 ut_in
1870 1793 2317 1878 prmfatione'jam
2337 1795 2598 1878 disimusa
2620 1796 2762 1862 Haec,
2786 1814 2905 1878 quae
2930 1807 3013 1878 est
3033 1800 3298 1878 quartain
3321 1802 3460 1855 serie

237 1863 650 1932 Iunilius-alterius
677 1890 803 1928 mss.
828 1872 1155 1926 monumenti
1185 1869 1500 1923 auctoritate
1529 1873 1730 1920 asserta
1763 1863 1994 1935 Maximo
2016 1863 2129 1935 fuit.
2162 1863 2313 1919 Nunc
2335 1866 2563 1935 primum
2586 1867 2752 1935 ipsam
2783 1863 3098 1922 auctoritate
3126 1869 3323 1923 codicis
3343 1885 3460 1923 ma-

235 1948 343 2015 joris
378 1945 618 2015 ecclesize
647 1943 987 2015 'I‘aurinensis
1015 1940 1416 2015 confirmamus;
1449 1937 1501 2015 in
1523 1951 1629 2015 quo
1651 1942 1732 2015 est
1761 1933 1847 2015 illa
1871 1948 2015 2014 num.
2107 1949 2226 2015 cum
2270 1933 2629 2015 titulo._:.1tem
2656 1947 2704 2015 et
2729 1937 2794 1989 de
2821 1937 2913 2015 illo
2941 1953 2958 1989 :
2988 1937 3200 1991 homitia
3221 1955 3297 2000 ιιι,
3327 1948 3376 1992 et
3405 1941 3461 1992 in

235 2002 396 2085 iigitiis
428 2014 622 2085 natalis
654 2005 1350 2085 DominiaAlluditveroad
1377 2002 1628 2085 titulu-inl
1657 2003 1886 2085 humilia:
1907 2002 2208 2072 incipientis
2237 2022 2256 2057 -:
2306 2003 2510 2057 Laetitia
2532 2013 2728 2072 quanta
2755 2013 2849 2070 est,
2879 2015 3194 2078 quantusque
3239 2025 3461 2062 concur-

234 2073 321 2146 su},
347 2092 476 2146 etc.,
507 2084 600 2152 qui
623 2097 753 2136 sane
783 2081 967 2134 titulus
995 2089 1077 2133 est
1106 2079 1232 2131 item
1257 2076 1379 2130 huic
1401 2074 1631 2128 homiliae
1658 2073 1964 2142 inscriptus.

236 2191 1074 2246 Aucuuearuu.—Renovationem
1094 2187 1369 2258 quamdam
1400 2185 1533 2240 brevi
1560 2187 1786 2258 futuram
1815 2191 1859 2245 Α
1890 2184 2264 2240 sollicitudinis
2292 2185 2384 2240 Dei
2410 2201 2546 2256 opus
2587 2186 2703 2241 sine
2731 2187 2940 2242 macula
2979 2187 3271 2252 custodire,
3299 2204 3460 2258 quam

289 2264 471 2315 mundo
492 2261 614 2331 ipsa
643 2262 837 2313 dierum
859 2259 992 2312 ratio
1020 2255 1290 2311 annuntiat
1319 2273 1335 2309 :
1366 2266 1416 2309 et
1439 2255 1626 2331 quwirt
1651 2264 1785 2306 terra

289 2324 542 2384 meliorem
591 2339 871 2400 aspectum,
888 2399 909 2400 ﬂ
920 2333 1235 2400 formamque
1263 2324 1782 2400 rerumeromittunt,

291 2403 484 2471 signum
511 2410 629 2471 sunt
647 2391 950 2471 spiritualis
972 2391 1334 2471 repurationis,
1379 2391 1622 2471 adquam
1649 2391 1784 2446 obti-

289 2463 501 2523 néndam
535 2463 708 2522 ﬁdeles
739 2477 843 2521 toto
864 2463 1035 2520 animo
1055 2465 1360 2520 contendere
1386 2463 1586 2517 debent.

294 2647 502 2702 Etiamsi
537 2659 636 2714 ego
665 2653 896 2710 taceam,
921 2643 1127 2708 fratres,
1162 2648 1372 2708 tempus
1405 2653 1504 2693 nos
1537 2636 1788 2692 admonet

234 2737 358 2810 quod
400 2737 613 2790 Domini
651 2733 850 2789 Christi
895 2733 1086 2788 natalis
1134 2731 1185 2784 in
1226 2730 1474 2800 proximo
1521 2737 1621 2782 est.
1652 2727 1784 2780 Nam

233 2829 644 2898 prauiicationem
691 2841 867 2880 meam
901 2822 1004 2896 14
1030 2821 1286 2892 ρι’ῑενθηὶι
1322 2820 1526 2874 dierum
1548 2826 1787 2872 extrema

236 2918 503 2973 conclusio.
537 2917 668 2986 Ipsis
698 2917 841 2970 enim
867 2914 1125 2982 angustiis
1152 2912 1262 2966 suis
1301 2910 1529 2965 mundus
1556 2909 1790 2979 loquitur

236 3006 489 3062 imminere
509 3006 740 3075 aliquid,
763 3021 872 3074 quo
891 3005 947 3057 in
965 3003 1161 3057 melius
1193 3004 1488 3070 reparetur,
1521 3007 1575 3054 et
1605 3013 1790 3068 exspe-

235 3098 444 3152 ctatione
472 3097 666 3150 festina
714 3094 1000 3157 desiderat,
1033 3099 1092 3146 nt
1121 3092 1372 3146 tenebras
1399 3105 1524 3144 suas
1545 3087 1785 3159 Splendi-

235 3187 378 3241 dioris
398 3188 528 3242 solis
548 3185 752 3241 candor
772 3185 1051 3238 illuminet.
1083 3183 1216 3236 Dum
1239 3181 1383 3236 enim
1404 3194 1616 3235 cursum
1632 3193 1786 3235 suum

237 3276 472 3330 brevitate
500 3277 756 3329 horarum
797 3272 1046 3328 concludi
1075 3272 1288 3334 meruit,
1321 3285 1415 3339 spe
1437 3268 1664 3338 quadam
1693 3283 1787 3322 an-

235 3381 344 3420 num
363 3381 514 3419 suum
546 3364 749 3418 indicat
793 3362 1088 3417 reformari.
1134 3360 1259 3415 Ilaec
1278 3359 1439 3428 igitur
1458 3358 1787 3428 exspectatio

236 3463 490 3520 creaturae,
523 3455 686 3508 etiam
709 3469 805 3508 nos
827 3459 1145 3521 exspectare
1175 3448 1483 3520 persuadet,
1513 3457 1570 3502 ut
1598 3462 1788 3518 pecca-

1887 2290 2049 2344 opera
2079 2276 2351 2330 hominum
2385 2277 2663 2346 impolluta
2686 2292 2917 2332 servare.
2949 2277 3273 2332 Mundanum
3317 2279 3460 2335 enim

1885 2368 2289 2434 vestimentum,
2337 2369 2383 2424 si
2430 2369 2704 2423 sordidum
2751 2370 2928 2434 fuerit,
2959 2378 3141 2438 potest
3169 2369 3300 2424 illud
3329 2369 3460 2424 fullo

1885 2457 2168 2512 conductis
2209 2458 2416 2523 eluere;
2467 2459 2660 2513 animm
2686 2466 2864 2513 autem
2889 2459 3283 2525 vestimentum,
3312 2459 3358 2513 si
3378 2474 3461 2513 ξος

1887 2547 1992 2600 mel
2041 2547 2373 2616 inquinatum
2424 2547 2603 2612 fuerit,
2649 2548 2750 2602 nisi
2779 2550 2878 2619 16
2904 2548 3136 2618 propriis
3158 2556 3213 2603 et
3235 2548 3461 2604 assidui".

1887 2639 2137 2708 operibus
2158 2640 2248 2693 vix
2278 2641 2502 2695 lavatur.
2528 2640 2672 2695 Nihil
2692 2640 2742 2696 ei
2764 2639 2986 2710 prodest
3014 2656 3202 2696 manus
3221 2641 3460 2702 artificis,

1889 2731 2020 2785 nihil
2073 2730 2289 2788 fullonis
2336 2733 2618 2802 operatio:
2665 2732 3010 2786 conscientia:
3059 2732 3201 2786 enim
3223 2731 3460 2788 membra

1886 2823 2089 2892 polluta
2116 2838 2254 2892 aqua
2298 2823 2517 2878 abluere
2541 2831 2739 2892 potest,
2767 2837 2876 2877 non
2900 2830 3078 2891 potest
3106 2830 3283 2876 tamen
3306 2837 3451 2875 mun-

1887 2911 2037 2966 dare.
2068 2911 2197 2968 Hzec
2219 2920 2344 2967 sunt
2365 2913 2554 2967 anima:
2589 2913 2902 2968 vestimenta
2931 2913 3165 2982 pretiosa
3192 2928 3311 2981 qua:
3331 2911 3460 2966 Mar~

1887 3015 1982 3056 cus
2027 3003 2352 3072 evangelista
2398 3001 2548 3074 (Cap.
2579 3003 2656 3074 1x)
2682 3004 2735 3056 in
2758 3002 3038 3057 Salvatore
3065 3002 3354 3068 collaudat,
3378 3003 3460 3056 di-

1887 3108 2017 3148 cens
2045 3111 2056 3146 :
2086 3092 2154 3146 Et
2182 3096 2479 3148 uestimenta
2499 3094 2608 3165 ejus
2638 3097 2776 3165 facta
2802 3102 2921 3147 sunt
2948 3093 3218 3164 fulgentia,
3240 3093 3462 3146 candida

1888 3183 2041 3236 nimis
2088 3184 2222 3236 velut
2247 3185 2358 3246 uix,
2409 3186 2583 3256 qualia
2612 3184 2740 3254 fullo
2785 3201 2935 3254 super
2957 3193 3147 3237 terram
3175 3201 3278 3238 non
3298 3193 3461 3255 potest

1888 3272 2074 3342 facere.
2102 3270 2376 3328 Laudatur
2396 3273 2555 3341 igitur
2575 3272 2771 3328 Christi
2796 3275 3196 3340 vestimentum,
3230 3275 3353 3344 quia
3377 3275 3460 3328 ni-

1887 3363 2054 3428 tebat,
2089 3377 2196 3417 non
2229 3371 2460 3426 textura,
2485 3364 2584 3419 sed
2627 3366 2797 3431 gratia
2829 3382 2840 3417 :
2875 3365 3126 3419 laudatur
3181 3366 3461 3422 indumen-

1887 3458 2021 3515 tum,
2073 3469 2180 3507 non
2226 3453 2372 3523 quod
2412 3455 2699 3508 staminum
2739 3456 3034 3510 subtilitate
3056 3456 3334 3510 densatum
3357 3466 3458 3523 est,

235 3552 388 3599 torum
424 3554 734 3601 nostrorum
780 3545 1031 3599 tenebras
1074 3558 1243 3596 novus
1270 3538 1617 3595 solChristus
1637 3546 1786 3593 ortus
1821 3549 1861 3604 Β
1889 3539 1984 3594 sed
2029 3540 2174 3610 quod
2213 3542 2457 3611 corporis
2502 3543 2802 3610 integritate
2825 3553 3142 3612 conceptum
3171 3563 3183 3596 :
3212 3545 3460 3600 laudatur

237 3635 492 3701 illuminat,
545 3645 601 3690 et
643 3636 852 3703 longam
900 3634 952 3687 in
993 3633 1145 3687 nobis
1167 3633 1445 3700 caliginem
1469 3629 1785 3687 delictorum

236 3726 424 3797 iustitia:
445 3731 527 3784 sol
551 3729 847 3783 nativitatis
880 3728 978 3798 15
1000 3741 1110 3780 suae
1135 3727 1317 3794 vigore
1364 3724 1616 3779 discutiat
1644 3742 1656 3775 :
1691 3739 1789 3778 nec

237 3823 446 3887 patiatur
468 3837 689 3876 cursum
729 3821 851 3874 vita:
897 3827 1091 3874 nostra:
1114 3817 1347 3872 tenebris
1367 3817 1490 3871 vita:
1519 3814 1786 3879 concludi,

234 3909 314 3962 sed
356 3911 563 3964 virtutis
608 3925 721 3963 suae
762 3911 929 3976 gratia
959 3908 1192 3962 dilatari.
1217 3907 1379 3975 Igitur
1406 3907 1532 3976 quia
1555 3905 1786 3959 natalem

235 3995 420 4053 Domini
472 4001 638 4054 etiam
694 3999 890 4052 mundo
919 3998 1188 4053 indicante
1208 3998 1601 4064 cognoscimus,
1629 3994 1788 4048 facia-

235 4103 336 4143 mus
353 4099 404 4143 et
424 4105 542 4154 nos,
574 4090 724 4158 quod
752 4089 981 4144 mundus
1003 4088 1181 4142 facere
1202 4085 1483 4140 consuevit
1508 4103 1520 4136 :
1551 4086 1654 4137 hoc
1681 4091 1784 4147 est,
1817 4126 1823 4131 .

234 4177 352 4232 sicut
369 4180 422 4233 in
445 4180 534 4233 illa
560 4179 651 4232 die
681 4179 910 4234 mundus
933 4177 1104 4247 spatia
1127 4191 1236 4229 suae
1274 4176 1407 4230 lucis
1431 4173 1684 4236 extendit,
1713 4174 1784 4226 ita

235 4274 282 4318 et
322 4278 552 4323 nostram
590 4269 854 4338 justitiam
882 4267 1269 4337 protendamus
1301 4282 1313 4318 :
1347 4276 1402 4319 et
1428 4265 1566 4318 sicut
1589 4263 1694 4316 diei
1725 4263 1787 4322 il-

235 4353 318 4410 lius
336 4358 548 4414 claritas
570 4359 897 4428 pauperibus
917 4367 972 4411 et
992 4356 1243 4410 divitibus
1265 4356 1562 4410 communis
1585 4362 1683 4419 est,
1711 4355 1782 4408 ita

235 4454 282 4499 et
319 4458 498 4512 nostra
545 4451 840 4504 liberalitas
887 4449 1182 4518 peregrinis
1229 4457 1285 4504 et
1327 4447 1688 4515 indigentibus
1715 4449 1786 4501 sit

233 4542 510 4594 communis
545 4557 558 4592 :
604 4548 659 4594 et
703 4540 844 4594 sicut
892 4547 1021 4594 tunc
1043 4539 1269 4592 mundus
1307 4539 1542 4593 noctium
1563 4554 1782 4593 suarum

237 4627 403 4681 recidit
426 4631 730 4698 caliginem,
758 4630 830 4682 ita
857 4637 912 4682 et
932 4643 1030 4682 nos
1059 4628 1290 4680 avaritia:
1314 4635 1507 4681 nostum
1537 4628 1783 4682 tenebras

235 4725 580 4786 amputemus;
614 4727 775 4788 atque
805 4717 874 4771 ad
897 4720 1064 4771 instar
1091 4718 1298 4771 hiberni
1321 4719 1594 4787 temporis,
1645 4719 1782 4772 sicut

233 4805 276 4857 in
295 4809 558 4875 segetibus
585 4809 714 4863 solis
741 4823 936 4877 vapore
958 4803 1196 4861 resoluto
1215 4806 1338 4875 gelu
1364 4807 1671 4860 nutriuntur
1695 4822 1782 4862 se-

1891 3631 2285 3697 vestimentum,
2313 3649 2421 3686 non
2443 3633 2586 3700 quod
2612 3634 2892 3687 mulierum
2917 3649 3106 3689 manus
3133 3636 3320 3699 texuit,
3364 3637 3455 3691 sed

1886 3721 2032 3790 quod
2063 3722 2240 3777 Maria:
2266 3724 2544 3791 virginitas
2573 3725 2896 3793 procreavit.
2926 3724 2992 3777 Et
3015 3724 3138 3780 ideo
3163 3726 3214 3779 in
3243 3741 3312 3781 eo
3339 3742 3425 3780 ma
3443 3759 3458 3768 -

1885 3813 2166 3880 gnificatur
2191 3814 2444 3869 candoris
2489 3815 2682 3884 gratia,
2732 3815 2857 3884 quia
2900 3816 3294 3871 immaculatum
3328 3819 3456 3874 illud

1888 3919 1995 3957 non
2039 3903 2261 3958 artilicis
2314 3919 2442 3959 cura
2483 3905 2823 3972 praestiterat.
2871 3903 3062 3968 Qualia
3085 3908 3230 3977 fullo,
3263 3909 3454 3978 inquit,

1884 4011 2036 4065 super
2064 4004 2254 4048 terram
2277 4012 2381 4049 non
2405 4004 2567 4064 potest
2590 3998 2776 4068 facere.
2808 3996 2924 4051 Non
2946 4006 3127 4067 potest
3147 4001 3304 4068 plane
3326 4001 3454 4056 fullo

1885 4083 2085 4138 Christi
2112 4083 2287 4138 facere
2307 4086 2685 4139 vestimentum
2706 4103 2719 4149 ;
2743 4085 2871 4140 fullo
2899 4088 3041 4140 enim
3073 4097 3328 4157 prmstare
3353 4107 3452 4160 po-

1887 4181 1994 4227 test
2022 4174 2271 4239 nitorcm,
2297 4175 2633 4239 munditiam,
2654 4175 2962 4244 puritatem,
2987 4188 3242 4246 praestare
3277 4186 3456 4235 tamen

1885 4279 1992 4317 non
2016 4271 2197 4334 potest
2240 4265 2618 4332 virginitatem,
2658 4265 2940 4332 justitiam,
2973 4268 3294 4323 bonitatem.
3328 4271 3458 4325 Illud

1886 4356 2029 4411 enim
2053 4357 2104 4410 in
2134 4364 2249 4411 arte
2277 4364 2361 4412 est
2388 4357 2584 4425 operis,
2610 4356 2750 4409 istud
2778 4357 2830 4410 in
2857 4365 3045 4410 natura
3067 4359 3296 4413 virtutis.
3339 4360 3411 4413 Ha
3434 4375 3463 4413 c

1884 4448 2027 4502 cnim
2053 4449 2102 4500 in
2132 4447 2347 4501 Christo
2387 4447 2611 4500 Domino
2639 4446 2694 4500 S.
2727 4445 3065 4514 Evangelista
3093 4449 3350 4501 virtutum
3374 4451 3448 4502 in.

1885 4540 2140 4594 dutncnta
2177 4539 2480 4604 collaudat,
2533 4555 2652 4610 qua:
2698 4546 2754 4594 et
2781 4539 2970 4593 beatus
3004 4539 3169 4593 David
3191 4539 3303 4609 pari
3333 4555 3448 4593 sen-

1886 4633 2052 4686 tentia
2074 4631 2384 4700 prsedicavit
2405 4630 2592 4685 dicens
2617 4649 2628 4683 :
2662 4629 2900 4700 Myrrha,
2924 4640 2971 4684 et
2997 4640 3156 4702 gutta,
3187 4641 3236 4683 et
3264 4631 3404 4683 casia
3425 4650 3459 4686 a

1883 4724 2197 4776 vestimentis
2241 4723 2342 4774 tuis
2380 4723 2619 4792 pretiosis
2650 4720 2819 4793 (Psal.
2847 4723 3013 4792 XLIV).
3063 4720 3156 4774 Ilis
3177 4714 3318 4774 enim
3343 4735 3450 4774 aro-

1883 4819 2083 4865 matum
2135 4809 2393 4865 odoribus
2416 4818 2720 4866 sanctarum
2761 4805 3453 4876 signiﬁcanturindumenta

233 4896 372 4962 mina,
397 4899 471 4952 ita
495 4908 547 4952 et
577 4900 629 4951 in
660 4898 968 4967 pectoribus
991 4898 1188 4952 nostris
1209 4896 1445 4950 resoluta
1473 4897 1669 4951 duritie
1693 4897 1779 4965 ju-
1804 4899 1848 4960 C
1881 4905 2156 4957 virtutum.
2187 4901 2347 4970 Ergo,
2375 4901 2584 4966 fratres,
2623 4903 2717 4971 l7
2751 4900 2981 4954 natalem
3016 4899 3224 4953 Domini
3273 4915 3449 4954 susce-

231 4986 366 5040 stitiae
391 5005 579 5043 semen
606 4988 930 5057 tepefactum
971 4987 1264 5041 Salvatoris
1314 4987 1466 5040 radio
1487 4989 1774 5042 coalescat.

232 5075 370 5145 Ergo,
396 5081 607 5143 fratres,
635 5081 868 5134 natalem
893 5079 1106 5133 Domini
1133 5079 1431 5148 suscepturi
1455 5095 1780 5134 exornentus

227 5182 310 5221 nos
329 5171 474 5238 puris
503 5179 558 5224 et
579 5170 762 5224 nitidis
785 5169 1128 5224 indumentis.
1163 5169 1365 5222 Anima:
1387 5175 1566 5223 autem
1590 5170 1779 5238 loquor

227 5259 539 5327 indumenta,
565 5279 671 5316 non
693 5263 887 5316 carnis.
911 5261 1099 5315 Carnis
1119 5261 1260 5314 enim
1285 5259 1655 5314 indumentum
1696 5262 1775 5313 vi-

225 5349 277 5401 lis
300 5353 527 5406 amictus
553 5363 665 5415 est;
716 5353 905 5405 animm
932 5353 1305 5406 vestimentum
1328 5367 1522 5420 corpus
1544 5361 1624 5405 est
1655 5368 1774 5420 prc-

225 5441 420 5496 tiosum.
479 5444 608 5498 Illud
649 5445 892 5499 humanis
913 5444 1157 5497 manibus
1179 5443 1458 5497 densatum
1487 5453 1596 5509 est;
1629 5443 1770 5497 istud

223 5531 300 5586 Dei
329 5536 574 5590 manibus
601 5537 900 5590 institutum
943 5543 1024 5590 est
1056 5553 1068 5588 :
1096 5543 1256 5606 atque
1281 5535 1402 5590 ideo
1427 5535 1642 5602 majoris
1685 5545 1769 5589 est

1885 4996 2024 5064 pturi
2040 4995 2106 5048 ab
2118 4994 2265 5049 omni
2293 4993 2678 5048 conscientiam
2701 4997 2937 5045 nostram
2966 4990 3091 5044 ftece
3111 4990 3449 5047 mundemus.

1885 5085 2212 5141 Accuremus
2259 5098 2359 5137 nos
2404 5098 2511 5136 non
2561 5080 2747 5135 sericis
2799 5081 3057 5146 vestibus,
3079 5080 3172 5134 sed
3203 5083 3452 5152 operibus

1874 5175 2153 5245 pretiosis.
2205 5173 2532 5227 Vestimenta
2576 5171 2718 5224 enim
2769 5169 2934 5224 nitida
2975 5171 3213 5225 membra
3243 5175 3452 5242 Operire

1885 5273 2128 5334 possunt,
2180 5261 2564 5319 conscientiam
2604 5258 2862 5314 mundare
2914 5275 3020 5314 non
3065 5263 3456 5330 possuntznisi

1881 5356 2024 5426 quod
2049 5355 2266 5423 majoris
2306 5361 2387 5406 est
2408 5349 2744 5406 verecundia:
2770 5350 3002 5404 nitidum
3027 5353 3283 5406 membris
3306 5353 3443 5408 incc-

1881 5446 2028 5511 dere,
2054 5453 2109 5500 et
2132 5445 2391 5514 pollutum
2421 5441 2664 5497 sensibus
2684 5442 2975 5497 ambulare.
3013 5441 3284 5497 Interioris
3309 5454 3333 5481 η
3355 5439 3453 5512 ἰεξίο

1881 5546 1966 5590 tur
2005 5536 2152 5605 prius
2199 5535 2430 5588 hominis
2471 5549 2726 5590 ornemus
2770 5532 3040 5597 aliectum,
3081 5541 3140 5586 nt
3168 5535 3456 5606 exterioris,

281 5701 302 5727 ³
339 5691 600 5745 Gallandii
630 5691 796 5746 editio
818 5693 1175 5762 emendanda,
1209 5696 1258 5748 in
1290 5711 1390 5764 qua
1417 5696 1644 5748 interiori
1669 5695 1897 5751 habetur
1924 5709 2019 5765 pro
2041 5695 2318 5748 interioris.

501 5785 757 5843 PATROL.
817 5785 999 5844 LVII.
