4042 6192
1027 168 1045 202 ο

504 284 603 347 235

1730 292 1786 347 S.
1828 289 2074 346 MAXIMI
2112 285 2560 346 TAURINENSIS

3661 281 3770 339 εδδ

501 417 715 474 quoque
745 407 983 465 hominis
1004 407 1076 463 sit
1097 406 1325 463 amictus
1354 411 1598 463 ornatus.
1629 404 1949 474 Spirituales
1983 403 2087 474 ιε
2115 412 2163 472 Α
2188 397 2536 456 conscientia:
2580 400 2816 450 maculas
2846 395 3126 452 abluamus
3151 414 3165 450 :
3193 395 3453 466 scriptum
3475 402 3561 449 est
3587 394 3729 447 enim
3750 397 3779 463 εξ

501 499 746 556 maculas
786 499 1105 565 abluamus;
1135 505 1197 552 ιιι
1228 495 1462 552 carnalia
1494 495 1547 548 in
1568 493 1724 549 nobis
1744 493 1983 565 fulgeant
2004 506 2093 547 ve.
2191 489 2327 544 Date
2369 489 2767 556 elemosynam,
2823 495 2869 539 et
2898 487 3072 541 omnia
3096 486 3293 541 munda
3319 486 3425 540 sint
3450 483 3589 540 vobis
3619 481 3750 553 (Luc

505 592 783 647 stimenta.
833 589 974 645 Nihil
1018 595 1204 643 autem
1257 585 1480 656 prodest
1532 584 1734 654 fulgere
1757 583 1996 639 vestibus
2034 591 2090 637 et

450 750 457 755 η
503 682 730 738 sordere
750 681 982 750 ﬂagitiis.
1014 679 1114 735 Ubi
1137 680 1281 734 enim
1304 678 1633 734 conscientia
1661 677 1948 733 tenebrosa
1983 683 2088 742 est,

505 778 679 829 totum
706 780 901 844 corpus
924 770 1270 828 obscuratum
1320 777 1423 824 est.
1454 766 1726 824 Habemus
1747 777 1952 833 autem,
1983 781 2091 838 quo

2195 596 2265 647 χι,
2291 572 2405 649 Η).
2458 576 2663 632 Bonum
2707 578 3064 661 eleemosynze
3105 576 3440 639 mandatum,
3484 588 3584 645 per
3628 575 3771 645 quod

2191 672 2441 729 manibus
2468 671 2775 742 operantur,
2800 676 2859 723 ut
2877 668 3043 724 corde
3072 667 3413 722 mundcmur.
3447 665 3697 735 E'xplieit.

1907 860 2249 938 HOMlLlA
2299 872 2380 933 v.

1986 1001 2063 1055 De
2099 1000 2297 1054 eodem.

1962 1112 2355 1167 ADMONITIO.

572 1204 653 1260 Ex
682 1204 879 1261 eodem
906 1205 1239 1274 Sangallensi
1266 1205 1455 1275 codice
1486 1206 1620 1260 hanc
1650 1203 1779 1275 item
1812 1201 2611 1275 hoznili_3_m_,‘_gue_madmodum
2662 1203 2996 1275 superiorem
3034 1199 3288 1275 ascribi.
3330 1196 3528 1275 editpte
3565 1197 3780 1275 curavit

505 1273 854 1346 hiabillpniusi
872 1276 927 1329 in
956 1266 1128 1346 primo
1158 1274 1354 1346 Muswi
1376 1274 1562 1346 Italici
1580 1272 1947 1346 volumine._A
1966 1266 2301 1346 ΔΜέλιιήιιξςηιξο
2325 1266 2906 1346 θᾳορρρῐνϐειιθίιύίυς,
2942 1272 3326 1346 transtulitque
3349 1266 3772 1346 -in'tomumnlx

505 1344 642 1399 Bibl.
678 1344 780 1399 PP.
812 1337 1006 1400 Venet.
1045 1344 1179 1398 edit.
1217 1359 1305 1399 an.
1338 1345 1495 1405 1775,
1529 1344 1685 1398 titulo
1721 1342 1914 1411 Incipit
1942 1341 2004 1411 de
2029 1341 2195 1394 natali
2222 1341 2434 1395 Domini
2459 1337 2772 1409 Saluatoris,
2805 1337 3036 1406 retente,
3060 1355 3220 1410 quem
3242 1337 3457 1394 titulum
3486 1354 3556 1393 ex
3582 1337 3776 1411 codice

505 1416 622 1485 ipso
644 1414 995 1485 Sangallensi
1020 1413 1359 1485 Mabillonius
1386 1414 1527 1468 idem
1556 1409 2006 1485 ex_presscrat._ld
2053 1411 2445 1485 verohomilizn
2466 1426 2635 1485 genus
2671 1413 2908 1485 maxime
2950 1411 3146 1485 ascribi
3188 1420 3445 1485 oportere
3487 1409 3774 1485 conlirmat

502 1479 780 1553 rjiajorem'
796 1485 848 1537 in
872 1482 1095 1553 modum
1122 1483 1295 1539 codex
1319 1479 1686 1553 Taurinensi's,
1715 1482 1768 1535 in
1789 1496 1898 1550 quo
1919 1481 2035 1553 haec
2052 1480 2337 1553 est‘eidem
2361 1479 2593 1537 homilize
2613 1482 2830 1552 praefixa
2850 1482 3153 1553 inscriptio.
3182 1480 3313 1553 Item
3334 1488 3383 1533 et
3411 1479 3475 1533 de
3501 1479 3773 1553 nativitate

500 1547 728 1634 Domini.
752 1551 974 1634 homilia
1003 1551 1089 1634 3‘5.
1280 1554 1325 1608 si
1353 1553 1524 1634 stylus
1552 1560 1609 1607 et
1636 1547 2015 1634 interpretatio
2038 1548 2158 1634 loci
2180 1549 2350 1632 lsaire,
2374 1565 2537 1634 quem
2577 1547 2766 1634 auctor
2799 1551 2973 1634 aliert,
3000 1547 3134 1634 satis
3159 1551 3394 1615 evincat,
3434 1547 3771 1634 saﬁnctoipsi

502 1622 731 1677 antistiti
754 1622 1001 1678 eamdem
1028 1616 1310 1678 hominum
1338 1616 1616 1691 acceptam
1644 1616 1841 1691 referri
1862 1626 2137 1691 oportere,
2162 1635 2291 1691 cum
2327 1616 2632 1691 istiusmodi
2656 1622 2793 1675 ratio
2822 1621 3269 1691 adducendorum
3290 1633 3458 1691 sacrae
3473 1616 3775 1691 Scriptura?

503 1691 749 1762 locorum
776 1692 827 1746 ei
849 1692 1077 1746 antistiti
1100 1692 1259 1762 fuerit
1281 1687 1587 1762 peculiaris,
1617 1706 1737 1761 qua:
1755 1687 1973 1759 quidem
2001 1688 2121 1743 loca
2149 1689 2238 1743 vel
2276 1690 2471 1744 Latina
2498 1690 2614 1760 ipse
2640 1691 2875 1746 faciebat
2899 1690 2969 1745 de
2989 1688 3212 1755 Graecis,
3243 1688 3334 1744 vel
3369 1687 3677 1758 excipiebat
3702 1701 3772 1741 ex

504 1758 695 1815 Latina
723 1762 973 1816 versione
1001 1761 1252 1832 quapiam
1280 1758 1528 1816 ratione?

508 1895 899 1950 Ancona-run.
924 1925 996 1962 -ε-
1015 1890 1207 1948 Christi
1233 1894 1477 1962 nativitas
1506 1890 1616 1945 Deo
1645 1890 1800 1962 digna
1824 1890 1883 1962 in
1916 1887 2083 1962 omni-
2114 1888 2157 1948 Β
2187 1886 2331 1951 bole,
2362 1904 2484 1958 qua:
2512 1896 2598 1944 cst
2636 1889 2821 1957 ignara
2849 1887 2916 1944 de
2944 1887 3206 1956 conjuge;
3238 1894 3400 1955 atque
3424 1883 3683 1939 infantem
3714 1898 3774 1939 se

573 1964 667 2018 ltus
685 1973 797 2018 erat
817 1961 1128 2032 ιεςιιΙιίΙηηιάςξἒ
1144 1962 1303 2032 Virgo
1317 1961 1568 2015 Altissimi
1583 1955 1765 2016 virtute
1785 1955 2085 2032 obumbrata

575 2033 715 2105 parit
736 2035 1057 2105 incorrupta,
1083 2028 1256 2105 Filius
1275 2033 1507 2085 nascitur
1522 2038 1757 2105 sanctus,
1783 2028 1973 2081 caelites
1993 2042 2087 2095 pa-

570 2099 678 2156 cem
698 2111 747 2156 et
769 2099 986 2155 salutem
1006 2099 1294 2155 hominibus
1316 2101 1699 2165 annuntiantes,
1714 2114 1899 2152 nowm
1921 2111 2088 2167 quem-

574 2172 698 2226 dam
718 2170 895 2225 mundi
922 2178 1091 2225 ortum
1118 2169 1445 2241 pollicentur.

573 2345 832 2402 Proxima
854 2344 1127 2402 dominica
1150 2346 1495 2402 dilectionem
1529 2352 1770 2401 vestram
1798 2344 2086 2399 admonui-

504 2444 648 2500 mus,
691 2433 907 2499 fratres,
937 2432 1009 2489 de
1030 2433 1141 2488 diei
1162 2434 1321 2505 hujus
1344 2434 1606 2502 adventu,
1639 2436 1695 2489 in
1719 2448 1829 2504 qua
1855 2433 2089 2489 diximus

502 2537 602 2578 nos
626 2522 867 2577 natalem
894 2521 1109 2577 Domini
1137 2522 1303 2578 hodie
1325 2524 1490 2578 etiam
1512 2524 1716 2579 mundo
1743 2532 1888 2579 teste
1915 2525 2089 2580 susci-

502 2623 651 2680 pere.
676 2608 908 2665 Mundus
936 2610 1080 2665 enim
1123 2611 1495 2668 testimonium
1516 2612 1789 2687 perhibet,
1827 2613 1956 2669 dum
1986 2630 2083 2668 na-

500 2708 690 2758 scente
717 2700 958 2768 Christo,
984 2710 1043 2757 et
1069 2703 1188 2772 ipse
1216 2705 1541 2760 renascitur.
1566 2692 1887 2760 Renascitur
1917 2704 2086 2770 enim,

503 2805 628 2846 cum
654 2789 724 2846 de
765 2790 1048 2861 profundis
1087 2792 1330 2854 noctium
1372 2793 1611 2849 tenebris
1651 2801 1809 2864 partu
1847 2792 2114 2865 quodam~

504 2882 639 2937 lucis
660 2882 887 2937 eruitur.
921 2882 1259 2950 Renascitur,
1290 2883 1529 2955 inquam,
1553 2898 1676 2938 cum
1706 2883 1825 2953 ejus
1850 2880 2087 2937 defectio

505 2976 711 3042 linitur,
736 2976 954 3031 claritas
980 2983 1285 3046 reparatur.
1310 2975 1487 3047 Atque
1508 2976 1631 3032 ideo
1654 2978 1710 3030 in
1738 2983 1863 3031 ortu
1882 2973 2089 3030 Christi

505 3071 723 3136 oportet
754 3066 923 3134 magis
944 3073 1123 3120 ortum
1145 3067 1325 3121 saeculi
1351 3082 1450 3123 nos
1476 3080 1694 3123 vocare.
1726 3067 1787 3122 In
1815 3067 1917 3122 hac
1942 3066 2089 3121 enim

505 3154 595 3212 die
634 3156 702 3211 ad
740 3155 1001 3210 salvanda
1041 3155 1223 3212 omnia
1265 3156 1456 3211 oritur.
1488 3155 1671 3215 Oritur
1697 3157 1843 3212 enim
1872 3155 1959 3211 die
1986 3155 2088 3211 hac

506 3248 597 3305 lux
639 3247 873 3314 mundo,
913 3247 1178 3305 defunctis
1218 3248 1574 3313 resurrectio,
1621 3248 1731 3303 vita
1773 3245 2089 3302 mortalibus
2115 3257 2157 3317 ρ

507 3340 877 3411 aepropte'rea
926 3338 1092 3394 hodie
1131 3354 1239 3396 non
1283 3347 1393 3395 tam
1431 3340 1727 3395 Salvatoris
1763 3338 1960 3394 natalis
2006 3345 2089 3393 est

504 3448 665 3505 quam
699 3432 903 3489 salutis.
939 3431 1188 3490 Nascitur
1213 3447 1342 3503 ergo
1368 3433 1514 3489 salus
1537 3432 1778 3488 omnium
1819 3429 2087 3495 Christus,

511 3537 672 3594 quem
702 3538 884 3593 regem
925 3525 1164 3593 gentium
1200 3525 1478 3596 prophetae
1513 3532 1819 3579 testantur:
1851 3522 2091 3578 nascitur

508 3628 577 3668 ex
613 3612 844 3683 virgine,
884 3614 1023 3670 sicut
1066 3613 1230 3671 Isaias
1259 3613 1409 3687 (Cap.
1446 3613 1541 3687 vu)
1587 3614 1828 3671 declarat
1854 3614 2039 3669 dicens
2071 3632 2086 3669 :

510 3706 643 3762 Ecce
669 3710 811 3781 virgo
830 3708 884 3763 in
905 3717 1057 3765 utero
1075 3710 1347 3781 concipiet,
1372 3718 1422 3763 et
1454 3709 1625 3779 pariet
1650 3708 1838 3779 ﬁlium,
1867 3715 1917 3762 et
1937 3724 2091 3763 voca-

513 3798 639 3852 bunt
685 3813 869 3853 nomen
918 3797 1028 3866 ejus
1066 3796 1396 3861 Emmanuel,
1436 3798 1570 3867 quod
1598 3808 1676 3850 est
1700 3801 2091 3868 interpretatum

514 3887 784 3941 nobiscum
814 3888 970 3940 Deus.
998 3884 1199 3940 Probat
1226 3900 1354 3955 ergo
1378 3887 1661 3941 veritatem
1699 3888 2090 3944 Domini~ordo

513 3977 789 4032 nascendi.
840 3976 1100 4048 Concepit
1142 3977 1292 4044 virgo
1330 3976 1500 4033 virilis
1550 3978 1734 4046 ignara
1771 3979 2027 4034 consortii
2073 3998 2087 4033 :

512 4066 767 4137 impletur
796 4074 983 4123 uterus
1010 4068 1158 4122 nullo
1203 4067 1398 4124 libatus
1438 4069 1707 4140 amplexu,
1738 4079 1795 4126 et
1833 4069 2089 4142 Spiritum

509 4169 757 4217 sanctum
798 4170 978 4217 castus
1004 4168 1193 4216 venter
1220 4163 1454 4232 excepit,
1486 4177 1644 4232 quem
1676 4178 1809 4235 pura
1850 4166 2091 4220 membra

509 4258 811 4314 servarunt,
843 4250 1101 4307 innocens
1125 4265 1323 4322 corpus
1338 4253 1534 4320 gessit.
1556 4252 1745 4309 Videte
1772 4254 2090 4310 miraculum

509 4342 700 4397 matris
723 4342 1024 4400 dominicae.
1054 4342 1218 4412 Virgo
1237 4353 1339 4411 est,
1365 4360 1487 4401 cum
1515 4347 1770 4418 concipit.
1791 4349 1941 4419 virgo
1970 4366 2092 4405 cum

510 4437 756 4508 parturit,
790 4437 939 4505 virgo
979 4444 1102 4507 post
1136 4444 1371 4507 partum.
1407 4436 1657 4494 Gloriosa
1697 4440 1995 4510 virginitas,
2037 4449 2094 4495 et

509 4527 767 4598 prmelara
789 4525 1113 4581 fecunditas!
1136 4524 1321 4581 Virtus
1348 4525 1533 4581 mundi
1563 4528 1818 4594 nascitur,
1841 4541 1897 4584 et
1917 4529 2094 4584 nullus

2185 1978 2435 2043 genuisse
2473 1978 2716 2043 miratur,
2756 1993 2879 2034 cum
2919 1977 3177 2048 Spiritum
3207 1984 3453 2032 sanctum
3492 1990 3552 2030 se
3586 1989 3775 2031 susce-

2186 2068 2329 2138 pisse
2365 2074 2627 2134 testatur;
2673 2083 2791 2135 nec,
2835 2069 2958 2136 quia
2986 2069 3200 2138 peperit
3226 2068 3472 2135 innupta,
3502 2070 3771 2125 terretur,

2185 2163 2310 2233 quia
2334 2163 2641 2218 testimonio
2668 2162 2837 2217 utitur
2863 2160 3185 2228 virginitatis
3206 2167 3264 2213 et
3288 2157 3511 2213 sobolis.
3536 2155 3772 2211 Sobolcs

2187 2258 2330 2312 enim
2368 2254 2695 2310 dominicum
2728 2251 2944 2306 Patrem
2985 2250 3213 2314 indicat;
3238 2248 3520 2315 virginitas
3544 2251 3773 2313 stupen-

2188 2351 2320 2405 tium
2348 2347 2708 2418 suspicionem
2746 2350 2993 2399 excusat.
3022 2341 3153 2395 lude
3180 2337 3472 2407 virginitati
3517 2334 3774 2389 divinitas
3814 2358 3821 2363 -

2186 2441 2557 2498 testimonium
2584 2436 2860 2508 perhibet;
2889 2436 3020 2490 hinc
3044 2442 3252 2489 natura:
3278 2438 3568 2487 secretum.
3590 2426 3771 2482 Testi-

2187 2536 2449 2599 monium,
2476 2534 2714 2600 inquam,
2738 2528 2990 2599 perhibet
3015 2525 3270 2580 divinitas
3290 2520 3469 2592 partui
3495 2517 3770 2585 virginali.

2190 2626 2263 2682 Ut
2287 2624 2622 2694 concipiatur
2648 2619 2795 2675 enim
2820 2617 3068 2672 Christus
3108 2611 3401 2670 secundum
3440 2606 3770 2679 praenuntia-

2187 2718 2392 2773 tionem
2415 2711 2690 2781 Evangelii
2713 2710 2947 2781 Spiritus
2965 2708 3138 2765 sancti
3165 2705 3405 2776 repletur
3423 2701 3633 2770 gratia;
3661 2699 3772 2754 vir-

2189 2816 2306 2865 tute
2334 2808 2431 2862 Dei
2456 2804 2633 2859 Patris
2655 2801 3027 2865 obumbratur,
3056 2798 3197 2853 sicut
3223 2795 3297 2850 ad
3318 2791 3542 2847 Mariam
3567 2788 3774 2844 dictum

2188 2908 2273 2955 est
2295 2915 2308 2952 :
2339 2896 2566 2968 Spiritus
2588 2903 2799 2948 sanctus
2821 2889 3145 2960 superveniet
3172 2887 3228 2940 in
3253 2892 3325 2950 te,
3353 2889 3403 2936 et
3429 2882 3593 2934 virtus
3613 2875 3777 2931 Altis-

2188 2993 2307 3050 simi
2340 2993 2441 3064 19
2468 2986 2789 3044 obumbrabit
2821 2986 2934 3051 tibi,
2967 2991 3017 3038 et
3050 2983 3168 3038 ideo
3203 2978 3342 3053 quod
3371 2983 3617 3034 nascetur
3636 2988 3702 3064 ea:
3725 2981 3777 3028 te

2189 3062 2441 3147 sanctum,
2469 3078 2734 3136 vocabitur
2761 3074 2935 3130 Filius
2973 3073 3073 3128 Dei
3105 3071 3255 3143 (Luc.
3290 3069 3350 3139 l).
3391 3066 3450 3121 In
3486 3062 3775 3119 nativitate

2189 3188 2319 3244 ergo
2364 3169 2660 3229 Salvator-is
2705 3164 2975 3236 completa
3022 3168 3107 3218 est
3149 3160 3240 3214 illa
3268 3156 3448 3213 divina
3476 3153 3773 3214 sententia,

2188 3285 2308 3342 quae
2351 3266 2483 3322 dicit
2511 3283 2525 3318 :
2557 3262 2777 3317 Duobus
2800 3266 2895 3313 aut
2928 3258 3105 3312 tribus
3144 3254 3372 3309 testibus
3412 3248 3580 3304 stabit
3607 3259 3773 3342 omne

2188 3335 2432 3419 verbum.
2463 3356 2609 3412 Ecce
2643 3353 2786 3409 enim
2816 3350 3050 3406 Verbum
3079 3346 3175 3401 Dei
3194 3344 3434 3399 nascitur
3460 3335 3786 3393 testimonio

2190 3453 2488 3510 Trinitatis.
2511 3438 2645 3503 Nam
2671 3445 2858 3514 utique
2888 3443 2942 3497 in
2970 3448 3126 3495 utero
3149 3437 3206 3492 S.
3240 3435 3422 3491 Mariae
3448 3447 3570 3487 cum
3596 3429 3776 3499 Spiri-

2190 3554 2276 3600 tus
2305 3550 2522 3600 sanctus
2562 3535 2896 3608 supervenit,
2937 3547 3061 3588 cum
3108 3526 3398 3585 obumbrat
3443 3522 3772 3584 Altissimus,

2190 3653 2312 3694 cum
2340 3620 2583 3689 Christus
2610 3636 2922 3698 generatur,
2954 3622 3225 3680 confessio
3258 3621 3314 3675 in
3342 3633 3411 3673 eo
3440 3616 3562 3672 lidei
3590 3615 3774 3671 conti—

2190 3734 2370 3782 netur.
2422 3723 2648 3791 Dignum
2680 3719 2825 3774 enim
2853 3723 2972 3773 erat
2999 3723 3061 3771 ut
3096 3713 3269 3767 Mater
3296 3710 3525 3765 salutem
3556 3706 3778 3777 pepulls

2191 3816 2399 3870 elitura
2438 3813 2588 3883 prius
2615 3810 2669 3863 in
2696 3807 2992 3863 visceribus
3019 3805 3128 3860 suis
3174 3797 3524 3858 continuaret
3569 3804 3781 3867 myste—

2192 3906 2329 3959 rium
2359 3900 2667 3965 Trinitatis;
2696 3908 2755 3954 et
2786 3898 2865 3952 sic
2903 3895 3327 3961 intelligeremns
3355 3895 3484 3943 ante
3518 3886 3781 3942 Salvato-

2193 3993 2267 4048 ris
2297 3998 2477 4047 ortum
2508 3988 2880 4045 conﬁrmatum
2910 4000 3030 4040 esse
3058 3982 3182 4037 ﬁdei
3211 3985 3631 4036 sacramentum.
3657 3976 3783 4033 Ma-

2192 4082 2272 4138 ria
2303 4081 2445 4137 enim
2484 4087 2741 4148 tanquam
2779 4076 2832 4131 in
2874 4073 3113 4132 sacrario
3157 4070 3363 4127 ventris
3407 4068 3491 4124 sui
3535 4067 3791 4138 portavit

2194 4189 2317 4230 eum
2343 4171 2604 4245 mysterio
2632 4169 3002 4234 sacerdotem;
3048 4180 3173 4221 nam
3201 4161 3465 4235 quidquid
3493 4161 3548 4217 in
3573 4162 3788 4219 steculo

2192 4262 2535 4334 profuturum
2560 4262 2695 4323 erat,
2719 4259 2774 4314 id
2801 4265 2976 4314 totum
3005 4256 3077 4313 de
3103 4256 3223 4325 eius
3249 4262 3439 4309 ventre
3464 4270 3478 4307 :
3501 4252 3666 4316 Deus,
3691 4268 3789 4309 sa-

2194 4352 2385 4408 cerdos
2412 4357 2469 4406 et
2494 4349 2702 4415 hostia;
2727 4347 2867 4402 Deus
2886 4344 3318 4410 resurrectionis,
3342 4342 3596 4399 sacerdos
3620 4342 3791 4398 obla—

2196 4443 2378 4499 tionis.
2402 4440 2517 4496 ﬂoc
2537 4448 2717 4495 autem
2745 4445 2919 4493 totum
2943 4439 2995 4492 in
3013 4436 3229 4493 Christo
3251 4433 3793 4505 agnoscimus..Deus

2195 4533 2338 4587 enim
2368 4539 2473 4597 est,
2502 4529 2646 4602 quod
2675 4527 2745 4584 ad
2778 4527 2993 4583 Patrem
3024 4527 3166 4583 redit
3197 4545 3209 4580 :
3241 4526 3505 4598 pontifex,
3540 4525 3691 4594 quod
3722 4541 3792 4583 se

511 4626 592 4673 est
617 4617 846 4687 gemitus
872 4615 1250 4687 parturientis;
1276 4624 1538 4671 vacuatur
1564 4624 1769 4684 uterus,
1798 4617 1977 4672 infans
2000 4632 2094 4672 ex-
2122 4621 2175 4682 Ι)
2198 4622 2392 4679 obtulit
2416 4639 2430 4675 :
2460 4621 2704 4687 victima,
2735 4619 2882 4690 quod
2911 4633 3008 4689 pro
3034 4618 3192 4673 nobis
3221 4619 3434 4673 occisus
3457 4625 3556 4673 est.
3597 4616 3793 4676 Marias

511 4710 727 4780 cipitur,
752 4721 852 4764 nec
876 4705 1162 4777 virginitas
1181 4706 1435 4761 violatur.
1460 4707 1686 4777 Dignum
1708 4709 1853 4765 enim
1884 4710 2001 4764 erat
2029 4718 2090 4764 ut

505 4790 624 4856 Deo
661 4809 919 4857 nascente
946 4800 1194 4855 meritum
1223 4807 1493 4855 cresceret
1527 4802 1790 4858 castitatis
1822 4821 1835 4857 :
1868 4816 1970 4858 nec
1996 4818 2095 4874 per

512 4890 629 4956 ejus
663 4891 952 4947 adventum
976 4890 1278 4947 violaretur
1305 4891 1604 4961 integritas,
1630 4895 1720 4963 qui
1746 4904 1973 4951 venerat
2007 4911 2095 4952 sa-

513 4992 645 5033 nare
673 4988 927 5050 corrupta
962 4999 975 5035 :
1006 4996 1108 5038 nec
1134 4996 1233 5051 per
1272 4995 1393 5035 eum
1433 4981 1688 5050 pudicitia
1730 4985 1971 5053 corporis
1998 4985 2090 5039 lm-

504 5066 749 5132 ‘derctur,
776 5084 872 5138 per
898 5086 1058 5139 quem
1083 5072 1315 5127 donatur
1340 5069 1618 5140 virginitas
1636 5071 2096 5142 baptismatisim-

516 5154 744 5228 pudicis.
793 5156 960 5212 Natus
988 5159 1150 5227 igitur
1187 5175 1324 5232 puer
1361 5160 1584 5232 ponitur
1628 5161 1683 5215 in
1722 5161 2008 5232 prmsepio,
2039 5169 2099 5217 et

519 5251 633 5305 haec
659 5256 783 5306 sunt
808 5250 900 5305 Dei
922 5251 1093 5320 prima
1114 5254 1377 5310 cunabula
1403 5272 1416 5308 :
1443 5269 1542 5310 nec
1569 5258 1825 5323 regnator
1851 5253 1973 5308 cceli
1995 5253 2096 5309 has

519 5339 822 5409 indignatur
850 5341 1139 5409 angustias,
1171 5344 1256 5398 cui
1300 5342 1664 5400 habitaculum
1695 5342 1794 5398 fuit
1826 5342 2097 5409 virgineus

519 5439 727 5488 venter.
757 5432 1013 5488 Idoneum
1054 5432 1210 5502 plane
1251 5431 1415 5489 Maria
1454 5433 1669 5490 Christo
1704 5430 2088 5497 habitaculum,

523 5537 630 5578 non
653 5536 753 5593 pro
776 5522 961 5578 habitu
983 5522 1244 5590 corporis,
1264 5523 1358 5577 sed
1384 5540 1483 5593 pro
1504 5524 1674 5592 gratia
1703 5505 1970 5592 originali.
1986 5520 2095 5577 ΕΙ·-

524 5624 593 5681 go
621 5621 911 5682 exonerata
943 5611 1078 5665 felici
1109 5626 1274 5666 onere
1310 5611 1475 5668 Maria
1504 5623 1731 5670 matrem
1760 5613 1976 5670 sciltcta
2003 5627 2095 5668 co-

518 5703 762 5773 gnoscit;
785 5716 903 5772 qum
921 5716 979 5756 sc
1001 5700 1171 5756 nescit
1188 5716 1447 5768 uxorem;
1480 5714 1538 5756 et
1559 5714 1642 5758 cst
1663 5706 1893 5772 gloriosa
1914 5705 1982 5761 de
2002 5718 2094 5761 so-

2194 4724 2322 4779 ergo
2368 4710 2478 4782 20
2520 4717 2758 4776 uterum,
2790 4724 2902 4763 non
2946 4715 3155 4762 uterum
3196 4706 3423 4763 dixerim
3467 4707 3655 4772 fuisse.
3687 4711 3794 4767 sed

2195 4800 2482 4871 templum;
2523 4800 2785 4869 templum
2824 4798 2982 4868 plane
3028 4807 3128 4865 est,
3170 4799 3224 4853 in
3252 4812 3361 4868 quo
3401 4797 3612 4854 habitat
3651 4814 3795 4857 san-

2197 4898 2340 4945 ctum
2380 4888 2637 4960 quidquid
2669 4889 2722 4944 in
2764 4888 2901 4944 nmio
2947 4896 3030 4944 est
3066 4906 3079 4942 :
3118 4890 3221 4946 nisi
3248 4891 3392 4961 quod
3422 4906 3583 4962 supra
3612 4893 3801 4951 caelos

2197 4979 2572 5034 aestimandum
2596 4987 2697 5044 est,
2729 4978 2819 5033 ubi
2848 4980 3000 5049 quasi
3029 4980 3082 5034 in
3113 4981 3405 5038 secretiore
3436 4982 3797 5042 tabernaculo

2199 5068 2513 5140 mysterium
2541 5082 2573 5121 a
2599 5066 2882 5123 divinitate
2909 5068 3231 5139 disponitur,
3261 5071 3728 5141 quemadmodum
3760 5093 3796 5132 a

2198 5157 2440 5228 pluribus
2478 5156 2799 5211 ascendatur
2844 5156 2913 5212 ad
2954 5159 3170 5215 coelum.
3214 5158 3385 5231 Supra
3424 5163 3594 5219 cmlos
3622 5166 3801 5236 plane

2199 5245 2542 5302 aestimandus
2560 5254 2644 5301 est
2665 5254 2849 5303 uterus
2869 5242 3071 5316 Mariae,
3094 5250 3218 5318 quia
3246 5250 3438 5306 Filium
3461 5251 3556 5307 Dei
3581 5253 3800 5321 glorio-

2199 5338 2398 5394 siorem
2439 5338 2653 5392 remisit
2677 5338 2743 5393 ad
2771 5338 2989 5404 cmlum,
3019 5355 3182 5410 quam
3208 5340 3277 5395 de
3316 5341 3456 5396 emlo
3484 5340 3804 5401 descende-

2199 5435 2302 5481 rat.
2331 5426 2460 5484 lude
2488 5427 2631 5482 enim
2650 5435 2711 5482 ut
2733 5437 3028 5498 pateretur,
3053 5430 3179 5486 hinc
3201 5444 3449 5486 reversus
3473 5439 3575 5496 est,
3606 5440 3668 5486 ut
3699 5449 3799 5492 re-~

2200 5525 2427 5586 gnaret:
2457 5516 2580 5572 inde
2604 5517 2914 5574 humiliatus
2940 5518 3217 5576 descendit
3244 5521 3300 5576 in
3325 5521 3623 5589 hominem,
3657 5523 3808 5582 hinc

2201 5604 2531 5677 gloriﬁcatus
2576 5607 2644 5661 ad
2687 5607 2899 5663 Patrem
2941 5609 3200 5666 ascendit.
3232 5609 3423 5668 Melius
3449 5611 3613 5682 plane
3649 5621 3793 5670 tem-

2199 5704 2349 5774 plum
2377 5702 2618 5774 corporis
2647 5707 2748 5771 est,
2778 5705 2942 5769 quam
2978 5702 3118 5758 caeli.
3154 5701 3414 5759 Resideus
3437 5700 3582 5756 enim
3626 5703 3804 5762 Chri-
