4042 6192
287 294 377 347 2'57
1660 295 1938 354 IIOMILIA
1979 297 2082 351 VII.

3423 308 3527 364 ἰῑὸ

280 419 382 466 stus
409 417 492 465 est
522 427 534 461 :
567 410 638 464 ibi
669 409 934 473 terribilis,
954 409 1041 464 hic
1061 408 1402 474 manifestus;
1436 410 1508 463 ibi
1540 409 1838 471 invisibilis,
1875 412 1919 472 Α
1948 411 2124 464 ctione
2156 408 2343 462 fratres
2375 410 2637 466 hortatur.
2673 377 2997 480 Atqueddeo
3035 423 3117 468 est
3145 414 3343 470 bonum
3372 421 3525 476 nobis

278 501 355 554 hic
383 499 606 552 visibilis
631 508 793 568 atque
832 499 1145 567 palpabilis;
1196 499 1265 552 ibi
1317 505 1539 567 peccata
1589 498 1841 561 vindicat,

277 596 355 650 hic
379 595 681 659 condonat;
715 595 784 648 ibi
814 600 1078 662 potestate
1121 593 1315 662 judicia
1352 594 1536 657 utitur,
1582 593 1668 646 hic
1708 592 1843 646 dile-

1954 501 2176 554 adorare
2206 515 2346 566 cum,
2379 516 2498 555 eum
2538 503 2746 565 invitat,
2777 511 2833 556 ut
2875 505 3140 573 possimus
3169 522 3288 560 eum
3321 523 3424 562 non
3458 505 3522 562 tt-

1952 606 2118 652 mere,
2152 606 2271 644 cum
2291 589 2516 656 judicat.
2549 589 2724 659 Explit
2743 593 2800 645 it.

1653 725 1992 786 HOMILIA
2043 724 2148 784 Vl.

1541 825 1618 880 De
1649 825 1933 880 Nativitate
1970 825 2177 879 Domini
2220 823 2267 878 1.

1717 916 2103 972 ADMONITIO.

340 1013 417 1066 Ex
439 1013 808 1068 vetustissimo
834 1012 1020 1067 codice
1059 1011 1289 1065 abbatia:
1333 1009 1461 1064 olim
1504 1008 1560 1064 S.
1594 1009 1865 1074 Dalmatii,
1891 1007 1973 1078 de,
1998 1023 2103 1077 quo
2126 1009 2256 1063 satis
2278 1019 2361 1062 est
2386 1009 2595 1063 a'nobis
2624 1010 2825 1064 dictum
2849 1011 2902 1064 iu
2925 1015 3344 1078 commentariis,
3385 1019 3522 1073 hanc

277 1099 366 1139 nos
388 1083 670 1159 homiliam
692 1083 1089 1150 descripsimus,
1113 1078 1854 1159 edimusquenuucopr‘imum
1886 1078 1937 1131 in
1964 1077 2157 1131 lucem.
2189 1078 2460 1159 in‘codice
2482 1078 2700 1159 quidem
2808 1079 3022 1136 Maximi
3053 1099 3251 1138 nomen
3285 1077 3520 1156 praefert,

277 1167 441 1221 neque
471 1152 582 1206 ulla
610 1160 694 1207 est
713 1145 897 1215 causa,
921 1145 1270 1220 quamobrem
1294 1145 1488 1204 sancto
1512 1145 1741 1206 antistiti
1768 1161 1888 1200 eam
1924 1163 2034 1201 non
2063 1163 2183 1202 esse
2211 1145 2626 1222 adjndicaudum
2651 1158 2918 1218 putemus.

277 1267 661 1320 Aacuusuruu.
702 1298 774 1308 —-
813 1268 1055 1328 Quamvis
1100 1265 1332 1334 Christus
1379 1264 1651 1334 dupliciter
1688 1270 1838 1334 natus

337 1337 666 1404 medicatur,
693 1351 829 1389 unus
852 1344 1022 1404 tamen
1054 1334 1097 1386 F
1099 1335 1218 1390 ilius
1232 1333 1337 1404 (Dei
1368 1329 1653 1404 nuncupari
1673 1329 1836 1404 debet.

340 1401 486 1458 Idem
524 1407 663 1458 enim
691 1413 786 1468 est,
810 1406 897 1475 qui.
936 1421 968 1456 a
995 1403 1155 1475 Patre
1180 1403 1250 1475 ab
1279 1401 1566 1456 ceteriiitate
1591 1411 1666 1455 est
1697 1401 1841 1470 geni-

336 1485 436 1540 tus,
470 1484 519 1527 et
547 1476 632 1546 qui
655 1475 710 1526 in
731 1472 958 1543 tempore
983 1491 1015 1526 a
1046 1472 1256 1543 Virgine
1275 1482 1594 1542 procreatus.

338 1627 551 1682 Domini
579 1627 749 1681 nostri
769 1625 896 1680 Iesu
915 1624 1131 1690 Christi,
1161 1624 1371 1688 fratres,
1395 1621 1728 1676 nativitatem
1749 1634 1840 1672 so-

277 1722 652 1777 lemnissimam
689 1720 896 1774 honore
942 1717 1122 1771 debito
1151 1715 1486 1789 celebrantes
1515 1712 1842 1767 cxsultemus

1945 1261 2095 1324 Sion,
2137 1259 2390 1328 quoniam
2429 1262 2497 1314 ab
2534 1261 2680 1314 omni
2707 1262 2976 1329 quondam
3004 1274 3244 1331 paterna:
3273 1269 3523 1334 przevari-

1947 1348 2172 1404 cationis
2203 1358 2349 1404 metu
2392 1349 2615 1404 liberata
2641 1365 2720 1404 es.
2753 1349 2914 1408 Ortus
2940 1353 3084 1408 enim
3113 1355 3203 1408 ille
3230 1365 3312 1410 est
3343 1357 3519 1412 Domi-

1946 1454 2045 1493 nus
2089 1438 2142 1492 in
2189 1439 2402 1494 civitate
2445 1440 2628 1504 David,
2661 1456 2780 1509 quae
2826 1452 3051 1497 vocatur
3095 1445 3389 1512 Bethleem,
3433 1453 3523 1517 qui

1945 1538 2150 1584 reatum
2187 1539 2452 1597 nostrum,
2483 1545 2590 1600 quo
2633 1532 2912 1588 diabolicis
2943 1534 3239 1602 fraudibus,
3271 1542 3466 1610 quibus
3491 1559 3522 1599 a

1945 1625 2094 1672 tanto
2125 1627 2366 1688 tempore
2394 1620 2755 1677 circumventa
2785 1625 2959 1678 fuerat
2983 1629 3282 1686 miseranda
3311 1643 3516 1689 morta-

1945 1706 2083 1773 litas,
2108 1708 2403 1764 clementer
2428 1711 2682 1775 absolvit,
2711 1721 2874 1784 atque
2899 1714 3080 1784 jugum
3111 1721 3384 1775 servitutis
3423 1738 3520 1778 an-

276 1822 426 1881 atque
467 1810 712 1864 Iretemur
741 1809 793 1862 in
823 1807 1047 1861 Domino
1077 1805 1224 1859 illum
1255 1802 1470 1856 tandem
1509 1816 1538 1855 e
1568 1801 1716 1855 cmlis
1744 1798 1840 1852 ad-
1876 1804 1917 1860 Β
1949 1796 2106 1864 tiqu
2152 1799 2348 1852 nostris
2387 1814 2418 1854 e
2461 1801 2758 1858 cervicibus
2798 1805 2918 1874 pius
2953 1809 3210 1862 excussit.
3245 1810 3410 1868 Natus
3437 1824 3521 1870 ρει

275 1901 475 1954 venisse
497 1899 553 1953 in
586 1906 756 1953 terras
784 1897 1075 1960 hominem,
1099 1895 1188 1966 qui
1218 1893 1403 1948 aeterni
1431 1891 1526 1945 Dei
1549 1891 1713 1945 Filius
1735 1896 1836 1954 est,

275 2002 323 2044 ut
353 2006 452 2044 nos
481 2005 512 2042 a
555 1988 752 2043 diaboli
783 1988 1040 2042 servitute
1080 1985 1386 2039 redimeret.
1415 1981 1562 2036 illum
1594 1980 1663 2034 de
1692 1979 1842 2034 cmlis

271 2079 607 2135 descendisse
635 2077 990 2132 habitatorem
1027 2075 1304 2137 cmlorum,
1333 2071 1423 2140 qui
1456 2078 1717 2124 terrarum
1761 2067 1841 2120 in-

274 2171 408 2225 colas
440 2169 718 2223 induceret
737 2167 789 2220 in
810 2165 1024 2220 coelum.
1058 2161 1229 2218 Hodie
1253 2159 1392 2215 enim
1415 2175 1482 2212 ex
1503 2158 1706 2225 virgine
1724 2154 1840 2214 nul-

274 2259 364 2312 lius
412 2257 514 2311 viri
543 2270 706 2324 gnara
735 2254 1043 2311 commercii
1073 2253 1235 2307 homo
1269 2249 1548 2320 processit,
1580 2247 1671 2316 qui
1700 2246 1840 2299 Deus

272 2351 417 2405 simul
441 2358 523 2404 est
565 2357 620 2403 et
647 2348 830 2403 homo.
862 2346 1032 2401 Hodie
1056 2362 1196 2400 unus
1216 2344 1467 2413 idemque
1495 2340 1694 2397 carnali
1724 2339 1839 2393 sine

271 2443 363 2496 ulla
386 2441 746 2510 conceptione
770 2449 926 2493 natus
947 2447 1028 2493 est
1057 2438 1215 2503 Deus,
1242 2444 1296 2491 et
1315 2437 1430 2490 sine
1450 2434 1558 2488 ullo
1588 2446 1841 2499 generan-

271 2539 318 2583 te
344 2527 515 2584 iactus
545 2538 628 2583 est
655 2529 837 2582 homo.
871 2529 1021 2582 illum
1052 2530 1118 2580 ab
1137 2535 1342 2581 mterno
1371 2525 1555 2592 genuit
1593 2522 1754 2586 Deus,
1784 2530 1840 2575 et

269 2617 316 2671 in
341 2626 587 2688 tempore
619 2617 712 2671 Dei
752 2618 1134 2687 omnipotentis
1161 2623 1421 2687 operante
1448 2615 1645 2669 virtute
1687 2620 1836 2667 casta

267 2708 405 2774 virgo
442 2708 699 2777 suscepit.
729 2707 898 2761 Natus
931 2715 1014 2761 est
1052 2707 1119 2760 ab
1146 2714 1349 2761 interno
1377 2705 1492 2758 sine
1516 2704 1625 2757 ullo
1653 2717 1754 2756 con
1779 2702 1838 2754 li—

269 2798 418 2852 tionis
445 2797 741 2868 principio;
775 2807 925 2852 ortus
953 2805 1035 2850 est
1063 2797 1114 2850 in
1139 2804 1381 2865 tempore
1399 2809 1467 2848 ex
1498 2791 1837 2846 immaculata

266 2887 480 2954 virgine.
521 2887 578 2940 ln
607 2887 776 2957 prima
807 2888 1085 2941 nativitate
1130 2895 1285 2940 natus
1315 2894 1397 2940 est
1441 2884 1620 2948 Deus;
1673 2884 1721 2936 in
1752 2896 1838 2936 se-

266 2981 425 3034 cunda
451 2988 766 3049 procreatus
793 2990 878 3034 est
906 2981 1087 3034 homo.
1119 2979 1174 3033 ln
1206 2979 1372 3048 prima
1403 2987 1461 3031 ut
1485 2976 1627 3031 Deus
1661 2976 1835 3030 homi-
1862 3012 1866 3016 -

269 3088 374 3125 nem
404 3071 574 3136 fecit;
617 3072 671 3124 iu
711 3071 942 3126 secunda
985 3071 1256 3124 hominem
1285 3084 1314 3122 a
1345 3067 1551 3138 peccati
1594 3066 1833 3129 vinculis,

267 3164 445 3231 quibus
463 3163 823 3227 detinebatur,
849 3164 1095 3218 absolvit.
1124 3162 1344 3217 Exsulta
1376 3161 1538 3229 igitur
1558 3170 1613 3215 et
1634 3155 1910 3227 l:etarc,'C

1943 1885 2084 1941 Deus
2111 1887 2206 1942 Dei
2245 1888 2410 1944 Filius
2436 1905 2503 1944 ex
2531 1891 2744 1961 femina,
2794 1896 3079 1953 obvolutus
3109 1909 3191 1955 est
3225 1905 3435 1971 pannis,
3466 1915 3520 1962 et

1939 1984 2148 2050 positus
2170 1983 2223 2037 in
2244 1999 2482 2054 priesepe
2504 1985 2682 2056 (Deest
2703 1989 2785 2041 hic
2807 1990 3009 2059 folium,
3034 1993 3220 2047 deinde
3242 1999 3516 2064 sequitur).

1941 2071 2021 2124 Ad
2047 2072 2191 2127 hunc
2227 2073 2387 2140 igitur
2414 2074 2582 2128 Deum
2617 2076 2770 2130 simul
2813 2087 2976 2148 atque
3013 2081 3284 2135 hominem
3331 2084 3514 2138 humili

1940 2163 2121 2230 corde,
2141 2165 2348 2220 sincera
2371 2175 2571 2233 mente,
2590 2169 2752 2221 castis
2773 2169 3044 2239 obsequiis
3055 2172 3388 2227 accedamus.
3409 2175 3517 2231 Nec

1940 2254 2193 2320 quoniam
2221 2253 2614 2324 allophylorum
2639 2256 3202 2328 circumstrepentibus
3239 2263 3402 2316 armis
3429 2278 3516 2317 an-

1942 2341 2134 2408 gimur,
2158 2355 2278 2411 quae
2305 2342 2671 2398 dissidentium
2701 2360 2885 2413 regum
2923 2350 3200 2404 suscitavit
3225 2351 3511 2417 discordia,

1943 2431 2062 2486 ideo
2092 2434 2451 2488 sacratissima
2495 2434 2655 2502 hujus
2700 2435 2804 2489 diei
2857 2439 3110 2508 mysteria
3159 2455 3279 2494 cum
3318 2441 3516 2509 gaudio

1937 2523 2214 2578 celebrare
2269 2539 2374 2577 non
2420 2523 2705 2590 debemus;
2753 2526 2880 2594 quin
2925 2527 3032 2582 imo
3089 2529 3266 2598 potius
3324 2530 3513 2586 eadem

1939 2617 2370 2688 competentibus
2394 2617 2601 2686 gaudiis
2627 2633 2964 2685 veneremur,
3006 2620 3172 2675 Deum
3201 2630 3509 2689 exorantes,

1941 2717 1999 2763 ut
2025 2709 2093 2763 ab
2123 2707 2237 2762 istis
2275 2708 2527 2778 periculis
2569 2722 2666 2762 nos
2707 2708 2952 2772 liberare,
3002 2719 3058 2764 et
3103 2711 3374 2766 custodire
3417 2727 3513 2780 sua

1938 2798 2141 2867 pietate
2167 2797 2417 2864 dignetur
2447 2796 2574 2867 (Hic
2601 2797 2785 2852 desunt
2813 2799 2984 2854 decem
3012 2801 3184 2865 lineae,
3215 2818 3330 2871 qua:
3355 2803 3407 2854 in
3430 2819 3516 2856 co-

1941 2889 2053 2943 dice
2079 2889 2433 2958 evanuerunt).
2467 2888 2575 2944 Nos
2597 2888 2758 2956 igitur
2780 2891 2924 2959 ipsos
2945 2891 3018 2944 illi
3039 2890 3345 2958 offeramus,
3373 2900 3429 2946 ut
3449 2892 3514 2946 ab

1939 2980 2308 3049 ingruentibus
2378 2979 2532 3033 malis
2579 2979 2819 3049 ejusdem
2862 2981 3062 3049 pietate
3108 2982 3356 3045 liberati,
3406 2989 3511 3035 etc.

1949 3069 2128 3141 (Deest
2157 3069 2450 3141 reliquum.)

1625 3272 1961 3333 HOMILIA
2015 3271 2147 3332 VII.

1492 3371 1566 3423 Dc
1607 3370 1893 3425 Nativitate
1930 3369 2141 3424 Domini
2183 3369 2244 3422 11

1689 3459 2076 3514 ADMONITIU.

324 3563 432 3634 21
469 3558 546 3634 E_x
573 3557 766 3634 eodem
791 3556 1016 3634 abbatiie
1042 3555 1096 3613 Β,
1139 3554 1383 3609 Dalmatii
1408 3554 1592 3634 codice
1609 3562 1845 3634 excepta
1870 3553 1981 3633 lucc
2022 3553 2163 3634 item
2178 3553 2395 3634 humilia
2427 3561 2530 3634 est,
2555 3569 2720 3634 quam
2740 3557 3130 3634 perinde-nunc
3167 3559 3394 3634 primum
3424 3578 3515 3631 pu-

267 3623 547 3697 bliﬁ‘juris
574 3627 820 3702 facimus.
877 3625 1008 3702 Nihil
1035 3634 1115 3679 est
1131 3634 1343 3702 autem,
1375 3625 1517 3702 quod
1557 3623 1788 3702 efﬁciat,
1819 3623 1946 3702 quin
1993 3637 2080 3702 ea,
2111 3631 2170 3702 ut
2193 3631 2282 3702 est
2319 3624 2480 3702 etiam
2512 3627 2562 3702 in
2604 3623 2788 3702 codice
2817 3623 3248 3702 Taurinensi,'S.
3283 3623 3514 3687 Maximo

265 3692 579 3767 aseribatur,
607 3700 763 3766 cujus
789 3705 936 3751 certe
955 3696 1165 3751 dicendi
1190 3696 1327 3749 ratio
1349 3692 1507 3764 plane
1528 3693 1715 3748 similis
1743 3692 1913 3760 majus
1941 3692 2088 3746 addit
2118 3693 2240 3746 huic
2262 3693 2493 3748 homilia:
2522 3695 2622 3765 ipsi
2645 3695 2946 3750 asserenda:
2975 3692 3367 3764 argumentum.

265 3856 651 3910 Aacunsuruai.
688 3885 760 3896 -—
784 3852 974 3908 Contra
1002 3853 1227 3906 ethnicos
1259 3851 1422 3906 Deum
1463 3849 1720 3903 hominem
1768 3861 1832 3899 ea:

335 3926 546 3994 Virgine
573 3932 753 3976 natum
775 3932 1037 3994 negantes,
1069 3921 1253 3994 probat
1281 3922 1341 3975 S.
1377 3920 1638 3994 "emimus
1665 3917 1834 3994 divino

325 3985 496 4048 rerum
524 3996 751 4048 omnium
781 3985 1046 4046 Co'nditori
1070 3985 1250 4044 "omnia
1280 3989 1545 4060 possibilia
1572 4004 1702 4057 esse.
1735 3985 1832 4060 In-

327 4065 477 4117 finita
497 4065 632 4116 enim
657 4063 910 4132 sapientia
943 4071 990 4115 et
1018 4061 1247 4132 potentia
1280 4056 1490 4129 quando
1511 4056 1833 4127 etquoniodo

326 4136 426 4210 iuit
459 4143 640 4187 cuncta
669 4143 929 4203 aperatur.

322 4306 579 4363 Sanctum
603 4314 658 4361 et
677 4305 985 4360 venerabile
1010 4303 1289 4360 dominicae
1334 4302 1626 4359 nativitatis
1649 4317 1831 4361 sacra-

263 4409 510 4465 mentum,
534 4398 679 4468 quod
700 4396 1100 4456 recurrentibus
1128 4396 1282 4450 annis
1310 4395 1652 4450 devotissima
1691 4409 1831 4449 sem-

263 4506 352 4559 per
375 4492 692 4546 celebritate
721 4502 1057 4552 veneramur,
1091 4494 1236 4549 tanta
1285 4486 1365 4540 sui
1396 4485 1704 4553 dignatione
1731 4501 1828 4539 cx-

262 4584 398 4637 cellit
423 4581 685 4655 mysterii,
716 4589 776 4635 ut
803 4588 857 4634 et
876 4579 1149 4647 gentilium
1171 4577 1468 4644 audaciam,
1487 4586 1542 4633 et
1567 4575 1825 4642 omnium,

1935 3845 2152 3901 dentum
2182 3847 2340 3916 hujus
2378 3848 2558 3904 szeculi
2605 3849 2764 3903 stulta
2802 3850 3041 3906 doctrina
3065 3891 3082 3917 ,
3111 3853 3284 3909 dicam
3311 3859 3509 3927 potius,

1935 3936 2159 4004 insania,
2191 3938 2412 3993 credere
2440 3939 2687 4008 equidem
2730 3939 2897 3994 Deum
2933 3942 3197 3998 mirabilia
3227 3945 3514 4015 aliquando

1933 4025 2142 4092 fecisse,
2173 4028 2351 4083 facere
2377 4030 2538 4084 etiam
2569 4039 2625 4085 ct
2655 4047 2826 4095 nunc;
2860 4033 2911 4086 in
2941 4036 3300 4092 sacratissima
3331 4049 3512 4096 autem

1934 4117 2050 4170 Filii
2074 4119 2155 4173 sui
2186 4119 2396 4174 Domini
2425 4123 2590 4175 nostri
2615 4124 2890 4178 nativitate
2923 4139 2989 4179 ex
3017 4127 3221 4195 virgine
3269 4129 3321 4184 id
3368 4133 3513 4187 nullo

1937 4207 2096 4262 modo
2135 4209 2375 4278 potuisse
2403 4213 2689 4278 praestare?
2729 4212 2822 4266 llle
2872 4215 3014 4267 enim
3055 4216 3302 4286 idemque
3349 4220 3510 4285 Deus,

1933 4300 2022 4367 qui
2046 4299 2438 4369 cminm,atque
2453 4305 2557 4372 22
2586 4302 2752 4356 cmlos
2780 4303 3056 4371 cmlorum,
3089 4309 3296 4376 singula
3327 4312 3510 4377 etiam,

1933 4405 2048 4459 qum
2080 4390 2131 4444 in
2164 4390 2240 4444 cis
2269 4398 2412 4454 sunt,
2436 4391 2612 4445 divina
2651 4399 2766 4446 arte
2793 4392 3079 4462 aliquando
3107 4397 3308 4450 creavit
3335 4413 3399 4452 ex
3431 4401 3510 4453 ni-

1933 4483 2075 4548 hilo;
2107 4483 2194 4538 ille
2215 4485 2304 4552 qui
2333 4492 2562 4548 terram,
2594 4499 2759 4553 aquas
2787 4498 2841 4540 et
2873 4485 3058 4551 maria,
3091 4496 3253 4554 atque
3284 4489 3368 4542 illa
3392 4505 3510 4558 quin

1933 4574 1985 4627 in
2014 4575 2090 4628 eis
2109 4575 2453 4628 continentur
2473 4616 2489 4641 ,
2533 4576 2889 4646 omnipotenti
2918 4577 3079 4632 Verbi
3109 4579 3189 4632 sui
3220 4579 3413 4632 virtute
3441 4595 3510 4634 ex

260 4649 546 4730 confundat
596 4673 974 4728 hiereticorum
1035 4671 1436 4741 impudentiam.
1482 4671 1631 4725 Illum
1687 4671 1828 4725 enim
1856 4649 1906 4706 Ῑ)
1936 4665 2103 4720 nihilo
2127 4665 2327 4735 pariter
2356 4665 2686 4734 cﬂormavit;
2733 4669 2820 4724 ille
2847 4678 2931 4724 est
2970 4671 3057 4739 qui
3081 4670 3270 4738 virgini
3299 4680 3510 4740 partum

260 4762 444 4830 Deum,
471 4780 633 4834 quem
665 4779 766 4845 nos
793 4762 897 4817 ﬁde
939 4762 1146 4826 edocti,
1178 4761 1518 4831 parvulorum
1573 4759 1828 4830 simplici-

258 4862 360 4910 tate
381 4855 814 4910 indefectibiliter
827 4853 1093 4909 credimus
1112 4855 1258 4907 nasci
1280 4852 1516 4921 potuisse
1531 4867 1600 4905 ex
1616 4851 1826 4916 femina,

258 4944 348 5012 ipsi
377 4960 409 4998 e
431 4952 620 4999 contra
648 4941 907 5007 Gentiles,
931 4951 991 4996 ut
1018 4957 1158 4995 nunc
1179 4942 1458 4996 luereticos
1485 4955 1827 5010 seponamus,

257 5037 551 5091 carnalibus
587 5035 918 5104 argumentis
945 5034 1181 5088 bibetati
1209 5033 1384 5087 adhuc
1415 5040 1665 5088 recusant
1705 5045 1828 5086 cre-

255 5125 377 5181 dere
403 5143 474 5182 ex
495 5127 701 5196 virgine
726 5126 872 5181 nasci
903 5125 1162 5196 potuisse,
1190 5133 1245 5179 et
1268 5123 1465 5179 Christi
1493 5123 1826 5179 sacerdotem

255 5212 350 5267 ista
379 5214 662 5271 docentem
685 5213 927 5271 irrident.
967 5212 1035 5268 Et
1060 5215 1406 5284 quantumvis
1432 5215 1599 5269 Deum
1627 5215 1746 5268 aliis
1775 5215 1827 5268 in

253 5306 411 5360 rebus
439 5308 700 5363 mirabilia
755 5307 933 5361 facere
977 5306 1246 5376 quotidie,
1296 5315 1457 5376 atque
1502 5307 1634 5361 alias
1671 5307 1831 5362 toties

227 5404 530 5462 (operatum
557 5412 679 5451 esse
708 5397 806 5466 ipsi
829 5396 988 5450 etiam
1017 5405 1226 5466 putent,
1258 5404 1418 5466 atque
1451 5398 1742 5463 mirentur;
1775 5397 1828 5452 in

214 5488 360 5540 ‘sola
394 5496 572 5545 tamen
603 5488 728 5544 ’Filii
767 5489 851 5544 sui
881 5487 1257 5560 Redemptoris
1286 5489 1454 5547 nostri
1491 5490 1825 5544 sanctissima

253 5577 529 5633 nativitate
552 5587 712 5648 atque
741 5578 969 5632 mirabili
996 5579 1207 5648 operari
1237 5579 1287 5634 id
1310 5594 1407 5634 nec
1436 5580 1694 5650 potuisse,
1727 5594 1828 5634 nec

251 5664 496 5723 debuisse
539 5671 884 5725 contendunt.
927 5670 1122 5724 Verum
1148 5683 1388 5734 qutenam
1443 5671 1554 5725 haec
1589 5679 1671 5725 cst
1701 5687 1825 5737 pru-

1931 4758 2077 4814 dedit
2104 4767 2159 4813 et
2201 4758 2461 4813 sobolem.
2488 4760 2543 4815 Si
2585 4761 2752 4816 Deum
2789 4762 2999 4828 credis,
3039 4763 3265 4826 ccelum,
3315 4763 3506 4827 solem,

1933 4849 2117 4903 stellas
2145 4849 2377 4904 condere
2398 4853 2638 4919 potuisse
2665 4867 2732 4906 ex
2762 4851 2926 4906 nihilo
2957 4869 2969 4904 :
2997 4853 3040 4905 si
3070 4859 3286 4919 terram,
3316 4855 3506 4921 maria,

1933 4941 2255 5005 animantia,
2295 4943 2709 5012 universumque
2764 4944 2921 5012 hujus
2967 4944 3274 5012 spectabilis
3325 4947 3508 5003 mundi

1931 5041 2180 5088 ornatum
2216 5051 2228 5085 :
2260 5035 2305 5089 si
2344 5036 2614 5090 hominem
2639 5037 2850 5090 demum
2890 5050 2958 5090 ex
2982 5037 3111 5091 limo
3137 5039 3376 5108 potuisse
3407 5037 3508 5094 fin-

1932 5139 2059 5194 gere
2089 5125 2266 5196 (Deest
2295 5125 2572 5195 admittis),
2603 5133 2699 5178 cur
2719 5124 2865 5178 illum
2886 5124 3096 5180 intactm
3123 5127 3316 5196 virgini
3346 5129 3513 5198 ipsius

1930 5217 2027 5272 Dei
2072 5224 2330 5288 cperante
2358 5218 2556 5272 virtute
2604 5214 2732 5269 dare
2761 5231 2866 5270 non
2904 5217 3142 5286 potuisse
3190 5219 3510 5273 contendis?

1933 5309 2060 5376 Qua:
2085 5310 2228 5364 enim
2250 5307 2423 5376 major
2442 5306 2820 5376 omnipotentis
2842 5307 2936 5362 Dei
2954 5309 3121 5362 virtus
3149 5310 3268 5374 erit,
3292 5318 3508 5374 cuncta,

1931 5415 2051 5469 qua:
2079 5401 2132 5455 in
2160 5399 2309 5456 ccelis
2337 5407 2392 5452 et
2418 5399 2471 5453 in
2505 5397 2705 5482 mundo
2730 5399 2893 5463 videt,
2925 5400 3190 5455 creavisse
3217 5415 3285 5455 ex
3315 5401 3503 5465 nihilo,

1931 5499 2023 5545 aut
2052 5491 2102 5544 in
2134 5491 2463 5544 intemerata:
2503 5488 2722 5557 virginis
2765 5498 2951 5556 utero,
2985 5489 3130 5546 nullo
3172 5491 3507 5560 puecedentc

1928 5581 2128 5635 carnali
2173 5578 2475 5648 complexu,
2523 5579 2790 5634 hominem
2835 5581 3054 5634 creare?
3081 5577 3140 5634 Si
3165 5582 3215 5634 in
3245 5581 3358 5643 his,
3385 5595 3507 5648 qua:

1929 5672 2192 5726 videntur.
2240 5667 2510 5724 Creatoris
2537 5670 2978 5738 omnipotentiam
3020 5671 3245 5732 miraris,
3303 5685 3400 5722 cur
3451 5669 3502 5721 in
