4042 6192
541 303 641 364 239

1741 302 1796 355 S.
1838 294 2080 354 ΜΑΧῘΜΙ
2119 294 2564 354 TAURINENSIS

3684 298 3783 352 210

537 428 861 482 intemerata:
887 422 1105 492 virginis
1132 429 1287 492 partu
1327 418 1468 472 illam
1509 415 1828 483 denegabis?
1849 414 2104 480 Quaenam
2134 419 2177 473 Α
2209 427 2314 479 que
2340 412 2477 474 ideo,
2511 410 2719 474 fratres,
2753 411 2883 464 tanti
2905 409 3142 480 mysterii
3170 407 3500 463 sanctissima
3526 408 3784 464 solenniia

534 518 636 574 erit
679 517 837 570 stulta
869 516 956 568 illa
1007 514 1222 569 vesania
1255 511 1480 582 (Desunt
1520 510 1600 561 hic
1643 508 1761 561 dum
1796 507 1944 559 lineae
1993 520 2106 574 qua:

532 606 739 660 omnino
764 601 1096 671 evanuerunt)
1121 601 1299 655 omnia
1343 599 1552 661 fecisse,
1581 609 1912 666 qumcunque
1936 593 2109 647 voluit

533 694 583 747 in
614 693 751 748 cmlo
779 700 832 747 et
861 693 913 746 in
945 699 1105 757 terra,
1128 690 1378 760 quoniam
1407 689 1546 742 illius
1574 686 1912 754 omnipotens
1939 683 2108 735 virtus

531 800 593 838 ea
621 786 793 840 facere
817 784 1004 849 voluit,
1031 791 1086 838 et
1112 783 1302 853 potuit.
1336 780 1605 849 Virginem
1639 785 1817 832 autem
1846 774 1944 829 Dei
1973 789 2104 843 ope-

529 881 681 929 rante
713 875 910 930 virtute
936 890 1127 946 parere
1168 888 1345 944 posse,
1375 880 1430 928 et
1473 886 1600 927 vere
1639 868 1883 938 genuisse
1918 866 2105 941 (Deest

531 965 608 1020 hic
630 966 838 1034 folium,
881 983 1040 1037 neque
1079 973 1308 1021 remanet
1338 965 1437 1018 nisi
1466 961 1647 1017 mutila
1674 958 1983 1026 conclusio).
2008 955 2102 1008 At-

2212 502 2550 555 celehrantes
2579 501 2745 555 Deum
2767 510 3026 565 nostrum,
3051 501 3140 569 qui
3170 506 3316 553 tanta
3344 514 3442 568 pro
3459 499 3690 566 indignis
3719 500 3786 555 fe-

2210 590 2301 653 cit,
2331 606 2645 644 veneremur
2671 606 2882 661 semper
2909 590 3034 661 (Hic
3053 592 3209 644 etiam
3237 590 3420 642 desunt
3443 589 3616 642 decem
3636 590 3786 644 linea:

2209 681 2409 750 penitus
2453 679 2844 751 obliteratw)...
2875 681 2955 734 Ad
2984 681 3132 735 illum
3164 681 3324 749 igitur
3351 681 3619 736 continuis
3645 681 3784 736 votis

2209 781 2586 838 properemus:
2609 769 2700 838 qui
2717 770 2846 824 vivit
2869 776 2923 824 et
2946 776 3132 838 regnat
3147 769 3203 825 in
3221 769 3413 826 szccula
3441 770 3779 827 saeculorum.

2209 857 2398 914 Amen.
2423 857 2668 928 Explicit.

1867 1043 2212 1109 HOMILIA
2259 1041 2404 1104 VIII
2419 1087 2432 1102 .

1769 1151 1839 1206 De
1878 1150 2168 1204 Nativitate
2207 1146 2418 1201 Domini
2448 1146 2474 1199 Ι
2483 1145 2512 1200 1
2518 1145 2562 1201 1.

1951 1235 2344 1292 ADMONITIO.

649 1343 699 1414 3
738 1340 972 1398 Tertiam
991 1340 1432 1414 banejiomiliam
1447 1339 1512 1392 de
1543 1337 1824 1414 nativitate
1848 1333 2059 1414 Domini
2083 1331 2448 1414 suppeditavit
2468 1331 2622 1414 nobis
2645 1332 3036 1414 vetustissimus
3061 1333 3234 1414 codex
3253 1335 3525 1414 quondam
3547 1333 3781 1414 cmnobii

525 1401 902 1482 tle-Appannis,
925 1413 1083 1478 vulgo
1102 1410 1308 1482 hPagtto
1340 1411 1390 1462 in
1437 1408 1808 1482 marchionatu
1842 1402 2164 1482 _Salutiensi,
2194 1415 2322 1482 pag.‘
2353 1401 2438 1468 16,
2468 1403 2778 1482 pariterque
2815 1410 2898 1482 ut_
2923 1403 3171 1482 superior
3186 1401 3405 1482 “codicis
3435 1406 3782 1482 T_a_urin_ensis

525 1467 1073 1550 testinilonio’g'aude‘t.
1101 1467 1422 1533 Eiiubtiatur
1450 1478 1593 1531 enim
1625 1478 1674 1529 in
1699 1474 1824 1550 ejus
1842 1467 2180 1550 indice:ltem
2198 1467 2359 1550 ’et'de
2387 1467 2901 1550 nativitateDomini
2930 1467 3113 1550 homil.
3151 1472 3235 1525 i9.
3267 1472 3378 1529 Sed
3397 1475 3554 1531 valde
3574 1477 3643 1531 ad
3661 1476 3780 1530 edi-

525 1553 683 1607 tionis
712 1541 906 1606 nostnve
929 1552 1092 1605 decus
1120 1559 1175 1604 et
1202 1555 1572 1604 ornamentum
1602 1541 1871 1611 conducit,
1893 1541 2039 1611 quod
2067 1555 2188 1596 eam
2209 1541 2354 1593 omni
2390 1555 2458 1594 ex
2487 1548 2639 1611 parte
2668 1542 2927 1611 integram
2957 1543 3335 1612 producamus.

523 1687 912 1741 Ancuucnruu.
942 1717 1013 1727 —-
1045 1683 1303 1752 Beneﬁcia
1332 1681 1526 1748 omnia,
1552 1697 1683 1752 quia
1703 1677 1894 1732 mundo
1908 1680 2095 1752 contu-

589 1759 649 1810 lit
676 1757 784 1809 dies
804 1756 995 1827 natalis
1013 1745 1241 1818 Domini,
1257 1745 1603 1827 recensentur.
1631 1749 1881 1827 Magnam
1900 1745 2094 1827 (milia:

592 1842 799 1878 causam
829 1821 974 1877 nobis
1003 1814 1407 1892 prwstatdivina
1429 1819 1648 1886 bonitas,
1666 1814 2092 1892 etimisericordia

589 1895 808 1948 adventu
836 1893 964 1962 ejus,
995 1890 1080 1962 qui
1105 1891 1242 1944 Deus
1261 1898 1310 1946 et
1339 1890 1488 1944 homo
1517 1898 1612 1957 est,
1643 1890 1886 1957 cujusque
1913 1900 2091 1939 mune-

589 1965 728 2017 ribus
756 1963 999 2016 cumulati
1019 1977 1214 2041 sumus.

592 2134 994 2189 Sanctissimum
1035 2140 1088 2186 et
1125 2130 1428 2186 venerabile
1475 2129 1756 2186 doniinicte
1803 2127 2094 2184 nativitatis

523 2233 928 2289 tacramentum,
952 2223 1095 2292 quod
1117 2221 1503 2278 exsultantibus
1523 2221 1712 2276 animis
1735 2220 1990 2275 hodierna
2010 2218 2100 2276 die

526 2317 768 2371 universa
826 2323 1108 2369 veneratur
1154 2311 1419 2376 Ecclesia,
1450 2311 1710 2365 similibus
1755 2309 1960 2378 gaudiis
1999 2323 2098 2362 nos

521 2421 733 2474 quoque
761 2405 1036 2459 celebrare
1057 2403 1334 2457 debemus.
1366 2401 1535 2455 llodie
1575 2401 1714 2455 enim
1742 2409 1973 2455 tctemus
2010 2399 2098 2454 ille

520 2492 614 2546 Dei
645 2492 807 2548 Filius
837 2501 1081 2545 naturam
1110 2491 1394 2545 miseratus
1416 2490 1703 2544 humanam
1732 2489 1800 2543 de
1830 2490 2097 2557 regalibus

518 2581 730 2635 sedibus
754 2597 851 2634 nos
894 2587 1236 2649 reparaturns
1286 2578 1577 2633 descendit.
1604 2577 1772 2633 l-lodie
1811 2594 1980 2633 novus
2008 2580 2097 2634 ille

520 2672 686 2725 Adam
722 2687 815 2725 sua
846 2672 1123 2725 nativitate
1151 2670 1381 2724 mirabili
1406 2677 1641 2724 nostram
1679 2669 1746 2724 de
1784 2685 1924 2724 novo
1951 2669 2094 2740 plas-

517 2763 682 2815 inavit
713 2768 975 2826 naturam,
994 2768 1049 2815 et
1074 2774 1192 2829 quae
1221 2759 1416 2814 veteris
1445 2758 1573 2814 Adae
1615 2759 1902 2813 miserabili
1945 2758 2095 2830 lapsu

519 2853 691 2906 fuerat
724 2852 914 2906 fmdata
943 2860 1000 2905 et
1021 2857 1294 2920 corrupta,
1327 2850 1560 2919 pretiosa
1610 2863 1705 2902 sua
1735 2849 2014 2904 nativitate
2042 2858 2097 2903 et

517 2943 845 3014 lacrymahili
877 2951 1049 2997 morte
1077 2941 1288 2997 reduxit
1326 2941 1392 2994 ad
1419 2941 1598 2995 vitam.
1660 2938 1830 2994 Hodie
1859 2939 1946 2994 ille
1975 2941 2094 2996 οωιὶ

521 3042 890 3101 terrarumque
933 3033 1188 3087 Dominus
1241 3032 1576 3086 infirmitates
1619 3039 1830 3089 nostras
1875 3032 2094 3087 visitare

516 3127 760 3194 dignatus
785 3134 886 3180 est.
921 3125 1032 3180 Hac
1050 3125 1137 3180 die
1156 3125 1467 3180 Bethlehem
1498 3124 1583 3179 illa
1606 3124 1791 3179 civitas
1818 3124 1915 3180 Dei
1950 3140 2093 3178 sum-

517 3219 610 3283 mi,
642 3224 698 3271 et
743 3233 861 3287 qua:
887 3219 1040 3287 panis
1087 3217 1275 3272 civitas
1317 3223 1684 3287 nuncupatur,
1723 3231 1916 3286 panem
1942 3215 2091 3270 illum

515 3307 790 3366 caelestem
814 3307 966 3362 nobis
990 3307 1230 3378 protulit,
1255 3315 1309 3362 et
1332 3316 1513 3377 potum
1533 3322 1642 3377 quo
1667 3308 1758 3376 qui
1785 3308 2008 3362 saturati
2037 3312 2093 3362 et

514 3399 762 3454 inebriati
806 3398 1001 3454 fuerint
1051 3399 1241 3468 gaudia
1281 3413 1496 3468 semper
1530 3399 1816 3468 gustabunt
1866 3407 2082 3454 :eterna.

515 3487 781 3546 Tristatur
809 3488 1045 3544 infernus
1066 3498 1248 3544 natum
1273 3489 1419 3544 illum
1449 3504 1568 3545 esse
1595 3489 1760 3544 Deum
1795 3500 1954 3559 atque
1984 3491 2082 3546 ho-

513 3583 730 3648 minem,
757 3583 849 3654 qui
877 3583 1107 3637 elaustra
1135 3598 1230 3638 sua
1258 3581 1544 3638 occludens
1581 3592 1843 3636 terrarum
1884 3583 2084 3638 incolas

513 3675 805 3729 transmisit
836 3675 901 3728 ad
928 3675 1140 3730 cmlum.
1165 3673 1298 3728 (Σωιὶ
1339 3671 1446 3743 24
1472 3680 1650 3726 autem
1670 3672 1937 3737 laetantur,
1989 3689 2086 3742 per

513 3763 669 3834 hujus
699 3763 984 3819 adventum
1015 3763 1263 3819 universo
1292 3763 1409 3818 orbi
1435 3761 1762 3832 patefactum
1793 3761 1954 3818 fuisse
1985 3765 2082 3818 ali-

2200 1670 2415 1740 quando
2441 1667 2754 1726 mortalibus
2775 1671 2994 1737 aditum,
3019 1688 3124 1743 quo
3145 1672 3256 1742 ipsa
3278 1672 3535 1728 scandere
3561 1676 3778 1730 valeant

2199 1760 2320 1816 οωιὶ
2348 1776 2598 1830 superna.
2624 1761 2882 1817 Coelestes
2914 1777 3127 1832 quoque
3155 1761 3343 1816 incola:
3383 1764 3618 1831 gestiunt
3645 1776 3777 1820 cun-

2198 1855 2301 1909 ctis
2343 1855 2649 1909 hominibus
2691 1854 2944 1909 hodierna
2969 1853 3056 1907 die
3099 1867 3247 1924 spem
3281 1850 3474 1908 factam
3503 1851 3776 1909 habitandi

2198 1946 2479 1999 mternales
2508 1945 2624 1999 illas
2652 1944 2826 2007 sedes,
2860 1959 2992 2012 quas
3018 1943 3334 2014 praeparavit
3362 1944 3504 2000 Deus
3547 1944 3776 2015 diligen-

2199 2035 2342 2088 tibus
2366 2049 2460 2100 se;
2494 2042 2654 2102 atque
2684 2034 2931 2088 limantur
2960 2033 3164 2090 futuros
3183 2049 3303 2092 esse
3346 2034 3465 2090 illos
3489 2035 3778 2107 aliquando

2199 2125 2544 2182 beatitudinis
2573 2123 2711 2178 illius
2754 2125 3072 2194 participes,
3102 2121 3521 2194 gaudiornmqne
3549 2142 3777 2181 consor-

2201 2228 2297 2274 tes.
2321 2219 2533 2274 Gaudet
2559 2219 2771 2275 demum
2791 2227 2847 2276 et
2877 2220 2987 2288 ipsa
3010 2235 3266 2289 puerpera
3281 2219 3440 2288 Virgo
3465 2220 3775 2276 beatissima

2199 2323 2256 2364 se
2285 2309 2433 2364 illum
2460 2310 2671 2365 enixam
2701 2311 2862 2365 fuisse
2890 2325 3137 2380 puerum,
3166 2323 3324 2378 quem
3354 2325 3585 2379 superna
3615 2311 3774 2385 Spiri-

2201 2408 2284 2455 tus
2305 2402 2476 2455 sancti
2505 2401 2794 2456 irradiante
2833 2402 3052 2466 virtute,
3091 2404 3207 2457 sine
3258 2402 3365 2459 ullo
3393 2403 3592 2456 carnali
3623 2419 3774 2458 com-

2201 2493 2379 2560 plexu,
2405 2493 2651 2562 concepit
2679 2493 2732 2546 in
2758 2500 2912 2547 utero
2930 2491 3094 2547 Deum
3116 2493 3271 2547 simul
3300 2500 3461 2561 atque
3481 2493 3772 2548 hominem.

2201 2580 2464 2636 Ltetemnr
2491 2598 2620 2650 ergo
2649 2591 2704 2636 et
2733 2597 2830 2637 nos
2858 2568 3039 2646 etiam,
3067 2581 3280 2651 fratres,
3311 2583 3364 2638 in
3392 2583 3492 2638 hac
3518 2584 3772 2639 sacratis-

2197 2672 2329 2725 sima
2355 2672 2462 2740 die,
2487 2688 2590 2742 qua
2612 2681 2768 2728 natus
2794 2682 2878 2729 est
2905 2675 3060 2729 nobis
3087 2674 3365 2743 Dominus,
3393 2675 3481 2743 qui
3511 2685 3594 2730 est
3615 2675 3772 2730 Chri-

2197 2769 2312 2816 stus
2338 2760 2493 2815 Jesus
2539 2761 2590 2814 in
2620 2762 2834 2816 civitate
2878 2759 3043 2816 David
3064 2803 3080 2828 ,
3103 2770 3158 2816 et
3201 2761 3269 2816 de
3297 2770 3457 2816 tanta:
3481 2762 3771 2820 nativitatis

2193 2850 2509 2906 celebritate
2533 2851 2877 2918 gaudeamus.
2909 2850 3080 2918 Quem
3105 2852 3247 2906 enim
3282 2851 3441 2906 modo
3470 2861 3652 2907 natum
3679 2869 3772 2910 ve~

2195 2959 2469 3012 neramur,
2497 2959 2600 2998 non
2637 2944 2907 2998 hominem
2937 2951 3144 2998 tantum
3174 2943 3459 3010 credimus,
3483 2944 3578 2998 sed
3608 2947 3771 2999 etiam

2196 3034 2384 3088 Deum.
2403 3035 2576 3090 Iiomo
2603 3035 2816 3104 quidem
2841 3035 3200 3089 membrorum
3229 3034 3607 3102 teneritudine,
3633 3036 3771 3092 Deus

2195 3134 2398 3193 autem,
2422 3133 2582 3195 atque
2610 3125 2955 3195 procedensa
2976 3123 3085 3178 Deo
3109 3138 3178 3178 ex
3206 3123 3420 3176 illibata:
3447 3139 3556 3177 sua:
3584 3125 3770 3179 matris

2197 3225 2479 3285 conceptu.
2513 3214 2578 3268 Et
2605 3230 2789 3269 revera
2821 3215 2986 3268 Deum
3033 3221 3088 3269 et
3115 3213 3386 3268 hominem
3413 3213 3560 3267 illum
3583 3213 3768 3283 fuisse,

2196 3315 2253 3360 ut
2273 3322 2338 3361 ex
2353 3306 2561 3360 diversa
2585 3304 2855 3373 Evangelii
2878 3304 3105 3358 lectione
3124 3303 3432 3369 audistis,et
3453 3303 3606 3357 stella
3629 3304 3768 3372 ipsa,

2193 3413 2311 3470 qua:
2332 3404 2508 3454 ortum
2536 3397 2701 3466 ipsius
2724 3395 2892 3463 magis
2914 3393 3268 3460 annuntiavit,
3298 3400 3353 3448 et
3389 3408 3508 3448 cum
3537 3395 3769 3462 pastori-

2189 3491 2290 3546 bus
2318 3488 2604 3545 ostendunt
2632 3487 3002 3555 colloquentes
3029 3481 3221 3553 angeli.
3254 3484 3420 3538 Deum
3451 3497 3579 3550 ergo
3607 3484 3766 3539 simul

2178 3593 2351 3653 atque
2376 3581 2645 3637 hominem
2676 3579 2836 3635 fuisse
2862 3578 3081 3636 credere
3101 3578 3318 3634 omnino
3347 3571 3621 3633 debemus.
3655 3576 3766 3631 Ex-

2188 3673 2356 3744 plicit.

1871 3871 2217 3936 HOMILIA
2262 3872 2374 3934 IX.

1769 3963 1848 4022 De
1872 3965 2157 4026 Natieitate
2181 3971 2384 4026 Domini
2416 3969 2445 4024 Ι
2459 3969 2517 4023 γ.

1948 4061 2337 4119 ADMONITIO.

583 4153 725 4228 satis
751 4153 853 4208 hac
879 4151 945 4228 de
960 4150 1179 4228 homilia
1208 4152 1261 4208 in
1289 4161 1582 4208 comment.
1610 4151 1731 4210 vita:
1753 4154 1810 4228 δ.
1853 4154 2087 4224 Maximi,
2113 4167 2168 4214 et
2211 4159 2265 4214 in
2295 4158 2605 4228 prazfatione
2634 4155 2796 4228 locuti
2831 4169 3013 4228 sumus
3031 4169 3250 4228 Lneque
3277 4152 3416 4228 aliud
3456 4152 3760 4228 addendum

511 4225 848 4289 arbitramur,
875 4225 974 4278 nisi
995 4239 1112 4278 eam
1141 4231 1418 4293 acceptam
1439 4238 1558 4279 esse
1585 4239 1651 4279 ex
1679 4227 1869 4282 eodem
1893 4228 2079 4284 codice
2105 4229 2162 4284 S.
2206 4223 2450 4283 Dalmatii
2480 4242 2624 4281 num.
2656 4224 2690 4277 9
2716 4224 2782 4279 de
2812 4225 3019 4279 nativit.
3044 4223 3287 4290 Domini;
3331 4223 3385 4276 in
3424 4223 3545 4278 cod.
3577 4235 3761 4280 autem

513 4294 729 4349 Taurin.
755 4302 836 4348 est
864 4293 1048 4349 homil.
1081 4293 1167 4348 15.
1198 4293 1254 4348 ln
1283 4303 1512 4364 utroque
1536 4293 1749 4366 prmfert
1776 4297 1989 4352 titulum
2022 4313 2035 4350 :
2070 4297 2199 4352 Item
2228 4308 2277 4352 et
2301 4299 2364 4352 de
2382 4298 2647 4352 nativitate
2671 4293 2901 4348 Domini.

513 4407 894 4463 Ancumsnrun.
919 4439 990 4449 —
1009 4405 1244 4459 Meminit
1271 4403 1708 4459 condemnationis
1730 4407 1936 4460 hazrcsis
1964 4406 2091 4460 Hel-

579 4479 702 4532 vidii
740 4486 788 4531 et
815 4476 1287 4546 Joviniqni__contra
1336 4473 1576 4546 Deipara:
1620 4476 1982 4546 virginitatem,
2022 4479 2089 4530 ei-

576 4565 671 4620 que
697 4547 884 4618 dogma
913 4543 1219 4597 cathoticum
1254 4544 1483 4614 opponit.

576 4675 979 4733 Sanctissimam
1018 4673 1157 4727 hanc
1183 4671 1435 4729 dominici
1456 4673 1646 4730 natalis
1673 4669 1832 4744 diem,
1866 4676 2079 4745 fratres,

2193 4415 2304 4462 tum
2364 4406 2616 4462 inviolata
2666 4404 2818 4472 virgo
2867 4404 3177 4474 permansit.
3247 4402 3404 4458 Ridet
3454 4405 3589 4458 tanti
3637 4420 3760 4473 pro-

2189 4497 2502 4552 funditatem
2529 4495 2766 4567 mysterii
2804 4509 2944 4550 caica
2972 4502 3027 4548 et
3053 4493 3212 4548 stulta
3247 4494 3535 4561 gentilitas,
3570 4494 3760 4549 irridet

2187 4603 2401 4658 quoque
2429 4587 2590 4656 impia
2624 4587 2711 4640 illa
2750 4583 3099 4654 blasphemia,
3125 4597 3244 4652 qum
3264 4583 3631 4652 superioribus
3651 4584 3760 4638 die-

2184 4678 2300 4743 bus,
2331 4677 2456 4732 dum
2480 4684 2692 4746 partum
2723 4675 2956 4742 Virginis
2984 4680 3264 4728 attenuere
3287 4675 3645 4744 pimsumpsit,
3677 4683 3759 4729 at-

504 4782 666 4836 quam
694 4782 798 4821 una
838 4765 1114 4819 nobiscum
1143 4762 1388 4817 universa
1433 4765 1706 4820 exsultans
1734 4767 2078 4822 concelebrat
2104 4817 2156 4878 Β
2180 4786 2283 4838 (Γνθ
2329 4783 2693 4838 corrumpere,
2733 4767 3002 4820 Christum
3051 4766 3333 4836 Dominum
3385 4773 3633 4821 nostrum
3688 4782 3756 4821 ex

506 4855 739 4878 D-_l--:-
803 4853 1220 4878 -.._-..-s-..ntl.---
1251 4854 1453 4878 ...η-,Ιῗξμ
1483 4869 1578 4878 -‘A-
1611 4870 1818 4878 __-____-
1850 4859 2045 4878 __I_L,,_
2178 4860 2238 4878 ιγ·
2262 4861 2320 4878 κ..-
2348 4875 2388 4878 ,_
2434 4858 2704 4878 _,_____--_.!
2751 4873 2852 4878 ..-η
2884 4857 3120 4878 __.-_:_--
3163 4855 3548 4878 LI--_L-_-_-:I
3582 4855 3753 4878 ηιμ.-

505 4855 768 4925 Ecclesia,
798 4853 1224 4925 competentibus
1251 4854 1456 4920 gaudiis
1483 4869 1582 4909 nos
1607 4870 1820 4927 quoque
1842 4859 2077 4914 celebre-

504 4960 642 5000 mus.
674 4946 844 5001 l-lodie
869 4956 1099 5001 aeternus
1121 4944 1209 4999 ille
1231 4943 1325 4999 Dei
1344 4944 1509 4999 Filius
1536 4960 1634 5015 pro
1663 4947 1816 5001 nobis
1841 4947 1908 5002 de
1929 4948 2076 5004 cmlis

503 5034 779 5088 descendit
800 5036 864 5088 ad
888 5045 1079 5103 terras,
1109 5043 1168 5089 ut
1188 5035 1492 5090 universum
1523 5034 1798 5103 mundum,
1829 5051 1985 5105 quem
2008 5037 2074 5091 ab

503 5122 658 5177 initio
697 5134 1010 5192 creaverat,
1041 5133 1294 5180 evocaret
1338 5124 1408 5178 ad
1447 5125 1661 5180 cmlum.
1694 5123 1864 5180 Hodie
1891 5127 1941 5179 in
1971 5125 2073 5182 fine

502 5220 804 5282 temporum
848 5213 935 5268 ille
978 5222 1133 5270 natus
1159 5225 1242 5271 est
1271 5217 1455 5285 homo,
1485 5216 1579 5287 qui
1616 5227 1740 5272 ante
1769 5219 1946 5272 omnia
1976 5234 2072 5273 stc-

465 5327 467 5329 '
499 5305 620 5361 cula
643 5305 944 5374 unigenitus
957 5309 1217 5376 processit
1235 5324 1265 5362 a
1287 5307 1463 5364 Patre.
1479 5309 1657 5364 Novus
1676 5310 1885 5379 quidem
1906 5310 2066 5365 homo

499 5395 554 5449 in
609 5402 874 5467 tempore,
919 5395 1011 5451 sed
1049 5397 1116 5450 ab
1161 5406 1363 5455 aeterno
1402 5399 1575 5467 Deus;
1629 5416 1798 5455 novus
1849 5399 2064 5468 quidem

496 5485 761 5555 Christus,
791 5486 883 5541 sed
916 5485 1172 5542 Dominus
1200 5491 1433 5544 omnium
1463 5493 1796 5547 szcculorum.
1829 5494 1931 5564 25
1962 5491 2064 5546 Ho-

496 5577 583 5632 die
627 5575 932 5632 heatissima
969 5577 1059 5633 illa
1099 5578 1262 5647 Virgo
1296 5579 1463 5636 Maria
1506 5584 1716 5653 peperit
1768 5584 2055 5649 hominem,

495 5684 656 5740 quem
700 5685 808 5726 non
857 5669 1086 5740 suscepit
1121 5668 1188 5724 ab
1219 5669 1450 5737 homine,
1501 5679 1555 5725 et
1598 5687 1715 5740 qusc
1762 5679 1884 5728 ante
1930 5686 2056 5740 par-

2178 4860 2396 4927 Virgine
2434 4858 2706 4930 procreari
2750 4873 2856 4910 non
2884 4857 3123 4926 potuisse
3163 4855 3757 4925 blasphemavit.'Hanc

2175 4960 2356 5006 sancta
2386 4949 2795 5005 Mediolanensis
2838 4947 3074 5002 Ecclesia
3103 4947 3751 5016 horruitblasphemiam,

2176 5043 2318 5098 iilam
2348 5041 2617 5113 synodalis
2643 5047 2829 5095 noster
2858 5054 2964 5093 uno
2994 5054 3088 5093 ore
3115 5038 3387 5093 damnavit
3424 5046 3750 5102 conventus,

2174 5134 2415 5189 eamdem
2447 5139 2723 5188 exsecrata
2763 5139 2848 5185 est
2873 5130 2963 5199 pia
3006 5130 3120 5198 ipsa
3165 5127 3455 5198 imperialis
3482 5137 3748 5197 potestas.

2173 5223 2262 5276 Ett
2275 5224 2380 5276 nim
2410 5222 2536 5275 dum
2565 5220 2879 5275 honorahile
2907 5219 3233 5274 connubium
3261 5218 3556 5286 virginitati
3586 5234 3750 5274 ausus

2167 5320 2251 5366 est
2271 5326 2503 5381 :equare,
2532 5309 2800 5364 Christum
2828 5309 3166 5378 hlasphemat
3189 5323 3258 5363 ex
3285 5308 3493 5376 virgine
3521 5324 3629 5363 non
3659 5325 3749 5378 po-

2166 5403 2332 5456 tuisse
2359 5399 2630 5468 generari;
2661 5413 2781 5453 cum
2809 5412 3009 5466 negare
3047 5414 3152 5452 non
3183 5397 3380 5453 audeat
3405 5412 3472 5452 ex
3514 5399 3746 5453 muliere

2161 5490 2320 5544 editis
2349 5491 2702 5544 humanorum
2731 5488 3012 5557 pignorum
3051 5487 3312 5558 partubus
3351 5488 3591 5556 virgines
3618 5503 3747 5557 per-

2161 5594 2397 5635 manere.
2427 5579 2627 5634 Verum
2655 5592 2899 5647 quaenam
2927 5575 3041 5633 haec
3065 5584 3150 5632 est
3177 5575 3460 5647 impudens
3488 5584 3544 5631 et
3564 5584 3739 5631 teme-

2158 5669 2299 5725 raria
2326 5667 2553 5737 fallacia,
2587 5667 2861 5723 Christum
2887 5665 3172 5724 Dominum
3201 5674 3443 5723 nostrum
3463 5665 3648 5722 dicere
3670 5681 3737 5722 ex
