4042 6192
231 335 309 390 211
1604 329 1882 385 HOMILM
1921 329 1980 382 X.

3357 333 3465 387 212

228 449 419 510 virglnc
464 442 713 509 generari
752 457 858 497 non
900 441 1156 510 potuisse,
1204 455 1324 494 cum
1367 439 1538 508 ipsum
1580 439 1648 494 ab
1677 439 1782 494 illis
1811 445 1856 505 Α
1885 456 1995 494 rem
2023 439 2192 506 linere,
2212 457 2331 512 quia
2353 442 2505 511 periit
2525 440 2838 509 character),
2864 440 3050 505 voluit,
3073 449 3129 495 et
3156 442 3293 496 facta
3315 453 3458 498 sunt.

229 533 464 590 credatur
502 534 774 588 hominem
811 533 927 587 sine
975 531 1168 586 femina
1206 546 1391 585 creare
1421 531 1695 600 potuisse?
1723 530 1781 584 Si

231 624 326 692 ipse
349 623 470 677 sine
499 623 611 677 ullo
641 623 822 676 femini
851 630 907 676 et
936 622 1072 675 virili
1098 637 1260 675 sexus
1284 620 1567 689 complexu
1591 621 1782 675 mulie-

231 732 323 772 rem
344 716 522 786 potuit
545 717 598 769 in
629 715 799 770 lucem
820 714 999 779 edere,
1031 729 1126 768 cur
1149 729 1342 768 novum
1373 712 1642 766 hominem
1667 712 1785 766 sine

220 811 321 865 .ullo
342 809 548 864 carnali
570 808 856 877 complexu
877 821 1134 875 generare
1165 821 1268 860 non
1290 806 1529 874 potuisse
1557 805 1785 859 dicitur?

231 900 274 954 Si
300 899 350 952 in
380 899 541 968 primi
569 898 698 952 Adae
730 905 996 966 conceptu
1025 896 1194 952 solam
1223 896 1317 951 Dei
1343 896 1788 966 omnipotentiam

230 989 340 1044 satis
366 986 535 1042 fuisse
559 986 766 1052 credis;
793 1003 907 1049 cur,
927 985 1109 1051 frater,
1135 986 1190 1040 in
1211 985 1430 1041 secundi
1453 985 1576 1039 Adae
1596 985 1787 1039 adven-

233 1086 296 1142 tu,
321 1093 420 1147 per
447 1092 612 1146 quem
637 1078 689 1131 in
715 1093 812 1132 nos
839 1077 981 1131 salus
1007 1085 1209 1131 acterna
1233 1075 1529 1138 descendit,
1556 1090 1653 1143 per
1681 1074 1788 1146 26

232 1181 373 1235 quem
393 1182 585 1222 omnes
614 1166 846 1235 reparati
866 1181 1069 1228 sumus,
1097 1166 1331 1220 divinam
1354 1165 1571 1233 negabis
1599 1173 1787 1234 poten-

233 1257 381 1310 tiam?
409 1255 521 1312 Sed
545 1257 589 1310 si
617 1263 804 1310 contra
831 1262 1075 1308 naturam
1107 1270 1210 1308 non
1238 1262 1322 1309 est
1344 1253 1600 1321 virginem
1629 1268 1789 1323 posse

233 1345 525 1413 concipere,
558 1360 678 1399 cum
711 1345 850 1398 Deus
877 1344 1052 1398 omnia
1080 1342 1254 1398 facere
1275 1343 1533 1411 potuerit,
1551 1359 1792 1414 qumcun-

233 1449 320 1503 quc
361 1434 538 1488 voluit
573 1435 624 1487 in
663 1434 801 1488 caelo
842 1441 896 1487 et
932 1433 986 1487 in
1017 1443 1178 1498 terra,
1209 1449 1304 1487 cur
1331 1441 1517 1488 contra
1546 1441 1790 1488 naturam

233 1541 334 1579 esse
363 1526 566 1580 asseris
587 1525 865 1593 virginem,
890 1525 986 1578 Dei
1008 1526 1390 1594 omnipotentis
1410 1532 1667 1594 operante
1695 1525 1794 1579 vir-

236 1622 254 1667 t
285 1623 350 1680 te,
377 1616 544 1670 i‘laesa
572 1616 944 1684 virginitate...
976 1617 1156 1670 omnia
1176 1617 1319 1670 enim
1341 1630 1671 1685 quaecunque
1701 1631 1794 1670 vo-

235 1704 317 1758 luit
357 1705 502 1760 Deus
532 1705 657 1760 fecit
687 1707 736 1759 in
769 1706 906 1761 (mlo
949 1712 1006 1760 et
1035 1706 1087 1759 in
1119 1714 1278 1760 terra.
1311 1707 1492 1761 Voluit
1521 1707 1793 1762 hominem

236 1791 294 1848 de
316 1793 445 1848 limo
474 1793 708 1850 formare
735 1803 791 1850 et
810 1793 954 1851 fecit.
985 1793 1209 1861 Caelum,
1246 1804 1438 1851 terram
1470 1795 1688 1866 (Desunt
1711 1796 1792 1849 de-
1828 1787 1869 1846 11

1890 529 2069 584 Voluit
2096 529 2446 584 lsraeliticum
2493 529 2751 599 populum
2781 543 2878 598 per
2905 529 3070 582 maris
3108 530 3279 582 undas
3317 529 3464 583 sicco

1891 621 2028 688 pede
2057 619 2306 686 transire,
2330 627 2385 673 et
2414 618 2612 673 factum
2641 627 2741 672 est.
2768 618 2850 672 Ad
2877 616 3148 672 Gedeonis
3176 631 3365 686 preces
3384 631 3467 669 so-

1890 709 1994 762 lem
2023 709 2076 762 in
2097 723 2195 762 suo
2224 723 2384 762 cursu
2409 715 2553 761 stare
2576 706 2757 775 jussit,
2778 713 2834 760 et
2860 705 3026 760 stetit.
3050 704 3228 759 Voluit
3249 703 3466 758 deumm

1892 798 2144 852 intactam
2171 798 2454 865 virginem,
2482 798 2788 865 virginitate
2831 798 2906 850 illi
2936 803 3289 867 permanente
3335 811 3467 864 pue—

1891 902 2009 940 rum
2034 902 2247 957 parere,
2287 894 2341 940 et
2372 887 2485 956 ipsa
2515 887 2740 956 peperit.
2773 886 2925 952 Quod
2948 902 3076 953 ergo
3099 888 3151 939 in
3181 894 3339 955 partu
3363 887 3467 939 isto

1889 977 2091 1029 cmlesti
2136 975 2313 1046 (Deest
2346 977 2548 1047 folium,
2576 985 2751 1046 postea
2781 976 2853 1029 ita
2882 977 3248 1046 concluditur).
3302 975 3466 1042 Ergo,

1891 1065 2104 1133 fratres,
2139 1064 2470 1121 ineluetabili
2499 1065 2603 1120 tide
2635 1081 2699 1120 ac
2751 1065 3039 1120 devotione
3079 1065 3239 1118 solita
3286 1079 3468 1118 sacer-

1891 1160 2031 1215 dotis
2068 1167 2149 1214 tot
2188 1174 2405 1228 semper
2451 1159 2670 1213 monitis
2715 1157 3061 1223 inhaerentes,
3104 1171 3203 1225 per
3232 1152 3468 1222 religiosi

1891 1248 2100 1304 itineris
2117 1250 2256 1316 vias,
2273 1264 2336 1303 ac
2365 1248 2606 1303 veritatis
2627 1247 2866 1314 semitas,
2891 1261 3028 1314 quas
3049 1245 3296 1314 universa
3321 1252 3470 1297 tenet

1894 1338 2130 1395 Ecclesia
2169 1340 2498 1408 gradientes,
2548 1341 2718 1407 magis
2765 1340 3042 1409 magisque
3090 1338 3467 1392 haereticorum

1892 1430 2047 1484 devia
2076 1439 2130 1486 et
2165 1430 2427 1485 diabolica
2455 1430 2657 1484 calcate
2687 1429 2955 1496 ﬁgmenta.
2985 1427 3168 1497 Neque
3205 1427 3351 1480 enim
3380 1425 3470 1480 de-

1895 1521 1985 1574 bet
2006 1520 2174 1576 fidelis
2196 1521 2393 1588 anima,
2421 1535 2540 1590 qua:
2561 1520 2728 1573 Deum
2749 1534 3080 1588 quascunque
3101 1519 3271 1573 voluit
3293 1518 3470 1573 facere

1895 1612 2133 1681 potuisse
2153 1613 2320 1667 credit
2350 1612 2572 1683 (Desunt
2598 1612 2714 1665 dum
2741 1610 2942 1679 linere);
2973 1611 3063 1680 qui
3091 1611 3306 1665 aeternis
3333 1610 3468 1679 igni-

1896 1704 1998 1759 bus
2031 1705 2446 1761 consummabit.
2478 1702 2727 1759 Exolicit.

1602 1905 1946 1965 HOMILIA
1992 1905 2077 1964 X.

1485 2003 1564 2059 De
1589 2003 1877 2060 Nativitate
1908 2005 2118 2061 Domini
2148 2004 2213 2063 V.

1655 2092 2047 2148 ADMOMTIO.

295 2183 479 2238 Plures
507 2189 634 2237 sunt
659 2181 879 2252 codices
902 2194 1229 2252 gravrssunze
1271 2192 1411 2252 nota:
1448 2182 1756 2252 pucclaram
1810 2184 1952 2238 hanc
1995 2184 2269 2238 homiliam
2309 2183 2541 2238 Maximo
2583 2189 2905 2252 asserentes.
2950 2179 3218 2252 Imprimis
3244 2186 3474 2252 quatuor

236 2252 439 2308 codices
466 2252 759 2307 Vaticanos
788 2247 944 2318 1267,
979 2267 1099 2321 pag.
1131 2251 1218 2318 91,
1254 2251 1414 2319 4951,
1439 2247 1558 2321 pag.
1593 2252 1646 2322 6,
1672 2252 1841 2307 Vatic.
1876 2254 2047 2306 Palat.
2082 2253 2207 2320 455,
2237 2266 2356 2322 pag.
2386 2252 2508 2319 101,
2541 2261 2596 2322 et
2628 2253 2797 2307 Vatic.
2831 2247 3052 2322 Reginae
3067 2247 3204 2322 j25,
3235 2247 3359 2322 pag.
3387 2249 3478 2314 70,

234 2323 642 2376 memorabimus
680 2336 816 2390 quos
843 2317 1140 2390 sequuntur
1167 2317 1553 2377 Taurinen'sis':
1593 2321 1672 2375 De
1700 2325 1966 2376 nativitate
1987 2317 2202 2377 Domini
2223 2317 2398 2376 timuit.
2427 2322 2477 2388 Ι,
2495 2317 2869 2377 ’Νονειι-ἱριιεθε
2897 2317 3004 2390 diuo
3026 2319 3116 2390 27,
3149 2333 3269 2390 pag.
3298 2317 3386 2384 69,
3411 2327 3474 2390 _et

234 2393 319 2457 sig.
343 2393 376 2444 l.
397 2391 479 2462 ρ,
511 2408 663 2445 num.
691 2387 778 2459 11,
805 2387 939 2462 βδεῖ
968 2391 1057 2462 20,
1087 2392 1372 2462 Αιιείθιιείε
1398 2408 1505 2457 3m,
1537 2391 1843 2446 Casinensis
1873 2393 1994 2458 106,
2027 2407 2146 2462 pag.
2180 2393 2267 2460 12,
2293 2392 2674 2446 Modoetiensis
2702 2393 2800 2460 sig.
2835 2391 2871 2462 1.
2905 2389 2946 2442 Ε
2975 2387 3478 2462 ut,__l_.ambacensis,

234 2474 341 2528 pag.
386 2461 458 2514 95

465 2456 967 2530 ,omnes,nomine
997 2456 1054 2514 S.
1085 2456 1572 2530 Maiimighomilim
1616 2463 1896 2530 inscripto,
1939 2456 2276 2530 perspicuum
2328 2462 2690 2530 testimonium
2732 2456 3008 2530 praebent.
3041 2456 3133 2510 His
3179 2458 3477 2530 horumque

233 2526 487 2600 similibus
519 2530 687 2600 innixi
712 2529 1005 2600 Gymnicus
1023 2543 1153 2600 pag.
1185 2529 1272 2595 12,
1297 2528 1597 2600 Galesinius
1628 2545 1746 2598 pag.
1781 2526 2256 2596 88,Cbmbefisius
2287 2539 2418 2585 tom.
2445 2530 2486 2597 1,
2519 2545 2644 2600 pag.
2669 2526 2794 2595 206,
2825 2528 3080 2600 Cuimdius
3109 2535 3238 2579 tom.
3262 2526 3319 2600 _l_,
3348 2538 3473 2600 pag.

237 2598 344 2669 169,
368 2599 701 2669 Raynaudus
729 2597 849 2668 Ρὲὶὶζ-
871 2597 993 2665 195,

234 2667 292 2722 de
317 2667 530 2722 nativit.
562 2668 716 2723 Dom.
734 2667 1044 2723 ediderunt.

237 2776 620 2849 Ancuycuwu.
636 2777 936 2832 —Verbum
956 2779 1183 2833 divinum
1203 2779 1266 2832 ab
1288 2789 1477 2833 aeterno
1507 2788 1798 2849 generatum

293 2865 323 2900 a
350 2847 554 2922 Patre,
572 2865 685 2901 cum
709 2850 765 2922 _in
797 2851 944 2903 terris
966 2849 1114 2902 Immo
1147 2851 1290 2922 nasci
1319 2847 1672 2922 dignatussit,
1696 2867 1799 2922 non

293 2919 555 2971 communi
597 2918 751 2972 modo
788 2925 1094 2988 conceptus,
1149 2919 1238 2972 sed
1281 2935 1504 2988 superna
1548 2918 1800 2972 Altissimi

293 2999 542 3059 operante
576 2990 782 3059 virtute,
811 3005 876 3041 ex
904 2997 1070 3040 matre
1115 2989 1311 3059 virgine
1331 3004 1554 3059 (carnem
1601 3006 1801 3059 rursum-

295 3058 414 3176 ;bsit.
449 3055 679 3112 Decebat
725 3059 859 3112 enim
885 3061 1008 3112 tatis
1037 3055 1277 3113 ortus'in
1317 3058 1555 3112 humanis
1604 3057 1651 3111 F
1654 3059 1799 3113 ilium

344 3142 409 3176 ei.

344 3142 409 3179 ει.

296 3321 492 3389 Hodie,
537 3323 731 3378 fratres
769 3323 1051 3391 carissimi,
1081 3323 1322 3380 Christus
1359 3332 1516 3379 natus
1552 3333 1653 3388 est,
1706 3342 1803 3381 nos

230 3414 413 3468 renati.
451 3413 623 3469 Hodie
650 3413 897 3468 Salvator
924 3413 1105 3467 mundi
1147 3429 1243 3482 per
1277 3421 1505 3468 matrem
1551 3415 1802 3469 nascendi

233 3512 437 3574 tempus
465 3505 701 3574 accepit,
731 3504 819 3573 qui
848 3504 915 3558 de
959 3503 1118 3558 Patre
1161 3505 1452 3559 nativitatis
1496 3521 1600 3560 non
1643 3507 1805 3561 habet

235 3604 455 3665 tempus.
489 3593 663 3648 Hodie
694 3609 790 3664 per
815 3594 1086 3648 hominem
1115 3593 1278 3648 Filius
1305 3594 1399 3650 Dei
1430 3595 1695 3664 ingressus
1723 3604 1804 3650 est

231 3687 504 3748 mundum,
535 3685 690 3754 cujus
712 3699 874 3738 manu
898 3692 1022 3738 ante
1051 3685 1323 3738 hominem
1353 3684 1520 3739 factus
1541 3693 1623 3739 est
1649 3701 1804 3738 mun-

228 3776 338 3830 dus.
372 3776 549 3831 Hodie
577 3775 846 3829 habitator
872 3775 990 3830 cmli
1021 3773 1164 3828 venit
1192 3773 1256 3827 ad
1294 3782 1485 3841 terras,
1516 3775 1605 3843 qui
1636 3782 1804 3828 terra-

229 3884 335 3924 rnn
379 3869 591 3923 incolas
634 3875 886 3922 evocaret
925 3864 990 3919 ad
1031 3866 1242 3920 cmlum.
1289 3864 1566 3934 Mirabilis,
1613 3865 1802 3934 inquit,

227 3956 362 4012 Deus
389 3962 446 4012 in
474 3959 672 4012 sanctis
710 3957 818 4010 suis
857 3955 1028 4026 (Psal.
1059 3955 1247 4025 van).
1274 3955 1329 4010 Si
1374 3957 1428 4010 in
1468 3957 1665 4011 sanctis
1693 3956 1804 4011 suis

227 4047 488 4100 mirabilis
529 4044 692 4112 Deus,
737 4044 1008 4113 quomodo
1054 4060 1161 4098 non
1199 4045 1252 4097 in
1280 4059 1338 4099 se
1367 4045 1484 4114 ipso
1511 4045 1803 4099 mirabilis?

227 4135 278 4190 Si
304 4137 574 4191 mirabilis
603 4136 654 4188 in
693 4133 918 4202 Joanne,
948 4150 1107 4204 quem
1131 4134 1278 4189 nasci
1310 4133 1376 4188 de
1406 4133 1563 4188 Patre
1590 4135 1804 4189 senissi-

229 4244 313 4283 mo
346 4239 402 4284 et
433 4228 610 4283 sterili
640 4227 706 4280 de
735 4233 904 4280 matre
935 4226 1209 4294 praecepit,
1235 4232 1436 4293 quanto
1469 4226 1637 4292 magis
1665 4226 1716 4279 in
1744 4240 1803 4280 se

227 4325 305 4370 cst
331 4316 624 4384 mirabilis,
655 4315 770 4382 qui,
801 4323 858 4367 ut
886 4323 1081 4368 nostra:
1111 4314 1432 4368 conditionis
1461 4330 1675 4370 carnem
1716 4317 1800 4369 in-

224 4404 435 4475 dueret,
467 4421 666 4460 novum
690 4404 880 4472 virgini
901 4411 956 4458 et
974 4412 1291 4474 conceptum
1314 4405 1461 4460 dedit
1487 4415 1542 4460 et
1567 4417 1798 4476 partum.

1076 2594 1355 2668 argarinus
1375 2600 1502 2654 edit.
1533 2594 1797 2669 Lugdfan
1829 2594 1985 2669 1677,
2005 2611 2132 2657 tom.
2153 2618 2224 2669 v1,
2246 2602 2369 2672 pag.
2403 2600 2454 2668 1,
2477 2594 2621 2656 hanc
2641 2594 2866 2670 primam
2897 2597 3235 2654 homiliarum
3262 2594 3478 2648 Maximi

1909 2779 1997 2833 Ait
2023 2779 2081 2834 S.
2121 2779 2373 2835 llabacue
2403 2780 2666 2850 propheta
2696 2777 2843 2850 (Cap.
2879 2776 2956 2845 ιιι)
2992 2793 3004 2828 :
3039 2773 3273 2835 Domine,
3305 2772 3478 2824 audivi

1901 2867 2215 2922 auditionem
2259 2877 2419 2934 tuam,
2460 2876 2509 2921 et
2535 2868 2709 2930 timui;
2756 2864 3076 2920 consideravi
3105 2878 3260 2930 opera
3289 2869 3400 2927 tua,
3429 2867 3478 2912 et

1903 2962 2105 3030 expavi.
2139 2960 2268 3026 Quis
2299 2976 2404 3015 non
2436 2967 2758 3029 expavescat
2784 2966 2839 3012 et
2866 2965 3068 3011 metuat
3099 2954 3230 3008 tanti
3255 2953 3478 3022 profun-

1902 3049 2127 3105 ditatem
2157 3051 2416 3121 mysterii,
2448 3049 2881 3120 quandoquidem
2909 3064 3046 3103 unus
3087 3047 3333 3114 idemque
3375 3046 3477 3115 27

1904 3143 2019 3198 sine
2046 3145 2401 3214 conceptione
2429 3147 2585 3198 natus
2630 3153 2711 3198 est
2754 3144 2915 3210 Deus,
2967 3151 2991 3180 ι
3021 3150 3075 3196 et
3102 3142 3217 3196 sine
3260 3148 3480 3195 creante

1905 3231 2078 3286 factus
2108 3240 2191 3286 est
2218 3234 2399 3288 homo.
2437 3233 2576 3286 Duas
2607 3233 2658 3286 in
2695 3233 2909 3287 Christo
2937 3232 3314 3300 generationes
3355 3231 3479 3298 legi-

1906 3338 2044 3389 mus,
2071 3322 2262 3376 fratres
2295 3323 2576 3389 carissimi,
2604 3322 2701 3375 sed
2738 3323 2791 3375 in
2816 3330 3042 3390 utraque
3067 3319 3481 3388 incomprehen-

1906 3430 1978 3469 szc
2007 3415 2303 3471 divinitatis
2331 3423 2414 3469 est
2435 3415 2621 3468 virtus.
2649 3415 2726 3469 lbi
2751 3417 2895 3470 enim
2925 3415 3070 3468 illum
3093 3429 3158 3468 ex
3187 3415 3481 3482 semetipso

1905 3509 2087 3576 genuit
2114 3508 2254 3562 Deus
2287 3526 2299 3560 :
2333 3507 2418 3561 hic
2439 3522 2560 3562 eum
2593 3508 2743 3574 virgo
2780 3507 2890 3560 Deo
2921 3505 2946 3544 ι’
2974 3514 3247 3573 operante
3285 3521 3480 3560 conce-

1909 3598 2004 3667 pit.
2042 3597 2116 3652 lbi
2159 3598 2275 3651 sine
2313 3597 2488 3663 initio,
2518 3597 2606 3650 hic
2649 3593 2766 3650 sine
2807 3593 3075 3663 exemplo.
3106 3593 3183 3646 lbi
3223 3599 3381 3646 natus
3421 3600 3480 3647 ut

1904 3689 2163 3744 conderet
2205 3690 2390 3752 vitam,
2432 3688 2520 3742 hic
2556 3687 2725 3742 factus
2764 3695 2822 3740 ut
2861 3685 3077 3740 tolleret
3111 3693 3360 3739 mortem.
3401 3684 3479 3741 lbi

1907 3778 2050 3833 Patri
2079 3786 2257 3845 natus,
2283 3778 2372 3832 hic
2390 3777 2695 3831 hominibus
2719 3782 3049 3845 procreatus.
3074 3775 3167 3828 Illa
3196 3775 3480 3831 nativitate

1904 3873 2178 3928 hominem
2206 3871 2352 3940 fecit,
2389 3871 2492 3925 hac
2519 3871 2866 3938 generatione
2893 3869 3166 3923 hominem
3196 3871 3478 3937 liberavit;

1906 3973 2210 4032 utramque,
2229 3961 2442 4028 fratres,
2469 3961 2874 4029 generationem
2895 3961 3012 4029 ejus
3034 3977 3142 4016 non
3173 3977 3330 4032 posse
3355 3979 3480 4017 nar-

1905 4053 2012 4104 rari
2040 4051 2308 4106 sententia
2348 4050 2462 4104 htec
2503 4065 2608 4103 una
2645 4049 3039 4118 complectitur.
3080 4050 3172 4105 illa
3215 4053 3357 4106 enim
3399 4062 3484 4108 est

1905 4148 2029 4194 ante
2051 4140 2346 4205 hominem,
2372 4140 2471 4191 ista
2494 4153 2654 4206 supra
2671 4138 2963 4192 hominem.
2988 4139 3079 4191 llla
3105 4140 3481 4211 incogitabilis,

1905 4231 2003 4284 ista
2034 4230 2311 4284 mirabilis.
2343 4226 2475 4281 Cum
2502 4234 2680 4278 autem
2709 4226 2842 4279 duas
2872 4225 3070 4280 Christi
3091 4227 3350 4283 docemur
3384 4246 3482 4284 na-

1906 4320 2163 4385 tivitates,
2193 4334 2298 4372 non
2330 4317 2410 4371 bis
2438 4315 2695 4370 asseritur
2722 4316 2818 4369 Dei
2861 4315 3025 4370 Filius
3052 4325 3230 4386 natus,
3273 4321 3364 4374 sed
3387 4336 3481 4389 ge-

1904 4410 2047 4463 mina
2077 4410 2132 4462 in
2159 4424 2269 4463 uno
2298 4408 2394 4462 Dei
2423 4407 2555 4462 Filio
2580 4405 2931 4461 confirmatur
2953 4422 3072 4462 esse
3101 4409 3400 4471 substantia
3433 4414 3473 4467 ⁸.

293 4564 320 4592 ι
345 4555 406 4608 ιιι
440 4554 568 4641 cod“.
617 4553 1059 4641 Vaticauolﬁm,
1105 4569 1224 4624 pag.
1273 4553 1361 4622 90,
1404 4557 1595 4624 legitur
1628 4577 1640 4611 :
1675 4560 1803 4614 Siue
1831 4541 1880 4601 Ῑ)
1905 4558 2315 4641 generationibus
2335 4558 2536 4641 _Christi
2561 4559 2693 4628 agit,
2722 4559 2868 4616 hunc
2911 4559 3128 4616 Maximi
3157 4562 3335 4618 locum
3378 4565 3480 4620 sub

223 4634 505 4704 generante
524 4626 699 4704 factus
720 4631 792 4676 est
818 4625 983 4677 homo.

289 4695 503 4748 Auctor
523 4691 713 4762 incdit.
742 4708 864 4746 saec.
892 4709 960 4762 xv
981 4692 1044 4746 de
1066 4692 1324 4762 Mysteriis
1347 4696 1588 4762 redempt.
1617 4697 1798 4750 Imma-

221 4779 299 4816 πω
318 4765 374 4816 iu
395 4763 527 4817 eod.
545 4761 654 4816 Ott.
670 4761 842 4816 Vatic.
869 4761 991 4830 77‘2,
1015 4763 1104 4815 lib.
1126 4761 1162 4831 i,
1183 4779 1301 4833 cap.
1319 4763 1371 4827 5,
1399 4765 1488 4818 ubi
1516 4761 1580 4818 de
1601 4768 1799 4820 duabus

291 4877 306 4906 ¹
337 4873 438 4928 Est
465 4873 518 4946 id
547 4872 852 4946 degemina
876 4872 1185 4946 substantia
1197 4883 1481 4946 acceptum
1504 4889 1572 4928 ex
1602 4877 1800 4946 hymno

218 4944 249 4997 4
268 4943 326 4998 S.
361 4943 664 5004 Ambrosii,
713 4949 846 4995 tom.
875 4941 940 4994 1V
962 4957 1086 5010 opp.
1121 4941 1253 4996 edit.
1286 4941 1502 4996 Veneta:
1527 4960 1614 4997 an.
1641 4941 1797 5010 1751,

219 5028 336 5082 pag.
389 5013 527 5077 509,
572 5025 734 5082 quem
793 5011 1009 5082 quidem
1056 5011 1310 5081 hymnum
1358 5013 1538 5066 laudat
1581 5014 1635 5068 S.
1687 5015 1804 5068 Cm-

214 5080 451 5138 lestiuus
503 5081 746 5150 pontifex
791 5095 932 5150 max.
984 5080 1034 5133 in
1064 5080 1405 5150 eosermone
1429 5097 1587 5150 quem
1617 5085 1802 5138 habuit

212 5154 262 5205 in
291 5151 541 5207 concilio
571 5149 814 5203 Romano
839 5149 1092 5203 adversus
1113 5149 1340 5205 Nestorii
1361 5149 1625 5206 hmresim.
1656 5153 1801 5208 Con-

209 5221 290 5275 fer
320 5231 466 5274 tom.
515 5217 792 5287 lEpistol.
851 5218 1006 5289 Rom.
1039 5218 1253 5289 pontif.,
1283 5235 1406 5289 pag.
1462 5221 1618 5289 1098,
1664 5223 1796 5277 edit.

207 5289 384 5345 Paris.
413 5285 725 5362 Constantii
749 5303 868 5362 pag.
899 5285 1055 5341 17:21:
1077 5285 1192 5341 Jam
1220 5285 1346 5362 vero
1360 5285 1628 5362 :Maxignus
1648 5294 1806 5362 gemi-

206 5377 330 5413 nam
361 5358 742 5424 substantiam,
789 5359 891 5413 hoc
909 5368 990 5432 est
1020 5367 1261 5411 naturam
1287 5360 1337 5412 in
1361 5361 1462 5432 _Dei
1488 5358 1803 5432 Verbi-per-

204 5445 342 5485 sona
363 5437 788 5500 commemorat,
811 5428 952 5500 quod
976 5428 1147 5496 ipsum
1169 5436 1253 5500 est
1271 5430 1590 5500 catholicum
1613 5428 1804 5500 dogma

201 5500 269 5554 ab
289 5496 620 5570 (apostolica
639 5495 768 5550 sede
795 5498 1043 5570 primum,
1071 5498 1275 5570 tum_ah
1309 5499 1572 5570 Ephesina
1601 5495 1804 5570 synodo

200 5568 510 5622 definitum
566 5574 753 5619 contra
801 5568 1107 5620 lucreticum
1163 5567 1358 5635 dogma
1405 5567 1800 5624 Nestorianum.

200 5637 420 5692 Eodem
447 5643 643 5706 _atquc
685 5635 898 5689 Maximi
921 5637 1163 5691 doctrina
1188 5637 1454 5705 recidunt,
1482 5654 1600 5706 qua:
1620 5642 1805 5694 scribit

198 5709 254 5764 S.
290 5705 414 5762 Leo
445 5701 532 5758 Μ.
561 5720 716 5759 serui.
743 5706 831 5774 ‘20,
863 5707 951 5775 qui
977 5713 1056 5762 est
1080 5708 1282 5776 primus
1301 5708 1368 5762 de
1398 5701 1676 5764 nativitate
1705 5710 1805 5764 Do-

1905 4628 2024 4698 cjus
2052 4631 2268 4682 nomine
2297 4628 2471 4682 affert.

1978 4699 2004 4737 ιι
2045 4699 2189 4752 ldem
2215 4698 2335 4753 cod.
2368 4698 2513 4764 Vat.,
2547 4696 2656 4753 Deo
2683 4709 2991 4773 cooperante
3015 4702 3268 4774 concepit.

1905 4876 2032 4930 mini
2055 4877 2224 4946 nostri
2244 4875 2369 4931 Jesu
2399 4874 2616 4930 Christi.
2647 4884 2781 4932 tom.
2805 4877 2827 4931 1
2851 4877 2978 4932 edit.
3013 4876 3170 4931 Rom.
3195 4893 3283 4933 an.
3319 4879 3476 4946 1755,

1905 4960 2025 5014 pag.
2057 4945 2126 5018 [ὦ
2153 4964 2186 5018 :7
2210 4945 2375 5001 Tanto
2406 4948 2595 5018 {crdere
2621 4956 3158 5018 utramquenaturam
3197 4945 3475 5016 conseruit,

1902 5026 1958 5068 ut
1985 5032 2074 5069 nec
2100 5015 2414 5090 inferiorem
2427 5024 2744 5090 consumeret
2775 5015 3088 5090 gloriﬁcatio
3117 5035 3210 5072 nec
3241 5015 3478 5090 superioé

1903 5103 2011 5140 rem
2036 5083 2288 5139 minueret
2316 5086 2613 5152 assumptio.
2648 5083 2805 5138 Salva
2830 5083 2988 5154 igitur
3009 5083 3318 5155 proprietate
3346 5093 3479 5144 utri-

1903 5172 2062 5226 usque
2085 5155 2406 5222 substantiw,
2437 5163 2483 5226 et
2510 5155 2987 5226 in_unam_coet_mte
3015 5174 3285 5222 personam
3314 5161 3480 5213 susci-

1906 5222 2044 5296 pitur
2077 5241 2108 5276 a
2129 5223 2704 5296 majestatelruniilitas.
2739 5222 2894 5288 Quod
2921 5224 3166 5294 adjungit
3194 5227 3478 5294 Maximus,

1911 5291 2017 5348 non
2039 5291 2297 5347 asseri’bis
2319 5292 2414 5345 Dei
2437 5291 2629 5344 Filium
2650 5302 2848 5363 natum,
2873 5291 3046 5363 neque
3067 5291 3142 5350 bis
3164 5314 3274 5350 esse
3303 5291 3480 5352 natum

1911 5363 2108 5426 Deum;
2139 5371 2296 5417 erunt
2325 5363 2550 5415 fortasse
2577 5361 2669 5428 qui
2691 5361 2995 5432 repugnans
3015 5381 3134 5420 esse
3157 5368 3484 5421 arbitrentur

1911 5433 2190 5488 sententia:
2247 5432 2642 5499 theologorum,
2689 5432 2960 5487 Christum
2998 5435 3080 5489 bis
3122 5451 3240 5490 esse
3297 5446 3481 5490 natum

1911 5511 2056 5558 recte
2109 5502 2352 5571 usurpari
2406 5514 2564 5569 posse
2617 5501 2928 5556 dicentium.
2983 5502 3269 5560 Adeundus
3309 5514 3392 5560 est
3420 5507 3477 5558 S.

1912 5574 2144 5627 Thomas
2166 5580 2305 5640 part.
2340 5588 2416 5637 ιιι,
2437 5578 2627 5643 quiest.
2659 5571 2748 5639 55,
2777 5580 2877 5625 art.
2910 5572 2995 5643 1‘1,
3027 5573 3094 5626 ad
3117 5581 3364 5643 quartum
3390 5589 3479 5643 ar-

1910 5649 2240 5710 gumentum,
2291 5649 2345 5696 et
2393 5658 2448 5696 ιιι
2488 5641 2884 5695 Sententiarum
2915 5641 3042 5696 dist.
3075 5641 3162 5709 14',
3210 5649 3397 5710 quaest.
3428 5641 3477 5704 1,

1911 5722 2010 5766 art.
2042 5711 2099 5779 2,
2129 5712 2196 5766 ad
2225 5712 2275 5766 4.
2301 5711 2406 5769 Sed
2435 5726 2592 5768 secus
2617 5719 2718 5766 est.
2751 5711 2894 5768 Nihil
2929 5711 3072 5766 enim
3102 5726 3218 5766 esse
3240 5723 3478 5779 pugnans
