4042 6192
514 320 616 380 935

1706 328 1761 385 S.
1805 320 2047 385 MAXIM]
2085 328 2525 389 TAURINENSIS

3666 337 3771 395 ΞΗ

517 439 590 493 lbi
629 440 773 508 quod
812 438 950 509 erat,
980 448 1138 498 natus
1166 450 1281 509 est;
1329 444 1415 499 hic
1442 443 1584 514 quod
1617 458 1727 500 non
1752 453 1892 515 erat,
1917 445 2088 502 factus
2117 449 2162 507 A
2190 460 2256 502 ac
2279 447 2548 514 tenebras,
2584 446 2725 516 quod
2746 448 2907 503 vitam
2935 416 3067 505 facit
3093 464 3158 506 ae
3181 453 3450 507 mortem?
3471 450 3527 507 Si
3556 465 3687 522 ergo
3712 462 3769 510 te

512 540 616 587 est.
648 531 736 586 Ait
762 532 830 588 de
857 530 940 589 his
966 534 1153 590 beatus
1183 534 1510 606 evangelista
1549 535 1786 595 Joannes
1814 536 1963 609 (Cap.
1996 539 2038 609 ι)
2073 555 2087 593 :

516 621 582 677 In
603 623 856 694 principio
874 631 987 678 erat
1017 623 1258 695 Verbum,
1279 634 1328 681 et
1357 625 1577 681 Verbum
1598 637 1711 681 erat
1734 628 1874 697 apud
1899 624 2087 696 Deum,

514 720 562 767 et
593 712 730 768 Deus
750 724 863 769 erat
895 714 1133 770 Verbum.
1158 714 1228 771 Et
1248 718 1440 773 iterum
1465 736 1478 771 :
1502 714 1573 772 Et
1601 716 1822 773 Verbum
1847 735 1971 774 caro
2003 720 2088 790 fa-

515 813 648 858 etum
676 814 769 860 est.
803 805 967 875 Igitur
995 807 1159 877 Deus,
1183 809 1277 880 qui
1304 806 1447 880 apud
1475 808 1643 867 Deum
1671 818 1810 878 erat,
1852 811 2090 881 prodivit

516 908 546 949 a
568 893 705 964 Deo,
735 902 793 951 et
833 910 960 953 caro
981 896 1100 967 Dei,
1129 912 1249 969 qua:
1287 900 1341 955 in
1370 899 1481 956 Deo
1507 916 1616 956 non
1652 908 1791 969 erat,
1826 901 2092 971 processit

515 1002 583 1043 ex
610 987 828 1045 femina.
858 988 937 1043 ita
956 989 1192 1046 Verbum
1215 1006 1340 1046 caro
1366 989 1563 1048 factum
1591 1000 1673 1046 est
1698 1009 1710 1045 :
1738 1007 1846 1046 non
1868 999 1930 1046 ut
1949 991 2090 1047 Deus

518 1087 835 1135 vacuaretur
878 1080 931 1136 in
960 1081 1255 1150 hominem,
1283 1080 1383 1137 sed
1421 1088 1482 1136 ut
1505 1082 1669 1137 homo
1704 1080 2093 1149 gloriﬁcarctur

517 1173 570 1227 in
594 1173 778 1228 Deum.
806 1172 1026 1242 itaque"
1053 1186 1158 1227 non
1173 1171 1256 1227 his
1280 1179 1439 1228 natus
1467 1180 1550 1227 est
1569 1171 1732 1241 Deus,
1752 1171 1847 1227 sed
1870 1186 1938 1225 ex
1959 1170 2091 1225 dua-

515 1263 618 1319 bus
640 1263 1029 1332 nativitatibus,
1051 1260 1103 1317 id
1128 1270 1213 1318 est
1231 1262 1349 1331 Dei,
1369 1270 1426 1318 et
1451 1262 1683 1317 hominis
1703 1261 1936 1331 seipsom
1969 1258 2092 1314 Uni-

513 1353 726 1423 genitus
748 1351 942 1416 Patris,
967 1360 1128 1421 atque
1151 1366 1270 1406 sese
1291 1349 1563 1405 hominem
1587 1363 1749 1405 unum
1771 1363 1893 1404 esse
1923 1348 2091 1402 voluit

514 1439 701 1501 Deum.
746 1443 1137 1501 Cenerationem
1179 1461 1298 1515 ergo
1333 1443 1443 1513 ejus
1490 1443 1603 1512 quis
1639 1440 1904 1497 enarrabit
1929 1439 2083 1512 (Isai.

515 1534 669 1604 Lm)?
717 1530 954 1599 Fratres,
998 1533 1274 1603 generatio
1303 1530 1501 1588 Christi
1540 1533 1587 1588 si
1613 1531 1822 1587 narrari
1851 1545 1956 1586 non
1986 1545 2088 1600 po-

514 1630 640 1693 test,
683 1622 831 1678 crcdi
858 1630 1058 1693 potest.
1111 1620 1169 1677 Si
1214 1618 1393 1690 lingua
1434 1618 1635 1690 deficit,
1683 1620 1816 1678 fides
1850 1620 2082 1692 prolicit.

514 1712 740 1782 Magnus
758 1713 901 1769 enim
922 1710 1198 1782 profectus
1218 1710 1304 1767 est
1332 1710 1477 1777 fidei,
1499 1728 1621 1768 cum
1647 1718 1855 1767 tantum
1880 1711 1948 1768 de
1974 1712 2087 1768 Deo

2194 535 2391 619 ipsum,
2415 550 2450 589 o
2483 533 2671 604 homo,
2692 543 2749 591 et
2772 552 2891 609 quae
2917 547 3141 611 propter
3164 546 3219 595 te
3250 543 3388 596 facta
3419 550 3569 612 sunt,
3591 545 3771 613 quali—

2196 634 2300 694 ter,
2331 635 2423 681 aut
2460 627 2600 682 unde
2629 628 2738 682 sint
2766 628 2910 684 facta
2934 630 3396 700 comprehendere
3423 646 3533 687 non
3577 635 3724 690 vales
3753 653 3767 689 :

2190 731 2298 788 qua
2319 719 2944 791 prmsumptione,quave
2956 721 3185 777 stultitia
3212 729 3363 777 tuum
3394 724 3584 793 ipsius,
3606 733 3771 796 atque

2191 808 2431 862 omnium
2454 807 2678 863 discutis
2699 806 3053 864 Creatorem?
3077 809 3269 865 Natum
3292 824 3424 880 ergo
3444 807 3516 868 de
3536 814 3648 869 Deo
3672 814 3770 870 Pa-

2191 903 2274 952 tre
2320 896 2507 961 Deum,
2539 894 2898 966 eamdemque
2923 896 3197 954 hominem
3240 896 3441 954 factum
3467 899 3538 956 de
3561 902 3771 970 virgine

2189 987 2529 1044 conﬁtemur.
2560 987 2671 1044 Sed
2710 989 2846 1058 haec,
2875 989 3160 1058 carissimi,
3202 991 3400 1047 rationi
3435 1000 3581 1048 etcca
3618 1002 3768 1061 sunt,

2190 1077 2313 1135 fidei
2340 1078 2645 1137 manifeﬂa.
2688 1079 2838 1136 Tunc
2859 1081 3003 1136 enim
3032 1089 3187 1152 parte
3215 1094 3287 1137 ex
3310 1080 3489 1153 aliqua
3515 1084 3767 1139 indeﬁni—

2191 1176 2259 1223 ιω
2285 1167 2588 1236 majestatis
2607 1168 2723 1237 ejus
2750 1170 3047 1238 poterimus
3075 1170 3332 1226 irnmensa
3371 1172 3555 1227 rimari
3591 1172 3640 1229 si
3669 1173 3769 1227 ad-

2189 1265 2459 1313 vertamus
2505 1253 2534 1296 ἀ
2571 1250 2801 1328 quantus
2841 1261 3080 1330 qualisve
3110 1261 3181 1315 sit
3224 1260 3387 1330 Deus,
3411 1276 3443 1317 a
3470 1260 3629 1320 nobis
3656 1279 3767 1319 non

2189 1363 2349 1419 posse
2370 1350 2643 1417 cognosci,
2663 1358 2724 1405 ut
2741 1351 2819 1405 ait
2835 1350 3098 1407 Dominus
3118 1351 3183 1407 ad
3206 1350 3425 1423 Moysen
3452 1371 3466 1406 :
3494 1353 3570 1407 Tu
3592 1364 3765 1408 autem

2188 1456 2289 1493 non
2321 1441 2515 1510 poteris
2532 1440 2702 1495 videre
2734 1443 2919 1512 faciem
2936 1459 3103 1497 meam
3134 1441 3328 1514 (Exod.
3354 1444 3567 1513 xum),
3584 1444 3637 1499 id
3658 1452 3766 1513 est,

2191 1538 2215 1567 ⁸
2245 1545 2353 1585 non
2379 1536 2556 1600 potest
2576 1530 2879 1587 carnalibus
2905 1532 3074 1587 oculis
3095 1547 3293 1600 meam,
3315 1533 3455 1589 sicut
3473 1542 3579 1602 est,
3606 1535 3769 1604 ἱιιερίο

2186 1633 2311 1674 cere
2341 1619 2626 1676 Deitatem.
2664 1620 2859 1677 Beatus
2881 1636 3111 1691 namque
3139 1621 3331 1690 David,
3355 1624 3609 1678 virtutem
3639 1641 3763 1679 orn-

2187 1710 2500 1779 nipotentiae
2518 1713 2635 1781 ejus
2648 1712 2955 1781 intendens,
2970 1713 3240 1769 clamabat
3258 1715 3442 1771 dicens
3461 1734 3474 1768 :
3492 1714 3766 1771 Hirabitia

513 1819 613 1858 suo
655 1802 910 1871 concipit,
949 1809 1209 1871 quantum
1236 1817 1413 1858 sermo
1442 1817 1549 1857 non
1583 1810 1762 1872 potest
1796 1803 2082 1873 parturire.
2119 1811 2160 1872 Β
2189 1818 2346 1873 apera
2374 1810 2483 1868 tua,
2515 1798 2756 1870 nomine,
2783 1810 2832 1856 et
2877 1804 3051 1858 anima
3077 1821 3193 1858 mea
3230 1807 3368 1860 novit
3394 1806 3544 1862 valde
3588 1807 3764 1879 (Psal.

513 1891 731 1955 Cavete,
757 1892 1112 1960 dilectissimi,
1139 1906 1211 1946 ne
1237 1892 1452 1961 quando
1474 1906 1570 1946 vos
1587 1891 1655 1946 de
1680 1892 1766 1946 his
1800 1890 2088 1947 increduli-

514 1990 596 2037 t.s
645 1990 883 2050 moveat,
901 1984 1025 2052 quia
1051 1983 1097 2037 si
1124 1983 1286 2037 homo
1324 1997 1434 2037 non
1462 1982 1605 2037 valet
1644 1982 1918 2051 explicare
1943 1982 2087 2051 quod

510 2074 697 2140 sentit,
724 2074 861 2128 Deus
882 2073 999 2128 sine
1020 2073 1183 2128 dubio
1206 2073 1234 2111 δ
1258 2080 1437 2143 potest
1459 2073 1700 2142 implere,
1724 2073 1869 2144 quod
1895 2073 2083 2128 voluit.

510 2162 579 2217 Et
613 2155 1148 2233 perabsurdum'est,
1193 2161 1418 2231 fratres,
1455 2169 1517 2217 ut
1543 2161 1879 2217 'ineil'abilem
1918 2161 2086 2217 Deum

508 2253 873 2309 inﬁrmissimo
900 2252 1199 2322 fragilitatis
1239 2260 1437 2309 nostra:
1478 2267 1732 2309 sermone
1777 2266 2081 2324 pensemus.

512 2345 774 2401 Amentice
800 2358 886 2399 res
914 2351 1018 2411 cst,
1039 2350 1099 2398 ut
1122 2345 1467 2414 operationes
1486 2343 1785 2413 majestatis
1812 2342 2087 2398 immensa:

510 2436 651 2489 inter
672 2435 860 2502 exigua
896 2434 1259 2503 corruptibilis
1287 2435 1396 2489 oris
1424 2434 1595 2489 nostri
1635 2449 1894 2489 conemur
1920 2432 2083 2489 verba

508 2523 853 2580 concludere.
886 2521 1168 2589 Quomodo
1215 2523 1361 2577 enim
1404 2522 1863 2593 comprehendere
1909 2529 2087 2591 potest

506 2615 670 2672 homo
709 2617 817 2688 23
844 2615 1036 2685 Deum,
1072 2614 1242 2671 factus
1285 2614 1601 2685 ingenitum,
1646 2611 1887 2668 mortalis
1927 2621 2085 2667 aeter-

508 2723 635 2761 num
670 2708 732 2759 c?
761 2705 817 2760 Si
847 2706 1170 2775 investigare
1208 2704 1418 2771 niteris,
1447 2704 1680 2774 qualiter
1716 2703 1858 2758 Deus
1885 2703 1938 2756 in
1980 2703 2084 2756 ho-

508 2797 726 2861 minem,
757 2796 843 2851 vel
867 2797 1026 2851 homo
1050 2795 1292 2850 transivit
1320 2795 1373 2849 in
1404 2794 1603 2860 Deum;
1628 2794 1886 2862 investiga
1906 2793 2078 2863 prius,

507 2887 553 2943 si
583 2895 756 2957 potes,
786 2886 1056 2956 quomodo
1084 2901 1153 2940 ex
1179 2886 1349 2940 nihilo
1372 2883 1542 2941 factus
1570 2892 1655 2940 est
1688 2882 1939 2952 mundus,
1968 2897 2081 2938 cm-

508 2978 616 3034 lum
642 2978 780 3033 unde
818 2976 1173 3048 resplcnduit,
1198 2990 1458 3048 aquarum
1479 2977 1676 3046 liquor,
1707 2984 1865 3031 terrre
1888 2975 2079 3032 solidi-

509 3079 589 3125 tas
610 3085 713 3139 qua
743 3055 954 3125 ratione
981 3069 1306 3135 subsistunt;
1353 3048 1635 3138 quomodo‘
1655 3068 1818 3123 etiam
1847 3066 1914 3123 de
1936 3074 2079 3122 terra

2189 1906 2253 1946 cx
2264 1889 2435 1960 χχιιι).
2463 1890 2628 1947 Valde
2647 1892 2791 1947 enim
2816 1892 3021 1947 sciebat
3041 1894 3218 1948 anima
3240 1897 3571 1966 prophetalis
3597 1914 3765 1968 opera

2189 1978 2283 2033 Dei
2311 1993 2528 2034 omnem
2555 1979 2958 2036 meditationem
2979 1982 3224 2038 humana:
3253 1986 3447 2040 mentis
3475 1987 3765 2057 excedere,

2190 2077 2412 2139 propter
2457 2068 2603 2137 quod
2655 2071 3078 2139 sapientissimus
3127 2074 3468 2144 patriarcha,
3520 2078 3765 2134 mortalis

2186 2173 2375 2213 sensus
2398 2159 2681 2215 conclusus
2714 2161 2992 2229 angustiis.
3022 2177 3142 2233 quae
3169 2163 3493 2234 investigare
3521 2183 3631 2223 non
3657 2183 3762 2237 po-

2186 2256 2351 2316 terat,
2379 2248 2695 2304 mirabatur.
2729 2249 2857 2317 Quis
2898 2263 3027 2320 ergo
3058 2253 3330 2308 hominum
3364 2255 3636 2313 discutere
3667 2267 3764 2314 aut

2186 2340 2458 2410 inquirere
2498 2339 2716 2410 audeat,
2765 2349 2945 2398 tantus
2992 2343 3137 2412 quod
3183 2346 3446 2416 propheta
3497 2348 3764 2405 miratur?

2188 2430 2475 2499 Mirabilia,
2497 2431 2685 2502 inquit,
2708 2448 2866 2502 opera
2894 2439 3005 2500 tua,
3023 2442 3074 2488 et
3093 2435 3273 2489 anima
3292 2453 3407 2491 mea
3430 2438 3570 2492 norit
3587 2439 3759 2494 valde.

2186 2519 2301 2577 Hoc
2326 2521 2499 2591 ipsum
2543 2521 2683 2577 enim
2712 2520 2859 2592 quod
2907 2522 3460 2595 incomprehensibilis
3486 2536 3569 2583 est
3597 2528 3762 2595 Deus,

2184 2613 2364 2667 anima
2391 2612 2509 2681 ejus
2539 2620 2785 2681 noverat,
2815 2627 2941 2668 caro
2962 2615 3160 2670 sentire
3189 2631 3296 2670 non
3315 2626 3548 2687 poterat.
3574 2615 3762 2675 Omnis

2183 2716 2335 2771 ergo,
2363 2703 2457 2771 qui
2480 2717 2646 2772 opera
2674 2702 2767 2758 Dei
2795 2704 2963 2773 magis
2982 2706 3097 2759 vult
3124 2708 3433 2764 examinare
3455 2725 3618 2780 quam
3638 2726 3761 2767 ere-

2184 2790 2336 2861 dere,
2363 2809 2473 2850 non
2502 2794 2744 2863 sequitur
2770 2795 2963 2850 anima:
2997 2811 3238 2866 sensum,
3266 2797 3359 2853 sed
3387 2813 3626 2855 errorem
3656 2816 3669 2853 :
3699 2809 3760 2856 et

2183 2882 2327 2953 ideo,
2358 2884 2568 2952 fratres,
2597 2900 2705 2939 non
2732 2884 3101 2971 discutiamus,
3128 2888 3359 2958 qualiter
3383 2889 3524 2946 Deus
3546 2890 3615 2946 de
3644 2891 3761 2946 Deo

2182 2982 2340 3029 natus
2378 2982 2480 3043 est,
2525 2975 2623 3030 sed
2662 2976 2975 3042 credamus;
3006 2992 3105 3034 nec
3141 2986 3495 3036 retractemus
3536 2990 3755 3051 partum

2178 3064 2432 3133 virginis,
2461 3064 2558 3122 sed
2603 3066 2877 3134 miremur,
2909 3076 2969 3122 ut
2993 3063 3335 3135 Unigenitum
3366 3070 3461 3126 Dei
3502 3069 3673 3126 Deum
3702 3080 3761 3127 et

506 3160 697 3228 homo,
716 3161 785 3216 de
806 3161 1041 3217 masculo
1067 3160 1281 3227 femina,
1309 3160 1547 3229 itemque
1568 3174 1665 3232 per
1685 3159 1937 3215 feminam
1960 3174 2077 3213 ma-
2105 3171 2151 3234 ο
2181 3158 2455 3213 hominem
2496 3155 2818 3214 conﬁtentes
2845 3156 3162 3215 inollensam
3202 3167 3485 3218 teneamus
3518 3162 3760 3220 omlestis

508 3251 715 3320 sculus;
739 3251 865 3323 quid
888 3250 1018 3307 illud
1044 3258 1129 3307 est
1155 3258 1277 3322 post
1299 3251 1501 3319 omnia,
1529 3251 1678 3320 quod
1699 3251 1879 3306 iumen
1909 3249 2079 3318 gignit

2187 3246 2309 3304 ﬁdei
2334 3249 2639 3306 veritatem.

1830 3334 1835 3339 ’
1873 3337 2214 3399 HOMILIA
2257 3337 2372 3398 XI.

1754 3436 1828 3492 De
1854 3435 2140 3491 Nativitate
2168 3432 2379 3491 Domini
2411 3434 2508 3490 VI.

561 3624 686 3707 .29
720 3618 970 3707 Εάῖίρτθδ
996 3622 1125 3707 οιὶπη
1151 3518 3536 3707 §:,L9°P‘i_M?§“°.E‘.“EE’E‘°I:::§1:$§;'E‘fﬂ'iEffigg‘ii9._9l’l’;.‘3j£i§€“?'3‘.W-
3560 3619 3645 3707 79.
3662 3621 3755 3707 d9-

500 3682 741 3752 ‘ctis_sir'ne
789 3693 1102 3759 admonent,
1150 3689 1378 3745 fatentes
1405 3682 1609 3759 eami'S.
1641 3688 1883 3759 Maxion
1910 3682 2319 3759 restimepdam.
2346 3682 2818 3759 Emjm'judiciuln
2848 3682 3216 3759 nititur-quini;

502 3764 680 3827 canis;
703 3777 896 3831 nempe
920 3755 1232 3831 495l,'pag.
1258 3759 1312 3827 5,
1331 3775 1365 3831 _a
1390 3768 1463 3824 t.;
1487 3758 1646 3831 βω,
1671 3755 1916 3831 pag._§9,_
1932 3772 1965 3812 a
1993 3765 2033 3812 t.
2050 3756 2212 3831 {£55,

2258 3691 2319 3740 fu.
2346 3688 2544 3740 Eorum
2561 3688 2818 3751 judicium
2848 3688 3035 3740 nititur
3054 3688 3288 3755 quinque
3306 3688 3578 3744 codicibus
3604 3690 3755 3744 Vati-

2258 3767 2381 3825 pag.
2410 3752 2499 3825 99,
2523 3762 2650 3825 a_t.;
2684 3754 3047 3825 lteginael25,
3070 3770 3190 3825 pag.
3216 3756 3305 3824 69,
3334 3771 3365 3813 a
3387 3767 3426 3811 t.
3446 3776 3461 3823 ;
3482 3757 3751 3815 Octobon.

508 3833 634 3899 775,
654 3823 846 3899 quibus
865 3823 1165 3899 congruunt
1184 3823 1764 3899 Taurinensis,_l_ior_nill
1785 3826 1859 3899 ιδ
1885 3826 1954 3899 de
1967 3823 2505 3899 _nativit‘ateDomini,
2527 3823 2881 3899 Verceilensis
2895 3823 2954 3878 8i
2968 3867 2984 3891 ,
3000 3823 3105 3879 duo
3128 3823 3486 3899 Novarienscs
3508 3827 3599 3895 ‘27,
3623 3844 3751 3899 pag.

504 3901 596 3968 68,
619 3892 833 3969 et'sign.
858 3900 894 3952 l.
919 3892 997 3965 Οζ
1016 3914 1161 3969 num.
1185 3896 1242 3969 il
1256 3939 1273 3969 ,
1294 3911 1414 3969 pag.
1447 3892 1541 3959 18,
1562 3893 2008 3969 Diodoetiensigi
2039 3892 2509 3969 m,_Cis_t_crc_icnsis
2532 3893 2980 3969 Montisémiatm,
3002 3909 3066 3969 ac
3088 3895 3435 3969 tandemduo
3456 3892 3755 3969 Augi'enscs

504 3961 600 4037 xu,
622 3961 1013 4023 xranicuinus
1039 3967 1201 4037 citam
1225 3961 1458 4020 Maximo
1476 3963 1943 4037 ascribit_pag._2(i
1965 3964 2149 4037 homil.
2174 3961 2519 4037 edit.Xen_et.
2548 3976 2636 4015 an.
2670 3961 2827 4037 9571,
2848 3962 3136 4037 Gymnicus
3148 3977 3269 4033 pag.
3294 3961 3754 4037 16,Com6elisius

502 4028 638 4121 tom.
670 4038 711 4104 l,
735 4052 857 4108 pag.
879 4036 1004 4104 9m,
1032 4035 1286 4115 Cumdius
1315 4044 1443 4090 tom.
1476 4034 1661 4157 Lgmg.
1694 4028 1825 4102 164,
1847 4031 2148 4088 Gaicsinius
2167 4046 2288 4112 pag.
2313 4028 2402 4099 90,
2428 4031 2756 4101 Raynaudus
2784 4028 2912 4114 pag;
2936 4032 3055 4086 194.
3088 4028 3418 4117 Marianum
3444 4036 3580 4115 Bibi.
3603 4036 3749 4090 Max.

503 4108 633 4157 edit.
676 4108 807 4157 an.
851 4106 1012 4157 1677-
1060 4113 1190 4157 tom.
1224 4104 1312 4157 Vl.
1352 4118 1471 4157 nasi.
1563 4144 1578 4157 .
1607 4105 1749 4157 idem
1793 4101 2129 4157 conﬁrmant.
2181 4101 2310 4157 Quis
2334 4108 2514 4157 autem
2541 4111 2728 4157 contra
2768 4110 2987 4157 sentiat.
3015 4118 3137 4157 cum
3163 4110 3312 4157 tanta
3327 4104 3664 4157 sntcodicum
3691 4114 3749 4157 et

503 4108 633 4164 edit.
675 4104 1012 4177 Liig.'l677,
1060 4113 1190 4177 tom.
1224 4104 1312 4173 Vl,
1351 4118 1471 4175 pag.

501 4176 820 4248 scriptorum
850 4176 1167 4234 consensio?

502 4269 980 4325 Anconsurvu.—
1006 4265 1249 4322 Rationes
1289 4264 1599 4321 Christiana:
1626 4264 1982 4319 exsultationis
2019 4262 2074 4315 in

569 4338 781 4393 Domini
823 4337 1088 4391 nativitate
1116 4354 1147 4391 a
1176 4336 1407 4391 Maaimo
1432 4337 1685 4390 cumulate
1703 4335 2007 4403 afferuntur,
2024 4339 2073 4384 et

568 4412 821 4479 praeclara
845 4407 1207 4478 redemptionis
1229 4406 1473 4475 beneﬁcia
1503 4414 1844 4460 recensentur.

567 4537 887 4606 «iustissime,
944 4536 1165 4605 fratres,
1223 4534 1513 4593 festivitate
1551 4534 1828 4618 priesentis
1873 4533 1979 4589 diei
2010 4534 2064 4589 in

569 4686 595 4715 ⁸
618 4673 751 4733 COd.
778 4673 904 4729 Cas.
936 4670 1060 4741 406,
1103 4669 1283 4740 Itaque
1309 4670 1454 4726 nobis
1482 4678 1633 4725 natus
1660 4679 1734 4725 est
1764 4669 1920 4726 Deus.

566 4744 594 4784 ιι
615 4744 749 4799 Cod.
783 4744 940 4811 1267,
972 4743 1136 4813 potuit
1164 4750 1472 4813 propagat.

571 4826 592 4854 ε
615 4814 747 4869 Cod.
770 4807 1021 4869 Laurent.
1044 4820 1100 4868 et
1120 4807 1240 4866 cod.
1260 4807 1395 4863 i267
1411 4809 1531 4864 Vat.
1561 4808 1763 4865 addunt
1799 4807 2064 4874 Quomodo

496 4885 633 4938 enim
675 4883 1122 4954 comprehenderet
1174 4879 1322 4934 homo
1374 4877 1556 4947 Deum,
1604 4880 1774 4951 factus
1818 4882 2062 4951 genitum,

496 4952 728 5007 mortalis
761 4952 1024 5029 ueternum.

491 5078 775 5146 intelliget,
803 5078 894 5145 qui
914 5078 1304 5134 animadvertat
1323 5075 1610 5131 Maximum
1630 5077 1697 5132 de
1718 5078 1851 5146 Deo,
1880 5094 1976 5135 seu
1995 5080 2062 5136 de

493 5149 591 5204 Dei
616 5148 752 5202 Filio
778 5159 959 5214 agere,
988 5162 1145 5217 quem
1166 5148 1212 5202 si
1232 5146 1473 5217 quisAbis
1502 5153 1684 5217 natum
1713 5148 1876 5217 dicat,
1904 5151 1951 5204 is
1976 5151 2061 5203 vi-

493 5218 653 5273 detur
698 5217 781 5288 (ut
825 5217 963 5271 idem
991 5215 1077 5271 est
1100 5219 1302 5289 _v_eritus
1330 5215 1618 5289 maximus)
1642 5215 1916 5289 duplicare
1934 5233 2061 5289 per-

493 5284 717 5358 senam,
747 5284 1425 5358 a‘tqne_cutn_l§lestorianis
1470 5284 1686 5358 sentire.
1716 5284 1850 5358 Nam
1874 5284 1969 5358 qui
1994 5288 2062 5344 de

490 5357 629 5424 'lleo,
676 5353 788 5411 sive
814 5353 882 5411 de
907 5353 1002 5408 Dei
1031 5353 1168 5408 Filio
1208 5354 1463 5424 loquitur,
1492 5357 1639 5410 nulla
1666 5356 1860 5424 injecta
1894 5353 2061 5412 "men-

461 5423 644 5482 itione
670 5436 870 5496 natura:
888 5425 1145 5496 humanm,
1170 5423 1236 5478 ab
1256 5423 1657 5496 eoassumpun,
1672 5423 1962 5496 natumque
1984 5428 2063 5481 bis

460 5512 469 5524 '
492 5496 649 5563 dicit,
672 5495 717 5549 is
740 5494 930 5562 Deum,
956 5502 1015 5548 ut
1034 5494 1174 5548 Deus
1198 5501 1302 5562 est,
1327 5494 1409 5550 bis
1430 5494 1811 5552 natumdiccre
1832 5494 2056 5551 videtur.

492 5565 755 5620 Cmterum
802 5564 1064 5618 Maximus
1117 5565 1425 5620 nativitates
1474 5565 1607 5619 duas
1661 5566 1900 5621 nominat
1952 5564 2057 5620 hoc

494 5636 656 5691 modo
681 5653 694 5688 :
727 5634 780 5689 Ν
785 5651 849 5688 on
874 5634 949 5689 bis
978 5643 1129 5688 natus
1149 5644 1224 5688 est
1250 5633 1402 5700 Dens,
1436 5636 1525 5688 sed
1543 5650 1607 5688 ea:
1634 5635 1835 5688 duabus
1868 5636 2057 5688 natiui-

498 5706 703 5761 latibus.
729 5705 783 5760 id
802 5714 876 5760 est
906 5705 1021 5767 Dei,
1051 5714 1098 5759 et
1118 5706 1336 5760 honu‘nis
1366 5720 1416 5758 se
1448 5704 1611 5772 ipsum
1634 5704 1937 5772 Um‘qenitus
1960 5706 2062 5760 Ρα-

1607 4105 1749 4160 idem
1793 4101 2129 4161 conﬁrmant.

2181 4101 2310 4169 Quis
2334 4108 2514 4157 autem
2541 4111 2728 4158 contra
2768 4103 2987 4170 sentiat,
3015 4118 3137 4157 cum
3163 4101 3312 4158 tanta
3327 4103 3399 4159 sit
3418 4104 3664 4160 codicum
3691 4114 3754 4160 et

2176 4275 2334 4316 omne
2360 4274 2419 4315 se
2438 4258 2688 4329 gaudium
2710 4266 2855 4315 totus
2883 4260 3078 4332 ubique
3098 4261 3321 4318 suscitat
3348 4262 3599 4331 mundus,
3619 4263 3750 4332 quia

2175 4350 2336 4407 hodie
2363 4350 2655 4421 promissus
2676 4366 2707 4407 a
2726 4352 2935 4408 sacculis
2964 4352 3215 4408 universo
3241 4353 3359 4409 orbi
3382 4354 3399 4391 ε
3412 4353 3577 4424 judex
3597 4362 3752 4410 ortus

2098 4449 2148 4509 Ῑ)
2173 4450 2275 4510 est,
2305 4451 2358 4497 et
2391 4441 2723 4512 redemptor.
2743 4440 2810 4495 Et
2838 4457 3056 4498 necesse
3074 4451 3179 4511 est,
3202 4451 3259 4498 ut
3276 4443 3330 4498 in
3349 4459 3633 4499 commune
3649 4461 3754 4499 nos

2172 4549 2361 4590 omnes
2378 4534 2471 4605 qui
2490 4533 2652 4589 futuri
2680 4534 2944 4589 examinis
2970 4534 3488 4605 resurrectionisque
3512 4536 3750 4606 promis-

2243 4667 2270 4706 ά
2297 4668 2452 4741 Idem
2469 4668 2591 4724 cod.
2616 4669 2896 4741 Laurent.,
2921 4669 2967 4722 si
2983 4668 3309 4724 adeertamus
3328 4679 3593 4741 quantum,
3614 4687 3750 4741 qua-

2169 4740 2275 4794 tere
2291 4741 2380 4810 s_it,
2396 4737 2581 4810 Deum
2607 4754 2640 4791 a
2662 4738 2805 4792 nobis
2832 4754 2936 4792 non
2963 4754 3110 4806 posse
3132 4737 3393 4810 cognosci,
3421 4749 3525 4797 etc.

2244 4818 2267 4845 ι·
2296 4807 2430 4877 Cod.
2458 4806 2682 4877 ﬂow},
2713 4823 2818 4861 non
2847 4816 3014 4877 potest
3042 4806 3273 4877 carnalis
3300 4810 3494 4865 oculus.

2244 4877 2264 4916 τ
2290 4875 2425 4933 Cod.
2458 4875 2578 4931 Vat.
2604 4874 2799 4945 Palat.,
2819 4874 3038 4931 universi
3064 4876 3220 4931 orbis.

2168 5080 2283 5145 tris,
2314 5084 2465 5148 atque
2482 5092 2593 5148 sese
2615 5075 2868 5148 hominem
2896 5091 3054 5130 unum
3073 5092 3183 5130 esse
3203 5078 3361 5132 voluit
3386 5076 3574 5148 Deum.
3592 5079 3751 5136 Tho—

2165 5144 2279 5203 mas
2326 5144 2457 5217 vero
2483 5144 2744 5200 Christum
2789 5147 2867 5200 bis
2891 5156 3070 5217 natum
3098 5155 3242 5201 recte
3270 5163 3429 5217 posse
3455 5147 3561 5204 diei
3590 5149 3751 5204 aliir-

2166 5225 2296 5288 mat.
2335 5215 2604 5288 Christum
2647 5222 2826 5270 autem
2856 5216 2946 5288 qui
2976 5214 3126 5277 dicit,
3150 5214 3287 5270 eum'
3303 5226 3452 5272 certe
3486 5218 3621 5273 dicit
3646 5223 3753 5288 qui

2162 5285 2307 5341 Deus
2348 5294 2404 5340 ct
2444 5285 2607 5340 homo
2646 5294 2753 5352 est,
2791 5285 2887 5340 seu
2918 5286 2971 5338 in
3005 5300 3114 5355 quo
3149 5293 3352 5355 ιιειιιιινιι³
3381 5295 3506 5341 sunt
3530 5285 3757 5346 duas—in

2164 5370 2448 5425 personam
2472 5370 2631 5409 unam
2647 5363 2932 5417 coeuntes;
2957 5354 3146 5423 quare,
3169 5354 3459 5422 iaC/arista,
3490 5357 3664 5425 inquit
3685 5359 3755 5415 in

2165 5440 2314 5494 corp.
2335 5425 2513 5487 artic.,
2539 5435 2655 5477 sunt
2684 5425 2797 5477 dum
2817 5433 3035 5487 naturaz,
3059 5425 3233 5478 divina
3260 5426 3454 5479 scilicet
3479 5436 3530 5480 et
3549 5425 3756 5481 buma-

2167 5511 2256 5558 ιιι,
2285 5509 2498 5564 quorum
2524 5509 2681 5546 unum
2701 5495 2897 5563 accepit
2918 5496 2982 5547 ab
3012 5503 3204 5547 aeterno
3224 5509 3257 5546 α
3304 5494 3481 5560 Patre,
3512 5497 3755 5554 alterum

2164 5580 2253 5617 acc
2270 5565 2359 5633 ,ρει
2375 5563 2764 5631 temporalitera
2787 5571 2970 5630 matre,
2985 5574 3033 5616 et
3046 5563 3162 5617 ideo
3176 5580 3381 5618 necesse
3400 5575 3478 5618 est
3491 5565 3765 5622 attribue—

2132 5656 2138 5661 ι
2166 5650 2223 5685 re
2244 5633 2447 5703 Christo
2464 5633 2591 5703 duas
2614 5634 2927 5697 nativitates;
2956 5648 3114 5703 unum
3127 5650 3227 5703 qua
3249 5636 3562 5689 wtemaliter
3582 5647 3762 5693 natus

2162 5709 2239 5756 est
2267 5718 2299 5755 a
2319 5701 2500 5769 Patre,
2523 5700 2680 5756 aliam
2706 5720 2805 5774 qua
2842 5700 3187 5774 temporalitcr
3213 5711 3366 5758 natus
3387 5713 3464 5758 est
3491 5722 3523 5758 a
3548 5715 3759 5766 matre.
