4042 6192
205 359 291 415 215
1566 348 1842 402 HOIIILIA
1881 348 1965 402 XI.

3342 353 3444 407 ξιε

195 491 262 532 ιω
305 470 596 524 salutarem
647 477 978 532 suscepimus
1019 461 1199 530 Iidem,
1247 461 1538 515 habeamus
1557 469 1755 514 metum
1787 466 1837 520 Α
1865 470 1967 526 tur,
1998 461 2086 529 qui
2120 462 2171 514 in
2197 462 2419 517 exordio
2456 462 2639 516 mundi
2665 463 3022 531 omnipotenti
3048 476 3208 516 manu
3247 463 3315 516 de
3336 480 3448 518 ma-

196 561 406 632 qnidem
424 558 493 611 de
503 556 705 625 judice,
730 554 824 609 sed
844 553 911 607 de
940 552 1282 622 redemptore
1304 553 1560 605 Iretitiam.
1585 550 1768 606 Omnis

198 663 423 719 namque
457 645 627 699 fidelis
654 645 831 698 anima
868 644 1060 697 timore
1088 643 1398 713 corrigitur,
1431 644 1768 697 correctione

206 748 424 794 iactatur.
452 735 520 788 Et
541 736 593 787 in
624 735 749 800 hoc,
772 732 1052 799 carissimi,
1102 741 1301 802 quanta
1326 746 1452 801 erga
1479 733 1769 789 humanum

211 845 359 897 genus
390 825 775 894 omnipotentis
802 822 974 877 Patris
1005 823 1334 891 dispensatio
1358 831 1461 890 est,
1506 830 1771 891 quantave

209 918 521 984 benignitas,
548 923 625 981 ut,
656 929 813 983 quem
838 912 1075 981 iudicem
1097 912 1435 982 prmparabat
1463 910 1770 978 incredulis,

210 1012 337 1063 hunc
358 1006 642 1061 credituris
664 1006 771 1075 30
798 1005 1149 1075 puemitteret
1177 1003 1573 1073 redemptorem
1602 1021 1614 1054 :
1641 1017 1774 1071 qua-

212 1111 375 1168 tenus,
408 1113 744 1169 praecurrens
777 1097 1167 1164 misericordia,
1206 1098 1545 1151 severitatem
1575 1095 1774 1150 adven—

214 1190 362 1244 tantis
381 1189 577 1257 judicis
592 1187 930 1257 praeveniret.
951 1186 1118 1241 Hodie
1139 1187 1319 1256 itaque
1342 1194 1500 1240 natus
1522 1185 1773 1240 estChri-

212 1290 335 1346 stus,
358 1278 459 1334 sed
486 1279 541 1332 in
564 1278 845 1337 nativitate
876 1275 993 1345 ejus
1013 1284 1193 1331 nostra
1223 1275 1460 1330 omnium
1481 1276 1641 1330 habet
1670 1277 1775 1329 vita

213 1370 439 1425 natalem
464 1385 481 1421 :
511 1368 656 1435 quia,
687 1367 778 1435 qui
806 1366 1083 1437 privilegia
1111 1366 1296 1436 prima:
1319 1365 1609 1421 nativitatis
1645 1367 1778 1425 anti-

214 1459 391 1523 sinms,
414 1456 669 1511 visitante
692 1470 788 1510 nos
809 1453 1049 1521 Christo,
1072 1453 1341 1507 sanctiore
1363 1461 1520 1523 partu
1544 1453 1780 1509 redimus

215 1551 274 1605 ad
298 1551 484 1607 vitam.
521 1546 695 1602 Hodie
719 1546 925 1615 peperit
951 1544 1139 1612 Maria,
1164 1546 1257 1600 sed
1282 1546 1393 1611 ipsa
1422 1560 1577 1599 suum
1605 1552 1782 1615 partu-

218 1643 327 1696 rivit
357 1648 660 1694 auctorem.
693 1637 861 1691 Hodie
892 1637 1063 1691 edidit
1095 1636 1297 1690 mundo
1328 1636 1598 1691 hominem
1621 1651 1778 1705 quem

220 1750 317 1790 non
361 1730 601 1799 suscepit
641 1728 707 1782 ab
737 1730 972 1783 homine.
997 1738 1022 1765 ι
1053 1726 1192 1793 Quid
1235 1728 1336 1781 hoc
1387 1734 1471 1782 est
1518 1728 1779 1794 miraculi,

1870 552 2018 605 sculo
2048 559 2300 619 operatus
2327 560 2409 606 est
2439 552 2708 606 feminam.
2767 551 2875 606 Sed
2905 552 3047 606 hanc
3089 552 3446 606 humilitatem

1870 641 2124 697 nascendi
2175 642 2448 709 virginalis
2494 644 2678 695 matris
2726 643 2979 697 sublimat
3030 643 3327 710 integritas.
3378 642 3447 695 Et

1870 732 2114 801 quamvis
2134 740 2288 785 natus
2311 730 2551 785 Christus
2575 730 2828 800 femineo,
2855 740 2912 785 ut
2938 732 3133 800 infans,
3174 735 3313 790 lacte
3351 753 3447 806 pa-

1871 829 2079 884 scatur;
2110 820 2123 870 i
2159 827 2334 875 tamen
2355 828 2413 873 ut
2436 836 2612 874 rerum
2640 831 2831 890 potens
2851 822 2873 859 ¹ί
2896 824 3186 892 virginibus
3214 829 3451 883 nutritur

1873 910 2144 978 uberibus,
2192 918 2353 980 atque
2402 919 2459 964 ut
2480 912 2706 980 primum
2737 914 2883 967 illum
2907 915 2959 968 in
2990 917 3085 970 has
3113 919 3291 972 saeculi
3323 936 3450 988 pro-

1872 1002 2055 1068 cellas,
2079 1008 2135 1054 et
2156 999 2459 1055 fluctuantis
2480 1002 2743 1055 sentinam
2770 1004 2953 1058 mundi
2976 1014 3161 1061 uterus
3182 1017 3457 1063 maternus

1874 1092 2081 1159 effudit,
2104 1092 2375 1147 vilissimis
2412 1090 2814 1147 1circumdatur
2842 1096 3049 1164 pannis.
3076 1094 3270 1152 Pannis
3298 1100 3457 1166 siqui-

1874 1185 1995 1239 dem
2026 1184 2261 1238 induitnr
2310 1174 2397 1238 ille
2419 1200 2517 1253 pro
2548 1185 2723 1251 nobis,
2749 1186 2984 1257 quicum
3014 1196 3225 1242 crearet
3252 1189 3453 1253 omnia,

1880 1285 2052 1332 terras
2098 1276 2217 1330 luce
2272 1274 2525 1344 perfudit,
2565 1277 2758 1330 emlum
2789 1275 3053 1330 sideribus
3076 1276 3377 1343 adornavit,
3404 1286 3459 1332 et

1876 1367 2030 1435 ignea
2051 1366 2218 1420 solem
2239 1366 2480 1422 claritate
2502 1367 2733 1420 vestivit.
2759 1364 3073 1425 Obvolvitur
3092 1369 3307 1436 quidem
3329 1386 3459 1438 pan-

1878 1458 1981 1524 nis,
2028 1457 2123 1511 sed
2169 1457 2221 1511 hi
2247 1458 2408 1526 panni
2440 1472 2577 1515 nova
2599 1458 2751 1515 stella
2782 1459 3025 1514 radiante
3054 1470 3405 1515 munerantur
3430 1477 3461 1515 a

1878 1551 2047 1617 magis
2075 1559 2112 1587 ω
2142 1557 2198 1603 et
2241 1548 2631 1603 exsultantibus
2683 1549 2885 1616 angelis
2927 1552 3277 1605 honorantur.
3309 1550 3377 1606 Et
3406 1560 3463 1606 ut

1878 1640 2185 1693 noverimus
2213 1639 2460 1693 universa
2490 1638 2604 1693 haec
2634 1653 2728 1708 per
2772 1640 3081 1709 mysterium
3120 1641 3204 1694 vel
3236 1638 3350 1695 ﬁeri
3378 1641 3461 1705 vel

1880 1730 2003 1793 dici,
2034 1729 2120 1783 hic
2163 1729 2253 1797 qui
2303 1728 2492 1797 pannis
2523 1736 2549 1763 υ
2577 1728 3031 1796 circumvolvitur,
3053 1729 3370 1799 prmdicatus
3398 1731 3462 1785 ab

219 1822 438 1877 fratres?
467 1818 713 1873 Nascitur
733 1833 860 1872 caro
884 1817 950 1873 de
971 1832 1154 1883 carne,
1186 1832 1291 1871 non
1322 1826 1501 1871 tamen
1526 1826 1777 1884 generata
1813 1814 1855 1871 Β
1882 1822 2033 1875 initio
2062 1821 2129 1875 de
2155 1820 2274 1875 sinu
2304 1820 2494 1886 Patris,
2524 1828 2834 1888 internoque
2863 1820 3097 1874 thalamo
3151 1821 3464 1877 salutarium

222 1927 306 1981 per
324 1923 570 1975 carnem,
612 1906 638 1945 δ
659 1914 718 1961 et
744 1914 953 1961 secreto
972 1905 1204 1974 quodam
1232 1906 1784 1975 ineomprehensoque

223 2006 479 2069 conceptu
530 1993 774 2065 procedit
815 1993 885 2048 de
930 1995 1139 2048 mortali
1168 1994 1364 2050 femina
1386 1996 1566 2051 divina
1594 2009 1787 2066 proge-

224 2092 338 2146 nies.
367 2090 481 2145 Nec
503 2089 698 2145 mirum
725 2103 875 2155 sane,
907 2087 950 2141 si
973 2087 1184 2141 exstitit
1203 2086 1379 2141 divina
1404 2089 1675 2155 nativitas,
1696 2088 1786 2142 ubi

224 2198 317 2237 non
344 2190 465 2235 erat
494 2180 725 2233 hmnana
750 2170 1053 2247 conceptio,
1084 2188 1177 2232 aut
1195 2179 1240 2232 si
1266 2179 1408 2233 illam
1433 2189 1657 2239 matrem
1680 2197 1787 2235 non

226 2272 431 2326 violavit
446 2277 655 2340 partus,
667 2284 826 2338 quam
841 2268 1016 2323 coitus
1041 2284 1146 2321 non
1166 2267 1404 2323 foedavit.
1417 2268 1509 2323 Ille
1520 2269 1787 2338 quondam

225 2362 513 2417 futurorum
527 2360 771 2415 conscius
792 2359 952 2413 Isaias
974 2359 1184 2428 populis
1209 2360 1522 2426 etgentibus
1542 2370 1562 2394 ε
1580 2359 1788 2427 signum

226 2468 361 2506 nom:
401 2452 590 2505 salutis
631 2449 877 2519 aperiens
913 2466 924 2500 :
972 2448 1125 2516 Ecce,
1172 2449 1365 2516 inquit,
1406 2448 1547 2518 virgo
1571 2450 1624 2501 in
1647 2458 1788 2502 utero

226 2546 488 2614 concipiet,
540 2552 587 2595 et
619 2542 786 2609 pariet
813 2541 917 2611 31
948 2539 996 2592 F
1001 2540 1164 2601 ilium,
1196 2548 1244 2592 et
1273 2538 1298 2577 ά
1330 2539 1577 2593 vocabunt
1606 2555 1789 2592 nomen

226 2635 321 2703 ejus
353 2632 688 2698 Emmanuel,
712 2630 845 2700 quod
877 2642 899 2667 ε
930 2631 1297 2700 interpretatur
1327 2628 1611 2682 Nobiscum
1652 2628 1789 2681 Deus

226 2724 364 2793 (Isai.
391 2723 511 2791 vn).
538 2722 733 2790 Atque,
760 2730 817 2775 ut
839 2720 1177 2787 advertamus
1210 2719 1343 2773 Novi
1365 2735 1427 2774 ac
1448 2718 1657 2773 Veteris
1690 2717 1789 2771 Te-

226 2812 465 2867 stamenti
503 2827 666 2865 unum
693 2824 814 2864 esse
841 2824 1163 2869 consensum
1193 2824 1460 2878 unumque
1488 2809 1788 2874 consilium,

227 2904 289 2958 ait
313 2905 477 2958 etiam
507 2902 847 2957 beatissimus
893 2900 1065 2955 Lucas
1108 2900 1392 2955 dominica:
1429 2900 1792 2969 generationis

227 2996 411 3048 relator
440 2993 686 3062 egregius
714 2992 896 3046 dicens
926 3009 938 3043 :
972 2990 1165 3046 Missus
1195 3000 1270 3043 est
1300 2992 1511 3060 angelus
1533 2988 1740 3043 Gabriel
1760 3007 1792 3042 a

229 3087 321 3142 Deo
342 3088 412 3141 ad
435 3088 682 3157 virginem
705 3085 1065 3153 desponsatam
1090 3084 1217 3150 viro,
1243 3084 1323 3135 cui
1353 3098 1537 3136 nomen
1564 3089 1673 3135 erat
1698 3081 1791 3134 Jo-

1885 1914 1991 1983 32
2018 1913 2319 1981 nuptiarum
2348 1926 2577 1979 sponsus
2602 1910 2747 1965 venit
2771 1926 2801 1964 e
2830 1910 2990 1977 cmlo,
3025 1910 3163 1964 sicut
3192 1911 3265 1963 ait
3296 1925 3467 1966 vene«

1886 2003 2081 2056 randus
2128 2002 2290 2057 David
2328 2020 2339 2054 :
2381 2000 2500 2071 Ipse
2546 2010 2792 2071 tanquam
2829 2018 3048 2071 sponsus
3095 2002 3375 2071 procedens
3406 2000 3466 2053 de

1886 2093 2112 2146 thalamo
2135 2108 2225 2146 suo
2252 2091 2423 2161 (Psal.
2458 2091 2624 2157 xvm).
2658 2089 2858 2143 Deinde
2890 2090 2971 2161 (ut
3014 2089 3228 2160 legitur)
3250 2090 3468 2158 ponitur

1890 2185 1941 2238 in
1980 2198 2233 2252 praesepe,
2266 2183 2409 2249 quia,
2460 2191 2517 2235 ut
2546 2184 2617 2234 ait
2659 2183 3007 2250 evangelista,
3028 2191 3051 2217 ο
3085 2181 3209 2236 Νοη
3233 2190 3343 2239 erat
3362 2182 3466 2235 illis

1889 2275 2027 2327 locus
2057 2275 2109 2325 in
2138 2274 2418 2325 diversorio
2451 2270 2599 2340 (Luc.
2648 2271 2726 2339 ιι).
2776 2270 2853 2324 Ne
2898 2285 3077 2339 quem,
3107 2271 3317 2335 fratres,
3366 2270 3466 2326 ista

1890 2370 2253 2432 permoveant,
2275 2362 2397 2429 quia
2428 2360 2603 2414 omnis
2631 2360 2744 2415 haec
2773 2360 2826 2413 in
2850 2360 3128 2415 Salvatore
3158 2360 3334 2414 vilitas
3348 2376 3469 2429 pre-

1891 2452 2193 2507 tiosissima:
2239 2459 2436 2505 nostra:
2486 2450 2673 2504 salutis
2724 2457 2805 2502 est
2834 2458 3242 2504 sacramentum.
3275 2449 3468 2504 Videte

1891 2546 2033 2601 enim
2078 2551 2280 2611 quanta
2326 2542 2589 2609 sapientia
2616 2542 2873 2596 collocari
2916 2538 3164 2595 Christus
3192 2539 3389 2594 dicitur
3418 2539 3470 2593 in

1888 2648 2149 2704 prcesepe,
2192 2632 2282 2703 qui
2305 2632 2515 2699 gemina
2563 2630 2789 2699 quadam
2819 2630 2987 2699 gratia
3015 2630 3233 2685 humani
3262 2630 3471 2699 generis

1892 2735 1946 2782 et
1973 2741 2095 2781 esea
2124 2732 2241 2779 erat
2276 2723 2502 2786 futurus,
2527 2731 2581 2777 et
2606 2730 2807 2791 pastor.
2840 2720 2944 2787 Qui
2968 2722 3106 2776 bene
3136 2723 3187 2775 in
3210 2721 3471 2792 praesepio

1891 2819 2126 2889 ponitur,
2143 2823 2202 2871 ut
2220 2816 2286 2869 ad
2303 2815 2495 2883 pabula
2519 2814 2771 2883 perennis
2785 2813 2905 2867 vita:
2922 2812 3275 2881 spiritualium
3291 2812 3469 2866 ovium

1892 2922 2079 2977 greges
2100 2905 2221 2974 agni
2242 2904 2473 2959 emlestis
2502 2903 2710 2957 balatus
2738 2902 2944 2957 invitet.
2974 2900 3093 2956 Non
3115 2910 3249 2968 erat,
3278 2901 3465 2970 inquit,

1890 2999 1964 3052 eis
1991 2998 2133 3051 locus
2159 2997 2211 3048 in
2234 2994 2535 3047 diversorio.
2560 2991 2809 3060 Nunquid
2838 2999 3001 3044 tanta:
3024 2991 3164 3044 illius
3188 2999 3343 3045 erant
3374 3005 3471 3043 an-

1892 3087 2075 3154 gustia:
2120 3084 2431 3145 mansionis,
2462 3090 2520 3137 ut
2564 3084 2675 3137 nati
2699 3084 2797 3137 sub
2823 3083 2955 3137 hora
2983 3081 3189 3151 parvuli
3238 3081 3471 3134 membra

229 3180 354 3247 u’ph,
377 3188 431 3232 et
461 3179 533 3230 ait
555 3177 624 3229 ad
654 3177 800 3229 illam
825 3193 841 3228 :
871 3174 1002 3228 Ecce
1024 3176 1344 3245 concipiesin
1364 3183 1528 3241 utero,
1556 3183 1603 3227 et
1624 3175 1791 3243 paries
1820 3170 1862 3230 C
1895 3192 2001 3230 non
2030 3176 2284 3244 caperet?
2311 3173 2417 3229 Sed
2444 3173 2644 3228 idcirco
2672 3172 2899 3243 mystico
2940 3172 3166 3228 refertur
3192 3186 3471 3233 sermone,

228 3268 396 3337 ﬁlium,
454 3276 504 3320 et
544 3267 789 3320 vocabunt
820 3282 1002 3319 nomen
1030 3266 1139 3335 ejus
1162 3264 1339 3317 Iesum
1364 3264 1511 3333 (Luc.
1544 3263 1603 3332 l).
1637 3262 1792 3317 Iesus

229 3367 417 3425 autem,
450 3357 736 3423 carissimi,
767 3356 961 3410 Latino
1003 3370 1253 3411 sermone
1298 3355 1548 3409 Salvator
1572 3354 1786 3408 dicitur.

228 3446 351 3503 Ecce
389 3450 627 3519 qualiter
655 3464 712 3502 se
764 3448 991 3502 invicem
1036 3447 1491 3502 concordantibus
1512 3446 1794 3500 sententiis

231 3539 527 3593 testimonia
558 3538 736 3591 divina
763 3537 1169 3603 conﬁrmantur,
1201 3544 1254 3591 ct
1284 3552 1405 3591 cum
1441 3534 1458 3573 ί
1493 3535 1792 3605 praedicau-

234 3634 329 3681 tum
358 3629 571 3682 diversa
591 3629 697 3685 sint
720 3637 983 3697 tempora,
1012 3644 1120 3682 non
1145 3628 1354 3683 diversa
1379 3628 1637 3681 narratio.
1663 3627 1795 3681 Nam

231 3727 427 3783 partum
448 3718 693 3785 virginis,
727 3733 884 3785 quem
911 3718 998 3772 ille
1035 3719 1378 3787 praedixerat,
1407 3720 1509 3773 iste
1539 3726 1789 3772 testatur.

234 3818 252 3852 ε
268 3807 387 3874 Quis
408 3810 571 3877 igitur
584 3808 651 3860 de
669 3806 947 3861 divinitate
962 3806 1184 3875 Christi,
1200 3809 1317 3875 quis
1335 3806 1403 3861 de
1418 3807 1794 3876 redemptione

232 3907 520 3963 cunctetur,
552 3913 711 3965 quem
735 3905 789 3951 et
816 3896 977 3951 Isaias
1000 3896 1276 3965 proﬁtetur
1298 3897 1483 3963 Deum,
1505 3906 1560 3951 et
1581 3895 1797 3950 Gabriel

233 3988 501 4039 annuntiat
531 3987 901 4041 Salvatorem‘!
933 3987 1061 4053 Quis
1088 3987 1301 4041 intactae
1322 4003 1596 4058 puerperae
1618 3990 1796 4043 alvum

233 4078 424 4131 dubitet
456 4078 723 4145 ﬂoruisse,
742 4075 766 4113 h
796 4078 941 4147 quod
967 4096 1074 4133 uno
1103 4092 1239 4147 pene
1261 4094 1375 4147 ore,
1417 4088 1576 4148 atque
1604 4081 1796 4136 eodem

233 4167 407 4233 spiritu
463 4168 857 4236 proloquuutur
901 4168 1250 4235 evangelista,
1302 4169 1521 4237 angelus
1575 4179 1630 4223 et
1670 4186 1796 4239 pro-

232 4256 413 4323 pheta?
439 4255 542 4311 Ubi
573 4257 707 4310 tanti
742 4259 981 4327 talesque
1004 4267 1129 4313 sunt
1158 4266 1345 4324 testes,
1394 4275 1502 4313 non
1529 4260 1799 4315 erubescit

235 4347 434 4414 veritas,
468 4347 568 4402 sed
591 4348 803 4401 auditor
850 4348 1158 4403 incredulus
1204 4349 1531 4407 confutatur.
1563 4350 1665 4404 Sed
1685 4352 1795 4419 jam

235 4439 499 4494 videamus
530 4456 661 4509 quas
685 4457 782 4509 pro
809 4442 964 4494 nobis
1004 4450 1161 4495 natus
1189 4442 1423 4511 perferat
1446 4442 1689 4497 Christus
1719 4443 1798 4496 in-

1893 3284 1998 3327 non
2047 3265 2293 3321 invenire
2328 3265 2504 3319 locum
2552 3264 2605 3317 in
2652 3263 2977 3328 diversorio;
3033 3262 3160 3331 quia
3208 3262 3476 3329 ingressus

1890 3357 2148 3412 mundum
2176 3354 2421 3410 Christus
2452 3354 2626 3419 fidem,
2655 3364 2682 3403 ι)
2726 3354 2780 3408 in
2799 3370 2903 3423 qua
2927 3354 3096 3423 possit
3115 3354 3474 3421 requiescere,

1895 3465 2003 3503 non
2026 3447 2247 3510 invenit,
2277 3454 2338 3500 ut
2372 3445 2448 3499 ait
2476 3446 2591 3514 ipse
2619 3444 2675 3499 in
2709 3442 3020 3512 Evangelia,
3051 3444 3275 3498 dicens:
3307 3442 3477 3496 Filius

1892 3552 2059 3595 autem
2100 3537 2323 3593 hominis
2360 3551 2465 3590 non
2516 3534 2667 3587 habet
2714 3533 2848 3587 subi
2878 3541 3033 3601 caput
3059 3548 3208 3587 suum
3261 3531 3475 3585 reclinet

1895 3632 2106 3703 (Matth.
2156 3630 2291 3698 vni).
2344 3627 2493 3683 Unde
2519 3626 2848 3682 advertimus
2875 3625 3003 3695 quia
3031 3624 3218 3679 unicus
3261 3622 3355 3677 Dei
3384 3621 3473 3675 Fi-

1894 3724 1995 3778 lius
2018 3738 2125 3775 non
2163 3720 2215 3773 in
2245 3718 2499 3788 spatiosis
2524 3716 2774 3772 domibus
2792 3715 3097 3784 auratisque
3124 3724 3146 3752 τ
3170 3713 3473 3785 laqueariis,

1894 3813 1986 3867 sed
2010 3812 2062 3864 in
2094 3808 2197 3863 ﬁde
2219 3808 2549 3864 credentium
2570 3805 2878 3875 requiescit.
2914 3814 2935 3843 ι
2960 3804 3112 3859 Hunc
3139 3818 3268 3873 ergo
3314 3802 3475 3857 Chri-

1893 3911 2034 3958 stum
2081 3903 2262 3957 Jesum
2299 3910 2574 3969 sugentem
2616 3901 2800 3965 ubera,
2832 3899 3167 3955 nascentium
3197 3894 3476 3951 infantium

1895 4009 2046 4048 more
2064 3994 2390 4061 vagientem,
2420 3993 2613 4046 vilibus
2636 3990 3024 4047 circumdatum
3051 3989 3263 4060 pannis,
3286 3988 3475 4057 jacen-

1898 4091 2005 4137 tem
2027 4084 2078 4136 in
2102 4098 2360 4153 praesepe,
2374 4082 2610 4149 angelica
2637 4082 2930 4135 ministeria
2950 4077 3397 4150 prosequuntur,t
3424 4087 3478 4134 et

1898 4174 2074 4228 omnis
2128 4175 2396 4228 exercitus
2448 4173 2731 4226 multitudo
2776 4174 3021 4237 miratur,
3078 4187 3312 4227 consona
3355 4187 3475 4226 cum

1897 4281 2029 4318 voce
2059 4264 2370 4319 collaudans
2384 4270 2438 4315 et
2464 4262 2679 4315 dicens:
2706 4262 2888 4315 Gloria
2934 4263 2988 4314 in
3020 4263 3237 4315 excelsis
3271 4261 3399 4327 Deo,
3429 4270 3477 4314 et
3538 4322 3543 4325 _

1896 4358 1950 4409 in
1980 4367 2119 4410 terra
2142 4372 2246 4427 pax
2275 4352 2565 4407 hominibus
2593 4352 2740 4405 bona:
2766 4352 3043 4406 voluntatis
3071 4350 3222 4421 (Luc.
3244 4353 3319 4419 Il).
3344 4350 3476 4405 Glo—

1897 4447 1978 4500 ria
2000 4446 2182 4515 utique
2207 4444 2336 4507 Deo,
2357 4442 2446 4511 qui
2460 4441 2754 4510 desperatis
2773 4440 3088 4494 mortalibus
3109 4455 3301 4493 munus
3314 4447 3475 4493 atter-

237 4525 402 4595 iurias,
433 4530 701 4597 quibusve
746 4544 930 4583 rursus
973 4530 1177 4597 injuria:
1199 4531 1300 4584 illae
1328 4532 1613 4587 virtutibus
1640 4532 1802 4587 deco-
1828 4523 1881 4583 D
1907 4554 1987 4592 na:
2031 4535 2219 4590 salutis
2246 4533 2490 4588 exhibuit
2523 4551 2535 4585 :
2570 4540 2623 4587 et
2647 4548 2751 4603 pax
2774 4531 3079 4586 hominibus
3106 4530 3257 4584 bonae
3284 4528 3474 4582 volun-

236 4630 433 4688 rentur;
460 4631 515 4676 et
533 4630 657 4675 ante
677 4622 854 4675 omnia
879 4622 1106 4677 femineo
1138 4622 1149 4659 ί
1181 4638 1313 4677 sexu
1341 4639 1398 4677 se
1438 4625 1644 4693 concipi
1676 4628 1805 4693 pati~

298 4759 320 4786 ⁸
348 4750 493 4804 Idem
525 4749 672 4811 cod.,
705 4748 842 4811 Quid
862 4759 934 4801 est
957 4751 1095 4802 hoc?

241 4820 321 4941 ’κδ
832 4791 920 4871 sed
950 4791 1143 4873 sevcvreto
1171 4820 1392 4889 quodam
1423 4832 1471 4874 et
1512 4825 1799 4895 incompre-

293 4906 398 4941 nso.
432 4898 543 4941 etc.

293 4906 398 4951 nso,
432 4898 543 4943 etc.

301 4970 320 4996 ε
348 4958 486 5029 Cod.
516 4957 635 5029 vat.
663 4956 858 5024 Palat.,
882 4974 1062 5012 novum
1086 4960 1289 5029 signant
1309 4964 1541 5029 aperiens
1564 4979 1705 5019 nova!
1724 4980 1806 5018 sa-

239 5027 366 5081 lutis.
400 5028 537 5080 Ecce
572 5028 728 5097 Virgo
757 5029 1029 5097 concipiet,
1060 5027 1163 5083 etc.

301 5096 325 5133 δ
356 5098 491 5150 Cod.
527 5097 646 5150 Vat.
680 5097 835 5164 1267,
866 5096 1125 5150 vocabitur
1146 5115 1344 5155 nomen.

302 5176 324 5237 ς
354 5166 501 5219 Idem
526 5166 649 5237 cod.
686 5166 828 5237 Vat.,
860 5167 994 5237 quod
1013 5176 1086 5220 est
1113 5170 1518 5236 interpretatum.

307 5234 324 5271 ί
360 5237 511 5306 Idem
535 5236 655 5306 cod.
699 5236 844 5306 Vat.,
872 5234 1289 5306 prtt'dicantium.

302 5313 324 5348 ε
354 5304 498 5377 God.
541 5305 662 5377 Vat.
721 5304 891 5359 Palat.
942 5305 1065 5373 455,
1105 5306 1215 5374 quis
1254 5308 1408 5377 igitur
1454 5309 1517 5362 tle
1544 5313 1807 5367 nativitate

240 5372 444 5443 Christi,
478 5376 611 5443 quis,
643 5382 746 5430 etc.

304 5442 516 5520 {Ideni
542 5444 664 5520 cod.
695 5445 853 5520 12.67,
876 5446 1010 5520 quod
1031 5462 1131 5499 uno
1159 5463 1286 5515 pene
1310 5464 1398 5500 ore
1416 5450 1804 5520 proloquuntur.

239 5508 366 5591 Cod.
400 5512 519 5592 Ott.
544 5514 659 5592 Vat.
695 5514 818 5581 775,
842 5508 978 5592 quod
1001 5532 1102 5570 uno
1124 5508 1249 5584 pene
1281 5534 1385 5582 ore,
1410 5508 1674 5573 cordis'aue
1699 5524 1807 5592 spi-

240 5585 333 5655 ritu
362 5583 1045 5655 proloquitureuangelista,
1077 5583 1181 5638 etc.

303 5654 339 5775 li.
361 5652 517 5707 Idem
546 5654 661 5709 cod.
695 5652 991 5721 1267,'antc
1014 5658 1186 5710 omnia
1210 5658 1425 5728 femineo
1448 5675 1571 5712 sexu
1609 5660 1807 5729 concipi

324 5734 450 5776 itur.

240 5740 450 5789 patitur.

1906 4629 2051 4693 tatis,
2083 4642 2218 4696 quos
2252 4625 2546 4681 certamine
2574 4638 2673 4679 suo
2696 4624 2959 4688 Christus,
2990 4636 3192 4691 suoque
3219 4619 3402 4691 proelio
3425 4619 3478 4672 in

1980 4756 1991 4805 i
2023 4755 2207 4809 Codex
2236 4755 2357 4807 Vat.
2389 4753 2558 4807 Palat.
2594 4754 2717 4810 435.
2746 4764 2911 4809 tamen
2935 4763 3038 4806 tum
3061 4770 3228 4808 rerum
3274 4760 3470 4807 uolens.

1977 4824 1997 4895 Ρ
2031 4824 2164 4895 Cod.
2199 4824 2317 4877 Vat.
2353 4824 2510 4895 1267,
2542 4826 2782 4895 virgineis
2809 4826 3046 4895 nutritur.

1979 4894 1990 4932 ¹
2018 4894 2166 4948 Idem
2195 4895 2314 4947 cod.
2348 4893 2498 4956 1267,
2522 4893 2851 4947 circumdatis
2880 4893 3086 4962 pannis.

1976 4974 2013 5000 ιη
2040 4964 2183 5017 Idem
2206 4964 2351 5028 cod.,
2372 4964 2503 5017 etab
2524 4964 2895 5017 exsultantibus
2918 4962 3114 5029 angelis
3135 4962 3472 5015 honorantur.

1976 5043 2001 5070 η
2034 5034 2177 5087 Idem
2201 5034 2320 5088 cod.
2355 5034 2511 5099 2267,
2543 5036 2626 5101 qui
2657 5035 2841 5101 pannis
2863 5031 3162 5101 obt'olvitnr.

1981 5113 2005 5139 ο
2027 5104 2169 5157 Idem
2198 5104 2317 5157 cod.
2354 5102 2510 5169 19.67,
2539 5100 2663 5155 Non
2687 5111 2798 5154 erat
2828 5102 2901 5153 illi
2929 5100 3067 5153 locus
3096 5103 3145 5155 in
3176 5104 3473 5156 diversorio.

1980 5185 2005 5222 r
2036 5173 2179 5226 Idem
2208 5172 2358 5239 cod.,
2382 5175 2433 5225 in
2464 5189 2562 5240 qua
2584 5178 2766 5241 posset,
2780 5172 3115 5239 requiescere.

1980 5254 2003 5291 ιι
2036 5243 2181 5295 Idem
2211 5242 2360 5309 cod.,
2382 5239 2640 5307 ubi'cap'ut
2662 5239 2891 5293 reclinet.

1986 5323 2005 5349 ι’
2040 5311 2185 5365 Idem
2216 5308 2357 5375 cod.,
2392 5312 2689 5378 auratisque
2716 5308 3060 5378 laquearibus.

1984 5390 2003 5417 ³
2036 5380 2168 5433 Cod.
2206 5380 2321 5433 Vat.
2350 5381 2457 5433 Ott.
2484 5379 2587 5431 675
2612 5378 2807 5431 habet:
2843 5379 2975 5432 Ecce
2996 5378 3252 5432 Christum
3280 5379 3475 5432 Iesum.

1913 5452 2009 5505 llic
2031 5453 2179 5504 locus
2207 5452 2412 5517 integer
2440 5449 2657 5502 affertur
2683 5448 2749 5501 ab
2779 5458 2969 5503 auctor
2988 5449 3154 5503 citato
3182 5465 3299 5519 cap.
3324 5448 3389 5501 7‘2
3418 5452 3475 5502 (te

1915 5521 2177 5575 laudando
2206 5520 2428 5590 Domino
2449 5519 2748 5590 angelorum
2775 5520 3029 5589 exemplo.

1993 5594 2006 5626 ι
2040 5590 2172 5643 Item
2201 5589 2318 5643 cod.
2351 5589 2498 5655 Vat.,
2527 5589 2703 5643 omnis
2731 5590 2946 5643 ccelcstis
2971 5590 3225 5644 arerritus
3269 5590 3483 5642 miratur

1914 5676 2141 5715 consona
2165 5676 2273 5711 cum
2306 5676 2441 5725 rore,
2468 5667 2570 5715 etc.
