  <div class='ocr_page' id='page_1' title='image "/cluster/home/n/w/nwhite01/storage/ocr_20150623/57/hvd.32044054758669/139.png"; bbox 0 0 4042 6192; ppageno 0'>
   <div class='ocr_carea' id='block_1_1' title="bbox 514 361 614 416">
    <p class='ocr_par' dir='ltr' id='par_1_1' title="bbox 514 361 614 416">
     <span class='ocr_line' id='line_1_1' title="bbox 514 361 614 416; baseline -0.03 -1"><span class='ocrx_word' id='word_1_1' title='bbox 514 361 614 416; x_wconf 74' lang='grc' dir='ltr'><strong>ΞὶῚ</strong></span> 
     </span>
    </p>
   </div>
   <div class='ocr_carea' id='block_1_2' title="bbox 1707 360 2537 421">
    <p class='ocr_par' dir='ltr' id='par_1_2' title="bbox 1707 360 2537 421">
     <span class='ocr_line' id='line_1_2' title="bbox 1707 360 2537 421; baseline -0.004 -2"><span class='ocrx_word' id='word_1_2' title='bbox 1707 363 1763 421; x_wconf 85' lang='lat' dir='ltr'><strong>S.</strong></span> <span class='ocrx_word' id='word_1_3' title='bbox 1806 360 2049 416; x_wconf 75' lang='lat' dir='ltr'><strong>MAXIMI</strong></span> <span class='ocrx_word' id='word_1_4' title='bbox 2090 360 2537 417; x_wconf 61' lang='lat' dir='ltr'><strong>TAUIHNENSIS</strong></span> 
     </span>
    </p>
   </div>
   <div class='ocr_carea' id='block_1_3' title="bbox 3674 361 3776 416">
    <p class='ocr_par' dir='ltr' id='par_1_3' title="bbox 3674 361 3776 416">
     <span class='ocr_line' id='line_1_3' title="bbox 3674 361 3776 416; baseline 0.01 -1"><span class='ocrx_word' id='word_1_5' title='bbox 3674 361 3776 416; x_wconf 58' lang='lat'><strong>218</strong></span> 
     </span>
    </p>
   </div>
   <div class='ocr_carea' id='block_1_4' title="bbox 512 468 3777 545">
    <p class='ocr_par' dir='ltr' id='par_1_4' title="bbox 512 468 3777 545">
     <span class='ocr_line' id='line_1_4' title="bbox 512 468 3777 545; baseline 0.001 -19"><span class='ocrx_word' id='word_1_6' title='bbox 512 487 733 541; x_wconf 82' lang='lat' dir='ltr'><strong>regnum</strong></span> <span class='ocrx_word' id='word_1_7' title='bbox 761 468 1036 542; x_wconf 81' lang='lat' dir='ltr'><strong>proprium</strong></span> <span class='ocrx_word' id='word_1_8' title='bbox 1064 474 1328 530; x_wconf 73' lang='lat' dir='ltr'><strong>diabolica</strong></span> <span class='ocrx_word' id='word_1_9' title='bbox 1356 474 1423 530; x_wconf 83' lang='lat' dir='ltr'><strong>de</strong></span> <span class='ocrx_word' id='word_1_10' title='bbox 1452 474 1763 545; x_wconf 73' lang='lat' dir='ltr'><strong>captivitate</strong></span> <span class='ocrx_word' id='word_1_11' title='bbox 1792 475 2083 530; x_wconf 83' lang='lat' dir='ltr'><strong>revocavit.</strong></span> <span class='ocrx_word' id='word_1_12' title='bbox 2118 486 2170 544; x_wconf 76' lang='grc' dir='ltr'><strong>Α</strong></span> <span class='ocrx_word' id='word_1_13' title='bbox 2195 476 2295 529; x_wconf 87' lang='lat' dir='ltr'><strong>bus</strong></span> <span class='ocrx_word' id='word_1_14' title='bbox 2324 490 2513 544; x_wconf 79' lang='lat' dir='ltr'><strong>paceni</strong></span> <span class='ocrx_word' id='word_1_15' title='bbox 2561 480 2780 542; x_wconf 72' lang='lat' dir='ltr'><strong>prmstat</strong></span> <span class='ocrx_word' id='word_1_16' title='bbox 2819 473 2871 526; x_wconf 90' lang='lat' dir='ltr'><strong>in</strong></span> <span class='ocrx_word' id='word_1_17' title='bbox 2894 471 3067 527; x_wconf 88' lang='lat' dir='ltr'><strong>terris.</strong></span> <span class='ocrx_word' id='word_1_18' title='bbox 3093 470 3321 542; x_wconf 89' lang='lat' dir='ltr'><strong>Pr0pter</strong></span> <span class='ocrx_word' id='word_1_19' title='bbox 3342 472 3511 540; x_wconf 87' lang='lat' dir='ltr'><strong>quod,</strong></span> <span class='ocrx_word' id='word_1_20' title='bbox 3538 471 3777 531; x_wconf 84' lang='lat' dir='ltr'><strong>dilectis-</strong></span> 
     </span>
    </p>
   </div>
   <div class='ocr_carea' id='block_1_5' title="bbox 511 563 2094 634">
    <p class='ocr_par' dir='ltr' id='par_1_5' title="bbox 511 563 2094 634">
     <span class='ocr_line' id='line_1_5' title="bbox 511 563 2094 634; baseline 0.003 -17"><span class='ocrx_word' id='word_1_21' title='bbox 511 563 574 617; x_wconf 80' lang='lat' dir='ltr'><strong>Et</strong></span> <span class='ocrx_word' id='word_1_22' title='bbox 619 580 779 632; x_wconf 78' lang='lat' dir='ltr'><strong>quam</strong></span> <span class='ocrx_word' id='word_1_23' title='bbox 808 579 1042 633; x_wconf 81' lang='lat' dir='ltr'><strong>congrue</strong></span> <span class='ocrx_word' id='word_1_24' title='bbox 1074 576 1100 602; x_wconf 73' lang='grc' dir='ltr'><strong><em>λ</em></strong></span> <span class='ocrx_word' id='word_1_25' title='bbox 1133 567 1474 634; x_wconf 85' lang='lat' dir='ltr'><strong>evangelicus</strong></span> <span class='ocrx_word' id='word_1_26' title='bbox 1503 567 1716 621; x_wconf 86' lang='lat' dir='ltr'><strong>intonat</strong></span> <span class='ocrx_word' id='word_1_27' title='bbox 1743 583 1920 621; x_wconf 84' lang='lat' dir='ltr'><strong>sermo</strong></span> <span class='ocrx_word' id='word_1_28' title='bbox 1971 583 2094 623; x_wconf 87' lang='lat' dir='ltr'><strong>cum</strong></span> 
     </span>
    </p>
   </div>
   <div class='ocr_carea' id='block_1_6' title="bbox 509 652 2097 725">
    <p class='ocr_par' dir='ltr' id='par_1_6' title="bbox 509 652 2097 725">
     <span class='ocr_line' id='line_1_6' title="bbox 509 652 2097 725; baseline 0.001 -17"><span class='ocrx_word' id='word_1_29' title='bbox 509 654 704 709; x_wconf 86' lang='lat' dir='ltr'><strong>dicitur</strong></span> <span class='ocrx_word' id='word_1_30' title='bbox 727 672 739 708; x_wconf 93' lang='lat'>:</span> <span class='ocrx_word' id='word_1_31' title='bbox 773 652 953 708; x_wconf 78' lang='lat' dir='ltr'><strong>Gloria</strong></span> <span class='ocrx_word' id='word_1_32' title='bbox 973 655 1028 708; x_wconf 89' lang='lat' dir='ltr'><strong>in</strong></span> <span class='ocrx_word' id='word_1_33' title='bbox 1056 655 1268 709; x_wconf 73' lang='lat' dir='ltr'><strong>excelsis</strong></span> <span class='ocrx_word' id='word_1_34' title='bbox 1289 654 1420 723; x_wconf 87' lang='lat' dir='ltr'><strong>Deo,</strong></span> <span class='ocrx_word' id='word_1_35' title='bbox 1446 665 1496 710; x_wconf 84' lang='lat' dir='ltr'><strong>et</strong></span> <span class='ocrx_word' id='word_1_36' title='bbox 1540 674 1647 725; x_wconf 79' lang='lat' dir='ltr'><strong>paa:</strong></span> <span class='ocrx_word' id='word_1_37' title='bbox 1674 658 1728 710; x_wconf 91' lang='lat' dir='ltr'><strong>in</strong></span> <span class='ocrx_word' id='word_1_38' title='bbox 1757 664 1897 710; x_wconf 86' lang='lat' dir='ltr'><strong>terra</strong></span> <span class='ocrx_word' id='word_1_39' title='bbox 1925 657 2097 711; x_wconf 48' lang='lat' dir='ltr'><strong>hami;</strong></span> 
     </span>
    </p>
   </div>
   <div class='ocr_carea' id='block_1_7' title="bbox 510 744 2094 816">
    <p class='ocr_par' dir='ltr' id='par_1_7' title="bbox 510 744 2094 816">
     <span class='ocr_line' id='line_1_7' title="bbox 510 744 2094 816; baseline 0.001 -17"><span class='ocrx_word' id='word_1_40' title='bbox 510 745 677 810; x_wconf 83' lang='lat' dir='ltr'><strong>nibus,</strong></span> <span class='ocrx_word' id='word_1_41' title='bbox 708 752 841 811; x_wconf 85' lang='lat' dir='ltr'><strong>etc.,</strong></span> <span class='ocrx_word' id='word_1_42' title='bbox 861 744 1004 812; x_wconf 84' lang='lat' dir='ltr'><strong>quod</strong></span> <span class='ocrx_word' id='word_1_43' title='bbox 1027 744 1167 799; x_wconf 86' lang='lat' dir='ltr'><strong>idem</strong></span> <span class='ocrx_word' id='word_1_44' title='bbox 1192 746 1306 815; x_wconf 89' lang='lat' dir='ltr'><strong>ipse</strong></span> <span class='ocrx_word' id='word_1_45' title='bbox 1331 744 1427 800; x_wconf 90' lang='lat' dir='ltr'><strong>Dei</strong></span> <span class='ocrx_word' id='word_1_46' title='bbox 1467 744 1654 810; x_wconf 88' lang='lat' dir='ltr'><strong>Filius,</strong></span> <span class='ocrx_word' id='word_1_47' title='bbox 1679 752 1735 802; x_wconf 87' lang='lat' dir='ltr'><strong>et</strong></span> <span class='ocrx_word' id='word_1_48' title='bbox 1755 746 1896 816; x_wconf 90' lang='lat' dir='ltr'><strong>apud</strong></span> <span class='ocrx_word' id='word_1_49' title='bbox 1927 760 2094 815; x_wconf 86' lang='lat' dir='ltr'><strong>ange-</strong></span> 
     </span>
    </p>
   </div>
   <div class='ocr_carea' id='block_1_8' title="bbox 510 834 2095 905">
    <p class='ocr_par' dir='ltr' id='par_1_8' title="bbox 510 834 2095 905">
     <span class='ocr_line' id='line_1_8' title="bbox 510 834 2095 905; baseline 0.001 -15"><span class='ocrx_word' id='word_1_50' title='bbox 510 836 592 890; x_wconf 86' lang='lat' dir='ltr'><strong>los</strong></span> <span class='ocrx_word' id='word_1_51' title='bbox 607 834 873 905; x_wconf 88' lang='lat' dir='ltr'><strong>gloriosus</strong></span> <span class='ocrx_word' id='word_1_52' title='bbox 891 836 974 890; x_wconf 61' lang='lat' dir='ltr'><strong>erit</strong></span> <span class='ocrx_word' id='word_1_53' title='bbox 995 836 1048 890; x_wconf 88' lang='lat' dir='ltr'><strong>in</strong></span> <span class='ocrx_word' id='word_1_54' title='bbox 1069 836 1240 903; x_wconf 70' lang='lat' dir='ltr'><strong>ctelis,</strong></span> <span class='ocrx_word' id='word_1_55' title='bbox 1266 843 1322 892; x_wconf 89' lang='lat' dir='ltr'><strong>et</strong></span> <span class='ocrx_word' id='word_1_56' title='bbox 1349 836 1504 893; x_wconf 71' lang='lat' dir='ltr'><strong>bona:</strong></span> <span class='ocrx_word' id='word_1_57' title='bbox 1530 838 1829 893; x_wconf 78' lang='lat' dir='ltr'><strong>voluntatis</strong></span> <span class='ocrx_word' id='word_1_58' title='bbox 1858 838 2095 893; x_wconf 89' lang='lat' dir='ltr'><strong>homini-</strong></span> 
     </span>
    </p>
   </div>
   <div class='ocr_carea' id='block_1_9' title="bbox 2197 562 3782 635">
    <p class='ocr_par' dir='ltr' id='par_1_9' title="bbox 2197 562 3782 635">
     <span class='ocr_line' id='line_1_9' title="bbox 2197 562 3782 635; baseline 0 -14"><span class='ocrx_word' id='word_1_59' title='bbox 2197 566 2339 629; x_wconf 87' lang='lat' dir='ltr'><strong>simi,</strong></span> <span class='ocrx_word' id='word_1_60' title='bbox 2366 563 2798 634; x_wconf 77' lang='lat' dir='ltr'><strong>competentibus</strong></span> <span class='ocrx_word' id='word_1_61' title='bbox 2819 562 3028 632; x_wconf 82' lang='lat' dir='ltr'><strong>gaudiis</strong></span> <span class='ocrx_word' id='word_1_62' title='bbox 3056 570 3203 617; x_wconf 87' lang='lat' dir='ltr'><strong>tanta</strong></span> <span class='ocrx_word' id='word_1_63' title='bbox 3225 562 3293 618; x_wconf 90' lang='lat' dir='ltr'><strong>de</strong></span> <span class='ocrx_word' id='word_1_64' title='bbox 3320 564 3493 618; x_wconf 86' lang='lat' dir='ltr'><strong>salute</strong></span> <span class='ocrx_word' id='word_1_65' title='bbox 3514 565 3782 635; x_wconf 84' lang='lat' dir='ltr'><strong>laetemur,</strong></span> 
     </span>
    </p>
   </div>
   <div class='ocr_carea' id='block_1_10' title="bbox 2197 652 3781 723">
    <p class='ocr_par' dir='ltr' id='par_1_10' title="bbox 2197 652 3781 723">
     <span class='ocr_line' id='line_1_10' title="bbox 2197 652 3781 723; baseline 0.003 -14"><span class='ocrx_word' id='word_1_66' title='bbox 2197 662 2359 723; x_wconf 85' lang='lat' dir='ltr'><strong>atque</strong></span> <span class='ocrx_word' id='word_1_67' title='bbox 2385 653 2639 722; x_wconf 79' lang='lat' dir='ltr'><strong>angelicis</strong></span> <span class='ocrx_word' id='word_1_68' title='bbox 2679 668 2779 707; x_wconf 87' lang='lat' dir='ltr'><strong>nos</strong></span> <span class='ocrx_word' id='word_1_69' title='bbox 2801 652 3023 709; x_wconf 84' lang='lat' dir='ltr'><strong>vocibus</strong></span> <span class='ocrx_word' id='word_1_70' title='bbox 3049 653 3341 718; x_wconf 87' lang='lat' dir='ltr'><strong>soeiantes,</strong></span> <span class='ocrx_word' id='word_1_71' title='bbox 3361 654 3569 711; x_wconf 79' lang='lat' dir='ltr'><strong>honore</strong></span> <span class='ocrx_word' id='word_1_72' title='bbox 3596 655 3781 714; x_wconf 78' lang='lat' dir='ltr'><strong>debito</strong></span> 
     </span>
    </p>
   </div>
   <div class='ocr_carea' id='block_1_11' title="bbox 2197 744 3666 820">
    <p class='ocr_par' dir='ltr' id='par_1_11' title="bbox 2197 744 3666 820">
     <span class='ocr_line' id='line_1_11' title="bbox 2197 744 3666 820; baseline 0.002 -19"><span class='ocrx_word' id='word_1_73' title='bbox 2197 746 2452 818; x_wconf 86' lang='lat' dir='ltr'><strong>mysteria</strong></span> <span class='ocrx_word' id='word_1_74' title='bbox 2478 759 2691 820; x_wconf 83' lang='lat' dir='ltr'><strong>semper</strong></span> <span class='ocrx_word' id='word_1_75' title='bbox 2714 744 2933 812; x_wconf 78' lang='lat' dir='ltr'><strong>Christi,</strong></span> <span class='ocrx_word' id='word_1_76' title='bbox 2954 744 3286 814; x_wconf 85' lang='lat' dir='ltr'><strong>virtutesque</strong></span> <span class='ocrx_word' id='word_1_77' title='bbox 3314 745 3591 806; x_wconf 82' lang='lat' dir='ltr'><strong>laudemus</strong></span> <span class='ocrx_word' id='word_1_78' title='bbox 3619 745 3666 804; x_wconf 72' lang='grc'><strong>1³.</strong></span> 
     </span>
    </p>
   </div>
   <div class='ocr_carea' id='block_1_12' title="bbox 1874 950 2415 1014">
    <p class='ocr_par' dir='ltr' id='par_1_12' title="bbox 1874 950 2415 1014">
     <span class='ocr_line' id='line_1_12' title="bbox 1874 950 2415 1014; baseline -0.002 -3"><span class='ocrx_word' id='word_1_79' title='bbox 1874 950 2220 1014; x_wconf 81' lang='lat' dir='ltr'><strong>HOMILIA</strong></span> <span class='ocrx_word' id='word_1_80' title='bbox 2264 950 2415 1011; x_wconf 83' lang='lat' dir='ltr'><strong>XII.</strong></span> 
     </span>
    </p>
   </div>
   <div class='ocr_carea' id='block_1_13' title="bbox 1744 1045 2527 1106">
    <p class='ocr_par' dir='ltr' id='par_1_13' title="bbox 1744 1045 2527 1106">
     <span class='ocr_line' id='line_1_13' title="bbox 1744 1045 2527 1106; baseline -0.004 -1"><span class='ocrx_word' id='word_1_81' title='bbox 1744 1048 1818 1106; x_wconf 84' lang='lat' dir='ltr'><strong>De</strong></span> <span class='ocrx_word' id='word_1_82' title='bbox 1838 1047 2048 1103; x_wconf 77' lang='lat' dir='ltr'><strong>Domini</strong></span> <span class='ocrx_word' id='word_1_83' title='bbox 2076 1045 2369 1102; x_wconf 84' lang='lat' dir='ltr'><strong>Natiuitate</strong></span> <span class='ocrx_word' id='word_1_84' title='bbox 2398 1046 2527 1102; x_wconf 77' lang='lat' dir='ltr'><strong>VH.</strong></span> 
     </span>
    </p>
   </div>
   <div class='ocr_carea' id='block_1_14' title="bbox 1941 1138 2332 1194">
    <p class='ocr_par' dir='ltr' id='par_1_14' title="bbox 1941 1138 2332 1194">
     <span class='ocr_line' id='line_1_14' title="bbox 1941 1138 2332 1194; baseline 0 -1"><span class='ocrx_word' id='word_1_85' title='bbox 1941 1138 2332 1194; x_wconf 82' lang='lat' dir='ltr'><strong>ADMONlTlO.</strong></span> 
     </span>
    </p>
   </div>
   <div class='ocr_carea' id='block_1_15' title="bbox 578 1228 3781 1302">
    <p class='ocr_par' dir='ltr' id='par_1_15' title="bbox 578 1228 3781 1302">
     <span class='ocr_line' id='line_1_15' title="bbox 578 1228 3781 1302; baseline -0 -15"><span class='ocrx_word' id='word_1_86' title='bbox 578 1230 686 1301; x_wconf 81' lang='lat'><strong>33</strong></span> <span class='ocrx_word' id='word_1_87' title='bbox 714 1228 925 1298; x_wconf 84' lang='lat' dir='ltr'><strong>Quibus</strong></span> <span class='ocrx_word' id='word_1_88' title='bbox 939 1230 991 1287; x_wconf 83' lang='lat' dir='ltr'><strong>in</strong></span> <span class='ocrx_word' id='word_1_89' title='bbox 1020 1232 1300 1289; x_wconf 84' lang='lat' dir='ltr'><strong>codicibus</strong></span> <span class='ocrx_word' id='word_1_90' title='bbox 1317 1248 1445 1289; x_wconf 89' lang='lat' dir='ltr'><strong>mss.</strong></span> <span class='ocrx_word' id='word_1_91' title='bbox 1469 1235 1583 1289; x_wconf 66' lang='lat' dir='ltr'><strong>haec</strong></span> <span class='ocrx_word' id='word_1_92' title='bbox 1622 1233 1843 1289; x_wconf 90' lang='lat' dir='ltr'><strong>homilia</strong></span> <span class='ocrx_word' id='word_1_93' title='bbox 1869 1234 2082 1302; x_wconf 79' lang='lat' dir='ltr'><strong>legatur</strong></span> <span class='ocrx_word' id='word_1_94' title='bbox 2117 1231 2353 1302; x_wconf 61' lang='lat' dir='ltr'><strong>dicerem</strong></span> <span class='ocrx_word' id='word_1_95' title='bbox 2402 1228 2703 1302; x_wconf 53' lang='lat' dir='ltr'><strong>copiosius,</strong></span> <span class='ocrx_word' id='word_1_96' title='bbox 2720 1230 2789 1302; x_wconf 92' lang='lat' dir='ltr'><strong>si_</strong></span> <span class='ocrx_word' id='word_1_97' title='bbox 2813 1243 2951 1302; x_wconf 75' lang='lat' dir='ltr'><strong>opus</strong></span> <span class='ocrx_word' id='word_1_98' title='bbox 2977 1229 3518 1302; x_wconf 35' lang='lat' dir='ltr'><strong>essetaSatisautem</strong></span> <span class='ocrx_word' id='word_1_99' title='bbox 3545 1232 3651 1286; x_wconf 86' lang='lat' dir='ltr'><strong>erit</strong></span> <span class='ocrx_word' id='word_1_100' title='bbox 3680 1233 3781 1287; x_wconf 80' lang='lat' dir='ltr'><strong>hos</strong></span> 
     </span>
    </p>
   </div>
   <div class='ocr_carea' id='block_1_16' title="bbox 507 1297 2810 1372">
    <p class='ocr_par' dir='ltr' id='par_1_16' title="bbox 507 1297 2810 1372">
     <span class='ocr_line' id='line_1_16' title="bbox 507 1297 2810 1372; baseline -0 -20"><span class='ocrx_word' id='word_1_101' title='bbox 507 1297 808 1372; x_wconf 60' lang='lat' dir='ltr'><strong>peﬁpaueos</strong></span> <span class='ocrx_word' id='word_1_102' title='bbox 828 1316 1273 1372; x_wconf 81' lang='lat' dir='ltr'><strong>commemorare,</strong></span> <span class='ocrx_word' id='word_1_103' title='bbox 1298 1318 1329 1358; x_wconf 89' lang='lat' dir='ltr'><strong>a</strong></span> <span class='ocrx_word' id='word_1_104' title='bbox 1356 1303 1546 1372; x_wconf 88' lang='lat' dir='ltr'><strong>quibus</strong></span> <span class='ocrx_word' id='word_1_105' title='bbox 1573 1304 1753 1359; x_wconf 68' lang='lat' dir='ltr'><strong>caeteri</strong></span> <span class='ocrx_word' id='word_1_106' title='bbox 1797 1320 1905 1372; x_wconf 83' lang='lat' dir='ltr'><strong>non</strong></span> <span class='ocrx_word' id='word_1_107' title='bbox 1925 1297 2254 1372; x_wconf 71' lang='lat' dir='ltr'><strong>discrepant.</strong></span> <span class='ocrx_word' id='word_1_108' title='bbox 2290 1298 2431 1372; x_wconf 64' lang='lat' dir='ltr'><strong>Eam</strong></span> <span class='ocrx_word' id='word_1_109' title='bbox 2448 1298 2621 1353; x_wconf 78' lang='lat' dir='ltr'><strong>codex</strong></span> <span class='ocrx_word' id='word_1_110' title='bbox 2642 1297 2733 1372; x_wconf 48' lang='lat' dir='ltr'><strong>At;</strong></span> <span class='ocrx_word' id='word_1_111' title='bbox 2749 1297 2810 1372; x_wconf 52' lang='lat' dir='ltr'><strong>lg.</strong></span> 
     </span>
    </p>
   </div>
   <div class='ocr_carea' id='block_1_17' title="bbox 2891 1298 3777 1368">
    <p class='ocr_par' dir='ltr' id='par_1_17' title="bbox 2891 1298 3777 1368">
     <span class='ocr_line' id='line_1_17' title="bbox 2891 1298 3777 1368; baseline 0.007 -17"><span class='ocrx_word' id='word_1_112' title='bbox 2891 1298 3191 1353; x_wconf 89' lang='lat' dir='ltr'><strong>aurinensis</strong></span> <span class='ocrx_word' id='word_1_113' title='bbox 3211 1299 3450 1368; x_wconf 76' lang='lat' dir='ltr'><strong>exhibet,</strong></span> <span class='ocrx_word' id='word_1_114' title='bbox 3480 1301 3534 1354; x_wconf 92' lang='lat' dir='ltr'><strong>in</strong></span> <span class='ocrx_word' id='word_1_115' title='bbox 3564 1316 3673 1368; x_wconf 92' lang='lat' dir='ltr'><strong>quo</strong></span> <span class='ocrx_word' id='word_1_116' title='bbox 3695 1311 3777 1357; x_wconf 83' lang='lat' dir='ltr'><strong>est</strong></span> 
     </span>
    </p>
   </div>
   <div class='ocr_carea' id='block_1_18' title="bbox 507 1366 3775 1450">
    <p class='ocr_par' dir='ltr' id='par_1_18' title="bbox 507 1366 3775 1450">
     <span class='ocr_line' id='line_1_18' title="bbox 507 1366 3775 1450; baseline 0.001 -29"><span class='ocrx_word' id='word_1_117' title='bbox 507 1366 580 1450; x_wconf 56' lang='grc'>22</span> <span class='ocrx_word' id='word_1_118' title='bbox 605 1366 669 1450; x_wconf 60' lang='lat' dir='ltr'><strong>(te</strong></span> <span class='ocrx_word' id='word_1_119' title='bbox 696 1372 856 1450; x_wconf 75' lang='lat' dir='ltr'><strong>nativ.</strong></span> <span class='ocrx_word' id='word_1_120' title='bbox 877 1370 1106 1450; x_wconf 66' lang='lat' dir='ltr'><strong>Domini,</strong></span> <span class='ocrx_word' id='word_1_121' title='bbox 1124 1366 1300 1450; x_wconf 79' lang='lat' dir='ltr'><strong>_c_ode_x</strong></span> <span class='ocrx_word' id='word_1_122' title='bbox 1327 1366 1807 1450; x_wconf 64' lang='lat' dir='ltr'><strong>prmtereaLucen.</strong></span> <span class='ocrx_word' id='word_1_123' title='bbox 1833 1370 1923 1435; x_wconf 88' lang='lat'><strong>85,</strong></span> <span class='ocrx_word' id='word_1_124' title='bbox 1943 1366 2122 1450; x_wconf 59' lang='grc' dir='ltr'><strong>γειιίοῖ</strong></span> <span class='ocrx_word' id='word_1_125' title='bbox 2135 1368 2304 1450; x_wconf 84' lang='lat' dir='ltr'><strong>P_alat.</strong></span> <span class='ocrx_word' id='word_1_126' title='bbox 2330 1367 2452 1450; x_wconf 31' lang='lat'><strong>435‘,</strong></span> <span class='ocrx_word' id='word_1_127' title='bbox 2475 1366 2754 1450; x_wconf 38' lang='grc' dir='ltr'><strong>ρπβ-1οξ</strong></span> <span class='ocrx_word' id='word_1_128' title='bbox 2773 1367 2945 1450; x_wconf 51' lang='lat' dir='ltr'><strong>Vatie,</strong></span> <span class='ocrx_word' id='word_1_129' title='bbox 2954 1367 3105 1450; x_wconf 43' lang='lat' dir='ltr'><strong>.Reg.</strong></span> <span class='ocrx_word' id='word_1_130' title='bbox 3120 1366 3397 1450; x_wconf 46' lang='lat' dir='ltr'><strong>pag..125,_</strong></span> <span class='ocrx_word' id='word_1_131' title='bbox 3408 1383 3530 1438; x_wconf 88' lang='lat' dir='ltr'><strong>pag.</strong></span> <span class='ocrx_word' id='word_1_132' title='bbox 3556 1366 3645 1436; x_wconf 77' lang='grc'><strong>71,</strong></span> <span class='ocrx_word' id='word_1_133' title='bbox 3663 1385 3693 1423; x_wconf 87' lang='lat' dir='ltr'><strong>a</strong></span> <span class='ocrx_word' id='word_1_134' title='bbox 3709 1378 3775 1433; x_wconf 84' lang='lat' dir='ltr'><strong>t.,</strong></span> 
     </span>
    </p>
   </div>
   <div class='ocr_carea' id='block_1_19' title="bbox 509 1436 3014 1511">
    <p class='ocr_par' dir='ltr' id='par_1_19' title="bbox 509 1436 3014 1511">
     <span class='ocr_line' id='line_1_19' title="bbox 509 1436 3014 1511; baseline -0.002 -18"><span class='ocrx_word' id='word_1_135' title='bbox 509 1439 727 1511; x_wconf 82' lang='lat' dir='ltr'><strong>tandem</strong></span> <span class='ocrx_word' id='word_1_136' title='bbox 753 1440 861 1496; x_wconf 85' lang='lat' dir='ltr'><strong>duo</strong></span> <span class='ocrx_word' id='word_1_137' title='bbox 878 1436 1098 1511; x_wconf 81' lang='lat' dir='ltr'><strong>Belgici.</strong></span> <span class='ocrx_word' id='word_1_138' title='bbox 1124 1436 1463 1498; x_wconf 81' lang='lat' dir='ltr'><strong>Martinénsis</strong></span> <span class='ocrx_word' id='word_1_139' title='bbox 1485 1452 1541 1497; x_wconf 87' lang='lat' dir='ltr'><strong>et</strong></span> <span class='ocrx_word' id='word_1_140' title='bbox 1559 1439 2181 1511; x_wconf 86' lang='lat' dir='ltr'><strong>Camberonensis,apud</strong></span> <span class='ocrx_word' id='word_1_141' title='bbox 2208 1444 2449 1511; x_wconf 70' lang='lat' dir='ltr'><strong>quosest</strong></span> <span class='ocrx_word' id='word_1_142' title='bbox 2475 1437 2692 1492; x_wconf 89' lang='lat' dir='ltr'><strong>homilia</strong></span> <span class='ocrx_word' id='word_1_143' title='bbox 2717 1437 2749 1489; x_wconf 85' lang='lat'><strong>7</strong></span> <span class='ocrx_word' id='word_1_144' title='bbox 2777 1436 3014 1491; x_wconf 85' lang='lat' dir='ltr'><strong>denativ.</strong></span> 
     </span>
    </p>
   </div>
   <div class='ocr_carea' id='block_1_20' title="bbox 3094 1439 3776 1507">
    <p class='ocr_par' dir='ltr' id='par_1_20' title="bbox 3094 1439 3776 1507">
     <span class='ocr_line' id='line_1_20' title="bbox 3094 1439 3776 1507; baseline 0.003 -17"><span class='ocrx_word' id='word_1_145' title='bbox 3094 1439 3275 1507; x_wconf 75' lang='lat' dir='ltr'><strong>omini,</strong></span> <span class='ocrx_word' id='word_1_146' title='bbox 3308 1439 3401 1507; x_wconf 86' lang='lat' dir='ltr'><strong>qui</strong></span> <span class='ocrx_word' id='word_1_147' title='bbox 3425 1454 3615 1494; x_wconf 85' lang='lat' dir='ltr'><strong>omnes</strong></span> <span class='ocrx_word' id='word_1_148' title='bbox 3639 1455 3776 1494; x_wconf 59' lang='lat' dir='ltr'><strong>cono</strong></span> 
     </span>
    </p>
   </div>
   <div class='ocr_carea' id='block_1_21' title="bbox 507 1506 3777 1580">
    <p class='ocr_par' dir='ltr' id='par_1_21' title="bbox 507 1506 3777 1580">
     <span class='ocr_line' id='line_1_21' title="bbox 507 1506 3777 1580; baseline 0 -18"><span class='ocrx_word' id='word_1_149' title='bbox 507 1506 1042 1580; x_wconf 78' lang='lat' dir='ltr'><strong>stantiinscriptinne</strong></span> <span class='ocrx_word' id='word_1_150' title='bbox 1070 1512 1127 1565; x_wconf 90' lang='lat' dir='ltr'><strong>S.</strong></span> <span class='ocrx_word' id='word_1_151' title='bbox 1151 1510 1438 1569; x_wconf 75' lang='lat' dir='ltr'><strong>Maximum</strong></span> <span class='ocrx_word' id='word_1_152' title='bbox 1467 1512 1583 1580; x_wconf 87' lang='lat' dir='ltr'><strong>ejus</strong></span> <span class='ocrx_word' id='word_1_153' title='bbox 1619 1520 1892 1568; x_wconf 80' lang='lat' dir='ltr'><strong>auctorem</strong></span> <span class='ocrx_word' id='word_1_154' title='bbox 1934 1506 2272 1580; x_wconf 54' lang='lat' dir='ltr'><strong>annuntiant:</strong></span> <span class='ocrx_word' id='word_1_155' title='bbox 2296 1507 2391 1580; x_wconf 81' lang='lat' dir='ltr'><strong>His</strong></span> <span class='ocrx_word' id='word_1_156' title='bbox 2404 1513 2725 1580; x_wconf 24' lang='lat' dir='ltr'><strong>congruunt.</strong></span> <span class='ocrx_word' id='word_1_157' title='bbox 2741 1515 2981 1580; x_wconf 77' lang='lat' dir='ltr'><strong>quatuor</strong></span> <span class='ocrx_word' id='word_1_158' title='bbox 2998 1507 3088 1580; x_wconf 81' lang='lat' dir='ltr'><strong>alii</strong></span> <span class='ocrx_word' id='word_1_159' title='bbox 3115 1506 3377 1580; x_wconf 62' lang='lat' dir='ltr'><strong>Codices,</strong></span> <span class='ocrx_word' id='word_1_160' title='bbox 3397 1523 3597 1580; x_wconf 57' lang='lat' dir='ltr'><strong>item</strong></span> <span class='ocrx_word' id='word_1_161' title='bbox 3618 1507 3777 1563; x_wconf 88' lang='lat' dir='ltr'><strong>Casi-</strong></span> 
     </span>
    </p>
   </div>
   <div class='ocr_carea' id='block_1_22' title="bbox 510 1576 3775 1650">
    <p class='ocr_par' dir='ltr' id='par_1_22' title="bbox 510 1576 3775 1650">
     <span class='ocr_line' id='line_1_22' title="bbox 510 1576 3775 1650; baseline 0.001 -19"><span class='ocrx_word' id='word_1_162' title='bbox 510 1593 634 1632; x_wconf 92' lang='lat' dir='ltr'><strong>nen.</strong></span> <span class='ocrx_word' id='word_1_163' title='bbox 663 1579 787 1650; x_wconf 82' lang='grc'><strong>106,</strong></span> <span class='ocrx_word' id='word_1_164' title='bbox 817 1576 1123 1640; x_wconf 61' lang='grc' dir='ltr'><strong>νὸῖοθιῐθη,</strong></span> <span class='ocrx_word' id='word_1_165' title='bbox 1143 1580 1233 1646; x_wconf 88' lang='grc'><strong>81,</strong></span> <span class='ocrx_word' id='word_1_166' title='bbox 1262 1576 1523 1637; x_wconf 82' lang='lat' dir='ltr'><strong>Vallicell.</strong></span> <span class='ocrx_word' id='word_1_167' title='bbox 1557 1581 1681 1648; x_wconf 75' lang='lat'><strong>125,</strong></span> <span class='ocrx_word' id='word_1_168' title='bbox 1708 1591 1763 1637; x_wconf 91' lang='lat' dir='ltr'><strong>et</strong></span> <span class='ocrx_word' id='word_1_169' title='bbox 1790 1580 2071 1650; x_wconf 86' lang='lat' dir='ltr'><strong>Augiensis</strong></span> <span class='ocrx_word' id='word_1_170' title='bbox 2098 1595 2206 1632; x_wconf 79' lang='lat' dir='ltr'><strong>xvr.</strong></span> <span class='ocrx_word' id='word_1_171' title='bbox 2248 1576 2352 1650; x_wconf 84' lang='lat' dir='ltr'><strong>[psi</strong></span> <span class='ocrx_word' id='word_1_172' title='bbox 2398 1576 2729 1650; x_wconf 80' lang='lat' dir='ltr'><strong>Benedictini</strong></span> <span class='ocrx_word' id='word_1_173' title='bbox 2774 1576 3024 1650; x_wconf 78' lang='lat' dir='ltr'><strong>monachi</strong></span> <span class='ocrx_word' id='word_1_174' title='bbox 3052 1589 3305 1644; x_wconf 83' lang='lat' dir='ltr'><strong>congreg.</strong></span> <span class='ocrx_word' id='word_1_175' title='bbox 3345 1576 3405 1650; x_wconf 71' lang='lat' dir='ltr'><strong>S.</strong></span> <span class='ocrx_word' id='word_1_176' title='bbox 3431 1576 3621 1644; x_wconf 76' lang='lat' dir='ltr'><strong>Mauri,</strong></span> <span class='ocrx_word' id='word_1_177' title='bbox 3652 1594 3775 1635; x_wconf 88' lang='lat' dir='ltr'><strong>cum</strong></span> 
     </span>
    </p>
   </div>
   <div class='ocr_carea' id='block_1_23' title="bbox 507 1644 3776 1720">
    <p class='ocr_par' dir='ltr' id='par_1_23' title="bbox 507 1644 3776 1720">
     <span class='ocr_line' id='line_1_23' title="bbox 507 1644 3776 1720; baseline 0.001 -19"><span class='ocrx_word' id='word_1_178' title='bbox 507 1663 625 1720; x_wconf 83' lang='lat' dir='ltr'><strong>eam</strong></span> <span class='ocrx_word' id='word_1_179' title='bbox 672 1648 815 1703; x_wconf 88' lang='lat' dir='ltr'><strong>inter</strong></span> <span class='ocrx_word' id='word_1_180' title='bbox 858 1666 1135 1706; x_wconf 80' lang='lat' dir='ltr'><strong>sermones</strong></span> <span class='ocrx_word' id='word_1_181' title='bbox 1162 1644 1226 1705; x_wconf 29' lang='lat' dir='ltr'><strong>S.‘</strong></span> <span class='ocrx_word' id='word_1_182' title='bbox 1251 1652 1530 1720; x_wconf 82' lang='lat' dir='ltr'><strong>Augustini</strong></span> <span class='ocrx_word' id='word_1_183' title='bbox 1557 1652 1624 1707; x_wconf 90' lang='lat' dir='ltr'><strong>de</strong></span> <span class='ocrx_word' id='word_1_184' title='bbox 1648 1644 1901 1720; x_wconf 70' lang='lat' dir='ltr'><strong>tempore</strong></span> <span class='ocrx_word' id='word_1_185' title='bbox 1921 1650 2241 1705; x_wconf 89' lang='lat' dir='ltr'><strong>invenerint.</strong></span> <span class='ocrx_word' id='word_1_186' title='bbox 2258 1644 2617 1720; x_wconf 33' lang='lat' dir='ltr'><strong>Linhappend.</strong></span> <span class='ocrx_word' id='word_1_187' title='bbox 2636 1661 2821 1720; x_wconf 74' lang='lat' dir='ltr'><strong>_serr_n.</strong></span> <span class='ocrx_word' id='word_1_188' title='bbox 2853 1644 3217 1720; x_wconf 71' lang='lat' dir='ltr'><strong>collocarunt;</strong></span> <span class='ocrx_word' id='word_1_189' title='bbox 3253 1661 3331 1720; x_wconf 80' lang='lat' dir='ltr'><strong>_ac</strong></span> <span class='ocrx_word' id='word_1_190' title='bbox 3354 1647 3612 1720; x_wconf 75' lang='lat' dir='ltr'><strong>librorum</strong></span> <span class='ocrx_word' id='word_1_191' title='bbox 3642 1664 3776 1720; x_wconf 85' lang='lat' dir='ltr'><strong>mss.</strong></span> 
     </span>
    </p>
   </div>
   <div class='ocr_carea' id='block_1_24' title="bbox 510 1718 1713 1788">
    <p class='ocr_par' dir='ltr' id='par_1_24' title="bbox 510 1718 1713 1788">
     <span class='ocr_line' id='line_1_24' title="bbox 510 1718 1713 1788; baseline 0.006 -19"><span class='ocrx_word' id='word_1_192' title='bbox 510 1718 653 1788; x_wconf 82' lang='lat' dir='ltr'><strong>typis</strong></span> <span class='ocrx_word' id='word_1_193' title='bbox 681 1720 844 1774; x_wconf 88' lang='lat' dir='ltr'><strong>etiam</strong></span> <span class='ocrx_word' id='word_1_194' title='bbox 874 1736 1219 1776; x_wconf 81' lang='lat' dir='ltr'><strong>excussorum</strong></span> <span class='ocrx_word' id='word_1_195' title='bbox 1248 1718 1572 1776; x_wconf 67' lang='lat' dir='ltr'><strong>auctoritate</strong></span> <span class='ocrx_word' id='word_1_196' title='bbox 1593 1722 1713 1776; x_wconf 83' lang='lat' dir='ltr'><strong>freti</strong></span> 
     </span>
    </p>
   </div>
   <div class='ocr_carea' id='block_1_25' title="bbox 510 1789 2029 1862">
    <p class='ocr_par' dir='ltr' id='par_1_25' title="bbox 510 1789 2029 1862">
     <span class='ocr_line' id='line_1_25' title="bbox 510 1789 2029 1862; baseline 0.003 -21"><span class='ocrx_word' id='word_1_197' title='bbox 510 1789 732 1862; x_wconf 72' lang='lat' dir='ltr'><strong>t_nerp_i_ze</strong></span> <span class='ocrx_word' id='word_1_198' title='bbox 759 1804 847 1845; x_wconf 91' lang='lat' dir='ltr'><strong>an.</strong></span> <span class='ocrx_word' id='word_1_199' title='bbox 881 1790 1037 1862; x_wconf 60' lang='grc'><strong>1⁸100,</strong></span> <span class='ocrx_word' id='word_1_200' title='bbox 1067 1805 1190 1862; x_wconf 80' lang='lat' dir='ltr'><strong>p_ag.</strong></span> <span class='ocrx_word' id='word_1_201' title='bbox 1222 1789 1345 1862; x_wconf 76' lang='grc'><strong>155,</strong></span> <span class='ocrx_word' id='word_1_202' title='bbox 1379 1790 1682 1862; x_wconf 79' lang='lat' dir='ltr'><strong>Gymnicus</strong></span> <span class='ocrx_word' id='word_1_203' title='bbox 1709 1806 1898 1862; x_wconf 73' lang='lat' dir='ltr'><strong>revera</strong></span> <span class='ocrx_word' id='word_1_204' title='bbox 1927 1804 2029 1860; x_wconf 86' lang='lat' dir='ltr'><strong>pag</strong></span> 
     </span>
    </p>
   </div>
   <div class='ocr_carea' id='block_1_26' title="bbox 1786 1714 3778 1840">
    <p class='ocr_par' dir='ltr' id='par_1_26' title="bbox 1786 1714 3778 1840">
     <span class='ocr_line' id='line_1_26' title="bbox 1786 1714 3778 1840; baseline -0.003 -64"><span class='ocrx_word' id='word_1_205' title='bbox 1786 1722 1965 1776; x_wconf 81' lang='lat' dir='ltr'><strong>aximo</strong></span> <span class='ocrx_word' id='word_1_206' title='bbox 1995 1727 2180 1774; x_wconf 86' lang='lat' dir='ltr'><strong>nostro</strong></span> <span class='ocrx_word' id='word_1_207' title='bbox 2208 1714 2597 1799; x_wconf 66' lang='lat' dir='ltr'><strong>adjudicarunt.</strong></span> <span class='ocrx_word' id='word_1_208' title='bbox 2627 1714 2826 1770; x_wconf 84' lang='lat' dir='ltr'><strong>Confer</strong></span> <span class='ocrx_word' id='word_1_209' title='bbox 2854 1724 2983 1769; x_wconf 90' lang='lat' dir='ltr'><strong>tom.</strong></span> <span class='ocrx_word' id='word_1_210' title='bbox 3028 1715 3070 1771; x_wconf 85' lang='lat' dir='ltr'><strong>V</strong></span> <span class='ocrx_word' id='word_1_211' title='bbox 3100 1731 3226 1797; x_wconf 82' lang='lat' dir='ltr'><strong>opp.</strong></span> <span class='ocrx_word' id='word_1_212' title='bbox 3250 1714 3305 1769; x_wconf 90' lang='lat' dir='ltr'><strong>S.</strong></span> <span class='ocrx_word' id='word_1_213' title='bbox 3340 1717 3474 1840; x_wconf 71' lang='lat' dir='ltr'><strong>Aug.</strong></span> <span class='ocrx_word' id='word_1_214' title='bbox 3508 1716 3637 1771; x_wconf 91' lang='lat' dir='ltr'><strong>edit.</strong></span> <span class='ocrx_word' id='word_1_215' title='bbox 3666 1717 3778 1772; x_wconf 80' lang='lat' dir='ltr'><strong>An-</strong></span> 
     </span>
     <span class='ocr_line' id='line_1_27' title="bbox 1786 1783 3778 1840; baseline 0 0"><span class='ocrx_word' id='word_1_216' title='bbox 1786 1806 1897 1840; x_wconf 72' lang='lat' dir='ltr'><strong>vera</strong></span> <span class='ocrx_word' id='word_1_217' title='bbox 1927 1804 2047 1840; x_wconf 67' lang='lat' dir='ltr'><strong>nar.</strong></span> <span class='ocrx_word' id='word_1_218' title='bbox 2081 1787 2176 1840; x_wconf 71' lang='lat'><strong>22.</strong></span> <span class='ocrx_word' id='word_1_219' title='bbox 2207 1785 2508 1840; x_wconf 83' lang='lat' dir='ltr'><strong>Galesimus</strong></span> <span class='ocrx_word' id='word_1_220' title='bbox 2553 1799 2674 1840; x_wconf 79' lang='lat' dir='ltr'><strong>nag.</strong></span> <span class='ocrx_word' id='word_1_221' title='bbox 2723 1785 2813 1840; x_wconf 83' lang='lat'><strong>9|.</strong></span> <span class='ocrx_word' id='word_1_222' title='bbox 2858 1783 3213 1840; x_wconf 81' lang='lat' dir='ltr'><strong>Combeﬁsius</strong></span> <span class='ocrx_word' id='word_1_223' title='bbox 3254 1792 3387 1840; x_wconf 86' lang='lat' dir='ltr'><strong>tom.</strong></span> <span class='ocrx_word' id='word_1_224' title='bbox 3455 1800 3598 1840; x_wconf 73' lang='lat' dir='ltr'><strong>.naa</strong></span> <span class='ocrx_word' id='word_1_225' title='bbox 3651 1787 3778 1840; x_wconf 64' lang='lat'><strong>{08.</strong></span> 
     </span>
    </p>
   </div>
   <div class='ocr_carea' id='block_1_27' title="bbox 2035 1785 3467 1851">
    <p class='ocr_par' dir='ltr' id='par_1_27' title="bbox 2035 1785 3467 1851">
     <span class='ocr_line' id='line_1_28' title="bbox 2035 1785 3467 1851; baseline 0 -11"><span class='ocrx_word' id='word_1_226' title='bbox 2035 1828 2047 1840; x_wconf 94' lang='lat'><strong>.</strong></span> <span class='ocrx_word' id='word_1_227' title='bbox 2081 1787 2176 1851; x_wconf 71' lang='lat'><strong>22,</strong></span> <span class='ocrx_word' id='word_1_228' title='bbox 2207 1785 2508 1841; x_wconf 86' lang='lat' dir='ltr'><strong>Galesinius</strong></span> <span class='ocrx_word' id='word_1_229' title='bbox 2553 1799 2674 1851; x_wconf 89' lang='lat' dir='ltr'><strong>pag.</strong></span> <span class='ocrx_word' id='word_1_230' title='bbox 2723 1785 2813 1849; x_wconf 83' lang='lat'><strong>9|,</strong></span> <span class='ocrx_word' id='word_1_231' title='bbox 2858 1785 3213 1841; x_wconf 83' lang='lat' dir='ltr'><strong>Combeﬁsius</strong></span> <span class='ocrx_word' id='word_1_232' title='bbox 3254 1792 3387 1840; x_wconf 86' lang='lat' dir='ltr'><strong>tom.</strong></span> <span class='ocrx_word' id='word_1_233' title='bbox 3427 1785 3467 1850; x_wconf 82' lang='lat' dir='ltr'><strong>l,</strong></span> 
     </span>
    </p>
   </div>
   <div class='ocr_carea' id='block_1_28' title="bbox 2553 1783 3779 1856">
    <p class='ocr_par' dir='ltr' id='par_1_28' title="bbox 2553 1783 3779 1856">
     <span class='ocr_line' id='line_1_29' title="bbox 2553 1783 3779 1856; baseline 0.002 -18"><span class='ocrx_word' id='word_1_234' title='bbox 2553 1799 2674 1854; x_wconf 89' lang='lat' dir='ltr'><strong>pag.</strong></span> <span class='ocrx_word' id='word_1_235' title='bbox 2710 1785 2813 1856; x_wconf 49' lang='lat' dir='ltr'><strong>fit,</strong></span> <span class='ocrx_word' id='word_1_236' title='bbox 2858 1783 3213 1856; x_wconf 76' lang='lat' dir='ltr'><strong>Combelisius</strong></span> <span class='ocrx_word' id='word_1_237' title='bbox 3254 1792 3387 1840; x_wconf 86' lang='lat' dir='ltr'><strong>tom.</strong></span> <span class='ocrx_word' id='word_1_238' title='bbox 3427 1783 3467 1850; x_wconf 82' lang='lat' dir='ltr'><strong>l,</strong></span> <span class='ocrx_word' id='word_1_239' title='bbox 3493 1800 3598 1856; x_wconf 90' lang='lat' dir='ltr'><strong>pag</strong></span> <span class='ocrx_word' id='word_1_240' title='bbox 3651 1787 3779 1852; x_wconf 63' lang='lat'><strong>£08,</strong></span> 
     </span>
    </p>
   </div>
   <div class='ocr_carea' id='block_1_29' title="bbox 509 1854 3779 1933">
    <p class='ocr_par' dir='ltr' id='par_1_29' title="bbox 509 1854 3779 1933">
     <span class='ocr_line' id='line_1_30' title="bbox 509 1854 3779 1933; baseline 0 -22"><span class='ocrx_word' id='word_1_241' title='bbox 509 1854 762 1913; x_wconf 77' lang='lat' dir='ltr'><strong>Cunidius</strong></span> <span class='ocrx_word' id='word_1_242' title='bbox 785 1874 910 1929; x_wconf 84' lang='lat' dir='ltr'><strong>pag.</strong></span> <span class='ocrx_word' id='word_1_243' title='bbox 934 1854 1410 1933; x_wconf 61' lang='lat' dir='ltr'><strong>168,&#39;Raynaudus</strong></span> <span class='ocrx_word' id='word_1_244' title='bbox 1429 1854 1553 1931; x_wconf 72' lang='lat' dir='ltr'><strong>pag.</strong></span> <span class='ocrx_word' id='word_1_245' title='bbox 1588 1860 1709 1928; x_wconf 88' lang='grc'><strong>196,</strong></span> <span class='ocrx_word' id='word_1_246' title='bbox 1740 1869 1796 1916; x_wconf 89' lang='lat' dir='ltr'><strong>et</strong></span> <span class='ocrx_word' id='word_1_247' title='bbox 1818 1854 2150 1929; x_wconf 76' lang='lat' dir='ltr'><strong>Margarinus</strong></span> <span class='ocrx_word' id='word_1_248' title='bbox 2184 1857 2318 1911; x_wconf 88' lang='lat' dir='ltr'><strong>Bibl.</strong></span> <span class='ocrx_word' id='word_1_249' title='bbox 2351 1856 2495 1912; x_wconf 79' lang='lat' dir='ltr'><strong>Max.</strong></span> <span class='ocrx_word' id='word_1_250' title='bbox 2535 1863 2669 1909; x_wconf 90' lang='lat' dir='ltr'><strong>tom.</strong></span> <span class='ocrx_word' id='word_1_251' title='bbox 2699 1854 2790 1920; x_wconf 85' lang='lat' dir='ltr'><strong>Vl,</strong></span> <span class='ocrx_word' id='word_1_252' title='bbox 2812 1867 2933 1924; x_wconf 89' lang='lat' dir='ltr'><strong>pag.</strong></span> <span class='ocrx_word' id='word_1_253' title='bbox 2958 1854 3011 1922; x_wconf 83' lang='lat'><strong>6,</strong></span> <span class='ocrx_word' id='word_1_254' title='bbox 3035 1855 3123 1911; x_wconf 89' lang='lat' dir='ltr'><strong>edi</strong></span> <span class='ocrx_word' id='word_1_255' title='bbox 3150 1864 3403 1925; x_wconf 84' lang='lat' dir='ltr'><strong>oportere</strong></span> <span class='ocrx_word' id='word_1_256' title='bbox 3429 1854 3779 1912; x_wconf 84' lang='lat' dir='ltr'><strong>censuerunt.</strong></span> 
     </span>
    </p>
   </div>
   <div class='ocr_carea' id='block_1_30' title="bbox 508 1965 3783 2044">
    <p class='ocr_par' dir='ltr' id='par_1_30' title="bbox 508 1965 3783 2044">
     <span class='ocr_line' id='line_1_31' title="bbox 508 1965 3783 2044; baseline 0.001 -21"><span class='ocrx_word' id='word_1_257' title='bbox 508 1968 899 2044; x_wconf 76' lang='lat' dir='ltr'><strong>Ancnustvruu.</strong></span> <span class='ocrx_word' id='word_1_258' title='bbox 923 2004 994 2013; x_wconf 91' lang='lat'><strong><em>—</em></strong></span> <span class='ocrx_word' id='word_1_259' title='bbox 1032 1970 1185 2044; x_wconf 65' lang='lat' dir='ltr'><strong>Verbi</strong></span> <span class='ocrx_word' id='word_1_260' title='bbox 1205 1971 1364 2044; x_wconf 75' lang='lat' dir='ltr'><strong>diuini</strong></span> <span class='ocrx_word' id='word_1_261' title='bbox 1393 1988 1516 2044; x_wconf 86' lang='lat' dir='ltr'><strong>caro</strong></span> <span class='ocrx_word' id='word_1_262' title='bbox 1541 1988 1606 2044; x_wconf 76' lang='lat' dir='ltr'><strong>ea:</strong></span> <span class='ocrx_word' id='word_1_263' title='bbox 1635 1971 1848 2044; x_wconf 85' lang='lat' dir='ltr'><strong>Virgine</strong></span> <span class='ocrx_word' id='word_1_264' title='bbox 1892 1987 2093 2044; x_wconf 77' lang='lat' dir='ltr'><strong>assum—</strong></span> <span class='ocrx_word' id='word_1_265' title='bbox 2124 1974 2171 2032; x_wconf 87' lang='lat' dir='ltr'><strong>B</strong></span> <span class='ocrx_word' id='word_1_266' title='bbox 2196 1967 2600 2036; x_wconf 80' lang='lat' dir='ltr'><strong>gumentatione</strong></span> <span class='ocrx_word' id='word_1_267' title='bbox 2643 1965 2661 2006; x_wconf 74' lang='grc' dir='ltr'>ι</span> <span class='ocrx_word' id='word_1_268' title='bbox 2714 1966 3006 2036; x_wconf 74' lang='lat' dir='ltr'><strong>contingas.</strong></span> <span class='ocrx_word' id='word_1_269' title='bbox 3038 1977 3079 2005; x_wconf 75' lang='grc' dir='ltr'>αι</span> <span class='ocrx_word' id='word_1_270' title='bbox 3108 1967 3214 2022; x_wconf 83' lang='lat' dir='ltr'><strong>Aut</strong></span> <span class='ocrx_word' id='word_1_271' title='bbox 3240 1983 3350 2024; x_wconf 93' lang='lat' dir='ltr'><strong>non</strong></span> <span class='ocrx_word' id='word_1_272' title='bbox 3387 1976 3415 2007; x_wconf 77' lang='grc' dir='ltr'><strong>ιι</strong></span> <span class='ocrx_word' id='word_1_273' title='bbox 3464 1977 3623 2039; x_wconf 87' lang='lat' dir='ltr'><strong>putas</strong></span> <span class='ocrx_word' id='word_1_274' title='bbox 3654 1984 3783 2025; x_wconf 88' lang='lat' dir='ltr'><strong>eum</strong></span> 
     </span>
    </p>
   </div>
   <div class='ocr_carea' id='block_1_31' title="bbox 585 2040 2093 2113">
    <p class='ocr_par' dir='ltr' id='par_1_31' title="bbox 585 2040 2093 2113">
     <span class='ocr_line' id='line_1_32' title="bbox 585 2040 2093 2113; baseline 0.003 -22"><span class='ocrx_word' id='word_1_275' title='bbox 585 2049 668 2111; x_wconf 67' lang='lat' dir='ltr'><strong>pta</strong></span> <span class='ocrx_word' id='word_1_276' title='bbox 719 2042 1044 2113; x_wconf 73' lang='lat' dir='ltr'><strong>sempiterna:</strong></span> <span class='ocrx_word' id='word_1_277' title='bbox 1090 2040 1288 2113; x_wconf 81' lang='lat' dir='ltr'><strong>Deitati</strong></span> <span class='ocrx_word' id='word_1_278' title='bbox 1343 2043 1701 2113; x_wconf 75' lang='lat' dir='ltr'><strong>majestatique</strong></span> <span class='ocrx_word' id='word_1_279' title='bbox 1731 2040 2093 2113; x_wconf 48' lang='lat' dir='ltr'><strong>&#39;conveniens,</strong></span> 
     </span>
    </p>
   </div>
   <div class='ocr_carea' id='block_1_32' title="bbox 581 2111 2098 2233">
    <p class='ocr_par' dir='ltr' id='par_1_32' title="bbox 581 2111 2098 2233">
     <span class='ocr_line' id='line_1_33' title="bbox 581 2111 2098 2233; baseline 0.001 -71"><span class='ocrx_word' id='word_1_280' title='bbox 581 2111 835 2233; x_wconf 50' lang='lat' dir='ltr'><strong>zpabznfait</strong></span> <span class='ocrx_word' id='word_1_281' title='bbox 879 2127 1117 2185; x_wconf 74' lang='lat' dir='ltr'><strong>superna:</strong></span> <span class='ocrx_word' id='word_1_282' title='bbox 1144 2112 1368 2181; x_wconf 76' lang='lat' dir='ltr'><strong>virtutis,</strong></span> <span class='ocrx_word' id='word_1_283' title='bbox 1414 2111 1591 2166; x_wconf 86' lang='lat' dir='ltr'><strong>omnia</strong></span> <span class='ocrx_word' id='word_1_284' title='bbox 1617 2111 1716 2166; x_wconf 76' lang='lat' dir='ltr'><strong>sua</strong></span> <span class='ocrx_word' id='word_1_285' title='bbox 1753 2112 1808 2166; x_wconf 88' lang='lat' dir='ltr'><strong>in</strong></span> <span class='ocrx_word' id='word_1_286' title='bbox 1849 2119 2098 2183; x_wconf 73' lang='lat' dir='ltr'><strong>potestate</strong></span> 
     </span>
     <span class='ocr_line' id='line_1_34' title="bbox 614 2188 830 2233; baseline 0.005 -1"><span class='ocrx_word' id='word_1_287' title='bbox 614 2196 646 2232; x_wconf 88' lang='lat' dir='ltr'><strong>a</strong></span> <span class='ocrx_word' id='word_1_288' title='bbox 748 2188 830 2233; x_wconf 74' lang='lat' dir='ltr'><strong>tis.</strong></span> 
     </span>
    </p>
   </div>
   <div class='ocr_carea' id='block_1_33' title="bbox 614 2188 830 2233">
    <p class='ocr_par' dir='ltr' id='par_1_33' title="bbox 614 2188 830 2233">
     <span class='ocr_line' id='line_1_35' title="bbox 614 2188 830 2233; baseline 0.005 -1"><span class='ocrx_word' id='word_1_289' title='bbox 614 2188 830 2233; x_wconf 61' lang='lat' dir='ltr'><strong>(manus.</strong></span> 
     </span>
    </p>
   </div>
   <div class='ocr_carea' id='block_1_34' title="bbox 577 2336 2099 2408">
    <p class='ocr_par' dir='ltr' id='par_1_34' title="bbox 577 2336 2099 2408">
     <span class='ocr_line' id='line_1_36' title="bbox 577 2336 2099 2408; baseline 0.001 -16"><span class='ocrx_word' id='word_1_290' title='bbox 577 2336 636 2392; x_wconf 81' lang='lat' dir='ltr'><strong>In</strong></span> <span class='ocrx_word' id='word_1_291' title='bbox 658 2338 896 2395; x_wconf 83' lang='lat' dir='ltr'><strong>adventu</strong></span> <span class='ocrx_word' id='word_1_292' title='bbox 915 2338 1205 2408; x_wconf 82' lang='lat' dir='ltr'><strong>dominico,</strong></span> <span class='ocrx_word' id='word_1_293' title='bbox 1237 2339 1431 2397; x_wconf 80' lang='lat' dir='ltr'><strong>fratres</strong></span> <span class='ocrx_word' id='word_1_294' title='bbox 1458 2341 1755 2406; x_wconf 76' lang='lat' dir='ltr'><strong>carissimi,</strong></span> <span class='ocrx_word' id='word_1_295' title='bbox 1783 2340 1990 2397; x_wconf 89' lang='lat' dir='ltr'><strong>solutus</strong></span> <span class='ocrx_word' id='word_1_296' title='bbox 2017 2349 2099 2395; x_wconf 90' lang='lat' dir='ltr'><strong>est</strong></span> 
     </span>
    </p>
   </div>
   <div class='ocr_carea' id='block_1_35' title="bbox 508 2428 2097 2500">
    <p class='ocr_par' dir='ltr' id='par_1_35' title="bbox 508 2428 2097 2500">
     <span class='ocr_line' id='line_1_37' title="bbox 508 2428 2097 2500; baseline 0.002 -18"><span class='ocrx_word' id='word_1_297' title='bbox 508 2428 686 2483; x_wconf 83' lang='lat' dir='ltr'><strong>omnis</strong></span> <span class='ocrx_word' id='word_1_298' title='bbox 713 2436 948 2498; x_wconf 62' lang='lat' dir='ltr'><strong>paterna;</strong></span> <span class='ocrx_word' id='word_1_299' title='bbox 972 2431 1428 2500; x_wconf 82' lang='lat' dir='ltr'><strong>praevaricationis</strong></span> <span class='ocrx_word' id='word_1_300' title='bbox 1456 2439 1651 2497; x_wconf 84' lang='lat' dir='ltr'><strong>metus,</strong></span> <span class='ocrx_word' id='word_1_301' title='bbox 1673 2446 1838 2499; x_wconf 83' lang='lat' dir='ltr'><strong>quem</strong></span> <span class='ocrx_word' id='word_1_302' title='bbox 1867 2442 1889 2469; x_wconf 79' lang='grc' dir='ltr'><strong>ε</strong></span> <span class='ocrx_word' id='word_1_303' title='bbox 1912 2430 2097 2486; x_wconf 80' lang='lat' dir='ltr'><strong>diabo—</strong></span> 
     </span>
    </p>
   </div>
   <div class='ocr_carea' id='block_1_36' title="bbox 509 2515 2094 2576">
    <p class='ocr_par' dir='ltr' id='par_1_36' title="bbox 509 2515 2094 2576">
     <span class='ocr_line' id='line_1_38' title="bbox 509 2515 2094 2576; baseline 0.003 -4"><span class='ocrx_word' id='word_1_304' title='bbox 509 2516 631 2574; x_wconf 81' lang='lat' dir='ltr'><strong>licis</strong></span> <span class='ocrx_word' id='word_1_305' title='bbox 651 2515 852 2574; x_wconf 82' lang='lat' dir='ltr'><strong>dudum</strong></span> <span class='ocrx_word' id='word_1_306' title='bbox 868 2516 1142 2574; x_wconf 81' lang='lat' dir='ltr'><strong>fraudibus</strong></span> <span class='ocrx_word' id='word_1_307' title='bbox 1161 2519 1387 2574; x_wconf 90' lang='lat' dir='ltr'><strong>incurrit</strong></span> <span class='ocrx_word' id='word_1_308' title='bbox 1405 2520 1765 2576; x_wconf 89' lang='lat' dir='ltr'><strong>circumventa</strong></span> <span class='ocrx_word' id='word_1_309' title='bbox 1780 2521 2094 2576; x_wconf 83' lang='lat' dir='ltr'><strong>mortalitas.</strong></span> 
     </span>
    </p>
   </div>
   <div class='ocr_carea' id='block_1_37' title="bbox 509 2607 2097 2681">
    <p class='ocr_par' dir='ltr' id='par_1_37' title="bbox 509 2607 2097 2681">
     <span class='ocr_line' id='line_1_39' title="bbox 509 2607 2097 2681; baseline -0.001 -16"><span class='ocrx_word' id='word_1_310' title='bbox 509 2607 676 2665; x_wconf 81' lang='lat' dir='ltr'><strong>Adest</strong></span> <span class='ocrx_word' id='word_1_311' title='bbox 701 2608 846 2663; x_wconf 90' lang='lat' dir='ltr'><strong>enim</strong></span> <span class='ocrx_word' id='word_1_312' title='bbox 873 2608 1031 2665; x_wconf 91' lang='lat' dir='ltr'><strong>nobis</strong></span> <span class='ocrx_word' id='word_1_313' title='bbox 1053 2608 1178 2665; x_wconf 61' lang='lat' dir='ltr'><strong>caeli</strong></span> <span class='ocrx_word' id='word_1_314' title='bbox 1205 2615 1467 2680; x_wconf 60' lang='lat' dir='ltr'><strong>terraque</strong></span> <span class='ocrx_word' id='word_1_315' title='bbox 1491 2610 1660 2680; x_wconf 78' lang='lat' dir='ltr'><strong>judcx</strong></span> <span class='ocrx_word' id='word_1_316' title='bbox 1692 2607 1718 2647; x_wconf 75' lang='grc' dir='ltr'>ἀ</span> <span class='ocrx_word' id='word_1_317' title='bbox 1749 2611 1839 2681; x_wconf 91' lang='lat' dir='ltr'><strong>qui</strong></span> <span class='ocrx_word' id='word_1_318' title='bbox 1867 2611 2097 2666; x_wconf 88' lang='lat' dir='ltr'><strong>rescisso</strong></span> 
     </span>
    </p>
   </div>
   <div class='ocr_carea' id='block_1_38' title="bbox 508 2698 2098 2770">
    <p class='ocr_par' dir='ltr' id='par_1_38' title="bbox 508 2698 2098 2770">
     <span class='ocr_line' id='line_1_40' title="bbox 508 2698 2098 2770; baseline 0.001 -16"><span class='ocrx_word' id='word_1_319' title='bbox 508 2699 869 2770; x_wconf 82' lang='lat' dir='ltr'><strong>chirographo</strong></span> <span class='ocrx_word' id='word_1_320' title='bbox 912 2698 1257 2767; x_wconf 85' lang='lat' dir='ltr'><strong>delictorum,</strong></span> <span class='ocrx_word' id='word_1_321' title='bbox 1297 2708 1507 2756; x_wconf 89' lang='lat' dir='ltr'><strong>reatum</strong></span> <span class='ocrx_word' id='word_1_322' title='bbox 1530 2707 1776 2755; x_wconf 88' lang='lat' dir='ltr'><strong>nostrum</strong></span> <span class='ocrx_word' id='word_1_323' title='bbox 1813 2701 2098 2756; x_wconf 87' lang='lat' dir='ltr'><strong>miseratus</strong></span> 
     </span>
    </p>
   </div>
   <div class='ocr_carea' id='block_1_39' title="bbox 507 2789 2098 2861">
    <p class='ocr_par' dir='ltr' id='par_1_39' title="bbox 507 2789 2098 2861">
     <span class='ocr_line' id='line_1_41' title="bbox 507 2789 2098 2861; baseline 0.001 -16"><span class='ocrx_word' id='word_1_324' title='bbox 507 2790 755 2846; x_wconf 88' lang='lat' dir='ltr'><strong>absolvit.</strong></span> <span class='ocrx_word' id='word_1_325' title='bbox 786 2789 956 2845; x_wconf 85' lang='lat' dir='ltr'><strong>Adest</strong></span> <span class='ocrx_word' id='word_1_326' title='bbox 983 2790 1075 2845; x_wconf 89' lang='lat' dir='ltr'><strong>ille</strong></span> <span class='ocrx_word' id='word_1_327' title='bbox 1121 2790 1404 2856; x_wconf 85' lang='lat' dir='ltr'><strong>Dominus,</strong></span> <span class='ocrx_word' id='word_1_328' title='bbox 1433 2790 1522 2859; x_wconf 91' lang='lat' dir='ltr'><strong>qui</strong></span> <span class='ocrx_word' id='word_1_329' title='bbox 1553 2789 1740 2860; x_wconf 87' lang='lat' dir='ltr'><strong>jugum</strong></span> <span class='ocrx_word' id='word_1_330' title='bbox 1772 2790 2098 2861; x_wconf 89' lang='lat' dir='ltr'><strong>captivitatis</strong></span> 
     </span>
    </p>
   </div>
   <div class='ocr_carea' id='block_1_40' title="bbox 508 2881 2097 2953">
    <p class='ocr_par' dir='ltr' id='par_1_40' title="bbox 508 2881 2097 2953">
     <span class='ocr_line' id='line_1_42' title="bbox 508 2881 2097 2953; baseline -0.002 -15"><span class='ocrx_word' id='word_1_331' title='bbox 508 2883 746 2953; x_wconf 71' lang='lat' dir='ltr'><strong>antiquas</strong></span> <span class='ocrx_word' id='word_1_332' title='bbox 776 2883 972 2938; x_wconf 84' lang='lat' dir='ltr'><strong>nostris</strong></span> <span class='ocrx_word' id='word_1_333' title='bbox 1000 2882 1298 2938; x_wconf 87' lang='lat' dir='ltr'><strong>cervicibus</strong></span> <span class='ocrx_word' id='word_1_334' title='bbox 1323 2882 1561 2947; x_wconf 91' lang='lat' dir='ltr'><strong>solvens,</strong></span> <span class='ocrx_word' id='word_1_335' title='bbox 1598 2896 1886 2937; x_wconf 66' lang='lat' dir='ltr'><strong>maerorem</strong></span> <span class='ocrx_word' id='word_1_336' title='bbox 1914 2881 2097 2936; x_wconf 90' lang='lat' dir='ltr'><strong>mundi</strong></span> 
     </span>
    </p>
   </div>
   <div class='ocr_carea' id='block_1_41' title="bbox 507 2970 2096 3038">
    <p class='ocr_par' dir='ltr' id='par_1_41' title="bbox 507 2970 2096 3038">
     <span class='ocr_line' id='line_1_43' title="bbox 507 2970 2096 3038; baseline -0.001 -10"><span class='ocrx_word' id='word_1_337' title='bbox 507 2982 716 3028; x_wconf 55' lang='lat' dir='ltr'><strong>aeterna</strong></span> <span class='ocrx_word' id='word_1_338' title='bbox 733 2973 980 3028; x_wconf 88' lang='lat' dir='ltr'><strong>libertate</strong></span> <span class='ocrx_word' id='word_1_339' title='bbox 1004 2983 1028 3010; x_wconf 69' lang='grc' dir='ltr'><strong>θ</strong></span> <span class='ocrx_word' id='word_1_340' title='bbox 1053 2970 1303 3028; x_wconf 64' lang='lat' dir='ltr'><strong>laetiﬁcat.</strong></span> <span class='ocrx_word' id='word_1_341' title='bbox 1329 2972 1496 3027; x_wconf 87' lang='lat' dir='ltr'><strong>Abest</strong></span> <span class='ocrx_word' id='word_1_342' title='bbox 1519 2987 1613 3026; x_wconf 79' lang='lat' dir='ltr'><strong>rex</strong></span> <span class='ocrx_word' id='word_1_343' title='bbox 1644 2971 1734 3027; x_wconf 90' lang='lat' dir='ltr'><strong>ille</strong></span> <span class='ocrx_word' id='word_1_344' title='bbox 1760 2979 2096 3038; x_wconf 86' lang='lat' dir='ltr'><strong>mansuetus,</strong></span> 
     </span>
    </p>
   </div>
   <div class='ocr_carea' id='block_1_42' title="bbox 508 3060 2099 3133">
    <p class='ocr_par' dir='ltr' id='par_1_42' title="bbox 508 3060 2099 3133">
     <span class='ocr_line' id='line_1_44' title="bbox 508 3060 2099 3133; baseline -0.001 -16"><span class='ocrx_word' id='word_1_345' title='bbox 508 3063 603 3133; x_wconf 86' lang='lat' dir='ltr'><strong>qui</strong></span> <span class='ocrx_word' id='word_1_346' title='bbox 638 3060 657 3101; x_wconf 78' lang='grc' dir='ltr'>ί</span> <span class='ocrx_word' id='word_1_347' title='bbox 688 3077 787 3132; x_wconf 90' lang='lat' dir='ltr'><strong>per</strong></span> <span class='ocrx_word' id='word_1_348' title='bbox 813 3062 987 3132; x_wconf 78' lang='lat' dir='ltr'><strong>spatia</strong></span> <span class='ocrx_word' id='word_1_349' title='bbox 1016 3062 1183 3117; x_wconf 89' lang='lat' dir='ltr'><strong>totius</strong></span> <span class='ocrx_word' id='word_1_350' title='bbox 1210 3062 1358 3118; x_wconf 87' lang='lat' dir='ltr'><strong>orbis</strong></span> <span class='ocrx_word' id='word_1_351' title='bbox 1396 3062 1629 3117; x_wconf 66' lang='lat' dir='ltr'><strong>caelestis</strong></span> <span class='ocrx_word' id='word_1_352' title='bbox 1653 3061 1875 3130; x_wconf 69' lang='lat' dir='ltr'><strong>iustitiae</strong></span> <span class='ocrx_word' id='word_1_353' title='bbox 1901 3060 2099 3130; x_wconf 84' lang='lat' dir='ltr'><strong>gressi-</strong></span> 
     </span>
    </p>
   </div>
   <div class='ocr_carea' id='block_1_43' title="bbox 507 3153 2100 3226">
    <p class='ocr_par' dir='ltr' id='par_1_43' title="bbox 507 3153 2100 3226">
     <span class='ocr_line' id='line_1_45' title="bbox 507 3153 2100 3226; baseline -0.002 -14"><span class='ocrx_word' id='word_1_354' title='bbox 507 3157 609 3212; x_wconf 86' lang='lat' dir='ltr'><strong>bus</strong></span> <span class='ocrx_word' id='word_1_355' title='bbox 634 3155 909 3222; x_wconf 88' lang='lat' dir='ltr'><strong>incedens,</strong></span> <span class='ocrx_word' id='word_1_356' title='bbox 939 3155 1339 3226; x_wconf 86' lang='lat' dir='ltr'><strong>superbientem</strong></span> <span class='ocrx_word' id='word_1_357' title='bbox 1368 3165 1393 3203; x_wconf 71' lang='lat' dir='ltr'><em>s</em></span> <span class='ocrx_word' id='word_1_358' title='bbox 1422 3153 1650 3209; x_wconf 85' lang='lat' dir='ltr'><strong>furentis</strong></span> <span class='ocrx_word' id='word_1_359' title='bbox 1675 3154 1877 3209; x_wconf 89' lang='lat' dir='ltr'><strong>inimici</strong></span> <span class='ocrx_word' id='word_1_360' title='bbox 1903 3154 2100 3209; x_wconf 87' lang='lat' dir='ltr'><strong>contri-</strong></span> 
     </span>
    </p>
   </div>
   <div class='ocr_carea' id='block_1_44' title="bbox 508 3246 2093 3322">
    <p class='ocr_par' dir='ltr' id='par_1_44' title="bbox 508 3246 2093 3322">
     <span class='ocr_line' id='line_1_46' title="bbox 508 3246 2093 3322; baseline -0.002 -19"><span class='ocrx_word' id='word_1_361' title='bbox 508 3250 587 3305; x_wconf 88' lang='lat' dir='ltr'><strong>vit</strong></span> <span class='ocrx_word' id='word_1_362' title='bbox 635 3248 994 3322; x_wconf 81' lang='lat' dir='ltr'><strong>tyrannidem.</strong></span> <span class='ocrx_word' id='word_1_363' title='bbox 1030 3248 1201 3304; x_wconf 80' lang='lat' dir='ltr'><strong>Hodie</strong></span> <span class='ocrx_word' id='word_1_364' title='bbox 1243 3263 1496 3316; x_wconf 87' lang='lat' dir='ltr'><strong>namque,</strong></span> <span class='ocrx_word' id='word_1_365' title='bbox 1541 3246 1879 3317; x_wconf 89' lang='lat' dir='ltr'><strong>parturiente</strong></span> <span class='ocrx_word' id='word_1_366' title='bbox 1905 3246 2093 3311; x_wconf 83' lang='lat' dir='ltr'><strong>Maria,</strong></span> 
     </span>
    </p>
   </div>
   <div class='ocr_carea' id='block_1_45' title="bbox 2203 2059 3782 2131">
    <p class='ocr_par' dir='ltr' id='par_1_45' title="bbox 2203 2059 3782 2131">
     <span class='ocr_line' id='line_1_47' title="bbox 2203 2059 3782 2131; baseline 0.001 -16"><span class='ocrx_word' id='word_1_367' title='bbox 2203 2068 2227 2096; x_wconf 90' lang='grc' dir='ltr'>ο</span> <span class='ocrx_word' id='word_1_368' title='bbox 2258 2076 2459 2116; x_wconf 87' lang='lat' dir='ltr'><strong>novum</strong></span> <span class='ocrx_word' id='word_1_369' title='bbox 2489 2075 2713 2131; x_wconf 77' lang='lat' dir='ltr'><strong>puerum</strong></span> <span class='ocrx_word' id='word_1_370' title='bbox 2744 2059 2798 2114; x_wconf 91' lang='lat' dir='ltr'><strong>in</strong></span> <span class='ocrx_word' id='word_1_371' title='bbox 2840 2061 2961 2115; x_wconf 88' lang='lat' dir='ltr'><strong>alvo</strong></span> <span class='ocrx_word' id='word_1_372' title='bbox 2989 2060 3213 2129; x_wconf 87' lang='lat' dir='ltr'><strong>virginis</strong></span> <span class='ocrx_word' id='word_1_373' title='bbox 3250 2060 3490 2130; x_wconf 88' lang='lat' dir='ltr'><strong>potuisse</strong></span> <span class='ocrx_word' id='word_1_374' title='bbox 3517 2059 3782 2127; x_wconf 87' lang='lat' dir='ltr'><strong>formare,</strong></span> 
     </span>
    </p>
   </div>
   <div class='ocr_carea' id='block_1_46' title="bbox 2198 2150 3784 2223">
    <p class='ocr_par' dir='ltr' id='par_1_46' title="bbox 2198 2150 3784 2223">
     <span class='ocr_line' id='line_1_48' title="bbox 2198 2150 3784 2223; baseline 0.004 -20"><span class='ocrx_word' id='word_1_375' title='bbox 2198 2152 2289 2221; x_wconf 89' lang='lat' dir='ltr'><strong>qni</strong></span> <span class='ocrx_word' id='word_1_376' title='bbox 2317 2167 2439 2206; x_wconf 91' lang='lat' dir='ltr'><strong>cum</strong></span> <span class='ocrx_word' id='word_1_377' title='bbox 2465 2152 2698 2222; x_wconf 89' lang='lat' dir='ltr'><strong>primum</strong></span> <span class='ocrx_word' id='word_1_378' title='bbox 2726 2150 2985 2207; x_wconf 89' lang='lat' dir='ltr'><strong>conderet</strong></span> <span class='ocrx_word' id='word_1_379' title='bbox 3013 2151 3310 2220; x_wconf 77' lang='lat' dir='ltr'><strong>hominem,</strong></span> <span class='ocrx_word' id='word_1_380' title='bbox 3339 2167 3443 2209; x_wconf 88' lang='lat' dir='ltr'><strong>nec</strong></span> <span class='ocrx_word' id='word_1_381' title='bbox 3466 2168 3650 2208; x_wconf 87' lang='lat' dir='ltr'><strong>semen</strong></span> <span class='ocrx_word' id='word_1_382' title='bbox 3680 2169 3784 2223; x_wconf 84' lang='lat' dir='ltr'><strong>pa-</strong></span> 
     </span>
    </p>
   </div>
   <div class='ocr_carea' id='block_1_47' title="bbox 2200 2242 3785 2314">
    <p class='ocr_par' dir='ltr' id='par_1_47' title="bbox 2200 2242 3785 2314">
     <span class='ocr_line' id='line_1_49' title="bbox 2200 2242 3785 2314; baseline 0.001 -17"><span class='ocrx_word' id='word_1_383' title='bbox 2200 2243 2316 2311; x_wconf 86' lang='lat' dir='ltr'><strong>tris,</strong></span> <span class='ocrx_word' id='word_1_384' title='bbox 2370 2258 2469 2299; x_wconf 90' lang='lat' dir='ltr'><strong>nec</strong></span> <span class='ocrx_word' id='word_1_385' title='bbox 2496 2243 2703 2298; x_wconf 87' lang='lat' dir='ltr'><strong>viscera</strong></span> <span class='ocrx_word' id='word_1_386' title='bbox 2750 2243 2938 2298; x_wconf 88' lang='lat' dir='ltr'><strong>matris</strong></span> <span class='ocrx_word' id='word_1_387' title='bbox 2959 2242 3242 2312; x_wconf 56' lang='lat' dir='ltr'><strong>quaesivit?</strong></span> <span class='ocrx_word' id='word_1_388' title='bbox 3275 2243 3372 2299; x_wconf 83' lang='lat' dir='ltr'><strong>Dic</strong></span> <span class='ocrx_word' id='word_1_389' title='bbox 3419 2245 3625 2314; x_wconf 87' lang='lat' dir='ltr'><strong>itaque,</strong></span> <span class='ocrx_word' id='word_1_390' title='bbox 3653 2245 3785 2314; x_wconf 91' lang='lat' dir='ltr'><strong>qui-</strong></span> 
     </span>
    </p>
   </div>
   <div class='ocr_carea' id='block_1_48' title="bbox 2201 2332 3787 2405">
    <p class='ocr_par' dir='ltr' id='par_1_48' title="bbox 2201 2332 3787 2405">
     <span class='ocr_line' id='line_1_50' title="bbox 2201 2332 3787 2405; baseline 0.001 -16"><span class='ocrx_word' id='word_1_391' title='bbox 2201 2349 2412 2403; x_wconf 88' lang='lat' dir='ltr'><strong>cunque</strong></span> <span class='ocrx_word' id='word_1_392' title='bbox 2440 2348 2501 2401; x_wconf 83' lang='lat' dir='ltr'><strong>es</strong></span> <span class='ocrx_word' id='word_1_393' title='bbox 2528 2348 2774 2405; x_wconf 75' lang='lat' dir='ltr'><strong>superate</strong></span> <span class='ocrx_word' id='word_1_394' title='bbox 2798 2332 3212 2403; x_wconf 86' lang='lat' dir='ltr'><strong>dispensationis</strong></span> <span class='ocrx_word' id='word_1_395' title='bbox 3240 2334 3464 2404; x_wconf 84' lang='lat' dir='ltr'><strong>arbiter,</strong></span> <span class='ocrx_word' id='word_1_396' title='bbox 3493 2342 3547 2389; x_wconf 89' lang='lat' dir='ltr'><strong>et</strong></span> <span class='ocrx_word' id='word_1_397' title='bbox 3571 2336 3787 2391; x_wconf 83' lang='lat' dir='ltr'><strong>discns-</strong></span> 
     </span>
    </p>
   </div>
   <div class='ocr_carea' id='block_1_49' title="bbox 2198 2425 3787 2498">
    <p class='ocr_par' dir='ltr' id='par_1_49' title="bbox 2198 2425 3787 2498">
     <span class='ocr_line' id='line_1_51' title="bbox 2198 2425 3787 2498; baseline 0.003 -17"><span class='ocrx_word' id='word_1_398' title='bbox 2198 2442 2310 2494; x_wconf 88' lang='lat' dir='ltr'><strong>sor,</strong></span> <span class='ocrx_word' id='word_1_399' title='bbox 2340 2440 2460 2494; x_wconf 83' lang='lat' dir='ltr'><strong>quae</strong></span> <span class='ocrx_word' id='word_1_400' title='bbox 2483 2426 2578 2481; x_wconf 89' lang='lat' dir='ltr'><strong>tibi</strong></span> <span class='ocrx_word' id='word_1_401' title='bbox 2603 2425 2818 2481; x_wconf 90' lang='lat' dir='ltr'><strong>videtur</strong></span> <span class='ocrx_word' id='word_1_402' title='bbox 2844 2425 3015 2480; x_wconf 85' lang='lat' dir='ltr'><strong>virtus</strong></span> <span class='ocrx_word' id='word_1_403' title='bbox 3060 2426 3415 2493; x_wconf 89' lang='lat' dir='ltr'><strong>eminentior,</strong></span> <span class='ocrx_word' id='word_1_404' title='bbox 3442 2436 3649 2498; x_wconf 85' lang='lat' dir='ltr'><strong>partum</strong></span> <span class='ocrx_word' id='word_1_405' title='bbox 3689 2429 3787 2485; x_wconf 86' lang='lat' dir='ltr'><strong>de-</strong></span> 
     </span>
    </p>
   </div>
   <div class='ocr_carea' id='block_1_50' title="bbox 2198 2515 3791 2587">
    <p class='ocr_par' dir='ltr' id='par_1_50' title="bbox 2198 2515 3791 2587">
     <span class='ocr_line' id='line_1_52' title="bbox 2198 2515 3791 2587; baseline 0.003 -16"><span class='ocrx_word' id='word_1_406' title='bbox 2198 2516 2339 2571; x_wconf 87' lang='lat' dir='ltr'><strong>disse</strong></span> <span class='ocrx_word' id='word_1_407' title='bbox 2390 2516 2598 2585; x_wconf 85' lang='lat' dir='ltr'><strong>virgini,</strong></span> <span class='ocrx_word' id='word_1_408' title='bbox 2632 2524 2727 2571; x_wconf 89' lang='lat' dir='ltr'><strong>aut</strong></span> <span class='ocrx_word' id='word_1_409' title='bbox 2771 2515 3077 2587; x_wconf 67' lang='lat' dir='ltr'><strong>perfectum.</strong></span> <span class='ocrx_word' id='word_1_410' title='bbox 3124 2515 3397 2572; x_wconf 89' lang='lat' dir='ltr'><strong>hominem</strong></span> <span class='ocrx_word' id='word_1_411' title='bbox 3450 2534 3663 2574; x_wconf 87' lang='lat' dir='ltr'><strong>creasse</strong></span> <span class='ocrx_word' id='word_1_412' title='bbox 3723 2521 3791 2576; x_wconf 87' lang='lat' dir='ltr'><strong>do</strong></span> 
     </span>
    </p>
   </div>
   <div class='ocr_carea' id='block_1_51' title="bbox 2198 2606 3791 2679">
    <p class='ocr_par' dir='ltr' id='par_1_51' title="bbox 2198 2606 3791 2679">
     <span class='ocr_line' id='line_1_53' title="bbox 2198 2606 3791 2679; baseline 0.002 -17"><span class='ocrx_word' id='word_1_413' title='bbox 2198 2616 2341 2662; x_wconf 85' lang='lat' dir='ltr'><strong>terra</strong></span> <span class='ocrx_word' id='word_1_414' title='bbox 2359 2609 2385 2661; x_wconf 85' lang='lat'><strong>?</strong></span> <span class='ocrx_word' id='word_1_415' title='bbox 2407 2606 2618 2661; x_wconf 83' lang='lat' dir='ltr'><strong>Primus</strong></span> <span class='ocrx_word' id='word_1_416' title='bbox 2642 2608 2778 2661; x_wconf 86' lang='lat' dir='ltr'><strong>enim</strong></span> <span class='ocrx_word' id='word_1_417' title='bbox 2808 2607 2982 2676; x_wconf 88' lang='lat' dir='ltr'><strong>homo,</strong></span> <span class='ocrx_word' id='word_1_418' title='bbox 3012 2616 3073 2662; x_wconf 90' lang='lat' dir='ltr'><strong>ut</strong></span> <span class='ocrx_word' id='word_1_419' title='bbox 3112 2608 3187 2662; x_wconf 89' lang='lat' dir='ltr'><strong>ait</strong></span> <span class='ocrx_word' id='word_1_420' title='bbox 3213 2609 3521 2679; x_wconf 82' lang='lat' dir='ltr'><strong>Apostolus,</strong></span> <span class='ocrx_word' id='word_1_421' title='bbox 3554 2610 3618 2664; x_wconf 82' lang='lat' dir='ltr'><strong>de</strong></span> <span class='ocrx_word' id='word_1_422' title='bbox 3642 2619 3791 2666; x_wconf 82' lang='lat' dir='ltr'><strong>terra</strong></span> 
     </span>
    </p>
   </div>
   <div class='ocr_carea' id='block_1_52' title="bbox 2198 2697 3788 2772">
    <p class='ocr_par' dir='ltr' id='par_1_52' title="bbox 2198 2697 3788 2772">
     <span class='ocr_line' id='line_1_54' title="bbox 2198 2697 3788 2772; baseline 0.004 -23"><span class='ocrx_word' id='word_1_423' title='bbox 2198 2706 2448 2763; x_wconf 82' lang='lat' dir='ltr'><strong>terrenus,</strong></span> <span class='ocrx_word' id='word_1_424' title='bbox 2472 2697 2727 2751; x_wconf 82' lang='lat' dir='ltr'><strong>secundus</strong></span> <span class='ocrx_word' id='word_1_425' title='bbox 2754 2698 2907 2752; x_wconf 80' lang='lat' dir='ltr'><strong>homo</strong></span> <span class='ocrx_word' id='word_1_426' title='bbox 2935 2697 3000 2752; x_wconf 87' lang='lat' dir='ltr'><strong>de</strong></span> <span class='ocrx_word' id='word_1_427' title='bbox 3027 2699 3151 2753; x_wconf 76' lang='lat' dir='ltr'><strong>caelo</strong></span> <span class='ocrx_word' id='word_1_428' title='bbox 3192 2700 3410 2754; x_wconf 71' lang='lat' dir='ltr'><strong>cmlestis</strong></span> <span class='ocrx_word' id='word_1_429' title='bbox 3440 2699 3493 2771; x_wconf 87' lang='grc' dir='ltr'><strong>(Ι</strong></span> <span class='ocrx_word' id='word_1_430' title='bbox 3517 2699 3637 2755; x_wconf 88' lang='lat' dir='ltr'><strong>Cor.</strong></span> <span class='ocrx_word' id='word_1_431' title='bbox 3665 2702 3788 2772; x_wconf 77' lang='lat' dir='ltr'><strong>xv).</strong></span> 
     </span>
    </p>
   </div>
   <div class='ocr_carea' id='block_1_53' title="bbox 2199 2789 3849 2864">
    <p class='ocr_par' dir='ltr' id='par_1_53' title="bbox 2199 2789 3849 2864">
     <span class='ocr_line' id='line_1_55' title="bbox 2199 2789 3849 2864; baseline 0.002 -19"><span class='ocrx_word' id='word_1_432' title='bbox 2199 2789 2258 2845; x_wconf 88' lang='lat' dir='ltr'><strong>Si</strong></span> <span class='ocrx_word' id='word_1_433' title='bbox 2279 2797 2469 2845; x_wconf 87' lang='lat' dir='ltr'><strong>contra</strong></span> <span class='ocrx_word' id='word_1_434' title='bbox 2497 2798 2742 2845; x_wconf 87' lang='lat' dir='ltr'><strong>naturam</strong></span> <span class='ocrx_word' id='word_1_435' title='bbox 2772 2805 2893 2846; x_wconf 86' lang='lat' dir='ltr'><strong>esse</strong></span> <span class='ocrx_word' id='word_1_436' title='bbox 2935 2791 3234 2857; x_wconf 89' lang='lat' dir='ltr'><strong>contendis,</strong></span> <span class='ocrx_word' id='word_1_437' title='bbox 3273 2792 3416 2863; x_wconf 90' lang='lat' dir='ltr'><strong>quod</strong></span> <span class='ocrx_word' id='word_1_438' title='bbox 3443 2793 3497 2847; x_wconf 91' lang='lat' dir='ltr'><strong>in</strong></span> <span class='ocrx_word' id='word_1_439' title='bbox 3525 2794 3791 2864; x_wconf 80' lang='lat' dir='ltr'><strong>mysterio</strong></span> <span class='ocrx_word' id='word_1_440' title='bbox 3843 2796 3849 2801; x_wconf 77' lang='grc'><em>’</em></span> 
     </span>
    </p>
   </div>
   <div class='ocr_carea' id='block_1_54' title="bbox 2198 2882 3795 2955">
    <p class='ocr_par' dir='ltr' id='par_1_54' title="bbox 2198 2882 3795 2955">
     <span class='ocr_line' id='line_1_56' title="bbox 2198 2882 3795 2955; baseline 0.003 -18"><span class='ocrx_word' id='word_1_441' title='bbox 2198 2882 2587 2953; x_wconf 86' lang='lat' dir='ltr'><strong>redemptionis</strong></span> <span class='ocrx_word' id='word_1_442' title='bbox 2616 2890 2817 2938; x_wconf 81' lang='lat' dir='ltr'><strong>nostra:</strong></span> <span class='ocrx_word' id='word_1_443' title='bbox 2859 2884 2977 2939; x_wconf 87' lang='lat' dir='ltr'><strong>sine</strong></span> <span class='ocrx_word' id='word_1_444' title='bbox 3004 2884 3120 2939; x_wconf 87' lang='lat' dir='ltr'><strong>viro</strong></span> <span class='ocrx_word' id='word_1_445' title='bbox 3148 2884 3323 2955; x_wconf 90' lang='lat' dir='ltr'><strong>puella</strong></span> <span class='ocrx_word' id='word_1_446' title='bbox 3372 2885 3629 2941; x_wconf 87' lang='lat' dir='ltr'><strong>asseritur</strong></span> <span class='ocrx_word' id='word_1_447' title='bbox 3656 2901 3795 2941; x_wconf 85' lang='lat' dir='ltr'><strong>con-</strong></span> 
     </span>
    </p>
   </div>
   <div class='ocr_carea' id='block_1_55' title="bbox 2198 2974 3790 3049">
    <p class='ocr_par' dir='ltr' id='par_1_55' title="bbox 2198 2974 3790 3049">
     <span class='ocr_line' id='line_1_57' title="bbox 2198 2974 3790 3049; baseline 0.004 -19"><span class='ocrx_word' id='word_1_448' title='bbox 2198 2975 2406 3044; x_wconf 88' lang='lat' dir='ltr'><strong>cepisse</strong></span> <span class='ocrx_word' id='word_1_449' title='bbox 2439 2993 2452 3028; x_wconf 93' lang='lat'>:</span> <span class='ocrx_word' id='word_1_450' title='bbox 2483 2974 2656 3044; x_wconf 81' lang='lat' dir='ltr'><strong>cujus,</strong></span> <span class='ocrx_word' id='word_1_451' title='bbox 2688 2991 2890 3046; x_wconf 63' lang='lat' dir='ltr'><strong>quaeso,</strong></span> <span class='ocrx_word' id='word_1_452' title='bbox 2923 2986 3127 3031; x_wconf 73' lang='lat' dir='ltr'><strong>natum</strong></span> <span class='ocrx_word' id='word_1_453' title='bbox 3168 2985 3271 3046; x_wconf 89' lang='lat' dir='ltr'><strong>est,</strong></span> <span class='ocrx_word' id='word_1_454' title='bbox 3299 2978 3447 3047; x_wconf 85' lang='lat' dir='ltr'><strong>quod</strong></span> <span class='ocrx_word' id='word_1_455' title='bbox 3473 2979 3526 3033; x_wconf 89' lang='lat' dir='ltr'><strong>in</strong></span> <span class='ocrx_word' id='word_1_456' title='bbox 3556 2987 3790 3049; x_wconf 79' lang='lat' dir='ltr'><strong>parente</strong></span> 
     </span>
    </p>
   </div>
   <div class='ocr_carea' id='block_1_56' title="bbox 2197 3067 3788 3138">
    <p class='ocr_par' dir='ltr' id='par_1_56' title="bbox 2197 3067 3788 3138">
     <span class='ocr_line' id='line_1_58' title="bbox 2197 3067 3788 3138; baseline 0.004 -18"><span class='ocrx_word' id='word_1_457' title='bbox 2197 3067 2409 3135; x_wconf 84' lang='lat' dir='ltr'><strong>generis</strong></span> <span class='ocrx_word' id='word_1_458' title='bbox 2436 3067 2607 3124; x_wconf 81' lang='lat' dir='ltr'><strong>nostri</strong></span> <span class='ocrx_word' id='word_1_459' title='bbox 2634 3084 2762 3124; x_wconf 91' lang='lat' dir='ltr'><strong>caro</strong></span> <span class='ocrx_word' id='word_1_460' title='bbox 2790 3070 2905 3124; x_wconf 91' lang='lat' dir='ltr'><strong>sine</strong></span> <span class='ocrx_word' id='word_1_461' title='bbox 2923 3083 3084 3126; x_wconf 88' lang='lat' dir='ltr'><strong>carne</strong></span> <span class='ocrx_word' id='word_1_462' title='bbox 3118 3069 3344 3125; x_wconf 86' lang='lat' dir='ltr'><strong>formata</strong></span> <span class='ocrx_word' id='word_1_463' title='bbox 3375 3072 3496 3126; x_wconf 83' lang='lat' dir='ltr'><strong>est?</strong></span> <span class='ocrx_word' id='word_1_464' title='bbox 3522 3070 3652 3138; x_wconf 74' lang='lat' dir='ltr'><strong>Qum</strong></span> <span class='ocrx_word' id='word_1_465' title='bbox 3681 3080 3788 3127; x_wconf 77' lang='lat' dir='ltr'><strong>ista</strong></span> 
     </span>
    </p>
   </div>
   <div class='ocr_carea' id='block_1_57' title="bbox 2199 3158 3792 3229">
    <p class='ocr_par' dir='ltr' id='par_1_57' title="bbox 2199 3158 3792 3229">
     <span class='ocr_line' id='line_1_59' title="bbox 2199 3158 3792 3229; baseline 0.003 -15"><span class='ocrx_word' id='word_1_466' title='bbox 2199 3167 2283 3214; x_wconf 91' lang='lat' dir='ltr'><strong>est</strong></span> <span class='ocrx_word' id='word_1_467' title='bbox 2309 3158 2469 3225; x_wconf 88' lang='lat' dir='ltr'><strong>ratio,</strong></span> <span class='ocrx_word' id='word_1_468' title='bbox 2500 3158 2609 3216; x_wconf 86' lang='lat' dir='ltr'><strong>imo</strong></span> <span class='ocrx_word' id='word_1_469' title='bbox 2632 3176 2792 3229; x_wconf 84' lang='lat' dir='ltr'><strong>quam</strong></span> <span class='ocrx_word' id='word_1_470' title='bbox 2818 3174 2955 3215; x_wconf 81' lang='lat' dir='ltr'><strong>caeca</strong></span> <span class='ocrx_word' id='word_1_471' title='bbox 2984 3162 3278 3227; x_wconf 89' lang='lat' dir='ltr'><strong>contentio,</strong></span> <span class='ocrx_word' id='word_1_472' title='bbox 3310 3171 3369 3216; x_wconf 90' lang='lat' dir='ltr'><strong>ut</strong></span> <span class='ocrx_word' id='word_1_473' title='bbox 3398 3178 3504 3217; x_wconf 92' lang='lat' dir='ltr'><strong>non</strong></span> <span class='ocrx_word' id='word_1_474' title='bbox 3532 3164 3792 3218; x_wconf 89' lang='lat' dir='ltr'><strong>credatur</strong></span> 
     </span>
    </p>
   </div>
   <div class='ocr_carea' id='block_1_58' title="bbox 2201 3250 3793 3323">
    <p class='ocr_par' dir='ltr' id='par_1_58' title="bbox 2201 3250 3793 3323">
     <span class='ocr_line' id='line_1_60' title="bbox 2201 3250 3793 3323; baseline 0.001 -18"><span class='ocrx_word' id='word_1_475' title='bbox 2201 3251 2346 3306; x_wconf 88' lang='lat' dir='ltr'><strong>Deus</strong></span> <span class='ocrx_word' id='word_1_476' title='bbox 2376 3250 2555 3306; x_wconf 90' lang='lat' dir='ltr'><strong>facere</strong></span> <span class='ocrx_word' id='word_1_477' title='bbox 2579 3251 2850 3306; x_wconf 85' lang='lat' dir='ltr'><strong>hominem</strong></span> <span class='ocrx_word' id='word_1_478' title='bbox 2879 3266 3042 3322; x_wconf 87' lang='lat' dir='ltr'><strong>posse</strong></span> <span class='ocrx_word' id='word_1_479' title='bbox 3069 3251 3137 3306; x_wconf 90' lang='lat' dir='ltr'><strong>de</strong></span> <span class='ocrx_word' id='word_1_480' title='bbox 3165 3250 3385 3320; x_wconf 80' lang='lat' dir='ltr'><strong>femina,</strong></span> <span class='ocrx_word' id='word_1_481' title='bbox 3426 3268 3586 3323; x_wconf 84' lang='lat' dir='ltr'><strong>quem</strong></span> <span class='ocrx_word' id='word_1_482' title='bbox 3615 3254 3793 3309; x_wconf 83' lang='lat' dir='ltr'><strong>credi-</strong></span> 
     </span>
    </p>
   </div>
   <div class='ocr_carea' id='block_1_59' title="bbox 508 3336 3792 3412">
    <p class='ocr_par' dir='ltr' id='par_1_59' title="bbox 508 3336 3792 3412">
     <span class='ocr_line' id='line_1_61' title="bbox 508 3336 3792 3412; baseline -0.001 -16"><span class='ocrx_word' id='word_1_483' title='bbox 508 3349 664 3396; x_wconf 90' lang='lat' dir='ltr'><strong>natus</strong></span> <span class='ocrx_word' id='word_1_484' title='bbox 692 3347 775 3396; x_wconf 87' lang='lat' dir='ltr'><strong>est</strong></span> <span class='ocrx_word' id='word_1_485' title='bbox 791 3340 946 3396; x_wconf 86' lang='lat' dir='ltr'><strong>nobis</strong></span> <span class='ocrx_word' id='word_1_486' title='bbox 962 3340 1060 3395; x_wconf 88' lang='lat' dir='ltr'><strong>Dei</strong></span> <span class='ocrx_word' id='word_1_487' title='bbox 1086 3339 1271 3406; x_wconf 84' lang='lat' dir='ltr'><strong>Filius,</strong></span> <span class='ocrx_word' id='word_1_488' title='bbox 1293 3348 1349 3393; x_wconf 88' lang='lat' dir='ltr'><strong>ut</strong></span> <span class='ocrx_word' id='word_1_489' title='bbox 1371 3336 1396 3374; x_wconf 71' lang='grc' dir='ltr'>δ</span> <span class='ocrx_word' id='word_1_490' title='bbox 1420 3352 1675 3406; x_wconf 90' lang='lat' dir='ltr'><strong>germana</strong></span> <span class='ocrx_word' id='word_1_491' title='bbox 1703 3337 1882 3393; x_wconf 87' lang='lat' dir='ltr'><strong>carnis</strong></span> <span class='ocrx_word' id='word_1_492' title='bbox 1903 3344 2100 3391; x_wconf 62' lang='lat' dir='ltr'><strong>nostra:</strong></span> <span class='ocrx_word' id='word_1_493' title='bbox 2124 3345 2168 3405; x_wconf 72' lang='grc' dir='ltr'>ο</span> <span class='ocrx_word' id='word_1_494' title='bbox 2202 3348 2290 3394; x_wconf 89' lang='lat' dir='ltr'><strong>tur</strong></span> <span class='ocrx_word' id='word_1_495' title='bbox 2314 3340 2506 3396; x_wconf 90' lang='lat' dir='ltr'><strong>fecisse</strong></span> <span class='ocrx_word' id='word_1_496' title='bbox 2534 3339 2604 3395; x_wconf 90' lang='lat' dir='ltr'><strong>de</strong></span> <span class='ocrx_word' id='word_1_497' title='bbox 2641 3341 2896 3411; x_wconf 88' lang='lat' dir='ltr'><strong>pulvere?</strong></span> <span class='ocrx_word' id='word_1_498' title='bbox 2933 3339 2991 3395; x_wconf 89' lang='lat' dir='ltr'><strong>Si</strong></span> <span class='ocrx_word' id='word_1_499' title='bbox 3034 3340 3450 3412; x_wconf 88' lang='lat' dir='ltr'><strong>Omnipotentis,</strong></span> <span class='ocrx_word' id='word_1_500' title='bbox 3489 3357 3523 3396; x_wconf 89' lang='grc' dir='ltr'>ο</span> <span class='ocrx_word' id='word_1_501' title='bbox 3543 3341 3714 3398; x_wconf 85' lang='lat' dir='ltr'><strong>homo</strong></span> <span class='ocrx_word' id='word_1_502' title='bbox 3737 3354 3792 3411; x_wconf 74' lang='grc' dir='ltr'><strong>ρ,</strong></span> 
     </span>
    </p>
   </div>
   <div class='ocr_carea' id='block_1_60' title="bbox 508 3429 2099 3503">
    <p class='ocr_par' dir='ltr' id='par_1_60' title="bbox 508 3429 2099 3503">
     <span class='ocr_line' id='line_1_62' title="bbox 508 3429 2099 3503; baseline -0.004 -15"><span class='ocrx_word' id='word_1_503' title='bbox 508 3433 868 3503; x_wconf 89' lang='lat' dir='ltr'><strong>conceptione</strong></span> <span class='ocrx_word' id='word_1_504' title='bbox 891 3430 1203 3502; x_wconf 85' lang='lat' dir='ltr'><strong>productus,</strong></span> <span class='ocrx_word' id='word_1_505' title='bbox 1248 3436 1432 3485; x_wconf 88' lang='lat' dir='ltr'><strong>creato</strong></span> <span class='ocrx_word' id='word_1_506' title='bbox 1462 3444 1494 3483; x_wconf 89' lang='lat' dir='ltr'><strong>a</strong></span> <span class='ocrx_word' id='word_1_507' title='bbox 1521 3444 1582 3484; x_wconf 87' lang='lat' dir='ltr'><strong>se</strong></span> <span class='ocrx_word' id='word_1_508' title='bbox 1610 3429 1815 3484; x_wconf 91' lang='lat' dir='ltr'><strong>homini</strong></span> <span class='ocrx_word' id='word_1_509' title='bbox 1845 3436 1901 3483; x_wconf 90' lang='lat' dir='ltr'><strong>et</strong></span> <span class='ocrx_word' id='word_1_510' title='bbox 1928 3430 2099 3499; x_wconf 87' lang='lat' dir='ltr'><strong>pieta-</strong></span> 
     </span>
    </p>
   </div>
   <div class='ocr_carea' id='block_1_61' title="bbox 507 3518 2101 3595">
    <p class='ocr_par' dir='ltr' id='par_1_61' title="bbox 507 3518 2101 3595">
     <span class='ocr_line' id='line_1_63' title="bbox 507 3518 2101 3595; baseline -0.004 -16"><span class='ocrx_word' id='word_1_511' title='bbox 507 3532 616 3579; x_wconf 89' lang='lat' dir='ltr'><strong>tem</strong></span> <span class='ocrx_word' id='word_1_512' title='bbox 655 3531 957 3595; x_wconf 86' lang='lat' dir='ltr'><strong>paternam,</strong></span> <span class='ocrx_word' id='word_1_513' title='bbox 985 3529 1042 3577; x_wconf 88' lang='lat' dir='ltr'><strong>et</strong></span> <span class='ocrx_word' id='word_1_514' title='bbox 1085 3520 1379 3576; x_wconf 85' lang='lat' dir='ltr'><strong>fraternum</strong></span> <span class='ocrx_word' id='word_1_515' title='bbox 1408 3520 1696 3589; x_wconf 80' lang='lat' dir='ltr'><strong>largiretur</strong></span> <span class='ocrx_word' id='word_1_516' title='bbox 1729 3519 2002 3576; x_wconf 86' lang='lat' dir='ltr'><strong>allectum.</strong></span> <span class='ocrx_word' id='word_1_517' title='bbox 2032 3518 2101 3573; x_wconf 89' lang='lat' dir='ltr'><strong>Et</strong></span> 
     </span>
    </p>
   </div>
   <div class='ocr_carea' id='block_1_62' title="bbox 507 3612 2099 3684">
    <p class='ocr_par' dir='ltr' id='par_1_62' title="bbox 507 3612 2099 3684">
     <span class='ocr_line' id='line_1_64' title="bbox 507 3612 2099 3684; baseline -0.004 -12"><span class='ocrx_word' id='word_1_518' title='bbox 507 3625 670 3672; x_wconf 89' lang='lat' dir='ltr'><strong>natus</strong></span> <span class='ocrx_word' id='word_1_519' title='bbox 699 3632 831 3672; x_wconf 87' lang='lat' dir='ltr'><strong>sane</strong></span> <span class='ocrx_word' id='word_1_520' title='bbox 869 3615 939 3671; x_wconf 89' lang='lat' dir='ltr'><strong>ab</strong></span> <span class='ocrx_word' id='word_1_521' title='bbox 964 3615 1166 3671; x_wconf 90' lang='lat' dir='ltr'><strong>intacta</strong></span> <span class='ocrx_word' id='word_1_522' title='bbox 1205 3619 1289 3670; x_wconf 89' lang='lat' dir='ltr'><strong>est</strong></span> <span class='ocrx_word' id='word_1_523' title='bbox 1322 3613 1542 3682; x_wconf 89' lang='lat' dir='ltr'><strong>femina,</strong></span> <span class='ocrx_word' id='word_1_524' title='bbox 1571 3622 1633 3668; x_wconf 90' lang='lat' dir='ltr'><strong>ut</strong></span> <span class='ocrx_word' id='word_1_525' title='bbox 1657 3628 1784 3668; x_wconf 87' lang='lat' dir='ltr'><strong>eum</strong></span> <span class='ocrx_word' id='word_1_526' title='bbox 1812 3612 2017 3684; x_wconf 82' lang='lat' dir='ltr'><strong>pariter</strong></span> <span class='ocrx_word' id='word_1_527' title='bbox 2044 3618 2099 3666; x_wconf 89' lang='lat' dir='ltr'><strong>et</strong></span> 
     </span>
    </p>
   </div>
   <div class='ocr_carea' id='block_1_63' title="bbox 505 3706 2099 3780">
    <p class='ocr_par' dir='ltr' id='par_1_63' title="bbox 505 3706 2099 3780">
     <span class='ocr_line' id='line_1_65' title="bbox 505 3706 2099 3780; baseline -0.004 -15"><span class='ocrx_word' id='word_1_528' title='bbox 505 3709 781 3766; x_wconf 89' lang='lat' dir='ltr'><strong>hominem</strong></span> <span class='ocrx_word' id='word_1_529' title='bbox 807 3718 1097 3766; x_wconf 86' lang='lat' dir='ltr'><strong>testaretur</strong></span> <span class='ocrx_word' id='word_1_530' title='bbox 1122 3716 1311 3780; x_wconf 88' lang='lat' dir='ltr'><strong>partus</strong></span> <span class='ocrx_word' id='word_1_531' title='bbox 1329 3708 1618 3775; x_wconf 83' lang='lat' dir='ltr'><strong>humanus,</strong></span> <span class='ocrx_word' id='word_1_532' title='bbox 1644 3715 1699 3761; x_wconf 89' lang='lat' dir='ltr'><strong>et</strong></span> <span class='ocrx_word' id='word_1_533' title='bbox 1720 3706 1887 3761; x_wconf 84' lang='lat' dir='ltr'><strong>Deum</strong></span> <span class='ocrx_word' id='word_1_534' title='bbox 1908 3706 2099 3776; x_wconf 81' lang='lat' dir='ltr'><strong>proba-</strong></span> 
     </span>
    </p>
   </div>
   <div class='ocr_carea' id='block_1_64' title="bbox 507 3795 2094 3868">
    <p class='ocr_par' dir='ltr' id='par_1_64' title="bbox 507 3795 2094 3868">
     <span class='ocr_line' id='line_1_66' title="bbox 507 3795 2094 3868; baseline -0.004 -14"><span class='ocrx_word' id='word_1_535' title='bbox 507 3809 593 3855; x_wconf 85' lang='lat' dir='ltr'><strong>ret</strong></span> <span class='ocrx_word' id='word_1_536' title='bbox 627 3798 645 3839; x_wconf 82' lang='grc' dir='ltr'>ί</span> <span class='ocrx_word' id='word_1_537' title='bbox 679 3809 882 3855; x_wconf 65' lang='lat' dir='ltr'><strong>aeterna</strong></span> <span class='ocrx_word' id='word_1_538' title='bbox 928 3800 1225 3868; x_wconf 84' lang='lat' dir='ltr'><strong>virginitas.</strong></span> <span class='ocrx_word' id='word_1_539' title='bbox 1268 3798 1403 3853; x_wconf 83' lang='lat' dir='ltr'><strong>Nam</strong></span> <span class='ocrx_word' id='word_1_540' title='bbox 1431 3798 1571 3853; x_wconf 90' lang='lat' dir='ltr'><strong>sicut</strong></span> <span class='ocrx_word' id='word_1_541' title='bbox 1600 3814 1709 3852; x_wconf 88' lang='lat' dir='ltr'><strong>non</strong></span> <span class='ocrx_word' id='word_1_542' title='bbox 1752 3804 1961 3865; x_wconf 88' lang='lat' dir='ltr'><strong>poterat</strong></span> <span class='ocrx_word' id='word_1_543' title='bbox 1991 3795 2094 3850; x_wconf 87' lang='lat' dir='ltr'><strong>nisi</strong></span> 
     </span>
    </p>
   </div>
   <div class='ocr_carea' id='block_1_65' title="bbox 504 3886 2095 3958">
    <p class='ocr_par' dir='ltr' id='par_1_65' title="bbox 504 3886 2095 3958">
     <span class='ocr_line' id='line_1_67' title="bbox 504 3886 2095 3958; baseline -0.004 -12"><span class='ocrx_word' id='word_1_544' title='bbox 504 3905 635 3946; x_wconf 85' lang='lat' dir='ltr'><strong>caro</strong></span> <span class='ocrx_word' id='word_1_545' title='bbox 661 3890 732 3945; x_wconf 90' lang='lat' dir='ltr'><strong>de</strong></span> <span class='ocrx_word' id='word_1_546' title='bbox 756 3904 920 3945; x_wconf 87' lang='lat' dir='ltr'><strong>carne</strong></span> <span class='ocrx_word' id='word_1_547' title='bbox 945 3890 1112 3953; x_wconf 88' lang='lat' dir='ltr'><strong>nasci,</strong></span> <span class='ocrx_word' id='word_1_548' title='bbox 1155 3889 1226 3943; x_wconf 90' lang='lat' dir='ltr'><strong>ita</strong></span> <span class='ocrx_word' id='word_1_549' title='bbox 1258 3904 1368 3943; x_wconf 88' lang='lat' dir='ltr'><strong>non</strong></span> <span class='ocrx_word' id='word_1_550' title='bbox 1398 3895 1614 3958; x_wconf 91' lang='lat' dir='ltr'><strong>poterat</strong></span> <span class='ocrx_word' id='word_1_551' title='bbox 1649 3886 1745 3940; x_wconf 89' lang='lat' dir='ltr'><strong>Dei</strong></span> <span class='ocrx_word' id='word_1_552' title='bbox 1773 3901 1900 3940; x_wconf 87' lang='lat' dir='ltr'><strong>caro</strong></span> <span class='ocrx_word' id='word_1_553' title='bbox 1923 3886 1990 3940; x_wconf 90' lang='lat' dir='ltr'><strong>de</strong></span> <span class='ocrx_word' id='word_1_554' title='bbox 2017 3886 2095 3940; x_wconf 92' lang='lat' dir='ltr'><strong>fe—</strong></span> 
     </span>
    </p>
   </div>
   <div class='ocr_carea' id='block_1_66' title="bbox 506 3975 2095 4049">
    <p class='ocr_par' dir='ltr' id='par_1_66' title="bbox 506 3975 2095 4049">
     <span class='ocr_line' id='line_1_68' title="bbox 506 3975 2095 4049; baseline -0.003 -14"><span class='ocrx_word' id='word_1_555' title='bbox 506 3981 688 4036; x_wconf 87' lang='lat' dir='ltr'><strong>mineo</strong></span> <span class='ocrx_word' id='word_1_556' title='bbox 729 3987 885 4035; x_wconf 87' lang='lat' dir='ltr'><strong>utero</strong></span> <span class='ocrx_word' id='word_1_557' title='bbox 928 3980 1029 4034; x_wconf 89' lang='lat' dir='ltr'><strong>nisi</strong></span> <span class='ocrx_word' id='word_1_558' title='bbox 1071 3979 1188 4035; x_wconf 89' lang='lat' dir='ltr'><strong>sine</strong></span> <span class='ocrx_word' id='word_1_559' title='bbox 1243 3987 1536 4048; x_wconf 79' lang='lat' dir='ltr'><strong>generante</strong></span> <span class='ocrx_word' id='word_1_560' title='bbox 1581 3977 1818 4049; x_wconf 89' lang='lat' dir='ltr'><strong>prodire.</strong></span> <span class='ocrx_word' id='word_1_561' title='bbox 1867 3975 2095 4047; x_wconf 88' lang='lat' dir='ltr'><strong>Propter</strong></span> 
     </span>
    </p>
   </div>
   <div class='ocr_carea' id='block_1_67' title="bbox 505 4071 2093 4143">
    <p class='ocr_par' dir='ltr' id='par_1_67' title="bbox 505 4071 2093 4143">
     <span class='ocr_line' id='line_1_69' title="bbox 505 4071 2093 4143; baseline -0.002 -15"><span class='ocrx_word' id='word_1_562' title='bbox 505 4072 652 4142; x_wconf 84' lang='lat' dir='ltr'><strong>quod</strong></span> <span class='ocrx_word' id='word_1_563' title='bbox 679 4073 757 4127; x_wconf 85' lang='lat' dir='ltr'><strong>ait</strong></span> <span class='ocrx_word' id='word_1_564' title='bbox 781 4073 1003 4142; x_wconf 86' lang='lat' dir='ltr'><strong>angelus</strong></span> <span class='ocrx_word' id='word_1_565' title='bbox 1029 4072 1353 4129; x_wconf 65' lang='lat' dir='ltr'><strong>beatissima:</strong></span> <span class='ocrx_word' id='word_1_566' title='bbox 1393 4072 1602 4127; x_wconf 77' lang='lat' dir='ltr'><strong>Marize:</strong></span> <span class='ocrx_word' id='word_1_567' title='bbox 1637 4071 1867 4143; x_wconf 80' lang='lat' dir='ltr'><strong>Spiritus</strong></span> <span class='ocrx_word' id='word_1_568' title='bbox 1884 4079 2093 4125; x_wconf 81' lang='lat' dir='ltr'><strong>sanctus</strong></span> 
     </span>
    </p>
   </div>
   <div class='ocr_carea' id='block_1_68' title="bbox 505 4155 2092 4235">
    <p class='ocr_par' dir='ltr' id='par_1_68' title="bbox 505 4155 2092 4235">
     <span class='ocr_line' id='line_1_70' title="bbox 505 4155 2092 4235; baseline -0.003 -16"><span class='ocrx_word' id='word_1_569' title='bbox 505 4165 826 4235; x_wconf 76' lang='lat' dir='ltr'><strong>superveniet</strong></span> <span class='ocrx_word' id='word_1_570' title='bbox 856 4165 909 4218; x_wconf 87' lang='lat' dir='ltr'><strong>in</strong></span> <span class='ocrx_word' id='word_1_571' title='bbox 937 4172 1006 4231; x_wconf 87' lang='lat' dir='ltr'><strong>te,</strong></span> <span class='ocrx_word' id='word_1_572' title='bbox 1046 4155 1097 4218; x_wconf 85' lang='lat' dir='ltr'><strong>et</strong></span> <span class='ocrx_word' id='word_1_573' title='bbox 1122 4165 1285 4219; x_wconf 77' lang='lat' dir='ltr'><strong>virtus</strong></span> <span class='ocrx_word' id='word_1_574' title='bbox 1317 4165 1572 4221; x_wconf 79' lang='lat' dir='ltr'><strong>Attissimi</strong></span> <span class='ocrx_word' id='word_1_575' title='bbox 1605 4162 1928 4221; x_wconf 82' lang='lat' dir='ltr'><strong>obumbrabit</strong></span> <span class='ocrx_word' id='word_1_576' title='bbox 1953 4160 2043 4216; x_wconf 85' lang='lat' dir='ltr'><strong>tibi</strong></span> <span class='ocrx_word' id='word_1_577' title='bbox 2076 4177 2092 4215; x_wconf 87' lang='lat'><strong><em>:</em></strong></span> 
     </span>
    </p>
   </div>
   <div class='ocr_carea' id='block_1_69' title="bbox 470 4255 2090 4329">
    <p class='ocr_par' dir='ltr' id='par_1_69' title="bbox 470 4255 2090 4329">
     <span class='ocr_line' id='line_1_71' title="bbox 470 4255 2090 4329; baseline -0.002 -16"><span class='ocrx_word' id='word_1_578' title='bbox 470 4308 475 4313; x_wconf 87' lang='lat'><strong>.</strong></span> <span class='ocrx_word' id='word_1_579' title='bbox 506 4267 556 4313; x_wconf 87' lang='lat' dir='ltr'><strong>et</strong></span> <span class='ocrx_word' id='word_1_580' title='bbox 579 4258 715 4327; x_wconf 81' lang='lat' dir='ltr'><strong>quod</strong></span> <span class='ocrx_word' id='word_1_581' title='bbox 742 4266 984 4313; x_wconf 79' lang='lat' dir='ltr'><strong>nascetur</strong></span> <span class='ocrx_word' id='word_1_582' title='bbox 1002 4275 1067 4313; x_wconf 78' lang='lat' dir='ltr'><strong>ea:</strong></span> <span class='ocrx_word' id='word_1_583' title='bbox 1096 4268 1147 4314; x_wconf 89' lang='lat' dir='ltr'><strong>te</strong></span> <span class='ocrx_word' id='word_1_584' title='bbox 1173 4258 1457 4329; x_wconf 84' lang='lat' dir='ltr'><strong>Sanctum,</strong></span> <span class='ocrx_word' id='word_1_585' title='bbox 1488 4259 1751 4314; x_wconf 82' lang='lat' dir='ltr'><strong>vocabitur</strong></span> <span class='ocrx_word' id='word_1_586' title='bbox 1793 4256 1965 4312; x_wconf 84' lang='lat' dir='ltr'><strong>Filius</strong></span> <span class='ocrx_word' id='word_1_587' title='bbox 1993 4255 2090 4310; x_wconf 89' lang='lat' dir='ltr'><strong>Dei</strong></span> 
     </span>
    </p>
   </div>
   <div class='ocr_carea' id='block_1_70' title="bbox 508 4347 2094 4420">
    <p class='ocr_par' dir='ltr' id='par_1_70' title="bbox 508 4347 2094 4420">
     <span class='ocr_line' id='line_1_72' title="bbox 508 4347 2094 4420; baseline 0 -18"><span class='ocrx_word' id='word_1_588' title='bbox 508 4347 657 4419; x_wconf 83' lang='lat' dir='ltr'><strong>(Luc.</strong></span> <span class='ocrx_word' id='word_1_589' title='bbox 686 4349 748 4417; x_wconf 84' lang='grc' dir='ltr'><strong>ι).</strong></span> <span class='ocrx_word' id='word_1_590' title='bbox 780 4347 1032 4420; x_wconf 84' lang='lat' dir='ltr'><strong>Spiritus,</strong></span> <span class='ocrx_word' id='word_1_591' title='bbox 1058 4349 1249 4418; x_wconf 86' lang='lat' dir='ltr'><strong>inquit,</strong></span> <span class='ocrx_word' id='word_1_592' title='bbox 1290 4361 1508 4406; x_wconf 88' lang='lat' dir='ltr'><strong>sanctus</strong></span> <span class='ocrx_word' id='word_1_593' title='bbox 1532 4350 1875 4419; x_wconf 86' lang='lat' dir='ltr'><strong>superveniet</strong></span> <span class='ocrx_word' id='word_1_594' title='bbox 1903 4347 2011 4419; x_wconf 58' lang='lat'><strong>35.</strong></span> <span class='ocrx_word' id='word_1_595' title='bbox 2039 4348 2094 4402; x_wconf 92' lang='lat' dir='ltr'><strong>in</strong></span> 
     </span>
    </p>
   </div>
   <div class='ocr_carea' id='block_1_71' title="bbox 508 4436 2101 4510">
    <p class='ocr_par' dir='ltr' id='par_1_71' title="bbox 508 4436 2101 4510">
     <span class='ocr_line' id='line_1_73' title="bbox 508 4436 2101 4510; baseline 0 -16"><span class='ocrx_word' id='word_1_596' title='bbox 508 4448 580 4494; x_wconf 89' lang='lat' dir='ltr'><strong>te.</strong></span> <span class='ocrx_word' id='word_1_597' title='bbox 610 4438 818 4496; x_wconf 86' lang='lat' dir='ltr'><strong>Idcirco</strong></span> <span class='ocrx_word' id='word_1_598' title='bbox 849 4440 962 4504; x_wconf 87' lang='lat' dir='ltr'><strong>tibi,</strong></span> <span class='ocrx_word' id='word_1_599' title='bbox 992 4436 1178 4508; x_wconf 85' lang='lat' dir='ltr'><strong>frater,</strong></span> <span class='ocrx_word' id='word_1_600' title='bbox 1212 4443 1226 4491; x_wconf 81' lang='lat' dir='ltr'><strong>l</strong></span> <span class='ocrx_word' id='word_1_601' title='bbox 1260 4439 1461 4495; x_wconf 87' lang='lat' dir='ltr'><strong>virtute</strong></span> <span class='ocrx_word' id='word_1_602' title='bbox 1491 4439 1720 4510; x_wconf 86' lang='lat' dir='ltr'><strong>Spiritus</strong></span> <span class='ocrx_word' id='word_1_603' title='bbox 1748 4440 1919 4495; x_wconf 88' lang='lat' dir='ltr'><strong>sancti</strong></span> <span class='ocrx_word' id='word_1_604' title='bbox 1941 4453 2101 4509; x_wconf 86' lang='lat' dir='ltr'><strong>ange-</strong></span> 
     </span>
    </p>
   </div>
   <div class='ocr_carea' id='block_1_72' title="bbox 509 4529 2101 4601">
    <p class='ocr_par' dir='ltr' id='par_1_72' title="bbox 509 4529 2101 4601">
     <span class='ocr_line' id='line_1_74' title="bbox 509 4529 2101 4601; baseline 0 -16"><span class='ocrx_word' id='word_1_605' title='bbox 509 4531 648 4587; x_wconf 87' lang='lat' dir='ltr'><strong>lieus</strong></span> <span class='ocrx_word' id='word_1_606' title='bbox 667 4546 847 4587; x_wconf 90' lang='lat' dir='ltr'><strong>sermo</strong></span> <span class='ocrx_word' id='word_1_607' title='bbox 878 4529 900 4569; x_wconf 77' lang='grc' dir='ltr'><strong>¹ι</strong></span> <span class='ocrx_word' id='word_1_608' title='bbox 925 4531 1182 4601; x_wconf 84' lang='lat' dir='ltr'><strong>protexit,</strong></span> <span class='ocrx_word' id='word_1_609' title='bbox 1215 4545 1284 4585; x_wconf 90' lang='lat' dir='ltr'><strong>ne</strong></span> <span class='ocrx_word' id='word_1_610' title='bbox 1312 4530 1638 4600; x_wconf 78' lang='lat' dir='ltr'><strong>coniecturis</strong></span> <span class='ocrx_word' id='word_1_611' title='bbox 1657 4531 1889 4586; x_wconf 89' lang='lat' dir='ltr'><strong>carnalis</strong></span> <span class='ocrx_word' id='word_1_612' title='bbox 1917 4529 2101 4600; x_wconf 80' lang='lat' dir='ltr'><strong>dispu-</strong></span> 
     </span>
    </p>
   </div>
   <div class='ocr_carea' id='block_1_73' title="bbox 511 4621 2101 4691">
    <p class='ocr_par' dir='ltr' id='par_1_73' title="bbox 511 4621 2101 4691">
     <span class='ocr_line' id='line_1_75' title="bbox 511 4621 2101 4691; baseline -0.004 -11"><span class='ocrx_word' id='word_1_613' title='bbox 511 4624 733 4680; x_wconf 87' lang='lat' dir='ltr'><strong>tationis</strong></span> <span class='ocrx_word' id='word_1_614' title='bbox 750 4623 1040 4680; x_wconf 89' lang='lat' dir='ltr'><strong>hebetatus</strong></span> <span class='ocrx_word' id='word_1_615' title='bbox 1058 4623 1283 4678; x_wconf 74' lang='lat' dir='ltr'><strong>cteleste</strong></span> <span class='ocrx_word' id='word_1_616' title='bbox 1309 4621 1408 4677; x_wconf 91' lang='lat' dir='ltr'><strong>tibi</strong></span> <span class='ocrx_word' id='word_1_617' title='bbox 1430 4622 1743 4691; x_wconf 85' lang='lat' dir='ltr'><strong>mysterium</strong></span> <span class='ocrx_word' id='word_1_618' title='bbox 1772 4629 1985 4677; x_wconf 88' lang='lat' dir='ltr'><strong>terrena</strong></span> <span class='ocrx_word' id='word_1_619' title='bbox 2015 4635 2101 4675; x_wconf 86' lang='lat' dir='ltr'><strong>ar-</strong></span> 
     </span>
    </p>
   </div>
   <div class='ocr_carea' id='block_1_74' title="bbox 578 4774 1777 4847">
    <p class='ocr_par' dir='ltr' id='par_1_74' title="bbox 578 4774 1777 4847">
     <span class='ocr_line' id='line_1_76' title="bbox 578 4774 1777 4847; baseline -0.002 -16"><span class='ocrx_word' id='word_1_620' title='bbox 578 4786 602 4847; x_wconf 69' lang='lat' dir='ltr'><strong>f&#39;</strong></span> <span class='ocrx_word' id='word_1_621' title='bbox 635 4777 779 4833; x_wconf 86' lang='lat' dir='ltr'><strong>idem</strong></span> <span class='ocrx_word' id='word_1_622' title='bbox 802 4776 947 4847; x_wconf 77' lang='lat' dir='ltr'><strong>cod.,</strong></span> <span class='ocrx_word' id='word_1_623' title='bbox 970 4774 1231 4847; x_wconf 80' lang='lat' dir='ltr'><strong>angelicas</strong></span> <span class='ocrx_word' id='word_1_624' title='bbox 1260 4774 1465 4847; x_wconf 58' lang='lat' dir='ltr'><strong>intonat</strong></span> <span class='ocrx_word' id='word_1_625' title='bbox 1491 4791 1678 4829; x_wconf 84' lang='lat' dir='ltr'><strong>sermo.</strong></span> <span class='ocrx_word' id='word_1_626' title='bbox 1696 4845 1721 4847; x_wconf 85' lang='lat'><strong><em>_</em></strong></span> <span class='ocrx_word' id='word_1_627' title='bbox 1770 4790 1777 4847; x_wconf 66' lang='grc' dir='ltr'><strong><em>ς</em></strong></span> 
     </span>
    </p>
   </div>
   <div class='ocr_carea' id='block_1_75' title="bbox 576 4843 2091 4914">
    <p class='ocr_par' dir='ltr' id='par_1_75' title="bbox 576 4843 2091 4914">
     <span class='ocr_line' id='line_1_77' title="bbox 576 4843 2091 4914; baseline -0.001 -14"><span class='ocrx_word' id='word_1_628' title='bbox 576 4845 773 4901; x_wconf 74' lang='lat' dir='ltr'><strong>1&#39;ldem</strong></span> <span class='ocrx_word' id='word_1_629' title='bbox 804 4846 957 4912; x_wconf 77' lang='lat' dir='ltr'><strong>cod.,</strong></span> <span class='ocrx_word' id='word_1_630' title='bbox 984 4843 1084 4909; x_wconf 74' lang='lat' dir='ltr'><strong>Qui</strong></span> <span class='ocrx_word' id='word_1_631' title='bbox 1128 4860 1241 4898; x_wconf 79' lang='lat' dir='ltr'><strong>cum</strong></span> <span class='ocrx_word' id='word_1_632' title='bbox 1292 4843 1398 4898; x_wconf 84' lang='lat' dir='ltr'><strong>Deo</strong></span> <span class='ocrx_word' id='word_1_633' title='bbox 1429 4844 1588 4899; x_wconf 86' lang='lat' dir='ltr'><strong>Patre</strong></span> <span class='ocrx_word' id='word_1_634' title='bbox 1611 4855 1660 4899; x_wconf 87' lang='lat' dir='ltr'><strong>et</strong></span> <span class='ocrx_word' id='word_1_635' title='bbox 1685 4845 1885 4914; x_wconf 78' lang='lat' dir='ltr'><strong>Spiritu</strong></span> <span class='ocrx_word' id='word_1_636' title='bbox 1911 4854 2091 4898; x_wconf 85' lang='lat' dir='ltr'><strong>sancto</strong></span> 
     </span>
    </p>
   </div>
   <div class='ocr_carea' id='block_1_76' title="bbox 507 4914 2089 5036">
    <p class='ocr_par' dir='ltr' id='par_1_76' title="bbox 507 4914 2089 5036">
     <span class='ocr_line' id='line_1_78' title="bbox 507 4914 2089 5036; baseline -0.001 -63"><span class='ocrx_word' id='word_1_637' title='bbox 507 4917 624 5036; x_wconf 43' lang='lat' dir='ltr'><strong>ﬂvit</strong></span> <span class='ocrx_word' id='word_1_638' title='bbox 658 4924 706 4969; x_wconf 85' lang='lat' dir='ltr'><strong>et</strong></span> <span class='ocrx_word' id='word_1_639' title='bbox 736 4927 916 4989; x_wconf 79' lang='lat' dir='ltr'><strong>regnat</strong></span> <span class='ocrx_word' id='word_1_640' title='bbox 962 4914 1104 4970; x_wconf 86' lang='lat' dir='ltr'><strong>Deus</strong></span> <span class='ocrx_word' id='word_1_641' title='bbox 1157 4932 1248 4987; x_wconf 84' lang='lat' dir='ltr'><strong>per</strong></span> <span class='ocrx_word' id='word_1_642' title='bbox 1300 4915 1474 4969; x_wconf 83' lang='lat' dir='ltr'><strong>omnia</strong></span> <span class='ocrx_word' id='word_1_643' title='bbox 1522 4915 1712 4969; x_wconf 69' lang='lat' dir='ltr'><strong>siccata</strong></span> <span class='ocrx_word' id='word_1_644' title='bbox 1762 4915 2089 4972; x_wconf 77' lang='lat' dir='ltr'><strong>swculorum.</strong></span> 
     </span>
     <span class='ocr_line' id='line_1_79' title="bbox 557 5001 693 5036; baseline 0 0"><span class='ocrx_word' id='word_1_645' title='bbox 557 5001 693 5036; x_wconf 88' lang='lat' dir='ltr'><strong>men.</strong></span> 
     </span>
    </p>
   </div>
   <div class='ocr_carea' id='block_1_77' title="bbox 557 5001 2092 5116">
    <p class='ocr_par' dir='ltr' id='par_1_77' title="bbox 557 5001 2092 5116">
     <span class='ocr_line' id='line_1_80' title="bbox 557 5001 2092 5116; baseline 0.002 -12"><span class='ocrx_word' id='word_1_646' title='bbox 557 5001 779 5106; x_wconf 55' lang='grc' dir='ltr'><strong>ῃιωδοᾱ.</strong></span> <span class='ocrx_word' id='word_1_647' title='bbox 810 5055 933 5110; x_wconf 82' lang='lat' dir='ltr'><strong>Vat</strong></span> <span class='ocrx_word' id='word_1_648' title='bbox 963 5056 1132 5111; x_wconf 82' lang='lat' dir='ltr'><strong>Palat.</strong></span> <span class='ocrx_word' id='word_1_649' title='bbox 1162 5055 1270 5111; x_wconf 70' lang='grc'><strong>455</strong></span> <span class='ocrx_word' id='word_1_650' title='bbox 1297 5063 1352 5115; x_wconf 86' lang='lat' dir='ltr'><strong>et</strong></span> <span class='ocrx_word' id='word_1_651' title='bbox 1381 5053 1740 5116; x_wconf 82' lang='lat' dir='ltr'><strong>Martinensis,</strong></span> <span class='ocrx_word' id='word_1_652' title='bbox 1773 5052 1967 5107; x_wconf 84' lang='lat' dir='ltr'><strong>diaboli</strong></span> <span class='ocrx_word' id='word_1_653' title='bbox 1995 5054 2092 5107; x_wconf 85' lang='lat' dir='ltr'><strong>du-</strong></span> 
     </span>
    </p>
   </div>
   <div class='ocr_carea' id='block_1_78' title="bbox 508 5122 1485 5245">
    <p class='ocr_par' dir='ltr' id='par_1_78' title="bbox 508 5122 1485 5245">
     <span class='ocr_line' id='line_1_81' title="bbox 508 5122 946 5245; baseline 0.005 -69"><span class='ocrx_word' id='word_1_654' title='bbox 508 5124 629 5178; x_wconf 81' lang='lat' dir='ltr'><strong>dum</strong></span> <span class='ocrx_word' id='word_1_655' title='bbox 644 5122 946 5245; x_wconf 57' lang='lat' dir='ltr'><strong>gaudibns.</strong></span> 
     </span>
     <span class='ocr_line' id='line_1_82' title="bbox 578 5191 1485 5245; baseline 0 0"><span class='ocrx_word' id='word_1_656' title='bbox 578 5192 605 5229; x_wconf 71' lang='grc' dir='ltr'><em>ά</em></span> <span class='ocrx_word' id='word_1_657' title='bbox 690 5191 776 5245; x_wconf 89' lang='lat' dir='ltr'><strong>0d.</strong></span> <span class='ocrx_word' id='word_1_658' title='bbox 805 5192 1143 5245; x_wconf 81' lang='lat' dir='ltr'><strong>Martinensis</strong></span> <span class='ocrx_word' id='word_1_659' title='bbox 1171 5197 1372 5245; x_wconf 78' lang='lat' dir='ltr'><strong>omittit</strong></span> <span class='ocrx_word' id='word_1_660' title='bbox 1399 5196 1485 5245; x_wconf 83' lang='lat' dir='ltr'><strong>ani</strong></span> 
     </span>
    </p>
   </div>
   <div class='ocr_carea' id='block_1_79' title="bbox 578 5191 1501 5270">
    <p class='ocr_par' dir='ltr' id='par_1_79' title="bbox 578 5191 1501 5270">
     <span class='ocr_line' id='line_1_83' title="bbox 578 5191 1501 5270; baseline 0.004 -25"><span class='ocrx_word' id='word_1_661' title='bbox 578 5192 605 5229; x_wconf 73' lang='grc' dir='ltr'><em>ά</em></span> <span class='ocrx_word' id='word_1_662' title='bbox 644 5191 776 5270; x_wconf 66' lang='lat' dir='ltr'><strong>god.</strong></span> <span class='ocrx_word' id='word_1_663' title='bbox 805 5192 1372 5270; x_wconf 35' lang='lat' dir='ltr'><strong>liliiﬂinensis‘omittit</strong></span> <span class='ocrx_word' id='word_1_664' title='bbox 1399 5196 1501 5270; x_wconf 81' lang='lat' dir='ltr'><strong>qui.</strong></span> 
     </span>
    </p>
   </div>
   <div class='ocr_carea' id='block_1_80' title="bbox 583 5260 1579 5349">
    <p class='ocr_par' dir='ltr' id='par_1_80' title="bbox 583 5260 1579 5349">
     <span class='ocr_line' id='line_1_84' title="bbox 583 5260 1579 5349; baseline 0 0"><span class='ocrx_word' id='word_1_665' title='bbox 583 5272 607 5349; x_wconf 76' lang='lat'><strong>‘3</strong></span> <span class='ocrx_word' id='word_1_666' title='bbox 647 5261 779 5349; x_wconf 69' lang='lat'><strong>9‘&quot;!-</strong></span> <span class='ocrx_word' id='word_1_667' title='bbox 809 5260 1116 5349; x_wconf 53' lang='grc' dir='ltr'><strong>ἒὲίῗτὲῖίμν</strong></span> <span class='ocrx_word' id='word_1_668' title='bbox 1144 5260 1426 5349; x_wconf 62' lang='grc' dir='ltr'><strong>ίωιίρεείνῖ</strong></span> <span class='ocrx_word' id='word_1_669' title='bbox 1495 5344 1505 5349; x_wconf 81' lang='lat'><strong>-</strong></span> <span class='ocrx_word' id='word_1_670' title='bbox 1551 5337 1579 5349; x_wconf 89' lang='lat'><strong>_.</strong></span> 
     </span>
    </p>
   </div>
   <div class='ocr_carea' id='block_1_81' title="bbox 586 5329 1660 5407">
    <p class='ocr_par' dir='ltr' id='par_1_81' title="bbox 586 5329 1660 5407">
     <span class='ocr_line' id='line_1_85' title="bbox 586 5329 1660 5407; baseline -0.001 -19"><span class='ocrx_word' id='word_1_671' title='bbox 586 5332 604 5369; x_wconf 66' lang='grc' dir='ltr'>ί</span> <span class='ocrx_word' id='word_1_672' title='bbox 809 5329 925 5407; x_wconf 52' lang='lat' dir='ltr'><strong>Kal.</strong></span> <span class='ocrx_word' id='word_1_673' title='bbox 952 5329 1262 5407; x_wconf 50' lang='lat' dir='ltr'><strong>Palat.,aui</strong></span> <span class='ocrx_word' id='word_1_674' title='bbox 1289 5339 1459 5407; x_wconf 83' lang='lat' dir='ltr'><strong>spatia</strong></span> <span class='ocrx_word' id='word_1_675' title='bbox 1488 5337 1660 5390; x_wconf 71' lang='lat' dir='ltr'><strong>tofina.</strong></span> 
     </span>
    </p>
   </div>
   <div class='ocr_carea' id='block_1_82' title="bbox 584 5401 2085 5467">
    <p class='ocr_par' dir='ltr' id='par_1_82' title="bbox 584 5401 2085 5467">
     <span class='ocr_line' id='line_1_86' title="bbox 584 5401 2085 5467; baseline -0.001 -11"><span class='ocrx_word' id='word_1_676' title='bbox 584 5412 608 5448; x_wconf 78' lang='lat'><strong>8</strong></span> <span class='ocrx_word' id='word_1_677' title='bbox 647 5401 779 5456; x_wconf 83' lang='lat' dir='ltr'><strong>Cod.</strong></span> <span class='ocrx_word' id='word_1_678' title='bbox 810 5401 927 5455; x_wconf 80' lang='lat' dir='ltr'><strong>Vat.</strong></span> <span class='ocrx_word' id='word_1_679' title='bbox 970 5401 1101 5467; x_wconf 75' lang='lat' dir='ltr'><strong>Reg.</strong></span> <span class='ocrx_word' id='word_1_680' title='bbox 1152 5401 1270 5456; x_wconf 64' lang='lat'><strong>1‘25.</strong></span> <span class='ocrx_word' id='word_1_681' title='bbox 1316 5401 1471 5460; x_wconf 77' lang='lat' dir='ltr'><strong>codd.</strong></span> <span class='ocrx_word' id='word_1_682' title='bbox 1521 5406 1641 5460; x_wconf 87' lang='lat' dir='ltr'><strong>Vat.</strong></span> <span class='ocrx_word' id='word_1_683' title='bbox 1678 5402 1812 5456; x_wconf 74' lang='lat' dir='ltr'><strong>l267</strong></span> <span class='ocrx_word' id='word_1_684' title='bbox 1840 5410 1895 5457; x_wconf 83' lang='lat' dir='ltr'><strong>et</strong></span> <span class='ocrx_word' id='word_1_685' title='bbox 1931 5402 2085 5465; x_wconf 63' lang='grc'><strong>4651,</strong></span> 
     </span>
    </p>
   </div>
   <div class='ocr_carea' id='block_1_83' title="bbox 512 5470 2090 5554">
    <p class='ocr_par' dir='ltr' id='par_1_83' title="bbox 512 5470 2090 5554">
     <span class='ocr_line' id='line_1_87' title="bbox 512 5470 2090 5554; baseline 0 -28"><span class='ocrx_word' id='word_1_686' title='bbox 512 5472 739 5554; x_wconf 69' lang='lat' dir='ltr'><strong>Vercell.</strong></span> <span class='ocrx_word' id='word_1_687' title='bbox 772 5478 828 5526; x_wconf 85' lang='lat' dir='ltr'><strong>et</strong></span> <span class='ocrx_word' id='word_1_688' title='bbox 857 5470 1136 5535; x_wconf 87' lang='lat' dir='ltr'><strong>Martincn,</strong></span> <span class='ocrx_word' id='word_1_689' title='bbox 1168 5473 1387 5541; x_wconf 73' lang='lat' dir='ltr'><strong>furentis</strong></span> <span class='ocrx_word' id='word_1_690' title='bbox 1415 5478 1609 5530; x_wconf 74' lang='lat' dir='ltr'><strong>inimici</strong></span> <span class='ocrx_word' id='word_1_691' title='bbox 1642 5482 1873 5530; x_wconf 82' lang='lat' dir='ltr'><strong>conterat</strong></span> <span class='ocrx_word' id='word_1_692' title='bbox 1912 5482 2090 5544; x_wconf 75' lang='lat' dir='ltr'><strong>tyran-</strong></span> 
     </span>
    </p>
   </div>
   <div class='ocr_carea' id='block_1_84' title="bbox 515 5543 2091 5685">
    <p class='ocr_par' dir='ltr' id='par_1_84' title="bbox 515 5543 2091 5685">
     <span class='ocr_line' id='line_1_88' title="bbox 515 5543 2091 5685; baseline 0.003 -21"><span class='ocrx_word' id='word_1_693' title='bbox 515 5543 818 5666; x_wconf 51' lang='grc' dir='ltr'><strong>ωιξιωὲλιιῌ.</strong></span> <span class='ocrx_word' id='word_1_694' title='bbox 850 5610 913 5665; x_wconf 90' lang='lat' dir='ltr'><strong>V.</strong></span> <span class='ocrx_word' id='word_1_695' title='bbox 950 5610 1013 5664; x_wconf 70' lang='grc' dir='ltr'><strong>Β.</strong></span> <span class='ocrx_word' id='word_1_696' title='bbox 1060 5606 1158 5664; x_wconf 73' lang='grc'><strong>125</strong></span> <span class='ocrx_word' id='word_1_697' title='bbox 1186 5616 1241 5664; x_wconf 90' lang='lat' dir='ltr'><strong>et</strong></span> <span class='ocrx_word' id='word_1_698' title='bbox 1286 5609 1456 5665; x_wconf 83' lang='lat' dir='ltr'><strong>Palat.</strong></span> <span class='ocrx_word' id='word_1_699' title='bbox 1478 5654 1490 5677; x_wconf 89' lang='lat'><strong>,</strong></span> <span class='ocrx_word' id='word_1_700' title='bbox 1515 5632 1775 5685; x_wconf 78' lang='lat' dir='ltr'><strong>germamc</strong></span> <span class='ocrx_word' id='word_1_701' title='bbox 1799 5616 1970 5672; x_wconf 84' lang='lat' dir='ltr'><strong>carnis</strong></span> <span class='ocrx_word' id='word_1_702' title='bbox 1998 5631 2091 5668; x_wconf 46' lang='lat' dir='ltr'><strong>no-</strong></span> 
     </span>
    </p>
   </div>
   <div class='ocr_carea' id='block_1_85' title="bbox 520 5691 1770 5817">
    <p class='ocr_par' dir='ltr' id='par_1_85' title="bbox 520 5691 1770 5817">
     <span class='ocr_line' id='line_1_89' title="bbox 520 5691 1770 5817; baseline -0.001 -10"><span class='ocrx_word' id='word_1_703' title='bbox 520 5691 904 5813; x_wconf 38' lang='lat' dir='ltr'><strong>“Teuffth</strong></span> <span class='ocrx_word' id='word_1_704' title='bbox 929 5753 1048 5807; x_wconf 85' lang='lat' dir='ltr'><strong>Vat.</strong></span> <span class='ocrx_word' id='word_1_705' title='bbox 1078 5748 1198 5815; x_wconf 79' lang='lat'><strong>775,</strong></span> <span class='ocrx_word' id='word_1_706' title='bbox 1231 5759 1463 5803; x_wconf 84' lang='lat' dir='ltr'><strong>materna</strong></span> <span class='ocrx_word' id='word_1_707' title='bbox 1485 5750 1770 5817; x_wconf 72' lang='lat' dir='ltr'><strong>virginitas.</strong></span> 
     </span>
    </p>
   </div>
   <div class='ocr_carea' id='block_1_86' title="bbox 2204 3430 3794 3505">
    <p class='ocr_par' dir='ltr' id='par_1_86' title="bbox 2204 3430 3794 3505">
     <span class='ocr_line' id='line_1_90' title="bbox 2204 3430 3794 3505; baseline 0.001 -19"><span class='ocrx_word' id='word_1_708' title='bbox 2204 3432 2299 3487; x_wconf 85' lang='lat' dir='ltr'><strong>tali</strong></span> <span class='ocrx_word' id='word_1_709' title='bbox 2347 3432 2402 3487; x_wconf 92' lang='lat' dir='ltr'><strong>in</strong></span> <span class='ocrx_word' id='word_1_710' title='bbox 2445 3433 2665 3501; x_wconf 86' lang='lat' dir='ltr'><strong>negotio</strong></span> <span class='ocrx_word' id='word_1_711' title='bbox 2693 3447 2811 3488; x_wconf 91' lang='lat' dir='ltr'><strong>esse</strong></span> <span class='ocrx_word' id='word_1_712' title='bbox 2839 3432 3072 3502; x_wconf 90' lang='lat' dir='ltr'><strong>percipis</strong></span> <span class='ocrx_word' id='word_1_713' title='bbox 3100 3432 3431 3488; x_wconf 88' lang='lat' dir='ltr'><strong>voluntatem</strong></span> <span class='ocrx_word' id='word_1_714' title='bbox 3461 3449 3474 3485; x_wconf 87' lang='lat'>:</span> <span class='ocrx_word' id='word_1_715' title='bbox 3521 3430 3590 3486; x_wconf 90' lang='lat' dir='ltr'><strong>de</strong></span> <span class='ocrx_word' id='word_1_716' title='bbox 3618 3447 3794 3505; x_wconf 85' lang='lat' dir='ltr'><strong>opere</strong></span> 
     </span>
    </p>
   </div>
   <div class='ocr_carea' id='block_1_87' title="bbox 2200 3522 3798 3592">
    <p class='ocr_par' dir='ltr' id='par_1_87' title="bbox 2200 3522 3798 3592">
     <span class='ocr_line' id='line_1_91' title="bbox 2200 3522 3798 3592; baseline 0.001 -15"><span class='ocrx_word' id='word_1_717' title='bbox 2200 3522 2318 3592; x_wconf 83' lang='lat' dir='ltr'><strong>ejus</strong></span> <span class='ocrx_word' id='word_1_718' title='bbox 2345 3538 2443 3578; x_wconf 90' lang='lat' dir='ltr'><strong>cur</strong></span> <span class='ocrx_word' id='word_1_719' title='bbox 2460 3524 2757 3579; x_wconf 87' lang='lat' dir='ltr'><strong>retractas?</strong></span> <span class='ocrx_word' id='word_1_720' title='bbox 2796 3523 2987 3578; x_wconf 87' lang='lat' dir='ltr'><strong>Omnia</strong></span> <span class='ocrx_word' id='word_1_721' title='bbox 3017 3524 3176 3591; x_wconf 86' lang='lat' dir='ltr'><strong>enim,</strong></span> <span class='ocrx_word' id='word_1_722' title='bbox 3206 3523 3347 3578; x_wconf 89' lang='lat' dir='ltr'><strong>sicut</strong></span> <span class='ocrx_word' id='word_1_723' title='bbox 3369 3524 3580 3592; x_wconf 89' lang='lat' dir='ltr'><strong>legitur,</strong></span> <span class='ocrx_word' id='word_1_724' title='bbox 3607 3522 3798 3579; x_wconf 85' lang='lat' dir='ltr'><strong>Domi-</strong></span> 
     </span>
    </p>
   </div>
   <div class='ocr_carea' id='block_1_88' title="bbox 2200 3612 3791 3687">
    <p class='ocr_par' dir='ltr' id='par_1_88' title="bbox 2200 3612 3791 3687">
     <span class='ocr_line' id='line_1_92' title="bbox 2200 3612 3791 3687; baseline 0.002 -19"><span class='ocrx_word' id='word_1_725' title='bbox 2200 3631 2296 3669; x_wconf 84' lang='lat' dir='ltr'><strong>nus</strong></span> <span class='ocrx_word' id='word_1_726' title='bbox 2330 3631 2643 3687; x_wconf 63' lang='lat' dir='ltr'><strong>quiscunque</strong></span> <span class='ocrx_word' id='word_1_727' title='bbox 2680 3612 2838 3669; x_wconf 75' lang='lat' dir='ltr'><strong>voluit</strong></span> <span class='ocrx_word' id='word_1_728' title='bbox 2877 3616 2996 3686; x_wconf 81' lang='lat' dir='ltr'><strong>fecit</strong></span> <span class='ocrx_word' id='word_1_729' title='bbox 3024 3616 3079 3669; x_wconf 87' lang='lat' dir='ltr'><strong>in</strong></span> <span class='ocrx_word' id='word_1_730' title='bbox 3118 3614 3244 3670; x_wconf 74' lang='lat' dir='ltr'><strong>caelo</strong></span> <span class='ocrx_word' id='word_1_731' title='bbox 3284 3622 3331 3668; x_wconf 85' lang='lat' dir='ltr'><strong>et</strong></span> <span class='ocrx_word' id='word_1_732' title='bbox 3368 3616 3424 3669; x_wconf 88' lang='lat' dir='ltr'><strong>in</strong></span> <span class='ocrx_word' id='word_1_733' title='bbox 3449 3624 3585 3668; x_wconf 85' lang='lat' dir='ltr'><strong>terra</strong></span> <span class='ocrx_word' id='word_1_734' title='bbox 3609 3614 3791 3686; x_wconf 84' lang='lat' dir='ltr'><strong>(Psaf.</strong></span> 
     </span>
    </p>
   </div>
   <div class='ocr_carea' id='block_1_89' title="bbox 2197 3707 3799 3779">
    <p class='ocr_par' dir='ltr' id='par_1_89' title="bbox 2197 3707 3799 3779">
     <span class='ocr_line' id='line_1_93' title="bbox 2197 3707 3799 3779; baseline 0.002 -16"><span class='ocrx_word' id='word_1_735' title='bbox 2197 3708 2435 3777; x_wconf 75' lang='lat' dir='ltr'><strong>cxxxrv).</strong></span> <span class='ocrx_word' id='word_1_736' title='bbox 2469 3707 2536 3762; x_wconf 86' lang='lat' dir='ltr'><strong>Et</strong></span> <span class='ocrx_word' id='word_1_737' title='bbox 2572 3709 2620 3763; x_wconf 88' lang='lat' dir='ltr'><strong>si</strong></span> <span class='ocrx_word' id='word_1_738' title='bbox 2651 3708 2912 3763; x_wconf 91' lang='lat' dir='ltr'><strong>sollicitus</strong></span> <span class='ocrx_word' id='word_1_739' title='bbox 2967 3709 3352 3779; x_wconf 89' lang='lat' dir='ltr'><strong>perscruteris,</strong></span> <span class='ocrx_word' id='word_1_740' title='bbox 3397 3717 3593 3778; x_wconf 73' lang='lat' dir='ltr'><strong>przeter</strong></span> <span class='ocrx_word' id='word_1_741' title='bbox 3639 3709 3799 3767; x_wconf 85' lang='lat' dir='ltr'><strong>hune</strong></span> 
     </span>
    </p>
   </div>
   <div class='ocr_carea' id='block_1_90' title="bbox 2197 3787 3799 3871">
    <p class='ocr_par' dir='ltr' id='par_1_90' title="bbox 2197 3787 3799 3871">
     <span class='ocr_line' id='line_1_94' title="bbox 2197 3787 3799 3871; baseline 0.002 -18"><span class='ocrx_word' id='word_1_742' title='bbox 2197 3799 2493 3868; x_wconf 87' lang='lat' dir='ltr'><strong>legitimum</strong></span> <span class='ocrx_word' id='word_1_743' title='bbox 2524 3801 2776 3854; x_wconf 71' lang='lat' dir='ltr'><strong>humanas</strong></span> <span class='ocrx_word' id='word_1_744' title='bbox 2806 3801 3177 3871; x_wconf 89' lang='lat' dir='ltr'><strong>conceptionis</strong></span> <span class='ocrx_word' id='word_1_745' title='bbox 3197 3817 3350 3855; x_wconf 87' lang='lat' dir='ltr'><strong>usum</strong></span> <span class='ocrx_word' id='word_1_746' title='bbox 3379 3787 3489 3856; x_wconf 26' lang='lat' dir='ltr'><strong>tres.</strong></span> <span class='ocrx_word' id='word_1_747' title='bbox 3513 3800 3667 3855; x_wconf 87' lang='lat' dir='ltr'><strong>valde</strong></span> <span class='ocrx_word' id='word_1_748' title='bbox 3694 3802 3799 3856; x_wconf 80' lang='lat' dir='ltr'><strong>mi-</strong></span> 
     </span>
    </p>
   </div>
   <div class='ocr_carea' id='block_1_91' title="bbox 2196 3889 3797 3963">
    <p class='ocr_par' dir='ltr' id='par_1_91' title="bbox 2196 3889 3797 3963">
     <span class='ocr_line' id='line_1_95' title="bbox 2196 3889 3797 3963; baseline 0.001 -19"><span class='ocrx_word' id='word_1_749' title='bbox 2196 3890 2396 3946; x_wconf 87' lang='lat' dir='ltr'><strong>rabiles</strong></span> <span class='ocrx_word' id='word_1_750' title='bbox 2426 3890 2685 3946; x_wconf 89' lang='lat' dir='ltr'><strong>nascendi</strong></span> <span class='ocrx_word' id='word_1_751' title='bbox 2707 3892 2916 3961; x_wconf 88' lang='lat' dir='ltr'><strong>species</strong></span> <span class='ocrx_word' id='word_1_752' title='bbox 2965 3902 3246 3963; x_wconf 89' lang='lat' dir='ltr'><strong>operatum</strong></span> <span class='ocrx_word' id='word_1_753' title='bbox 3282 3890 3521 3962; x_wconf 87' lang='lat' dir='ltr'><strong>reperies</strong></span> <span class='ocrx_word' id='word_1_754' title='bbox 3550 3889 3797 3946; x_wconf 86' lang='lat' dir='ltr'><strong>Trinita-</strong></span> 
     </span>
    </p>
   </div>
   <div class='ocr_carea' id='block_1_92' title="bbox 2194 3982 3796 4054">
    <p class='ocr_par' dir='ltr' id='par_1_92' title="bbox 2194 3982 3796 4054">
     <span class='ocr_line' id='line_1_96' title="bbox 2194 3982 3796 4054; baseline 0.002 -19"><span class='ocrx_word' id='word_1_755' title='bbox 2194 3992 2328 4039; x_wconf 89' lang='lat' dir='ltr'><strong>tem.</strong></span> <span class='ocrx_word' id='word_1_756' title='bbox 2360 3982 2430 4038; x_wconf 89' lang='lat' dir='ltr'><strong>Et</strong></span> <span class='ocrx_word' id='word_1_757' title='bbox 2456 3985 2626 4054; x_wconf 86' lang='lat' dir='ltr'><strong>prima</strong></span> <span class='ocrx_word' id='word_1_758' title='bbox 2649 3995 2731 4039; x_wconf 90' lang='lat' dir='ltr'><strong>est</strong></span> <span class='ocrx_word' id='word_1_759' title='bbox 2757 3984 2993 4054; x_wconf 89' lang='lat' dir='ltr'><strong>quidem,</strong></span> <span class='ocrx_word' id='word_1_760' title='bbox 3019 3995 3048 4035; x_wconf 73' lang='grc' dir='ltr'><strong>ιι</strong></span> <span class='ocrx_word' id='word_1_761' title='bbox 3076 3983 3221 4054; x_wconf 91' lang='lat' dir='ltr'><strong>quod</strong></span> <span class='ocrx_word' id='word_1_762' title='bbox 3249 3983 3417 4038; x_wconf 85' lang='lat' dir='ltr'><strong>Adam</strong></span> <span class='ocrx_word' id='word_1_763' title='bbox 3444 3984 3705 4053; x_wconf 77' lang='lat' dir='ltr'><strong>figuratus</strong></span> <span class='ocrx_word' id='word_1_764' title='bbox 3723 4000 3796 4039; x_wconf 75' lang='lat' dir='ltr'><strong>ex</strong></span> 
     </span>
    </p>
   </div>
   <div class='ocr_carea' id='block_1_93' title="bbox 2194 4073 3798 4145">
    <p class='ocr_par' dir='ltr' id='par_1_93' title="bbox 2194 4073 3798 4145">
     <span class='ocr_line' id='line_1_97' title="bbox 2194 4073 3798 4145; baseline 0 -17"><span class='ocrx_word' id='word_1_765' title='bbox 2194 4073 2324 4128; x_wconf 90' lang='lat' dir='ltr'><strong>limo</strong></span> <span class='ocrx_word' id='word_1_766' title='bbox 2354 4080 2465 4141; x_wconf 90' lang='lat' dir='ltr'><strong>est;</strong></span> <span class='ocrx_word' id='word_1_767' title='bbox 2491 4074 2748 4139; x_wconf 90' lang='lat' dir='ltr'><strong>secunda,</strong></span> <span class='ocrx_word' id='word_1_768' title='bbox 2778 4075 2921 4145; x_wconf 91' lang='lat' dir='ltr'><strong>quod</strong></span> <span class='ocrx_word' id='word_1_769' title='bbox 2951 4074 3142 4129; x_wconf 88' lang='lat' dir='ltr'><strong>mulier</strong></span> <span class='ocrx_word' id='word_1_770' title='bbox 3162 4074 3392 4129; x_wconf 86' lang='lat' dir='ltr'><strong>formata</strong></span> <span class='ocrx_word' id='word_1_771' title='bbox 3414 4082 3497 4128; x_wconf 89' lang='lat' dir='ltr'><strong>est</strong></span> <span class='ocrx_word' id='word_1_772' title='bbox 3527 4084 3549 4111; x_wconf 74' lang='grc' dir='ltr'><strong><em>τ</em></strong></span> <span class='ocrx_word' id='word_1_773' title='bbox 3576 4089 3646 4128; x_wconf 84' lang='lat' dir='ltr'><strong>ex</strong></span> <span class='ocrx_word' id='word_1_774' title='bbox 3677 4089 3798 4128; x_wconf 82' lang='lat' dir='ltr'><strong>ma-</strong></span> 
     </span>
    </p>
   </div>
   <div class='ocr_carea' id='block_1_94' title="bbox 2195 4162 3796 4236">
    <p class='ocr_par' dir='ltr' id='par_1_94' title="bbox 2195 4162 3796 4236">
     <span class='ocr_line' id='line_1_98' title="bbox 2195 4162 3796 4236; baseline -0.001 -16"><span class='ocrx_word' id='word_1_775' title='bbox 2195 4165 2374 4231; x_wconf 85' lang='lat' dir='ltr'><strong>seulo;</strong></span> <span class='ocrx_word' id='word_1_776' title='bbox 2401 4165 2581 4230; x_wconf 90' lang='lat' dir='ltr'><strong>tertia,</strong></span> <span class='ocrx_word' id='word_1_777' title='bbox 2608 4180 2727 4236; x_wconf 64' lang='lat' dir='ltr'><strong>quae</strong></span> <span class='ocrx_word' id='word_1_778' title='bbox 2748 4173 2803 4221; x_wconf 90' lang='lat' dir='ltr'><strong>et</strong></span> <span class='ocrx_word' id='word_1_779' title='bbox 2823 4165 3061 4221; x_wconf 81' lang='lat' dir='ltr'><strong>caelestis</strong></span> <span class='ocrx_word' id='word_1_780' title='bbox 3082 4173 3184 4233; x_wconf 86' lang='lat' dir='ltr'><strong>est,</strong></span> <span class='ocrx_word' id='word_1_781' title='bbox 3216 4164 3364 4235; x_wconf 89' lang='lat' dir='ltr'><strong>quod</strong></span> <span class='ocrx_word' id='word_1_782' title='bbox 3387 4162 3634 4219; x_wconf 88' lang='lat' dir='ltr'><strong>Christus</strong></span> <span class='ocrx_word' id='word_1_783' title='bbox 3657 4181 3796 4234; x_wconf 90' lang='lat' dir='ltr'><strong>pro-</strong></span> 
     </span>
    </p>
   </div>
   <div class='ocr_carea' id='block_1_95' title="bbox 2195 4253 3801 4325">
    <p class='ocr_par' dir='ltr' id='par_1_95' title="bbox 2195 4253 3801 4325">
     <span class='ocr_line' id='line_1_99' title="bbox 2195 4253 3801 4325; baseline -0.001 -15"><span class='ocrx_word' id='word_1_784' title='bbox 2195 4256 2360 4310; x_wconf 87' lang='lat' dir='ltr'><strong>cessit</strong></span> <span class='ocrx_word' id='word_1_785' title='bbox 2382 4272 2451 4311; x_wconf 81' lang='lat' dir='ltr'><strong>ex</strong></span> <span class='ocrx_word' id='word_1_786' title='bbox 2478 4255 2706 4323; x_wconf 88' lang='lat' dir='ltr'><strong>virgine.</strong></span> <span class='ocrx_word' id='word_1_787' title='bbox 2737 4253 2875 4321; x_wconf 87' lang='lat' dir='ltr'><strong>Quid</strong></span> <span class='ocrx_word' id='word_1_788' title='bbox 2904 4255 3096 4310; x_wconf 88' lang='lat' dir='ltr'><strong>horum</strong></span> <span class='ocrx_word' id='word_1_789' title='bbox 3117 4256 3222 4325; x_wconf 82' lang='lat'><strong>35</strong></span> <span class='ocrx_word' id='word_1_790' title='bbox 3249 4271 3355 4310; x_wconf 91' lang='lat' dir='ltr'><strong>non</strong></span> <span class='ocrx_word' id='word_1_791' title='bbox 3384 4256 3619 4311; x_wconf 88' lang='lat' dir='ltr'><strong>novum?</strong></span> <span class='ocrx_word' id='word_1_792' title='bbox 3647 4253 3801 4321; x_wconf 82' lang='lat' dir='ltr'><strong>Quid</strong></span> 
     </span>
    </p>
   </div>
   <div class='ocr_carea' id='block_1_96' title="bbox 2193 4343 3802 4414">
    <p class='ocr_par' dir='ltr' id='par_1_96' title="bbox 2193 4343 3802 4414">
     <span class='ocr_line' id='line_1_100' title="bbox 2193 4343 3802 4414; baseline -0.001 -15"><span class='ocrx_word' id='word_1_793' title='bbox 2193 4345 2386 4400; x_wconf 86' lang='lat' dir='ltr'><strong>horum</strong></span> <span class='ocrx_word' id='word_1_794' title='bbox 2418 4361 2526 4400; x_wconf 90' lang='lat' dir='ltr'><strong>non</strong></span> <span class='ocrx_word' id='word_1_795' title='bbox 2553 4345 2835 4400; x_wconf 84' lang='lat' dir='ltr'><strong>mirabile?</strong></span> <span class='ocrx_word' id='word_1_796' title='bbox 2857 4343 2998 4412; x_wconf 86' lang='lat' dir='ltr'><strong>Quid</strong></span> <span class='ocrx_word' id='word_1_797' title='bbox 3024 4346 3242 4414; x_wconf 84' lang='lat' dir='ltr'><strong>borum,</strong></span> <span class='ocrx_word' id='word_1_798' title='bbox 3270 4346 3373 4400; x_wconf 88' lang='lat' dir='ltr'><strong>nisi</strong></span> <span class='ocrx_word' id='word_1_799' title='bbox 3401 4344 3560 4400; x_wconf 82' lang='lat' dir='ltr'><strong>ﬁdem</strong></span> <span class='ocrx_word' id='word_1_800' title='bbox 3599 4360 3802 4413; x_wconf 84' lang='lat' dir='ltr'><strong>sequa-</strong></span> 
     </span>
    </p>
   </div>
   <div class='ocr_carea' id='block_1_97' title="bbox 2201 4432 3803 4507">
    <p class='ocr_par' dir='ltr' id='par_1_97' title="bbox 2201 4432 3803 4507">
     <span class='ocr_line' id='line_1_101' title="bbox 2201 4432 3803 4507; baseline -0.002 -16"><span class='ocrx_word' id='word_1_801' title='bbox 2201 4453 2341 4498; x_wconf 89' lang='lat' dir='ltr'><strong>mur,</strong></span> <span class='ocrx_word' id='word_1_802' title='bbox 2394 4435 2670 4507; x_wconf 88' lang='lat' dir='ltr'><strong>inquisitio</strong></span> <span class='ocrx_word' id='word_1_803' title='bbox 2724 4435 2925 4507; x_wconf 85' lang='lat' dir='ltr'><strong>poterit</strong></span> <span class='ocrx_word' id='word_1_804' title='bbox 2974 4436 3208 4493; x_wconf 87' lang='lat' dir='ltr'><strong>humana</strong></span> <span class='ocrx_word' id='word_1_805' title='bbox 3263 4434 3587 4504; x_wconf 85' lang='lat' dir='ltr'><strong>complecti?</strong></span> <span class='ocrx_word' id='word_1_806' title='bbox 3636 4432 3803 4499; x_wconf 88' lang='lat' dir='ltr'><strong>Quod</strong></span> 
     </span>
    </p>
   </div>
   <div class='ocr_carea' id='block_1_98' title="bbox 2200 4523 3801 4599">
    <p class='ocr_par' dir='ltr' id='par_1_98' title="bbox 2200 4523 3801 4599">
     <span class='ocr_line' id='line_1_102' title="bbox 2200 4523 3801 4599; baseline -0.003 -18"><span class='ocrx_word' id='word_1_807' title='bbox 2200 4535 2381 4582; x_wconf 89' lang='lat' dir='ltr'><strong>autem</strong></span> <span class='ocrx_word' id='word_1_808' title='bbox 2407 4527 2637 4599; x_wconf 87' lang='lat' dir='ltr'><strong>mystico</strong></span> <span class='ocrx_word' id='word_1_809' title='bbox 2676 4527 2782 4582; x_wconf 90' lang='lat' dir='ltr'><strong>hoc</strong></span> <span class='ocrx_word' id='word_1_810' title='bbox 2805 4534 3072 4596; x_wconf 89' lang='lat' dir='ltr'><strong>conceptu</strong></span> <span class='ocrx_word' id='word_1_811' title='bbox 3101 4526 3319 4581; x_wconf 86' lang='lat' dir='ltr'><strong>visitare</strong></span> <span class='ocrx_word' id='word_1_812' title='bbox 3346 4523 3610 4579; x_wconf 89' lang='lat' dir='ltr'><strong>mundum</strong></span> <span class='ocrx_word' id='word_1_813' title='bbox 3631 4539 3801 4577; x_wconf 85' lang='lat' dir='ltr'><strong>suum</strong></span> 
     </span>
    </p>
   </div>
   <div class='ocr_carea' id='block_1_99' title="bbox 2202 4615 3804 4691">
    <p class='ocr_par' dir='ltr' id='par_1_99' title="bbox 2202 4615 3804 4691">
     <span class='ocr_line' id='line_1_103' title="bbox 2202 4615 3804 4691; baseline -0.002 -16"><span class='ocrx_word' id='word_1_814' title='bbox 2202 4620 2295 4676; x_wconf 89' lang='lat' dir='ltr'><strong>Dei</strong></span> <span class='ocrx_word' id='word_1_815' title='bbox 2333 4619 2580 4691; x_wconf 87' lang='lat' dir='ltr'><strong>dignatus</strong></span> <span class='ocrx_word' id='word_1_816' title='bbox 2604 4628 2687 4676; x_wconf 90' lang='lat' dir='ltr'><strong>est</strong></span> <span class='ocrx_word' id='word_1_817' title='bbox 2715 4619 2898 4687; x_wconf 86' lang='lat' dir='ltr'><strong>Filius,</strong></span> <span class='ocrx_word' id='word_1_818' title='bbox 2930 4627 3125 4675; x_wconf 62' lang='lat' dir='ltr'><strong>nostrae</strong></span> <span class='ocrx_word' id='word_1_819' title='bbox 3152 4619 3256 4673; x_wconf 92' lang='lat' dir='ltr'><strong>hoc</strong></span> <span class='ocrx_word' id='word_1_820' title='bbox 3275 4617 3463 4672; x_wconf 89' lang='lat' dir='ltr'><strong>salutis</strong></span> <span class='ocrx_word' id='word_1_821' title='bbox 3490 4615 3804 4671; x_wconf 86' lang='lat' dir='ltr'><strong>necessitas</strong></span> 
     </span>
    </p>
   </div>
   <div class='ocr_carea' id='block_1_100' title="bbox 2126 4772 3801 4845">
    <p class='ocr_par' dir='ltr' id='par_1_100' title="bbox 2126 4772 3801 4845">
     <span class='ocr_line' id='line_1_104' title="bbox 2126 4772 3801 4845; baseline 0.002 -20"><span class='ocrx_word' id='word_1_822' title='bbox 2126 4779 2175 4839; x_wconf 82' lang='grc' dir='ltr'><strong>ι)</strong></span> <span class='ocrx_word' id='word_1_823' title='bbox 2273 4776 2286 4825; x_wconf 81' lang='lat' dir='ltr'><strong>i</strong></span> <span class='ocrx_word' id='word_1_824' title='bbox 2328 4775 2496 4830; x_wconf 67' lang='lat' dir='ltr'><strong>Cod].</strong></span> <span class='ocrx_word' id='word_1_825' title='bbox 2526 4776 2700 4832; x_wconf 84' lang='lat' dir='ltr'><strong>Vatic.</strong></span> <span class='ocrx_word' id='word_1_826' title='bbox 2728 4775 2860 4845; x_wconf 83' lang='lat' dir='ltr'><strong>Reg.</strong></span> <span class='ocrx_word' id='word_1_827' title='bbox 2895 4773 3052 4840; x_wconf 72' lang='lat'><strong>1267,</strong></span> <span class='ocrx_word' id='word_1_828' title='bbox 3085 4773 3297 4829; x_wconf 84' lang='lat' dir='ltr'><strong>Martia.</strong></span> <span class='ocrx_word' id='word_1_829' title='bbox 3328 4780 3385 4829; x_wconf 90' lang='lat' dir='ltr'><strong>et</strong></span> <span class='ocrx_word' id='word_1_830' title='bbox 3430 4772 3801 4841; x_wconf 87' lang='lat' dir='ltr'><strong>Camberon.,</strong></span> 
     </span>
    </p>
   </div>
   <div class='ocr_carea' id='block_1_101' title="bbox 2200 4847 2456 4899">
    <p class='ocr_par' dir='ltr' id='par_1_101' title="bbox 2200 4847 2456 4899">
     <span class='ocr_line' id='line_1_105' title="bbox 2200 4847 2456 4899; baseline 0.004 -1"><span class='ocrx_word' id='word_1_831' title='bbox 2200 4847 2456 4899; x_wconf 84' lang='lat' dir='ltr'><strong>virtutem.</strong></span> 
     </span>
    </p>
   </div>
   <div class='ocr_carea' id='block_1_102' title="bbox 2270 4911 3615 4984">
    <p class='ocr_par' dir='ltr' id='par_1_102' title="bbox 2270 4911 3615 4984">
     <span class='ocr_line' id='line_1_106' title="bbox 2270 4911 3615 4984; baseline -0.003 -15"><span class='ocrx_word' id='word_1_832' title='bbox 2270 4914 2292 4952; x_wconf 71' lang='lat'><strong>&quot;</strong></span> <span class='ocrx_word' id='word_1_833' title='bbox 2325 4914 2467 4969; x_wconf 87' lang='lat' dir='ltr'><strong>Edit.</strong></span> <span class='ocrx_word' id='word_1_834' title='bbox 2502 4913 2668 4970; x_wconf 87' lang='lat' dir='ltr'><strong>Paris.</strong></span> <span class='ocrx_word' id='word_1_835' title='bbox 2702 4914 2757 4969; x_wconf 85' lang='lat' dir='ltr'><strong>S.</strong></span> <span class='ocrx_word' id='word_1_836' title='bbox 2790 4915 3033 4968; x_wconf 80' lang='lat' dir='ltr'><strong>Ambros.</strong></span> <span class='ocrx_word' id='word_1_837' title='bbox 3060 4911 3325 4976; x_wconf 73' lang='lat' dir='ltr'><strong>an.1690,</strong></span> <span class='ocrx_word' id='word_1_838' title='bbox 3357 4911 3615 4984; x_wconf 77' lang='lat' dir='ltr'><strong>prwtexit.</strong></span> 
     </span>
    </p>
   </div>
   <div class='ocr_carea' id='block_1_103' title="bbox 2272 4983 3320 5056">
    <p class='ocr_par' dir='ltr' id='par_1_103' title="bbox 2272 4983 3320 5056">
     <span class='ocr_line' id='line_1_107' title="bbox 2272 4983 3320 5056; baseline -0.003 -17"><span class='ocrx_word' id='word_1_839' title='bbox 2272 4983 2289 5023; x_wconf 81' lang='grc' dir='ltr'>ι</span> <span class='ocrx_word' id='word_1_840' title='bbox 2323 4984 2455 5056; x_wconf 59' lang='lat' dir='ltr'><strong>Qad,</strong></span> <span class='ocrx_word' id='word_1_841' title='bbox 2492 4984 2610 5056; x_wconf 79' lang='lat' dir='ltr'><strong>Vat.</strong></span> <span class='ocrx_word' id='word_1_842' title='bbox 2647 4985 2814 5038; x_wconf 75' lang='lat' dir='ltr'><strong>l‘alat.</strong></span> <span class='ocrx_word' id='word_1_843' title='bbox 2843 4983 2976 5048; x_wconf 71' lang='grc'><strong>455,</strong></span> <span class='ocrx_word' id='word_1_844' title='bbox 3008 4984 3320 5056; x_wconf 77' lang='lat' dir='ltr'><strong>confundas.</strong></span> 
     </span>
    </p>
   </div>
   <div class='ocr_carea' id='block_1_104' title="bbox 2269 5054 2995 5114">
    <p class='ocr_par' dir='ltr' id='par_1_104' title="bbox 2269 5054 2995 5114">
     <span class='ocr_line' id='line_1_108' title="bbox 2269 5054 2995 5114; baseline -0.003 -5"><span class='ocrx_word' id='word_1_845' title='bbox 2269 5066 2307 5092; x_wconf 80' lang='grc' dir='ltr'>ω</span> <span class='ocrx_word' id='word_1_846' title='bbox 2336 5054 2468 5109; x_wconf 87' lang='lat' dir='ltr'><strong>Cod.</strong></span> <span class='ocrx_word' id='word_1_847' title='bbox 2505 5054 2741 5114; x_wconf 56' lang='lat' dir='ltr'><strong>Martia.</strong></span> <span class='ocrx_word' id='word_1_848' title='bbox 2772 5056 2854 5108; x_wconf 81' lang='lat' dir='ltr'><strong>An</strong></span> <span class='ocrx_word' id='word_1_849' title='bbox 2874 5071 2995 5108; x_wconf 85' lang='lat' dir='ltr'><strong>non.</strong></span> 
     </span>
    </p>
   </div>
   <div class='ocr_carea' id='block_1_105' title="bbox 2269 5123 3243 5194">
    <p class='ocr_par' dir='ltr' id='par_1_105' title="bbox 2269 5123 3243 5194">
     <span class='ocr_line' id='line_1_109' title="bbox 2269 5123 3243 5194; baseline 0.002 -17"><span class='ocrx_word' id='word_1_850' title='bbox 2269 5134 2295 5161; x_wconf 80' lang='grc' dir='ltr'><strong>ιι</strong></span> <span class='ocrx_word' id='word_1_851' title='bbox 2324 5125 2466 5180; x_wconf 78' lang='lat' dir='ltr'><strong>Hem</strong></span> <span class='ocrx_word' id='word_1_852' title='bbox 2488 5125 2608 5194; x_wconf 71' lang='lat' dir='ltr'><strong>cod.</strong></span> <span class='ocrx_word' id='word_1_853' title='bbox 2632 5123 2793 5185; x_wconf 75' lang='grc'><strong>4951,</strong></span> <span class='ocrx_word' id='word_1_854' title='bbox 2816 5125 2916 5177; x_wconf 83' lang='lat' dir='ltr'><strong>Aut</strong></span> <span class='ocrx_word' id='word_1_855' title='bbox 2944 5141 3050 5194; x_wconf 84' lang='lat' dir='ltr'><strong>non</strong></span> <span class='ocrx_word' id='word_1_856' title='bbox 3076 5134 3243 5194; x_wconf 79' lang='lat' dir='ltr'><strong>putes.</strong></span> 
     </span>
    </p>
   </div>
   <div class='ocr_carea' id='block_1_106' title="bbox 2276 5192 3269 5257">
    <p class='ocr_par' dir='ltr' id='par_1_106' title="bbox 2276 5192 3269 5257">
     <span class='ocr_line' id='line_1_110' title="bbox 2276 5192 3269 5257; baseline -0.002 -7"><span class='ocrx_word' id='word_1_857' title='bbox 2276 5207 2301 5232; x_wconf 86' lang='grc' dir='ltr'>υ</span> <span class='ocrx_word' id='word_1_858' title='bbox 2331 5195 2462 5250; x_wconf 87' lang='lat' dir='ltr'><strong>Cod.</strong></span> <span class='ocrx_word' id='word_1_859' title='bbox 2491 5192 2683 5257; x_wconf 88' lang='lat' dir='ltr'><strong>Palat.,</strong></span> <span class='ocrx_word' id='word_1_860' title='bbox 2716 5210 2899 5249; x_wconf 84' lang='lat' dir='ltr'><strong>novum</strong></span> <span class='ocrx_word' id='word_1_861' title='bbox 2927 5193 3019 5247; x_wconf 87' lang='lat' dir='ltr'><strong>tibi</strong></span> <span class='ocrx_word' id='word_1_862' title='bbox 3039 5192 3269 5257; x_wconf 77' lang='lat' dir='ltr'><strong>puerum.</strong></span> 
     </span>
    </p>
   </div>
   <div class='ocr_carea' id='block_1_107' title="bbox 2274 5260 3807 5332">
    <p class='ocr_par' dir='ltr' id='par_1_107' title="bbox 2274 5260 3807 5332">
     <span class='ocr_line' id='line_1_111' title="bbox 2274 5260 3807 5332; baseline 0.003 -17"><span class='ocrx_word' id='word_1_863' title='bbox 2274 5276 2301 5315; x_wconf 77' lang='grc' dir='ltr'><strong>Ρ</strong></span> <span class='ocrx_word' id='word_1_864' title='bbox 2329 5264 2498 5319; x_wconf 88' lang='lat' dir='ltr'><strong>Codd.</strong></span> <span class='ocrx_word' id='word_1_865' title='bbox 2525 5264 2633 5318; x_wconf 83' lang='lat' dir='ltr'><strong>Ott.</strong></span> <span class='ocrx_word' id='word_1_866' title='bbox 2662 5266 2782 5318; x_wconf 87' lang='lat' dir='ltr'><strong>Vat.</strong></span> <span class='ocrx_word' id='word_1_867' title='bbox 2828 5264 2930 5318; x_wconf 79' lang='lat' dir='ltr'><strong>7T5</strong></span> <span class='ocrx_word' id='word_1_868' title='bbox 2954 5272 3010 5318; x_wconf 87' lang='lat' dir='ltr'><strong>et</strong></span> <span class='ocrx_word' id='word_1_869' title='bbox 3035 5260 3207 5319; x_wconf 81' lang='lat' dir='ltr'><strong>Vatie.</strong></span> <span class='ocrx_word' id='word_1_870' title='bbox 3240 5262 3397 5327; x_wconf 68' lang='lat'><strong>19.67,</strong></span> <span class='ocrx_word' id='word_1_871' title='bbox 3442 5263 3503 5319; x_wconf 90' lang='lat' dir='ltr'><strong>Si</strong></span> <span class='ocrx_word' id='word_1_872' title='bbox 3534 5260 3807 5332; x_wconf 82' lang='lat' dir='ltr'><strong>Omnipo-</strong></span> 
     </span>
    </p>
   </div>
   <div class='ocr_carea' id='block_1_108' title="bbox 2197 5335 3810 5404">
    <p class='ocr_par' dir='ltr' id='par_1_108' title="bbox 2197 5335 3810 5404">
     <span class='ocr_line' id='line_1_112' title="bbox 2197 5335 3810 5404; baseline 0.001 -17"><span class='ocrx_word' id='word_1_873' title='bbox 2197 5336 2371 5397; x_wconf 82' lang='lat' dir='ltr'><strong>tentis,</strong></span> <span class='ocrx_word' id='word_1_874' title='bbox 2396 5352 2425 5387; x_wconf 93' lang='grc' dir='ltr'>ο</span> <span class='ocrx_word' id='word_1_875' title='bbox 2447 5335 2616 5397; x_wconf 78' lang='lat' dir='ltr'><strong>homo,</strong></span> <span class='ocrx_word' id='word_1_876' title='bbox 2649 5336 2702 5388; x_wconf 86' lang='lat' dir='ltr'><strong>in</strong></span> <span class='ocrx_word' id='word_1_877' title='bbox 2724 5336 2818 5388; x_wconf 86' lang='lat' dir='ltr'><strong>tali</strong></span> <span class='ocrx_word' id='word_1_878' title='bbox 2844 5335 3048 5404; x_wconf 82' lang='lat' dir='ltr'><strong>negotio</strong></span> <span class='ocrx_word' id='word_1_879' title='bbox 3066 5335 3377 5389; x_wconf 80' lang='lat' dir='ltr'><strong>voluntatem</strong></span> <span class='ocrx_word' id='word_1_880' title='bbox 3406 5350 3518 5388; x_wconf 82' lang='lat' dir='ltr'><strong>esse</strong></span> <span class='ocrx_word' id='word_1_881' title='bbox 3545 5335 3810 5388; x_wconf 73' lang='lat' dir='ltr'><strong>conside-</strong></span> 
     </span>
    </p>
   </div>
   <div class='ocr_carea' id='block_1_109' title="bbox 2196 5406 3002 5473">
    <p class='ocr_par' dir='ltr' id='par_1_109' title="bbox 2196 5406 3002 5473">
     <span class='ocr_line' id='line_1_113' title="bbox 2196 5406 3002 5473; baseline -0.004 -14"><span class='ocrx_word' id='word_1_882' title='bbox 2196 5423 2305 5468; x_wconf 85' lang='lat' dir='ltr'><strong>ras,</strong></span> <span class='ocrx_word' id='word_1_883' title='bbox 2331 5406 2394 5459; x_wconf 84' lang='lat' dir='ltr'><strong>de</strong></span> <span class='ocrx_word' id='word_1_884' title='bbox 2421 5421 2572 5473; x_wconf 69' lang='lat' dir='ltr'><strong>opere</strong></span> <span class='ocrx_word' id='word_1_885' title='bbox 2597 5421 2687 5458; x_wconf 85' lang='lat' dir='ltr'><strong>cur</strong></span> <span class='ocrx_word' id='word_1_886' title='bbox 2714 5406 3002 5458; x_wconf 85' lang='lat' dir='ltr'><strong>retractas?</strong></span> 
     </span>
    </p>
   </div>
   <div class='ocr_carea' id='block_1_110' title="bbox 2272 5471 3803 5546">
    <p class='ocr_par' dir='ltr' id='par_1_110' title="bbox 2272 5471 3803 5546">
     <span class='ocr_line' id='line_1_114' title="bbox 2272 5471 3803 5546; baseline 0.001 -21"><span class='ocrx_word' id='word_1_887' title='bbox 2272 5487 2300 5525; x_wconf 81' lang='lat' dir='ltr'><strong>q</strong></span> <span class='ocrx_word' id='word_1_888' title='bbox 2322 5471 2461 5530; x_wconf 73' lang='lat' dir='ltr'><strong>Cod.</strong></span> <span class='ocrx_word' id='word_1_889' title='bbox 2479 5471 2589 5528; x_wconf 86' lang='lat' dir='ltr'><strong>Ott.</strong></span> <span class='ocrx_word' id='word_1_890' title='bbox 2618 5473 2738 5528; x_wconf 87' lang='lat' dir='ltr'><strong>Vat.</strong></span> <span class='ocrx_word' id='word_1_891' title='bbox 2776 5473 2895 5539; x_wconf 75' lang='lat'><strong>775,</strong></span> <span class='ocrx_word' id='word_1_892' title='bbox 2926 5473 3064 5546; x_wconf 85' lang='lat' dir='ltr'><strong>quod</strong></span> <span class='ocrx_word' id='word_1_893' title='bbox 3090 5475 3345 5546; x_wconf 79' lang='lat' dir='ltr'><strong>formatus</strong></span> <span class='ocrx_word' id='word_1_894' title='bbox 3381 5481 3457 5527; x_wconf 90' lang='lat' dir='ltr'><strong>est</strong></span> <span class='ocrx_word' id='word_1_895' title='bbox 3502 5473 3671 5526; x_wconf 81' lang='lat' dir='ltr'><strong>Adam</strong></span> <span class='ocrx_word' id='word_1_896' title='bbox 3731 5492 3803 5527; x_wconf 61' lang='lat' dir='ltr'><strong>ea</strong></span> 
     </span>
    </p>
   </div>
   <div class='ocr_carea' id='block_1_111' title="bbox 2192 5547 2339 5600">
    <p class='ocr_par' dir='ltr' id='par_1_111' title="bbox 2192 5547 2339 5600">
     <span class='ocr_line' id='line_1_115' title="bbox 2192 5547 2339 5600; baseline -0.007 -1"><span class='ocrx_word' id='word_1_897' title='bbox 2192 5547 2339 5600; x_wconf 88' lang='lat' dir='ltr'><strong>limo.</strong></span> 
     </span>
    </p>
   </div>
   <div class='ocr_carea' id='block_1_112' title="bbox 2275 5612 3812 5681">
    <p class='ocr_par' dir='ltr' id='par_1_112' title="bbox 2275 5612 3812 5681">
     <span class='ocr_line' id='line_1_116' title="bbox 2275 5612 3812 5681; baseline -0.007 -10"><span class='ocrx_word' id='word_1_898' title='bbox 2275 5626 2295 5653; x_wconf 72' lang='grc' dir='ltr'><em>τ</em></span> <span class='ocrx_word' id='word_1_899' title='bbox 2328 5615 2457 5671; x_wconf 87' lang='lat' dir='ltr'><strong>Item</strong></span> <span class='ocrx_word' id='word_1_900' title='bbox 2483 5614 2626 5681; x_wconf 90' lang='lat' dir='ltr'><strong>cod.,</strong></span> <span class='ocrx_word' id='word_1_901' title='bbox 2658 5614 2722 5669; x_wconf 83' lang='lat' dir='ltr'><strong>de</strong></span> <span class='ocrx_word' id='word_1_902' title='bbox 2748 5614 3010 5673; x_wconf 81' lang='lat' dir='ltr'><strong>masculo:</strong></span> <span class='ocrx_word' id='word_1_903' title='bbox 3042 5615 3191 5667; x_wconf 83' lang='lat' dir='ltr'><strong>tertia</strong></span> <span class='ocrx_word' id='word_1_904' title='bbox 3223 5630 3337 5681; x_wconf 76' lang='lat' dir='ltr'><strong>qua:</strong></span> <span class='ocrx_word' id='word_1_905' title='bbox 3383 5612 3605 5666; x_wconf 76' lang='lat' dir='ltr'><strong>cmlestis</strong></span> <span class='ocrx_word' id='word_1_906' title='bbox 3627 5613 3812 5666; x_wconf 73' lang='lat' dir='ltr'><strong>erati-</strong></span> 
     </span>
    </p>
   </div>
   <div class='ocr_carea' id='block_1_113' title="bbox 2202 5682 3811 5745">
    <p class='ocr_par' dir='ltr' id='par_1_113' title="bbox 2202 5682 3811 5745">
     <span class='ocr_line' id='line_1_117' title="bbox 2202 5682 3811 5745; baseline 0 -8"><span class='ocrx_word' id='word_1_907' title='bbox 2202 5694 2283 5742; x_wconf 80' lang='lat' dir='ltr'><strong>nt.</strong></span> <span class='ocrx_word' id='word_1_908' title='bbox 2318 5695 2423 5741; x_wconf 87' lang='lat' dir='ltr'><strong>etc.</strong></span> <span class='ocrx_word' id='word_1_909' title='bbox 2457 5685 2624 5740; x_wconf 84' lang='lat' dir='ltr'><strong>Totus</strong></span> <span class='ocrx_word' id='word_1_910' title='bbox 2651 5685 2739 5739; x_wconf 90' lang='lat' dir='ltr'><strong>hic</strong></span> <span class='ocrx_word' id='word_1_911' title='bbox 2767 5685 2916 5739; x_wconf 89' lang='lat' dir='ltr'><strong>locus</strong></span> <span class='ocrx_word' id='word_1_912' title='bbox 2944 5684 3164 5739; x_wconf 76' lang='lat' dir='ltr'><strong>allertur</strong></span> <span class='ocrx_word' id='word_1_913' title='bbox 3204 5682 3271 5736; x_wconf 83' lang='lat' dir='ltr'><strong>ab</strong></span> <span class='ocrx_word' id='word_1_914' title='bbox 3299 5691 3517 5736; x_wconf 86' lang='lat' dir='ltr'><strong>auctore</strong></span> <span class='ocrx_word' id='word_1_915' title='bbox 3550 5682 3667 5745; x_wconf 62' lang='lat' dir='ltr'><strong>est,</strong></span> <span class='ocrx_word' id='word_1_916' title='bbox 3700 5698 3811 5737; x_wconf 60' lang='lat' dir='ltr'><strong>uso</strong></span> 
     </span>
    </p>
   </div>
   <div class='ocr_carea' id='block_1_114' title="bbox 2198 5751 3540 5827">
    <p class='ocr_par' dir='ltr' id='par_1_114' title="bbox 2198 5751 3540 5827">
     <span class='ocr_line' id='line_1_118' title="bbox 2198 5751 3540 5827; baseline -0.004 -18"><span class='ocrx_word' id='word_1_917' title='bbox 2198 5770 2305 5824; x_wconf 83' lang='lat' dir='ltr'><strong>que</strong></span> <span class='ocrx_word' id='word_1_918' title='bbox 2326 5757 2392 5811; x_wconf 88' lang='lat' dir='ltr'><strong>ad</strong></span> <span class='ocrx_word' id='word_1_919' title='bbox 2422 5756 2509 5810; x_wconf 86' lang='lat' dir='ltr'><strong>illa</strong></span> <span class='ocrx_word' id='word_1_920' title='bbox 2537 5774 2546 5809; x_wconf 90' lang='lat'>:</span> <span class='ocrx_word' id='word_1_921' title='bbox 2577 5754 2714 5827; x_wconf 85' lang='lat' dir='ltr'><strong>quod</strong></span> <span class='ocrx_word' id='word_1_922' title='bbox 2736 5756 2978 5810; x_wconf 74' lang='lat' dir='ltr'><strong>nativitas</strong></span> <span class='ocrx_word' id='word_1_923' title='bbox 3009 5764 3208 5808; x_wconf 82' lang='lat' dir='ltr'><strong>terrena</strong></span> <span class='ocrx_word' id='word_1_924' title='bbox 3223 5751 3540 5822; x_wconf 75' lang='lat' dir='ltr'><strong>perdiderat.</strong></span> 
     </span>
    </p>
   </div>
  </div>
