  <div class='ocr_page' id='page_1' title='image "/cluster/home/n/w/nwhite01/storage/ocr_20150623/57/hvd.32044054758669/140.png"; bbox 0 0 4042 6192; ppageno 0'>
   <div class='ocr_carea' id='block_1_1' title="bbox 270 331 2088 396">
    <p class='ocr_par' dir='ltr' id='par_1_1' title="bbox 270 331 2088 396">
     <span class='ocr_line' id='line_1_1' title="bbox 270 331 2088 396; baseline 0.008 -13"><span class='ocrx_word' id='word_1_1' title='bbox 270 331 360 384; x_wconf 71' lang='grc'>219</span> <span class='ocrx_word' id='word_1_2' title='bbox 1640 340 1918 396; x_wconf 75' lang='lat' dir='ltr'>IIOMILIA</span> <span class='ocrx_word' id='word_1_3' title='bbox 1960 342 2088 396; x_wconf 73' lang='lat' dir='ltr'>XIII.</span> 
     </span>
    </p>
   </div>
   <div class='ocr_carea' id='block_1_2' title="bbox 3413 355 3520 413">
    <p class='ocr_par' dir='ltr' id='par_1_2' title="bbox 3413 355 3520 413">
     <span class='ocr_line' id='line_1_2' title="bbox 3413 355 3520 413; baseline -0.009 0"><span class='ocrx_word' id='word_1_4' title='bbox 3413 355 3520 413; x_wconf 75' lang='lat'><strong>250</strong></span> 
     </span>
    </p>
   </div>
   <div class='ocr_carea' id='block_1_3' title="bbox 271 439 3519 530">
    <p class='ocr_par' dir='ltr' id='par_1_3' title="bbox 271 439 3519 530">
     <span class='ocr_line' id='line_1_3' title="bbox 271 439 3519 530; baseline 0.008 -37"><span class='ocrx_word' id='word_1_5' title='bbox 271 439 555 507; x_wconf 88' lang='lat' dir='ltr'><strong>Ilagitabat;</strong></span> <span class='ocrx_word' id='word_1_6' title='bbox 604 442 880 530; x_wconf 81' lang='lat' dir='ltr'><strong>nimirum,</strong></span> <span class='ocrx_word' id='word_1_7' title='bbox 920 450 976 496; x_wconf 93' lang='lat' dir='ltr'><strong>ut</strong></span> <span class='ocrx_word' id='word_1_8' title='bbox 1019 443 1250 498; x_wconf 73' lang='lat' dir='ltr'><strong>cwlcstis</strong></span> <span class='ocrx_word' id='word_1_9' title='bbox 1299 445 1514 499; x_wconf 91' lang='lat' dir='ltr'><strong>tandem</strong></span> <span class='ocrx_word' id='word_1_10' title='bbox 1552 451 1829 515; x_wconf 79' lang='lat' dir='ltr'><strong>generatio</strong></span> <span class='ocrx_word' id='word_1_11' title='bbox 1863 464 1905 514; x_wconf 72' lang='grc' dir='ltr'><strong>Α</strong></span> <span class='ocrx_word' id='word_1_12' title='bbox 1933 454 2168 507; x_wconf 78' lang='lat' dir='ltr'><strong>satiavit.</strong></span> <span class='ocrx_word' id='word_1_13' title='bbox 2203 453 2340 519; x_wconf 84' lang='lat' dir='ltr'><strong>Quid</strong></span> <span class='ocrx_word' id='word_1_14' title='bbox 2394 455 2522 509; x_wconf 91' lang='lat' dir='ltr'><strong>illud</strong></span> <span class='ocrx_word' id='word_1_15' title='bbox 2569 456 2842 526; x_wconf 84' lang='lat' dir='ltr'><strong>adjiciam,</strong></span> <span class='ocrx_word' id='word_1_16' title='bbox 2873 459 3019 527; x_wconf 89' lang='lat' dir='ltr'><strong>quod</strong></span> <span class='ocrx_word' id='word_1_17' title='bbox 3063 459 3231 517; x_wconf 87' lang='lat' dir='ltr'><strong>Deum</strong></span> <span class='ocrx_word' id='word_1_18' title='bbox 3264 463 3431 530; x_wconf 89' lang='lat' dir='ltr'><strong>illum,</strong></span> <span class='ocrx_word' id='word_1_19' title='bbox 3463 477 3519 521; x_wconf 81' lang='lat' dir='ltr'><strong>et</strong></span> 
     </span>
    </p>
   </div>
   <div class='ocr_carea' id='block_1_4' title="bbox 269 529 1830 604">
    <p class='ocr_par' dir='ltr' id='par_1_4' title="bbox 269 529 1830 604">
     <span class='ocr_line' id='line_1_4' title="bbox 269 529 1830 604; baseline 0.006 -20"><span class='ocrx_word' id='word_1_20' title='bbox 269 539 548 600; x_wconf 76' lang='lat' dir='ltr'><strong>repararet,</strong></span> <span class='ocrx_word' id='word_1_21' title='bbox 591 529 739 598; x_wconf 82' lang='lat' dir='ltr'><strong>quod</strong></span> <span class='ocrx_word' id='word_1_22' title='bbox 790 532 1040 586; x_wconf 88' lang='lat' dir='ltr'><strong>nativitas</strong></span> <span class='ocrx_word' id='word_1_23' title='bbox 1088 543 1298 587; x_wconf 87' lang='lat' dir='ltr'><strong>terrena</strong></span> <span class='ocrx_word' id='word_1_24' title='bbox 1345 535 1672 604; x_wconf 83' lang='lat' dir='ltr'><strong>perdiderat.</strong></span> <span class='ocrx_word' id='word_1_25' title='bbox 1724 539 1830 593; x_wconf 78' lang='lat' dir='ltr'><strong>Sed</strong></span> 
     </span>
    </p>
   </div>
   <div class='ocr_carea' id='block_1_5' title="bbox 270 619 1830 695">
    <p class='ocr_par' dir='ltr' id='par_1_5' title="bbox 270 619 1830 695">
     <span class='ocr_line' id='line_1_5' title="bbox 270 619 1830 695; baseline 0.006 -23"><span class='ocrx_word' id='word_1_26' title='bbox 270 619 495 674; x_wconf 76' lang='lat' dir='ltr'><strong>fortassis</strong></span> <span class='ocrx_word' id='word_1_27' title='bbox 523 621 686 686; x_wconf 90' lang='lat' dir='ltr'><strong>hunc,</strong></span> <span class='ocrx_word' id='word_1_28' title='bbox 709 622 799 688; x_wconf 92' lang='lat' dir='ltr'><strong>qui</strong></span> <span class='ocrx_word' id='word_1_29' title='bbox 823 629 982 676; x_wconf 89' lang='lat' dir='ltr'><strong>natus</strong></span> <span class='ocrx_word' id='word_1_30' title='bbox 1003 623 1323 691; x_wconf 71' lang='lat' dir='ltr'><strong>prmdicatur</strong></span> <span class='ocrx_word' id='word_1_31' title='bbox 1351 642 1415 678; x_wconf 80' lang='lat' dir='ltr'><strong>ex</strong></span> <span class='ocrx_word' id='word_1_32' title='bbox 1446 624 1663 695; x_wconf 81' lang='lat' dir='ltr'><strong>femina,</strong></span> <span class='ocrx_word' id='word_1_33' title='bbox 1704 628 1830 682; x_wconf 91' lang='lat' dir='ltr'><strong>dum</strong></span> 
     </span>
    </p>
   </div>
   <div class='ocr_carea' id='block_1_6' title="bbox 269 711 1829 783">
    <p class='ocr_par' dir='ltr' id='par_1_6' title="bbox 269 711 1829 783">
     <span class='ocr_line' id='line_1_6' title="bbox 269 711 1829 783; baseline 0.007 -21"><span class='ocrx_word' id='word_1_34' title='bbox 269 711 447 765; x_wconf 84' lang='lat' dir='ltr'><strong>vilibus</strong></span> <span class='ocrx_word' id='word_1_35' title='bbox 459 711 766 764; x_wconf 81' lang='lat' dir='ltr'><strong>obvolvitur</strong></span> <span class='ocrx_word' id='word_1_36' title='bbox 787 713 996 780; x_wconf 89' lang='lat' dir='ltr'><strong>pannis,</strong></span> <span class='ocrx_word' id='word_1_37' title='bbox 1020 713 1142 766; x_wconf 91' lang='lat' dir='ltr'><strong>dum</strong></span> <span class='ocrx_word' id='word_1_38' title='bbox 1155 713 1337 783; x_wconf 83' lang='lat' dir='ltr'><strong>jacere</strong></span> <span class='ocrx_word' id='word_1_39' title='bbox 1360 725 1646 772; x_wconf 89' lang='lat' dir='ltr'><strong>contentus</strong></span> <span class='ocrx_word' id='word_1_40' title='bbox 1666 729 1748 772; x_wconf 89' lang='lat' dir='ltr'><strong>est</strong></span> <span class='ocrx_word' id='word_1_41' title='bbox 1776 721 1829 773; x_wconf 93' lang='lat' dir='ltr'><strong>in</strong></span> 
     </span>
    </p>
   </div>
   <div class='ocr_carea' id='block_1_7' title="bbox 270 799 1828 878">
    <p class='ocr_par' dir='ltr' id='par_1_7' title="bbox 270 799 1828 878">
     <span class='ocr_line' id='line_1_7' title="bbox 270 799 1828 878; baseline 0.008 -27"><span class='ocrx_word' id='word_1_42' title='bbox 270 814 516 869; x_wconf 78' lang='lat' dir='ltr'><strong>pnesepe,</strong></span> <span class='ocrx_word' id='word_1_43' title='bbox 547 799 675 853; x_wconf 88' lang='lat' dir='ltr'><strong>dum</strong></span> <span class='ocrx_word' id='word_1_44' title='bbox 723 801 1036 872; x_wconf 84' lang='lat' dir='ltr'><strong>Iacrymosis</strong></span> <span class='ocrx_word' id='word_1_45' title='bbox 1078 806 1337 872; x_wconf 82' lang='lat' dir='ltr'><strong>vagitibus</strong></span> <span class='ocrx_word' id='word_1_46' title='bbox 1363 817 1674 878; x_wconf 75' lang='lat' dir='ltr'><strong>concrepat,</strong></span> <span class='ocrx_word' id='word_1_47' title='bbox 1703 809 1828 864; x_wconf 91' lang='lat' dir='ltr'><strong>dum</strong></span> 
     </span>
    </p>
   </div>
   <div class='ocr_carea' id='block_1_8' title="bbox 267 891 1828 961">
    <p class='ocr_par' dir='ltr' id='par_1_8' title="bbox 267 891 1828 961">
     <span class='ocr_line' id='line_1_8' title="bbox 267 891 1828 961; baseline 0.006 -16"><span class='ocrx_word' id='word_1_48' title='bbox 267 891 508 945; x_wconf 87' lang='lat' dir='ltr'><strong>maternis</strong></span> <span class='ocrx_word' id='word_1_49' title='bbox 551 891 782 944; x_wconf 87' lang='lat' dir='ltr'><strong>Iactatur</strong></span> <span class='ocrx_word' id='word_1_50' title='bbox 805 892 1074 961; x_wconf 86' lang='lat' dir='ltr'><strong>uberibus,</strong></span> <span class='ocrx_word' id='word_1_51' title='bbox 1104 894 1268 949; x_wconf 90' lang='lat' dir='ltr'><strong>Deum</strong></span> <span class='ocrx_word' id='word_1_52' title='bbox 1297 912 1415 952; x_wconf 87' lang='lat' dir='ltr'><strong>esse</strong></span> <span class='ocrx_word' id='word_1_53' title='bbox 1461 898 1688 954; x_wconf 89' lang='lat' dir='ltr'><strong>diflidis?</strong></span> <span class='ocrx_word' id='word_1_54' title='bbox 1717 900 1828 954; x_wconf 90' lang='lat' dir='ltr'><strong>lmo</strong></span> 
     </span>
    </p>
   </div>
   <div class='ocr_carea' id='block_1_9' title="bbox 271 980 1825 1055">
    <p class='ocr_par' dir='ltr' id='par_1_9' title="bbox 271 980 1825 1055">
     <span class='ocr_line' id='line_1_9' title="bbox 271 980 1825 1055; baseline 0.008 -21"><span class='ocrx_word' id='word_1_55' title='bbox 271 997 350 1054; x_wconf 72' lang='lat' dir='ltr'><strong>per</strong></span> <span class='ocrx_word' id='word_1_56' title='bbox 377 982 497 1044; x_wconf 89' lang='lat' dir='ltr'><strong>ista,</strong></span> <span class='ocrx_word' id='word_1_57' title='bbox 530 980 717 1051; x_wconf 86' lang='lat' dir='ltr'><strong>frater,</strong></span> <span class='ocrx_word' id='word_1_58' title='bbox 738 983 961 1039; x_wconf 83' lang='lat' dir='ltr'><strong>adverte</strong></span> <span class='ocrx_word' id='word_1_59' title='bbox 990 1000 1135 1055; x_wconf 88' lang='lat' dir='ltr'><strong>eum,</strong></span> <span class='ocrx_word' id='word_1_60' title='bbox 1167 996 1221 1041; x_wconf 88' lang='lat' dir='ltr'><strong>et</strong></span> <span class='ocrx_word' id='word_1_61' title='bbox 1242 997 1300 1041; x_wconf 92' lang='lat' dir='ltr'><strong>ut</strong></span> <span class='ocrx_word' id='word_1_62' title='bbox 1321 989 1592 1045; x_wconf 82' lang='lat' dir='ltr'><strong>hominem</strong></span> <span class='ocrx_word' id='word_1_63' title='bbox 1620 991 1825 1047; x_wconf 81' lang='lat' dir='ltr'><strong>inﬁrma</strong></span> 
     </span>
    </p>
   </div>
   <div class='ocr_carea' id='block_1_10' title="bbox 268 1072 1828 1151">
    <p class='ocr_par' dir='ltr' id='par_1_10' title="bbox 268 1072 1828 1151">
     <span class='ocr_line' id='line_1_10' title="bbox 268 1072 1828 1151; baseline 0.008 -25"><span class='ocrx_word' id='word_1_64' title='bbox 268 1089 350 1144; x_wconf 90' lang='lat' dir='ltr'><strong>pro</strong></span> <span class='ocrx_word' id='word_1_65' title='bbox 370 1072 595 1126; x_wconf 80' lang='lat' dir='ltr'><strong>inﬁrmis</strong></span> <span class='ocrx_word' id='word_1_66' title='bbox 624 1076 929 1144; x_wconf 84' lang='lat' dir='ltr'><strong>pertulisse,</strong></span> <span class='ocrx_word' id='word_1_67' title='bbox 961 1087 1014 1131; x_wconf 90' lang='lat' dir='ltr'><strong>et</strong></span> <span class='ocrx_word' id='word_1_68' title='bbox 1044 1086 1099 1132; x_wconf 93' lang='lat' dir='ltr'><strong>ut</strong></span> <span class='ocrx_word' id='word_1_69' title='bbox 1138 1081 1303 1134; x_wconf 90' lang='lat' dir='ltr'><strong>Deum</strong></span> <span class='ocrx_word' id='word_1_70' title='bbox 1350 1084 1646 1151; x_wconf 87' lang='lat' dir='ltr'><strong>potentiam</strong></span> <span class='ocrx_word' id='word_1_71' title='bbox 1675 1100 1828 1138; x_wconf 82' lang='lat' dir='ltr'><strong>exer-</strong></span> 
     </span>
    </p>
   </div>
   <div class='ocr_carea' id='block_1_11' title="bbox 266 1166 1828 1241">
    <p class='ocr_par' dir='ltr' id='par_1_11' title="bbox 266 1166 1828 1241">
     <span class='ocr_line' id='line_1_11' title="bbox 266 1166 1828 1241; baseline 0.007 -20"><span class='ocrx_word' id='word_1_72' title='bbox 266 1168 421 1221; x_wconf 82' lang='lat' dir='ltr'><strong>cuisse</strong></span> <span class='ocrx_word' id='word_1_73' title='bbox 451 1166 743 1224; x_wconf 73' lang='lat' dir='ltr'><strong>ccelcstem.</strong></span> <span class='ocrx_word' id='word_1_74' title='bbox 779 1168 876 1224; x_wconf 91' lang='lat' dir='ltr'><strong>Ilic</strong></span> <span class='ocrx_word' id='word_1_75' title='bbox 910 1186 1169 1239; x_wconf 87' lang='lat' dir='ltr'><strong>namque,</strong></span> <span class='ocrx_word' id='word_1_76' title='bbox 1213 1174 1304 1241; x_wconf 86' lang='lat' dir='ltr'><strong>qui</strong></span> <span class='ocrx_word' id='word_1_77' title='bbox 1346 1175 1686 1232; x_wconf 85' lang='lat' dir='ltr'><strong>sordentibus</strong></span> <span class='ocrx_word' id='word_1_78' title='bbox 1725 1179 1828 1231; x_wconf 82' lang='lat' dir='ltr'><strong>cir-</strong></span> 
     </span>
    </p>
   </div>
   <div class='ocr_carea' id='block_1_12' title="bbox 266 1258 1826 1330">
    <p class='ocr_par' dir='ltr' id='par_1_12' title="bbox 266 1258 1826 1330">
     <span class='ocr_line' id='line_1_12' title="bbox 266 1258 1826 1330; baseline 0.006 -16"><span class='ocrx_word' id='word_1_79' title='bbox 266 1258 531 1314; x_wconf 76' lang='lat' dir='ltr'><strong>eumdatur</strong></span> <span class='ocrx_word' id='word_1_80' title='bbox 554 1261 766 1327; x_wconf 87' lang='lat' dir='ltr'><strong>pannis,</strong></span> <span class='ocrx_word' id='word_1_81' title='bbox 799 1262 958 1328; x_wconf 83' lang='lat' dir='ltr'><strong>regiis</strong></span> <span class='ocrx_word' id='word_1_82' title='bbox 978 1277 1073 1330; x_wconf 90' lang='lat' dir='ltr'><strong>per</strong></span> <span class='ocrx_word' id='word_1_83' title='bbox 1088 1262 1364 1320; x_wconf 70' lang='lat' dir='ltr'><strong>Chaldaeos</strong></span> <span class='ocrx_word' id='word_1_84' title='bbox 1388 1269 1698 1322; x_wconf 83' lang='lat' dir='ltr'><strong>inuneribus</strong></span> <span class='ocrx_word' id='word_1_85' title='bbox 1729 1271 1826 1322; x_wconf 91' lang='lat' dir='ltr'><strong>ho-</strong></span> 
     </span>
    </p>
   </div>
   <div class='ocr_carea' id='block_1_13' title="bbox 266 1350 1827 1430">
    <p class='ocr_par' dir='ltr' id='par_1_13' title="bbox 266 1350 1827 1430">
     <span class='ocr_line' id='line_1_13' title="bbox 266 1350 1827 1430; baseline 0.008 -27"><span class='ocrx_word' id='word_1_86' title='bbox 266 1358 470 1404; x_wconf 86' lang='lat' dir='ltr'><strong>noratur</strong></span> <span class='ocrx_word' id='word_1_87' title='bbox 498 1350 712 1416; x_wconf 75' lang='lat' dir='ltr'><strong>(Matth.</strong></span> <span class='ocrx_word' id='word_1_88' title='bbox 758 1368 873 1415; x_wconf 79' lang='lat' dir='ltr'><strong>xxi;</strong></span> <span class='ocrx_word' id='word_1_89' title='bbox 910 1353 1032 1406; x_wconf 88' lang='lat' dir='ltr'><strong>Luc.</strong></span> <span class='ocrx_word' id='word_1_90' title='bbox 1064 1357 1158 1425; x_wconf 79' lang='lat' dir='ltr'><strong>xi).</strong></span> <span class='ocrx_word' id='word_1_91' title='bbox 1220 1356 1316 1412; x_wconf 88' lang='lat' dir='ltr'><strong>llic</strong></span> <span class='ocrx_word' id='word_1_92' title='bbox 1363 1359 1453 1426; x_wconf 90' lang='lat' dir='ltr'><strong>qui</strong></span> <span class='ocrx_word' id='word_1_93' title='bbox 1501 1360 1553 1412; x_wconf 90' lang='lat' dir='ltr'><strong>in</strong></span> <span class='ocrx_word' id='word_1_94' title='bbox 1602 1363 1827 1430; x_wconf 71' lang='lat' dir='ltr'><strong>przcscpi</strong></span> 
     </span>
    </p>
   </div>
   <div class='ocr_carea' id='block_1_14' title="bbox 267 1439 1830 1508">
    <p class='ocr_par' dir='ltr' id='par_1_14' title="bbox 267 1439 1830 1508">
     <span class='ocr_line' id='line_1_14' title="bbox 267 1439 1830 1508; baseline 0.009 -16"><span class='ocrx_word' id='word_1_95' title='bbox 267 1439 468 1492; x_wconf 83' lang='lat' dir='ltr'><strong>humilis</strong></span> <span class='ocrx_word' id='word_1_96' title='bbox 509 1439 676 1508; x_wconf 88' lang='lat' dir='ltr'><strong>jacet,</strong></span> <span class='ocrx_word' id='word_1_97' title='bbox 733 1440 930 1497; x_wconf 88' lang='lat' dir='ltr'><strong>lumine</strong></span> <span class='ocrx_word' id='word_1_98' title='bbox 977 1445 1102 1497; x_wconf 83' lang='lat' dir='ltr'><strong>novi</strong></span> <span class='ocrx_word' id='word_1_99' title='bbox 1131 1445 1319 1500; x_wconf 71' lang='lat' dir='ltr'><strong>sideris</strong></span> <span class='ocrx_word' id='word_1_100' title='bbox 1348 1458 1596 1503; x_wconf 87' lang='lat' dir='ltr'><strong>coruscat</strong></span> <span class='ocrx_word' id='word_1_101' title='bbox 1640 1452 1830 1506; x_wconf 65' lang='lat' dir='ltr'><strong>ecaelo</strong></span> 
     </span>
    </p>
   </div>
   <div class='ocr_carea' id='block_1_15' title="bbox 265 1530 1830 1610">
    <p class='ocr_par' dir='ltr' id='par_1_15' title="bbox 265 1530 1830 1610">
     <span class='ocr_line' id='line_1_15' title="bbox 265 1530 1830 1610; baseline 0.011 -29"><span class='ocrx_word' id='word_1_102' title='bbox 265 1530 426 1599; x_wconf 85' lang='lat' dir='ltr'><strong>(Ioan.</strong></span> <span class='ocrx_word' id='word_1_103' title='bbox 451 1532 546 1600; x_wconf 73' lang='lat' dir='ltr'><strong>vr).</strong></span> <span class='ocrx_word' id='word_1_104' title='bbox 573 1531 690 1598; x_wconf 78' lang='lat' dir='ltr'><strong>llic,</strong></span> <span class='ocrx_word' id='word_1_105' title='bbox 711 1533 800 1602; x_wconf 91' lang='lat' dir='ltr'><strong>qui</strong></span> <span class='ocrx_word' id='word_1_106' title='bbox 831 1535 1038 1602; x_wconf 80' lang='lat' dir='ltr'><strong>vagitus</strong></span> <span class='ocrx_word' id='word_1_107' title='bbox 1066 1536 1238 1590; x_wconf 88' lang='lat' dir='ltr'><strong>reddit</strong></span> <span class='ocrx_word' id='word_1_108' title='bbox 1253 1539 1358 1608; x_wconf 78' lang='lat'><strong>36</strong></span> <span class='ocrx_word' id='word_1_109' title='bbox 1381 1539 1634 1609; x_wconf 71' lang='lat' dir='ltr'><strong>infantite,</strong></span> <span class='ocrx_word' id='word_1_110' title='bbox 1665 1557 1800 1610; x_wconf 85' lang='lat' dir='ltr'><strong>auge</strong></span> <span class='ocrx_word' id='word_1_111' title='bbox 1818 1573 1830 1582; x_wconf 88' lang='lat'><strong>-</strong></span> 
     </span>
    </p>
   </div>
   <div class='ocr_carea' id='block_1_16' title="bbox 265 1620 1830 1700">
    <p class='ocr_par' dir='ltr' id='par_1_16' title="bbox 265 1620 1830 1700">
     <span class='ocr_line' id='line_1_16' title="bbox 265 1620 1830 1700; baseline 0.008 -25"><span class='ocrx_word' id='word_1_112' title='bbox 265 1620 340 1676; x_wconf 90' lang='lat' dir='ltr'><strong>Iici</strong></span> <span class='ocrx_word' id='word_1_113' title='bbox 366 1623 634 1678; x_wconf 82' lang='lat' dir='ltr'><strong>exercitus</strong></span> <span class='ocrx_word' id='word_1_114' title='bbox 662 1625 883 1679; x_wconf 85' lang='lat' dir='ltr'><strong>vocibus</strong></span> <span class='ocrx_word' id='word_1_115' title='bbox 922 1627 1274 1698; x_wconf 71' lang='lat' dir='ltr'><strong>collaudatur,</strong></span> <span class='ocrx_word' id='word_1_116' title='bbox 1331 1630 1428 1686; x_wconf 89' lang='lat' dir='ltr'><strong>Hic</strong></span> <span class='ocrx_word' id='word_1_117' title='bbox 1459 1632 1550 1700; x_wconf 89' lang='lat' dir='ltr'><strong>qui</strong></span> <span class='ocrx_word' id='word_1_118' title='bbox 1597 1632 1830 1690; x_wconf 88' lang='lat' dir='ltr'><strong>femineo</strong></span> 
     </span>
    </p>
   </div>
   <div class='ocr_carea' id='block_1_17' title="bbox 1935 543 3524 616">
    <p class='ocr_par' dir='ltr' id='par_1_17' title="bbox 1935 543 3524 616">
     <span class='ocr_line' id='line_1_17' title="bbox 1935 543 3524 616; baseline 0.008 -19"><span class='ocrx_word' id='word_1_119' title='bbox 1935 559 2120 597; x_wconf 89' lang='lat' dir='ltr'><strong>verum</strong></span> <span class='ocrx_word' id='word_1_120' title='bbox 2162 543 2253 598; x_wconf 86' lang='lat' dir='ltr'><strong>Dei</strong></span> <span class='ocrx_word' id='word_1_121' title='bbox 2285 560 2402 599; x_wconf 90' lang='lat' dir='ltr'><strong>esse</strong></span> <span class='ocrx_word' id='word_1_122' title='bbox 2430 544 2620 600; x_wconf 84' lang='lat' dir='ltr'><strong>Filium</strong></span> <span class='ocrx_word' id='word_1_123' title='bbox 2653 563 2937 616; x_wconf 70' lang='lat' dir='ltr'><strong>resurgens</strong></span> <span class='ocrx_word' id='word_1_124' title='bbox 2974 565 3004 604; x_wconf 92' lang='lat' dir='ltr'><strong>a</strong></span> <span class='ocrx_word' id='word_1_125' title='bbox 3031 553 3258 606; x_wconf 85' lang='lat' dir='ltr'><strong>mortuis</strong></span> <span class='ocrx_word' id='word_1_126' title='bbox 3286 553 3524 610; x_wconf 87' lang='lat' dir='ltr'><strong>Lazarus</strong></span> 
     </span>
    </p>
   </div>
   <div class='ocr_carea' id='block_1_18' title="bbox 1932 634 3520 707">
    <p class='ocr_par' dir='ltr' id='par_1_18' title="bbox 1932 634 3520 707">
     <span class='ocr_line' id='line_1_18' title="bbox 1932 634 3520 707; baseline 0.008 -21"><span class='ocrx_word' id='word_1_127' title='bbox 1932 636 2124 703; x_wconf 81' lang='lat' dir='ltr'><strong>probat</strong></span> <span class='ocrx_word' id='word_1_128' title='bbox 2154 634 2330 704; x_wconf 83' lang='lat' dir='ltr'><strong>(Joan.</strong></span> <span class='ocrx_word' id='word_1_129' title='bbox 2363 638 2461 707; x_wconf 76' lang='grc' dir='ltr'>ιιι),</span> <span class='ocrx_word' id='word_1_130' title='bbox 2497 647 2518 671; x_wconf 70' lang='grc' dir='ltr'><em>η</em></span> <span class='ocrx_word' id='word_1_131' title='bbox 2548 648 2797 707; x_wconf 90' lang='lat' dir='ltr'><strong>receptus</strong></span> <span class='ocrx_word' id='word_1_132' title='bbox 2819 639 2887 693; x_wconf 86' lang='lat' dir='ltr'><strong>ad</strong></span> <span class='ocrx_word' id='word_1_133' title='bbox 2912 641 3089 695; x_wconf 91' lang='lat' dir='ltr'><strong>lumen</strong></span> <span class='ocrx_word' id='word_1_134' title='bbox 3117 658 3288 698; x_wconf 72' lang='lat' dir='ltr'><strong>czccus</strong></span> <span class='ocrx_word' id='word_1_135' title='bbox 3311 661 3520 700; x_wconf 84' lang='lat' dir='ltr'><strong>annun-</strong></span> 
     </span>
    </p>
   </div>
   <div class='ocr_carea' id='block_1_19' title="bbox 1935 725 3520 804">
    <p class='ocr_par' dir='ltr' id='par_1_19' title="bbox 1935 725 3520 804">
     <span class='ocr_line' id='line_1_19' title="bbox 1935 725 3520 804; baseline 0.009 -27"><span class='ocrx_word' id='word_1_136' title='bbox 1935 726 2033 778; x_wconf 90' lang='lat' dir='ltr'><strong>tiat</strong></span> <span class='ocrx_word' id='word_1_137' title='bbox 2089 725 2240 795; x_wconf 88' lang='lat' dir='ltr'><strong>(Luc.</strong></span> <span class='ocrx_word' id='word_1_138' title='bbox 2280 729 2462 795; x_wconf 72' lang='lat' dir='ltr'><strong>xviii),</strong></span> <span class='ocrx_word' id='word_1_139' title='bbox 2495 729 2815 785; x_wconf 84' lang='lat' dir='ltr'><strong>venerandis</strong></span> <span class='ocrx_word' id='word_1_140' title='bbox 2871 732 2986 801; x_wconf 86' lang='lat' dir='ltr'><strong>ejus</strong></span> <span class='ocrx_word' id='word_1_141' title='bbox 3042 734 3245 788; x_wconf 89' lang='lat' dir='ltr'><strong>calcata</strong></span> <span class='ocrx_word' id='word_1_142' title='bbox 3283 737 3520 804; x_wconf 80' lang='lat' dir='ltr'><strong>vestigiis</strong></span> 
     </span>
    </p>
   </div>
   <div class='ocr_carea' id='block_1_20' title="bbox 1936 818 3515 892">
    <p class='ocr_par' dir='ltr' id='par_1_20' title="bbox 1936 818 3515 892">
     <span class='ocr_line' id='line_1_20' title="bbox 1936 818 3515 892; baseline 0.007 -23"><span class='ocrx_word' id='word_1_143' title='bbox 1936 818 2077 870; x_wconf 88' lang='lat' dir='ltr'><strong>unda</strong></span> <span class='ocrx_word' id='word_1_144' title='bbox 2126 826 2354 872; x_wconf 89' lang='lat' dir='ltr'><strong>testatur</strong></span> <span class='ocrx_word' id='word_1_145' title='bbox 2385 819 2597 889; x_wconf 78' lang='lat' dir='ltr'><strong>(Matth.</strong></span> <span class='ocrx_word' id='word_1_146' title='bbox 2643 821 2776 890; x_wconf 72' lang='lat' dir='ltr'><strong>xxv),</strong></span> <span class='ocrx_word' id='word_1_147' title='bbox 2826 832 2879 875; x_wconf 79' lang='lat' dir='ltr'><strong>et</strong></span> <span class='ocrx_word' id='word_1_148' title='bbox 2919 824 3063 890; x_wconf 91' lang='lat' dir='ltr'><strong>quod</strong></span> <span class='ocrx_word' id='word_1_149' title='bbox 3103 826 3357 892; x_wconf 52' lang='lat' dir='ltr'><strong>pmicellit</strong></span> <span class='ocrx_word' id='word_1_150' title='bbox 3403 826 3515 881; x_wconf 62' lang='lat' dir='ltr'><strong>hinc</strong></span> 
     </span>
    </p>
   </div>
   <div class='ocr_carea' id='block_1_21' title="bbox 1933 910 3511 986">
    <p class='ocr_par' dir='ltr' id='par_1_21' title="bbox 1933 910 3511 986">
     <span class='ocr_line' id='line_1_21' title="bbox 1933 910 3511 986; baseline 0.006 -26"><span class='ocrx_word' id='word_1_151' title='bbox 1933 910 2135 974; x_wconf 88' lang='lat' dir='ltr'><strong>omnia,</strong></span> <span class='ocrx_word' id='word_1_152' title='bbox 2150 910 2414 964; x_wconf 90' lang='lat' dir='ltr'><strong>resultans</strong></span> <span class='ocrx_word' id='word_1_153' title='bbox 2433 925 2462 964; x_wconf 92' lang='lat' dir='ltr'><strong>e</strong></span> <span class='ocrx_word' id='word_1_154' title='bbox 2484 911 2733 966; x_wconf 75' lang='lat' dir='ltr'><strong>cmlovox</strong></span> <span class='ocrx_word' id='word_1_155' title='bbox 2761 922 2979 980; x_wconf 88' lang='lat' dir='ltr'><strong>paterna</strong></span> <span class='ocrx_word' id='word_1_156' title='bbox 3001 915 3511 986; x_wconf 72' lang='lat' dir='ltr'><strong>confirmatUllatth.</strong></span> 
     </span>
    </p>
   </div>
   <div class='ocr_carea' id='block_1_22' title="bbox 1935 999 3514 1076">
    <p class='ocr_par' dir='ltr' id='par_1_22' title="bbox 1935 999 3514 1076">
     <span class='ocr_line' id='line_1_22' title="bbox 1935 999 3514 1076; baseline 0.007 -23"><span class='ocrx_word' id='word_1_157' title='bbox 1935 1003 2032 1066; x_wconf 85' lang='grc' dir='ltr'>ιιι).</span> <span class='ocrx_word' id='word_1_158' title='bbox 2069 999 2297 1070; x_wconf 83' lang='lat' dir='ltr'><strong>Propter</strong></span> <span class='ocrx_word' id='word_1_159' title='bbox 2342 1002 2507 1070; x_wconf 88' lang='lat' dir='ltr'><strong>quod,</strong></span> <span class='ocrx_word' id='word_1_160' title='bbox 2541 1002 2906 1071; x_wconf 88' lang='lat' dir='ltr'><strong>dilectissimi,</strong></span> <span class='ocrx_word' id='word_1_161' title='bbox 2951 1014 3058 1061; x_wconf 90' lang='lat' dir='ltr'><strong>tam</strong></span> <span class='ocrx_word' id='word_1_162' title='bbox 3106 1021 3356 1076; x_wconf 88' lang='lat' dir='ltr'><strong>magnum</strong></span> <span class='ocrx_word' id='word_1_163' title='bbox 3408 1010 3514 1064; x_wconf 88' lang='lat' dir='ltr'><strong>hoc</strong></span> 
     </span>
    </p>
   </div>
   <div class='ocr_carea' id='block_1_23' title="bbox 1935 1091 3514 1164">
    <p class='ocr_par' dir='ltr' id='par_1_23' title="bbox 1935 1091 3514 1164">
     <span class='ocr_line' id='line_1_23' title="bbox 1935 1091 3514 1164; baseline 0.006 -19"><span class='ocrx_word' id='word_1_164' title='bbox 1935 1091 2230 1146; x_wconf 87' lang='lat' dir='ltr'><strong>nativitatis</strong></span> <span class='ocrx_word' id='word_1_165' title='bbox 2283 1091 2568 1149; x_wconf 76' lang='lat' dir='ltr'><strong>dominica:</strong></span> <span class='ocrx_word' id='word_1_166' title='bbox 2617 1104 3015 1152; x_wconf 80' lang='lat' dir='ltr'><strong>sacramentum</strong></span> <span class='ocrx_word' id='word_1_167' title='bbox 3071 1097 3243 1164; x_wconf 88' lang='lat' dir='ltr'><strong>dignis</strong></span> <span class='ocrx_word' id='word_1_168' title='bbox 3293 1099 3514 1155; x_wconf 86' lang='lat' dir='ltr'><strong>vocibus</strong></span> 
     </span>
    </p>
   </div>
   <div class='ocr_carea' id='block_1_24' title="bbox 1936 1180 3511 1256">
    <p class='ocr_par' dir='ltr' id='par_1_24' title="bbox 1936 1180 3511 1256">
     <span class='ocr_line' id='line_1_24' title="bbox 1936 1180 3511 1256; baseline 0.006 -23"><span class='ocrx_word' id='word_1_169' title='bbox 1936 1180 2297 1236; x_wconf 87' lang='lat' dir='ltr'><strong>honorcmus:</strong></span> <span class='ocrx_word' id='word_1_170' title='bbox 2324 1181 2606 1250; x_wconf 84' lang='lat' dir='ltr'><strong>diligamus</strong></span> <span class='ocrx_word' id='word_1_171' title='bbox 2630 1201 2736 1253; x_wconf 81' lang='lat' dir='ltr'><strong>pne</strong></span> <span class='ocrx_word' id='word_1_172' title='bbox 2767 1187 3013 1240; x_wconf 89' lang='lat' dir='ltr'><strong>onmibus</strong></span> <span class='ocrx_word' id='word_1_173' title='bbox 3042 1188 3363 1255; x_wconf 89' lang='lat' dir='ltr'><strong>castitatem,</strong></span> <span class='ocrx_word' id='word_1_174' title='bbox 3387 1191 3511 1256; x_wconf 85' lang='lat' dir='ltr'><strong>quia</strong></span> 
     </span>
    </p>
   </div>
   <div class='ocr_carea' id='block_1_25' title="bbox 1937 1272 3512 1348">
    <p class='ocr_par' dir='ltr' id='par_1_25' title="bbox 1937 1272 3512 1348">
     <span class='ocr_line' id='line_1_25' title="bbox 1937 1272 3512 1348; baseline 0.004 -24"><span class='ocrx_word' id='word_1_175' title='bbox 1937 1280 1995 1325; x_wconf 87' lang='lat' dir='ltr'><strong>ut</strong></span> <span class='ocrx_word' id='word_1_176' title='bbox 2027 1273 2238 1341; x_wconf 88' lang='lat' dir='ltr'><strong>placere</strong></span> <span class='ocrx_word' id='word_1_177' title='bbox 2268 1273 2406 1327; x_wconf 91' lang='lat' dir='ltr'><strong>hanc</strong></span> <span class='ocrx_word' id='word_1_178' title='bbox 2435 1274 2537 1328; x_wconf 88' lang='lat' dir='ltr'><strong>sibi</strong></span> <span class='ocrx_word' id='word_1_179' title='bbox 2562 1272 2803 1331; x_wconf 85' lang='lat' dir='ltr'><strong>Christus</strong></span> <span class='ocrx_word' id='word_1_180' title='bbox 2833 1275 3175 1339; x_wconf 82' lang='lat' dir='ltr'><strong>ostenderet,</strong></span> <span class='ocrx_word' id='word_1_181' title='bbox 3203 1278 3512 1348; x_wconf 82' lang='lat' dir='ltr'><strong>pudicitiam</strong></span> 
     </span>
    </p>
   </div>
   <div class='ocr_carea' id='block_1_26' title="bbox 1937 1364 3514 1436">
    <p class='ocr_par' dir='ltr' id='par_1_26' title="bbox 1937 1364 3514 1436">
     <span class='ocr_line' id='line_1_26' title="bbox 1937 1364 3514 1436; baseline 0.003 -18"><span class='ocrx_word' id='word_1_182' title='bbox 1937 1364 2074 1418; x_wconf 88' lang='lat' dir='ltr'><strong>uteri</strong></span> <span class='ocrx_word' id='word_1_183' title='bbox 2103 1364 2375 1432; x_wconf 77' lang='lat' dir='ltr'><strong>virginalis</strong></span> <span class='ocrx_word' id='word_1_184' title='bbox 2399 1365 2558 1432; x_wconf 81' lang='lat' dir='ltr'><strong>elegit</strong></span> <span class='ocrx_word' id='word_1_185' title='bbox 2585 1383 2595 1417; x_wconf 87' lang='lat'><strong>:</strong></span> <span class='ocrx_word' id='word_1_186' title='bbox 2629 1375 2898 1423; x_wconf 76' lang='lat' dir='ltr'><strong>sectentur</strong></span> <span class='ocrx_word' id='word_1_187' title='bbox 2925 1367 3514 1436; x_wconf 77' lang='lat' dir='ltr'><strong>misericordiam,quia</strong></span> 
     </span>
    </p>
   </div>
   <div class='ocr_carea' id='block_1_27' title="bbox 1937 1455 3516 1524">
    <p class='ocr_par' dir='ltr' id='par_1_27' title="bbox 1937 1455 3516 1524">
     <span class='ocr_line' id='line_1_27' title="bbox 1937 1455 3516 1524; baseline 0.004 -19"><span class='ocrx_word' id='word_1_188' title='bbox 1937 1455 2153 1522; x_wconf 87' lang='lat' dir='ltr'><strong>pietatis</strong></span> <span class='ocrx_word' id='word_1_189' title='bbox 2199 1463 2283 1508; x_wconf 90' lang='lat' dir='ltr'><strong>est</strong></span> <span class='ocrx_word' id='word_1_190' title='bbox 2319 1455 2461 1523; x_wconf 91' lang='lat' dir='ltr'><strong>quod</strong></span> <span class='ocrx_word' id='word_1_191' title='bbox 2514 1456 2787 1509; x_wconf 81' lang='lat' dir='ltr'><strong>salvantur</strong></span> <span class='ocrx_word' id='word_1_192' title='bbox 2819 1477 2831 1508; x_wconf 84' lang='lat'><strong>;</strong></span> <span class='ocrx_word' id='word_1_193' title='bbox 2856 1458 3118 1524; x_wconf 87' lang='lat' dir='ltr'><strong>justitiam</strong></span> <span class='ocrx_word' id='word_1_194' title='bbox 3165 1459 3396 1512; x_wconf 87' lang='lat' dir='ltr'><strong>sollicite</strong></span> <span class='ocrx_word' id='word_1_195' title='bbox 3437 1466 3516 1512; x_wconf 86' lang='lat' dir='ltr'><strong>te-</strong></span> 
     </span>
    </p>
   </div>
   <div class='ocr_carea' id='block_1_28' title="bbox 1939 1544 3517 1617">
    <p class='ocr_par' dir='ltr' id='par_1_28' title="bbox 1939 1544 3517 1617">
     <span class='ocr_line' id='line_1_28' title="bbox 1939 1544 3517 1617; baseline 0.004 -21"><span class='ocrx_word' id='word_1_196' title='bbox 1939 1560 2180 1612; x_wconf 85' lang='lat' dir='ltr'><strong>neamus,</strong></span> <span class='ocrx_word' id='word_1_197' title='bbox 2210 1545 2336 1613; x_wconf 89' lang='lat' dir='ltr'><strong>quia</strong></span> <span class='ocrx_word' id='word_1_198' title='bbox 2379 1545 2450 1598; x_wconf 91' lang='lat' dir='ltr'><strong>ob</strong></span> <span class='ocrx_word' id='word_1_199' title='bbox 2495 1546 2598 1599; x_wconf 90' lang='lat' dir='ltr'><strong>hoc</strong></span> <span class='ocrx_word' id='word_1_200' title='bbox 2633 1544 2948 1613; x_wconf 87' lang='lat' dir='ltr'><strong>Unigenitus</strong></span> <span class='ocrx_word' id='word_1_201' title='bbox 2977 1548 3074 1602; x_wconf 87' lang='lat' dir='ltr'><strong>Dei</strong></span> <span class='ocrx_word' id='word_1_202' title='bbox 3098 1547 3238 1604; x_wconf 83' lang='lat' dir='ltr'><strong>efﬁci</strong></span> <span class='ocrx_word' id='word_1_203' title='bbox 3268 1549 3517 1617; x_wconf 86' lang='lat' dir='ltr'><strong>dignatus</strong></span> 
     </span>
    </p>
   </div>
   <div class='ocr_carea' id='block_1_29' title="bbox 1937 1636 3516 1704">
    <p class='ocr_par' dir='ltr' id='par_1_29' title="bbox 1937 1636 3516 1704">
     <span class='ocr_line' id='line_1_29' title="bbox 1937 1636 3516 1704; baseline 0.005 -18"><span class='ocrx_word' id='word_1_204' title='bbox 1937 1642 2020 1687; x_wconf 86' lang='lat' dir='ltr'><strong>est</strong></span> <span class='ocrx_word' id='word_1_205' title='bbox 2047 1636 2236 1702; x_wconf 90' lang='lat' dir='ltr'><strong>homo,</strong></span> <span class='ocrx_word' id='word_1_206' title='bbox 2263 1645 2323 1689; x_wconf 91' lang='lat' dir='ltr'><strong>ut</strong></span> <span class='ocrx_word' id='word_1_207' title='bbox 2354 1636 2634 1690; x_wconf 87' lang='lat' dir='ltr'><strong>veritatem</strong></span> <span class='ocrx_word' id='word_1_208' title='bbox 2663 1637 2962 1704; x_wconf 63' lang='lat' dir='ltr'><strong>praedicans</strong></span> <span class='ocrx_word' id='word_1_209' title='bbox 2991 1639 3297 1694; x_wconf 89' lang='lat' dir='ltr'><strong>universam</strong></span> <span class='ocrx_word' id='word_1_210' title='bbox 3329 1639 3516 1694; x_wconf 90' lang='lat' dir='ltr'><strong>mundi</strong></span> 
     </span>
    </p>
   </div>
   <div class='ocr_carea' id='block_1_30' title="bbox 266 1715 3120 1802">
    <p class='ocr_par' dir='ltr' id='par_1_30' title="bbox 266 1715 3120 1802">
     <span class='ocr_line' id='line_1_30' title="bbox 266 1715 3120 1802; baseline 0.004 -31"><span class='ocrx_word' id='word_1_211' title='bbox 266 1715 386 1774; x_wconf 82' lang='lat' dir='ltr'><strong>lacte</strong></span> <span class='ocrx_word' id='word_1_212' title='bbox 413 1716 672 1784; x_wconf 85' lang='lat' dir='ltr'><strong>nutritur,</strong></span> <span class='ocrx_word' id='word_1_213' title='bbox 695 1718 858 1772; x_wconf 88' lang='lat' dir='ltr'><strong>multa</strong></span> <span class='ocrx_word' id='word_1_214' title='bbox 883 1718 1158 1774; x_wconf 89' lang='lat' dir='ltr'><strong>hominum</strong></span> <span class='ocrx_word' id='word_1_215' title='bbox 1181 1722 1342 1777; x_wconf 89' lang='lat' dir='ltr'><strong>millia</strong></span> <span class='ocrx_word' id='word_1_216' title='bbox 1358 1724 1676 1792; x_wconf 88' lang='lat' dir='ltr'><strong>parvissimo</strong></span> <span class='ocrx_word' id='word_1_217' title='bbox 1693 1741 1830 1794; x_wconf 89' lang='lat' dir='ltr'><strong>pane</strong></span> <span class='ocrx_word' id='word_1_218' title='bbox 1865 1719 1907 1777; x_wconf 84' lang='grc' dir='ltr'><strong>Β</strong></span> <span class='ocrx_word' id='word_1_219' title='bbox 1935 1724 2125 1781; x_wconf 88' lang='lat' dir='ltr'><strong>faciem</strong></span> <span class='ocrx_word' id='word_1_220' title='bbox 2153 1725 2176 1762; x_wconf 57' lang='grc' dir='ltr'><strong>θ’</strong></span> <span class='ocrx_word' id='word_1_221' title='bbox 2207 1726 2457 1781; x_wconf 88' lang='lat' dir='ltr'><strong>damnata</strong></span> <span class='ocrx_word' id='word_1_222' title='bbox 2488 1727 2771 1796; x_wconf 87' lang='lat' dir='ltr'><strong>iniquitate</strong></span> <span class='ocrx_word' id='word_1_223' title='bbox 2791 1737 3044 1802; x_wconf 85' lang='lat' dir='ltr'><strong>purgaret</strong></span> <span class='ocrx_word' id='word_1_224' title='bbox 3077 1739 3120 1783; x_wconf 79' lang='grc' dir='ltr'><strong>ο.</strong></span> 
     </span>
    </p>
   </div>
   <div class='ocr_carea' id='block_1_31' title="bbox 1593 1836 2165 1899">
    <p class='ocr_par' dir='ltr' id='par_1_31' title="bbox 1593 1836 2165 1899">
     <span class='ocr_line' id='line_1_31' title="bbox 1593 1836 2165 1899; baseline 0.005 -3"><span class='ocrx_word' id='word_1_225' title='bbox 1593 1836 1939 1896; x_wconf 80' lang='lat' dir='ltr'><strong>HOMILIA</strong></span> <span class='ocrx_word' id='word_1_226' title='bbox 1987 1837 2165 1899; x_wconf 82' lang='lat' dir='ltr'>XIII.</span> 
     </span>
    </p>
   </div>
   <div class='ocr_carea' id='block_1_32' title="bbox 1473 1930 2260 1990">
    <p class='ocr_par' dir='ltr' id='par_1_32' title="bbox 1473 1930 2260 1990">
     <span class='ocr_line' id='line_1_32' title="bbox 1473 1930 2260 1990; baseline 0.005 -4"><span class='ocrx_word' id='word_1_227' title='bbox 1473 1930 1548 1987; x_wconf 88' lang='lat' dir='ltr'><strong>De</strong></span> <span class='ocrx_word' id='word_1_228' title='bbox 1571 1931 1860 1988; x_wconf 86' lang='lat' dir='ltr'><strong>Nativitate</strong></span> <span class='ocrx_word' id='word_1_229' title='bbox 1879 1934 2092 1990; x_wconf 81' lang='lat' dir='ltr'><strong>Domini</strong></span> <span class='ocrx_word' id='word_1_230' title='bbox 2130 1935 2260 1990; x_wconf 85' lang='lat' dir='ltr'>VII.</span> 
     </span>
    </p>
   </div>
   <div class='ocr_carea' id='block_1_33' title="bbox 1650 2023 2042 2079">
    <p class='ocr_par' dir='ltr' id='par_1_33' title="bbox 1650 2023 2042 2079">
     <span class='ocr_line' id='line_1_33' title="bbox 1650 2023 2042 2079; baseline 0.01 -4"><span class='ocrx_word' id='word_1_231' title='bbox 1650 2023 2042 2079; x_wconf 80' lang='lat' dir='ltr'><strong>ADMONITIO.</strong></span> 
     </span>
    </p>
   </div>
   <div class='ocr_carea' id='block_1_34' title="bbox 323 2107 3513 2189">
    <p class='ocr_par' dir='ltr' id='par_1_34' title="bbox 323 2107 3513 2189">
     <span class='ocr_line' id='line_1_34' title="bbox 323 2107 3513 2189; baseline 0.004 -27"><span class='ocrx_word' id='word_1_232' title='bbox 323 2108 523 2189; x_wconf 55' lang='lat' dir='ltr'><strong>Nullus,</strong></span> <span class='ocrx_word' id='word_1_233' title='bbox 570 2107 714 2178; x_wconf 90' lang='lat' dir='ltr'><strong>quod</strong></span> <span class='ocrx_word' id='word_1_234' title='bbox 763 2107 1014 2189; x_wconf 78' lang='lat' dir='ltr'><strong>sciamus,</strong></span> <span class='ocrx_word' id='word_1_235' title='bbox 1038 2109 1396 2189; x_wconf 50' lang='lat' dir='ltr'><strong>estnscriptor</strong></span> <span class='ocrx_word' id='word_1_236' title='bbox 1423 2111 1512 2178; x_wconf 91' lang='lat' dir='ltr'><strong>qui</strong></span> <span class='ocrx_word' id='word_1_237' title='bbox 1543 2110 1680 2166; x_wconf 91' lang='lat' dir='ltr'><strong>hanc</strong></span> <span class='ocrx_word' id='word_1_238' title='bbox 1719 2112 1775 2166; x_wconf 90' lang='lat' dir='ltr'><strong>S.</strong></span> <span class='ocrx_word' id='word_1_239' title='bbox 1808 2112 2043 2189; x_wconf 51' lang='lat' dir='ltr'><strong>:lllaxiino</strong></span> <span class='ocrx_word' id='word_1_240' title='bbox 2089 2116 2363 2189; x_wconf 83' lang='lat' dir='ltr'><strong>homiliam</strong></span> <span class='ocrx_word' id='word_1_241' title='bbox 2396 2133 2500 2172; x_wconf 91' lang='lat' dir='ltr'><strong>non</strong></span> <span class='ocrx_word' id='word_1_242' title='bbox 2528 2126 2742 2170; x_wconf 89' lang='lat' dir='ltr'><strong>censeat</strong></span> <span class='ocrx_word' id='word_1_243' title='bbox 2771 2133 2890 2173; x_wconf 90' lang='lat' dir='ltr'><strong>esse</strong></span> <span class='ocrx_word' id='word_1_244' title='bbox 2920 2120 3252 2174; x_wconf 89' lang='lat' dir='ltr'><strong>ascribenda.</strong></span> <span class='ocrx_word' id='word_1_245' title='bbox 3280 2121 3513 2175; x_wconf 76' lang='lat' dir='ltr'><strong>Summae</strong></span> 
     </span>
    </p>
   </div>
   <div class='ocr_carea' id='block_1_35' title="bbox 265 2178 3513 2248">
    <p class='ocr_par' dir='ltr' id='par_1_35' title="bbox 265 2178 3513 2248">
     <span class='ocr_line' id='line_1_35' title="bbox 265 2178 3513 2248; baseline 0.003 -14"><span class='ocrx_word' id='word_1_246' title='bbox 265 2180 569 2247; x_wconf 84' lang='lat' dir='ltr'><strong>scriptorum</strong></span> <span class='ocrx_word' id='word_1_247' title='bbox 619 2178 961 2233; x_wconf 80' lang='lat' dir='ltr'><strong>consensioni</strong></span> <span class='ocrx_word' id='word_1_248' title='bbox 991 2178 1196 2232; x_wconf 86' lang='lat' dir='ltr'><strong>accedit</strong></span> <span class='ocrx_word' id='word_1_249' title='bbox 1225 2179 1470 2234; x_wconf 91' lang='lat' dir='ltr'><strong>codicum</strong></span> <span class='ocrx_word' id='word_1_250' title='bbox 1515 2196 1641 2233; x_wconf 83' lang='lat' dir='ltr'><strong>mss.</strong></span> <span class='ocrx_word' id='word_1_251' title='bbox 1673 2190 1728 2234; x_wconf 92' lang='lat' dir='ltr'><strong>et</strong></span> <span class='ocrx_word' id='word_1_252' title='bbox 1757 2183 2020 2236; x_wconf 88' lang='lat' dir='ltr'><strong>editorum</strong></span> <span class='ocrx_word' id='word_1_253' title='bbox 2051 2186 2210 2248; x_wconf 54' lang='lat' dir='ltr'><strong>plane</strong></span> <span class='ocrx_word' id='word_1_254' title='bbox 2236 2195 2596 2240; x_wconf 78' lang='lat' dir='ltr'><strong>consentanea</strong></span> <span class='ocrx_word' id='word_1_255' title='bbox 2630 2189 2938 2242; x_wconf 83' lang='lat' dir='ltr'><strong>auctoritas.</strong></span> <span class='ocrx_word' id='word_1_256' title='bbox 2973 2189 3049 2242; x_wconf 74' lang='lat' dir='ltr'><strong>Ex</strong></span> <span class='ocrx_word' id='word_1_257' title='bbox 3093 2191 3220 2244; x_wconf 93' lang='lat' dir='ltr'><strong>bibl.</strong></span> <span class='ocrx_word' id='word_1_258' title='bbox 3255 2191 3513 2245; x_wconf 83' lang='lat' dir='ltr'><strong>Vaticana</strong></span> 
     </span>
    </p>
   </div>
   <div class='ocr_carea' id='block_1_36' title="bbox 265 2248 3514 2327">
    <p class='ocr_par' dir='ltr' id='par_1_36' title="bbox 265 2248 3514 2327">
     <span class='ocr_line' id='line_1_36' title="bbox 265 2248 3514 2327; baseline 0.004 -26"><span class='ocrx_word' id='word_1_259' title='bbox 265 2257 474 2327; x_wconf 72' lang='lat' dir='ltr'><strong>qpatuor</strong></span> <span class='ocrx_word' id='word_1_260' title='bbox 493 2248 790 2327; x_wconf 58' lang='lat' dir='ltr'><strong>concordes</strong></span> <span class='ocrx_word' id='word_1_261' title='bbox 818 2249 1046 2327; x_wconf 56' lang='lat' dir='ltr'><strong>codices</strong></span> <span class='ocrx_word' id='word_1_262' title='bbox 1075 2250 1482 2327; x_wconf 64' lang='lat' dir='ltr'><strong>nputin_:_d_»imu5,</strong></span> <span class='ocrx_word' id='word_1_263' title='bbox 1532 2250 1845 2327; x_wconf 70' lang='lat' dir='ltr'><strong>49Eil,_pag.</strong></span> <span class='ocrx_word' id='word_1_264' title='bbox 1878 2252 1965 2327; x_wconf 16' lang='lat' dir='ltr'><strong>2i»,</strong></span> <span class='ocrx_word' id='word_1_265' title='bbox 1994 2254 2154 2327; x_wconf 70' lang='grc'>1267,</span> <span class='ocrx_word' id='word_1_266' title='bbox 2187 2270 2306 2327; x_wconf 77' lang='lat' dir='ltr'><strong>pag.</strong></span> <span class='ocrx_word' id='word_1_267' title='bbox 2341 2256 2398 2307; x_wconf 81' lang='lat' dir='ltr'><strong>9i</strong></span> <span class='ocrx_word' id='word_1_268' title='bbox 2426 2257 2690 2327; x_wconf 60' lang='lat' dir='ltr'><strong>,lteginre</strong></span> <span class='ocrx_word' id='word_1_269' title='bbox 2736 2257 2871 2318; x_wconf 73' lang='grc'><strong>435,</strong></span> <span class='ocrx_word' id='word_1_270' title='bbox 2921 2274 3042 2327; x_wconf 84' lang='lat' dir='ltr'><strong>pag.</strong></span> <span class='ocrx_word' id='word_1_271' title='bbox 3072 2259 3162 2325; x_wconf 87' lang='lat'><strong>98,</strong></span> <span class='ocrx_word' id='word_1_272' title='bbox 3194 2276 3223 2313; x_wconf 92' lang='lat' dir='ltr'><strong>a</strong></span> <span class='ocrx_word' id='word_1_273' title='bbox 3257 2271 3425 2326; x_wconf 85' lang='lat' dir='ltr'><strong>tergo,</strong></span> <span class='ocrx_word' id='word_1_274' title='bbox 3459 2269 3514 2314; x_wconf 90' lang='lat' dir='ltr'><strong>et</strong></span> 
     </span>
    </p>
   </div>
   <div class='ocr_carea' id='block_1_37' title="bbox 265 2316 3509 2397">
    <p class='ocr_par' dir='ltr' id='par_1_37' title="bbox 265 2316 3509 2397">
     <span class='ocr_line' id='line_1_37' title="bbox 265 2316 3509 2397; baseline 0.004 -26"><span class='ocrx_word' id='word_1_275' title='bbox 265 2316 384 2397; x_wconf 73' lang='lat' dir='ltr'><strong>alter</strong></span> <span class='ocrx_word' id='word_1_276' title='bbox 407 2317 650 2397; x_wconf 78' lang='lat' dir='ltr'><strong>ejusdem</strong></span> <span class='ocrx_word' id='word_1_277' title='bbox 682 2316 804 2397; x_wconf 56' lang='grc' dir='ltr'>1ᾖ5,</span> <span class='ocrx_word' id='word_1_278' title='bbox 834 2332 953 2397; x_wconf 87' lang='lat' dir='ltr'><strong>pag.</strong></span> <span class='ocrx_word' id='word_1_279' title='bbox 983 2317 1065 2370; x_wconf 71' lang='grc'><strong>72.</strong></span> <span class='ocrx_word' id='word_1_280' title='bbox 1100 2317 1410 2397; x_wconf 61' lang='lat' dir='ltr'><strong>Discribitur</strong></span> <span class='ocrx_word' id='word_1_281' title='bbox 1436 2328 1612 2374; x_wconf 89' lang='lat' dir='ltr'><strong>autem</strong></span> <span class='ocrx_word' id='word_1_282' title='bbox 1646 2336 1661 2374; x_wconf 89' lang='lat'><strong>:</strong></span> <span class='ocrx_word' id='word_1_283' title='bbox 1691 2316 1754 2376; x_wconf 81' lang='lat' dir='ltr'><strong>In</strong></span> <span class='ocrx_word' id='word_1_284' title='bbox 1785 2316 1951 2376; x_wconf 69' lang='lat' dir='ltr'><strong>natali</strong></span> <span class='ocrx_word' id='word_1_285' title='bbox 1987 2316 2213 2397; x_wconf 74' lang='lat' dir='ltr'><strong>Domini,</strong></span> <span class='ocrx_word' id='word_1_286' title='bbox 2254 2316 2585 2397; x_wconf 20' lang='lat' dir='ltr'><strong>sermo‘beati</strong></span> <span class='ocrx_word' id='word_1_287' title='bbox 2612 2326 2833 2380; x_wconf 70' lang='lat' dir='ltr'><strong>Maximi</strong></span> <span class='ocrx_word' id='word_1_288' title='bbox 2858 2316 3102 2397; x_wconf 56' lang='lat' dir='ltr'><strong>epischpi.</strong></span> <span class='ocrx_word' id='word_1_289' title='bbox 3139 2316 3392 2383; x_wconf 49' lang='lat' dir='ltr'><strong>Eamdetun</strong></span> <span class='ocrx_word' id='word_1_290' title='bbox 3417 2316 3509 2383; x_wconf 83' lang='lat' dir='ltr'><strong>in-</strong></span> 
     </span>
    </p>
   </div>
   <div class='ocr_carea' id='block_1_38' title="bbox 264 2387 3512 2468">
    <p class='ocr_par' dir='ltr' id='par_1_38' title="bbox 264 2387 3512 2468">
     <span class='ocr_line' id='line_1_38' title="bbox 264 2387 3512 2468; baseline 0.002 -23"><span class='ocrx_word' id='word_1_291' title='bbox 264 2388 590 2468; x_wconf 67' lang='lat' dir='ltr'><strong>scriptionem</strong></span> <span class='ocrx_word' id='word_1_292' title='bbox 614 2389 868 2468; x_wconf 53' lang='lat' dir='ltr'><strong>e-xhihent</strong></span> <span class='ocrx_word' id='word_1_293' title='bbox 895 2398 1002 2468; x_wconf 76' lang='lat' dir='ltr'><strong>tres</strong></span> <span class='ocrx_word' id='word_1_294' title='bbox 1026 2388 1242 2468; x_wconf 54' lang='lat'><strong>20111085</strong></span> <span class='ocrx_word' id='word_1_295' title='bbox 1267 2387 1560 2468; x_wconf 62' lang='grc' dir='ltr'><strong>Αυεὶερδθξ</strong></span> <span class='ocrx_word' id='word_1_296' title='bbox 1590 2407 1680 2454; x_wconf 76' lang='lat' dir='ltr'><strong>XII.</strong></span> <span class='ocrx_word' id='word_1_297' title='bbox 1715 2407 1818 2468; x_wconf 67' lang='lat' dir='ltr'><strong>xv},</strong></span> <span class='ocrx_word' id='word_1_298' title='bbox 1849 2399 1905 2468; x_wconf 72' lang='lat' dir='ltr'><strong>et</strong></span> <span class='ocrx_word' id='word_1_299' title='bbox 1942 2409 2083 2468; x_wconf 54' lang='lat' dir='ltr'><strong>xutx,</strong></span> <span class='ocrx_word' id='word_1_300' title='bbox 2119 2387 2818 2468; x_wconf 66' lang='lat' dir='ltr'><strong>Martinensis,Casineusis</strong></span> <span class='ocrx_word' id='word_1_301' title='bbox 2859 2387 3061 2467; x_wconf 75' lang='lat' dir='ltr'><strong>pariter</strong></span> <span class='ocrx_word' id='word_1_302' title='bbox 3104 2398 3232 2463; x_wconf 86' lang='grc'>106,</span> <span class='ocrx_word' id='word_1_303' title='bbox 3269 2415 3389 2468; x_wconf 86' lang='lat' dir='ltr'><strong>pag.</strong></span> <span class='ocrx_word' id='word_1_304' title='bbox 3425 2400 3512 2464; x_wconf 77' lang='lat'><strong>1&#39;5,</strong></span> 
     </span>
    </p>
   </div>
   <div class='ocr_carea' id='block_1_39' title="bbox 265 2456 3510 2523">
    <p class='ocr_par' dir='ltr' id='par_1_39' title="bbox 265 2456 3510 2523">
     <span class='ocr_line' id='line_1_39' title="bbox 265 2456 3510 2523; baseline 0.003 -13"><span class='ocrx_word' id='word_1_305' title='bbox 265 2473 319 2512; x_wconf 82' lang='lat' dir='ltr'><strong>ac</strong></span> <span class='ocrx_word' id='word_1_306' title='bbox 357 2457 570 2511; x_wconf 86' lang='lat' dir='ltr'><strong>demum</strong></span> <span class='ocrx_word' id='word_1_307' title='bbox 618 2456 997 2510; x_wconf 80' lang='lat' dir='ltr'><strong>Mudoetiensis</strong></span> <span class='ocrx_word' id='word_1_308' title='bbox 1025 2456 1064 2509; x_wconf 84' lang='lat' dir='ltr'>E</span> <span class='ocrx_word' id='word_1_309' title='bbox 1091 2473 1174 2521; x_wconf 89' lang='grc' dir='ltr'>ιιι,</span> <span class='ocrx_word' id='word_1_310' title='bbox 1206 2473 1368 2512; x_wconf 76' lang='lat' dir='ltr'><strong>srrm.</strong></span> <span class='ocrx_word' id='word_1_311' title='bbox 1399 2458 1485 2512; x_wconf 72' lang='grc'><strong>25.</strong></span> <span class='ocrx_word' id='word_1_312' title='bbox 1535 2459 1874 2514; x_wconf 88' lang='lat' dir='ltr'><strong>Laurentiani</strong></span> <span class='ocrx_word' id='word_1_313' title='bbox 1905 2456 2116 2518; x_wconf 83' lang='lat' dir='ltr'><strong>codices</strong></span> <span class='ocrx_word' id='word_1_314' title='bbox 2144 2480 2206 2519; x_wconf 90' lang='lat' dir='ltr'><strong>ea</strong></span> <span class='ocrx_word' id='word_1_315' title='bbox 2236 2474 2440 2518; x_wconf 87' lang='lat' dir='ltr'><strong>carent.</strong></span> <span class='ocrx_word' id='word_1_316' title='bbox 2469 2456 2682 2520; x_wconf 70' lang='lat' dir='ltr'><strong>Exstat</strong></span> <span class='ocrx_word' id='word_1_317' title='bbox 2731 2467 2781 2518; x_wconf 89' lang='lat' dir='ltr'><strong>in</strong></span> <span class='ocrx_word' id='word_1_318' title='bbox 2829 2456 3014 2522; x_wconf 70' lang='lat' dir='ltr'><strong>codice</strong></span> <span class='ocrx_word' id='word_1_319' title='bbox 3043 2456 3366 2523; x_wconf 62' lang='lat' dir='ltr'><strong>Taurine&#39;nsi</strong></span> <span class='ocrx_word' id='word_1_320' title='bbox 3389 2456 3510 2523; x_wconf 79' lang='lat' dir='ltr'><strong>cuni</strong></span> 
     </span>
    </p>
   </div>
   <div class='ocr_carea' id='block_1_40' title="bbox 264 2525 3513 2592">
    <p class='ocr_par' dir='ltr' id='par_1_40' title="bbox 264 2525 3513 2592">
     <span class='ocr_line' id='line_1_40' title="bbox 264 2525 3513 2592; baseline 0.004 -12"><span class='ocrx_word' id='word_1_321' title='bbox 264 2527 400 2582; x_wconf 91' lang='lat' dir='ltr'><strong>titulo</strong></span> <span class='ocrx_word' id='word_1_322' title='bbox 434 2545 446 2577; x_wconf 92' lang='lat'>:</span> <span class='ocrx_word' id='word_1_323' title='bbox 482 2525 617 2580; x_wconf 83' lang='lat' dir='ltr'><strong>Item</strong></span> <span class='ocrx_word' id='word_1_324' title='bbox 644 2537 693 2580; x_wconf 86' lang='lat' dir='ltr'><strong>et</strong></span> <span class='ocrx_word' id='word_1_325' title='bbox 713 2527 775 2580; x_wconf 82' lang='lat' dir='ltr'><strong>de</strong></span> <span class='ocrx_word' id='word_1_326' title='bbox 799 2529 1064 2582; x_wconf 77' lang='lat' dir='ltr'><strong>nativitate</strong></span> <span class='ocrx_word' id='word_1_327' title='bbox 1094 2527 1301 2580; x_wconf 80' lang='lat' dir='ltr'><strong>Domini</strong></span> <span class='ocrx_word' id='word_1_328' title='bbox 1330 2529 1544 2582; x_wconf 84' lang='lat' dir='ltr'><strong>homilia</strong></span> <span class='ocrx_word' id='word_1_329' title='bbox 1573 2529 1656 2583; x_wconf 82' lang='lat' dir='ltr'>XI</span> <span class='ocrx_word' id='word_1_330' title='bbox 1674 2530 1734 2584; x_wconf 86' lang='lat' dir='ltr'><strong>V.</strong></span> <span class='ocrx_word' id='word_1_331' title='bbox 1768 2529 2014 2587; x_wconf 85' lang='lat' dir='ltr'><strong>Editores</strong></span> <span class='ocrx_word' id='word_1_332' title='bbox 2041 2543 2218 2588; x_wconf 88' lang='lat' dir='ltr'><strong>autem</strong></span> <span class='ocrx_word' id='word_1_333' title='bbox 2251 2550 2437 2588; x_wconf 91' lang='lat' dir='ltr'><strong>omnes</strong></span> <span class='ocrx_word' id='word_1_334' title='bbox 2461 2537 2599 2589; x_wconf 83' lang='lat' dir='ltr'><strong>inter</strong></span> <span class='ocrx_word' id='word_1_335' title='bbox 2621 2536 2868 2590; x_wconf 88' lang='lat' dir='ltr'><strong>homilias</strong></span> <span class='ocrx_word' id='word_1_336' title='bbox 2891 2536 3236 2591; x_wconf 81' lang='lat' dir='ltr'><strong>Maximianas</strong></span> <span class='ocrx_word' id='word_1_337' title='bbox 3265 2540 3327 2592; x_wconf 83' lang='lat' dir='ltr'><strong>dc</strong></span> <span class='ocrx_word' id='word_1_338' title='bbox 3348 2540 3513 2592; x_wconf 87' lang='lat' dir='ltr'><strong>natali</strong></span> 
     </span>
    </p>
   </div>
   <div class='ocr_carea' id='block_1_41' title="bbox 263 2595 3511 2680">
    <p class='ocr_par' dir='ltr' id='par_1_41' title="bbox 263 2595 3511 2680">
     <span class='ocr_line' id='line_1_41' title="bbox 263 2595 3511 2680; baseline 0.004 -32"><span class='ocrx_word' id='word_1_339' title='bbox 263 2595 457 2680; x_wconf 57' lang='lat' dir='ltr'><strong>met&#39;ni</strong></span> <span class='ocrx_word' id='word_1_340' title='bbox 481 2595 739 2680; x_wconf 66' lang='lat' dir='ltr'><strong>referunt,</strong></span> <span class='ocrx_word' id='word_1_341' title='bbox 761 2595 1053 2680; x_wconf 63' lang='lat' dir='ltr'><strong>Gytnpimts</strong></span> <span class='ocrx_word' id='word_1_342' title='bbox 1081 2612 1201 2668; x_wconf 90' lang='lat' dir='ltr'><strong>pag.</strong></span> <span class='ocrx_word' id='word_1_343' title='bbox 1226 2596 1316 2679; x_wconf 37' lang='lat'><strong>:14,</strong></span> <span class='ocrx_word' id='word_1_344' title='bbox 1339 2597 1810 2680; x_wconf 32' lang='lat' dir='ltr'><strong>Calesinipsﬁpa‘gx</strong></span> <span class='ocrx_word' id='word_1_345' title='bbox 1821 2600 1913 2680; x_wconf 51' lang='lat'><strong>512,</strong></span> <span class='ocrx_word' id='word_1_346' title='bbox 1942 2601 2453 2680; x_wconf 48' lang='lat' dir='ltr'><strong>LlwleIISIUSAIOIH.</strong></span> <span class='ocrx_word' id='word_1_347' title='bbox 2486 2605 2527 2673; x_wconf 92' lang='lat' dir='ltr'><strong>l,</strong></span> <span class='ocrx_word' id='word_1_348' title='bbox 2562 2618 2681 2676; x_wconf 86' lang='lat' dir='ltr'><strong>pag.</strong></span> <span class='ocrx_word' id='word_1_349' title='bbox 2719 2605 2842 2675; x_wconf 79' lang='grc'>168,</span> <span class='ocrx_word' id='word_1_350' title='bbox 2871 2605 3129 2662; x_wconf 88' lang='lat' dir='ltr'><strong>Cumdius</strong></span> <span class='ocrx_word' id='word_1_351' title='bbox 3157 2618 3286 2663; x_wconf 90' lang='lat' dir='ltr'><strong>tom.</strong></span> <span class='ocrx_word' id='word_1_352' title='bbox 3320 2609 3362 2680; x_wconf 85' lang='lat' dir='ltr'><strong>l,</strong></span> <span class='ocrx_word' id='word_1_353' title='bbox 3387 2623 3511 2679; x_wconf 88' lang='lat' dir='ltr'><strong>pag.</strong></span> 
     </span>
    </p>
   </div>
   <div class='ocr_carea' id='block_1_42' title="bbox 264 2667 2338 2744">
    <p class='ocr_par' dir='ltr' id='par_1_42' title="bbox 264 2667 2338 2744">
     <span class='ocr_line' id='line_1_42' title="bbox 264 2667 2338 2744; baseline 0.004 -24"><span class='ocrx_word' id='word_1_354' title='bbox 264 2667 338 2732; x_wconf 82' lang='lat'><strong>65,</strong></span> <span class='ocrx_word' id='word_1_355' title='bbox 361 2667 682 2738; x_wconf 81' lang='lat' dir='ltr'><strong>Raynaudus</strong></span> <span class='ocrx_word' id='word_1_356' title='bbox 701 2667 823 2738; x_wconf 70' lang='lat' dir='ltr'><strong>pag.</strong></span> <span class='ocrx_word' id='word_1_357' title='bbox 860 2667 980 2732; x_wconf 84' lang='grc'>197,</span> <span class='ocrx_word' id='word_1_358' title='bbox 1009 2667 1341 2737; x_wconf 79' lang='lat' dir='ltr'><strong>Margarinus</strong></span> <span class='ocrx_word' id='word_1_359' title='bbox 1370 2676 1499 2724; x_wconf 88' lang='lat' dir='ltr'><strong>tom.</strong></span> <span class='ocrx_word' id='word_1_360' title='bbox 1537 2668 1602 2723; x_wconf 84' lang='lat' dir='ltr'>VI</span> <span class='ocrx_word' id='word_1_361' title='bbox 1631 2669 1763 2724; x_wconf 87' lang='lat' dir='ltr'><strong>Bibl.</strong></span> <span class='ocrx_word' id='word_1_362' title='bbox 1791 2669 1932 2725; x_wconf 79' lang='lat' dir='ltr'><strong>Max.</strong></span> <span class='ocrx_word' id='word_1_363' title='bbox 1965 2671 2096 2740; x_wconf 88' lang='lat' dir='ltr'><strong>PP.,</strong></span> <span class='ocrx_word' id='word_1_364' title='bbox 2130 2690 2249 2744; x_wconf 87' lang='lat' dir='ltr'><strong>pag.</strong></span> <span class='ocrx_word' id='word_1_365' title='bbox 2285 2673 2338 2729; x_wconf 88' lang='lat'><strong>6.</strong></span> 
     </span>
    </p>
   </div>
   <div class='ocr_carea' id='block_1_43' title="bbox 263 2779 1828 2851">
    <p class='ocr_par' dir='ltr' id='par_1_43' title="bbox 263 2779 1828 2851">
     <span class='ocr_line' id='line_1_43' title="bbox 263 2779 1828 2851; baseline 0.001 -19"><span class='ocrx_word' id='word_1_366' title='bbox 263 2781 635 2838; x_wconf 69' lang='lat' dir='ltr'><strong>Aacunenrun.</strong></span> <span class='ocrx_word' id='word_1_367' title='bbox 667 2814 738 2851; x_wconf 18' lang='lat'><strong>7—</strong></span> <span class='ocrx_word' id='word_1_368' title='bbox 767 2779 888 2851; x_wconf 87' lang='lat' dir='ltr'><strong>Non</strong></span> <span class='ocrx_word' id='word_1_369' title='bbox 918 2787 1169 2851; x_wconf 83' lang='lat' dir='ltr'><strong>repugnat</strong></span> <span class='ocrx_word' id='word_1_370' title='bbox 1207 2782 1398 2835; x_wconf 84' lang='lat' dir='ltr'><strong>rationi</strong></span> <span class='ocrx_word' id='word_1_371' title='bbox 1447 2781 1685 2834; x_wconf 80' lang='lat' dir='ltr'><strong>humanw</strong></span> <span class='ocrx_word' id='word_1_372' title='bbox 1733 2781 1828 2834; x_wconf 84' lang='lat' dir='ltr'><strong>Fi-</strong></span> 
     </span>
    </p>
   </div>
   <div class='ocr_carea' id='block_1_44' title="bbox 321 2850 1826 2922">
    <p class='ocr_par' dir='ltr' id='par_1_44' title="bbox 321 2850 1826 2922">
     <span class='ocr_line' id='line_1_44' title="bbox 321 2850 1826 2922; baseline 0.002 -20"><span class='ocrx_word' id='word_1_373' title='bbox 321 2853 443 2903; x_wconf 88' lang='lat' dir='ltr'><strong>lium</strong></span> <span class='ocrx_word' id='word_1_374' title='bbox 471 2851 572 2904; x_wconf 87' lang='lat' dir='ltr'><strong>Dei</strong></span> <span class='ocrx_word' id='word_1_375' title='bbox 601 2869 632 2902; x_wconf 93' lang='lat' dir='ltr'><strong>a</strong></span> <span class='ocrx_word' id='word_1_376' title='bbox 675 2850 777 2922; x_wconf 86' lang='lat' dir='ltr'><strong>Deo</strong></span> <span class='ocrx_word' id='word_1_377' title='bbox 806 2850 869 2902; x_wconf 87' lang='lat' dir='ltr'><strong>ab</strong></span> <span class='ocrx_word' id='word_1_378' title='bbox 899 2850 1090 2904; x_wconf 79' lang='lat' dir='ltr'><strong>wterno</strong></span> <span class='ocrx_word' id='word_1_379' title='bbox 1115 2852 1571 2922; x_wconf 71' lang='lat' dir='ltr'><strong>procedentem,in</strong></span> <span class='ocrx_word' id='word_1_380' title='bbox 1599 2861 1826 2922; x_wconf 82' lang='lat' dir='ltr'><strong>tempore</strong></span> 
     </span>
    </p>
   </div>
   <div class='ocr_carea' id='block_1_45' title="bbox 321 2921 1825 2992">
    <p class='ocr_par' dir='ltr' id='par_1_45' title="bbox 321 2921 1825 2992">
     <span class='ocr_line' id='line_1_45' title="bbox 321 2921 1825 2992; baseline 0.001 -20"><span class='ocrx_word' id='word_1_381' title='bbox 321 2923 512 2990; x_wconf 67' lang='lat' dir='ltr'><strong>factum</strong></span> <span class='ocrx_word' id='word_1_382' title='bbox 532 2923 693 2992; x_wconf 78' lang='lat' dir='ltr'><strong>fuisse</strong></span> <span class='ocrx_word' id='word_1_383' title='bbox 721 2921 991 2992; x_wconf 58' lang='lat' dir='ltr'><strong>hominem</strong></span> <span class='ocrx_word' id='word_1_384' title='bbox 1006 2922 1180 2992; x_wconf 79' lang='lat' dir='ltr'><strong>nostri</strong></span> <span class='ocrx_word' id='word_1_385' title='bbox 1206 2922 1445 2974; x_wconf 88' lang='lat' dir='ltr'><strong>similem.</strong></span> <span class='ocrx_word' id='word_1_386' title='bbox 1483 2921 1709 2992; x_wconf 80' lang='lat' dir='ltr'><strong>Utraque</strong></span> <span class='ocrx_word' id='word_1_387' title='bbox 1739 2939 1825 2991; x_wconf 73' lang='lat' dir='ltr'><strong>ge-</strong></span> 
     </span>
    </p>
   </div>
   <div class='ocr_carea' id='block_1_46' title="bbox 320 2989 1824 3060">
    <p class='ocr_par' dir='ltr' id='par_1_46' title="bbox 320 2989 1824 3060">
     <span class='ocr_line' id='line_1_46' title="bbox 320 2989 1824 3060; baseline 0.001 -18"><span class='ocrx_word' id='word_1_388' title='bbox 320 2989 541 3052; x_wconf 71' lang='lat' dir='ltr'><strong>iteratio,</strong></span> <span class='ocrx_word' id='word_1_389' title='bbox 562 2991 817 3060; x_wconf 82' lang='lat' dir='ltr'><strong>duplicem</strong></span> <span class='ocrx_word' id='word_1_390' title='bbox 850 2992 902 3043; x_wconf 87' lang='lat' dir='ltr'><strong>in</strong></span> <span class='ocrx_word' id='word_1_391' title='bbox 950 2989 1153 3045; x_wconf 78' lang='lat' dir='ltr'><strong>Christo</strong></span> <span class='ocrx_word' id='word_1_392' title='bbox 1179 2999 1420 3046; x_wconf 86' lang='lat' dir='ltr'><strong>naturam</strong></span> <span class='ocrx_word' id='word_1_393' title='bbox 1465 2989 1824 3060; x_wconf 78' lang='lat' dir='ltr'><strong>comprobans,</strong></span> 
     </span>
    </p>
   </div>
   <div class='ocr_carea' id='block_1_47' title="bbox 1932 2785 3512 2866">
    <p class='ocr_par' dir='ltr' id='par_1_47' title="bbox 1932 2785 3512 2866">
     <span class='ocr_line' id='line_1_47' title="bbox 1932 2785 3512 2866; baseline 0.003 -28"><span class='ocrx_word' id='word_1_394' title='bbox 1932 2785 2008 2839; x_wconf 90' lang='lat' dir='ltr'><strong>De</strong></span> <span class='ocrx_word' id='word_1_395' title='bbox 2036 2801 2145 2839; x_wconf 90' lang='lat' dir='ltr'><strong>uno</strong></span> <span class='ocrx_word' id='word_1_396' title='bbox 2175 2786 2477 2859; x_wconf 77' lang='lat' dir='ltr'><strong>eodemque</strong></span> <span class='ocrx_word' id='word_1_397' title='bbox 2509 2788 2641 2858; x_wconf 89' lang='lat' dir='ltr'><strong>legis</strong></span> <span class='ocrx_word' id='word_1_398' title='bbox 2671 2807 2682 2841; x_wconf 90' lang='lat'><strong>:</strong></span> <span class='ocrx_word' id='word_1_399' title='bbox 2717 2788 2782 2842; x_wconf 88' lang='lat' dir='ltr'><strong>In</strong></span> <span class='ocrx_word' id='word_1_400' title='bbox 2813 2790 3069 2866; x_wconf 79' lang='lat' dir='ltr'><strong>principio</strong></span> <span class='ocrx_word' id='word_1_401' title='bbox 3111 2801 3222 2843; x_wconf 87' lang='lat' dir='ltr'><strong>erat</strong></span> <span class='ocrx_word' id='word_1_402' title='bbox 3274 2788 3512 2855; x_wconf 76' lang='lat' dir='ltr'><strong>Verbum,</strong></span> 
     </span>
    </p>
   </div>
   <div class='ocr_carea' id='block_1_48' title="bbox 1931 2876 3513 2949">
    <p class='ocr_par' dir='ltr' id='par_1_48' title="bbox 1931 2876 3513 2949">
     <span class='ocr_line' id='line_1_48' title="bbox 1931 2876 3513 2949; baseline 0.002 -18"><span class='ocrx_word' id='word_1_403' title='bbox 1931 2885 1978 2931; x_wconf 84' lang='lat' dir='ltr'><strong>et</strong></span> <span class='ocrx_word' id='word_1_404' title='bbox 1999 2876 2216 2932; x_wconf 84' lang='lat' dir='ltr'><strong>Verbum</strong></span> <span class='ocrx_word' id='word_1_405' title='bbox 2246 2893 2368 2930; x_wconf 88' lang='lat' dir='ltr'><strong>caro</strong></span> <span class='ocrx_word' id='word_1_406' title='bbox 2386 2881 2573 2948; x_wconf 79' lang='lat' dir='ltr'><strong>factum</strong></span> <span class='ocrx_word' id='word_1_407' title='bbox 2589 2891 2662 2932; x_wconf 88' lang='lat' dir='ltr'><strong>est</strong></span> <span class='ocrx_word' id='word_1_408' title='bbox 2679 2878 2730 2948; x_wconf 80' lang='lat'><strong>(1</strong></span> <span class='ocrx_word' id='word_1_409' title='bbox 2738 2896 2856 2932; x_wconf 90' lang='lat' dir='ltr'><strong>oan.</strong></span> <span class='ocrx_word' id='word_1_410' title='bbox 2874 2881 2931 2949; x_wconf 86' lang='lat' dir='ltr'><strong>I).</strong></span> <span class='ocrx_word' id='word_1_411' title='bbox 2947 2877 3134 2934; x_wconf 89' lang='lat' dir='ltr'><strong>Gaude</strong></span> <span class='ocrx_word' id='word_1_412' title='bbox 3145 2893 3273 2948; x_wconf 82' lang='lat' dir='ltr'><strong>ergo</strong></span> <span class='ocrx_word' id='word_1_413' title='bbox 3295 2895 3438 2934; x_wconf 90' lang='lat' dir='ltr'><strong>nunc</strong></span> <span class='ocrx_word' id='word_1_414' title='bbox 3460 2889 3513 2935; x_wconf 89' lang='lat' dir='ltr'><strong>et</strong></span> 
     </span>
    </p>
   </div>
   <div class='ocr_carea' id='block_1_49' title="bbox 1933 2967 3511 3039">
    <p class='ocr_par' dir='ltr' id='par_1_49' title="bbox 1933 2967 3511 3039">
     <span class='ocr_line' id='line_1_49' title="bbox 1933 2967 3511 3039; baseline -0.001 -16"><span class='ocrx_word' id='word_1_415' title='bbox 1933 2971 2036 3039; x_wconf 84' lang='lat'><strong>37</strong></span> <span class='ocrx_word' id='word_1_416' title='bbox 2086 2970 2294 3023; x_wconf 79' lang='lat' dir='ltr'><strong>exsulta</strong></span> <span class='ocrx_word' id='word_1_417' title='bbox 2331 2967 2346 3006; x_wconf 76' lang='grc' dir='ltr'>ῐ</span> <span class='ocrx_word' id='word_1_418' title='bbox 2380 2967 2448 3022; x_wconf 90' lang='lat' dir='ltr'><strong>ad</strong></span> <span class='ocrx_word' id='word_1_419' title='bbox 2496 2968 2661 3022; x_wconf 90' lang='lat' dir='ltr'><strong>Deum</strong></span> <span class='ocrx_word' id='word_1_420' title='bbox 2709 2979 2736 3016; x_wconf 81' lang='grc' dir='ltr'><strong>ες</strong></span> <span class='ocrx_word' id='word_1_421' title='bbox 2785 2977 2934 3022; x_wconf 83' lang='grc' dir='ltr'>ιυιιιιι</span> <span class='ocrx_word' id='word_1_422' title='bbox 2985 2969 3199 3022; x_wconf 85' lang='lat' dir='ltr'><strong>tandem</strong></span> <span class='ocrx_word' id='word_1_423' title='bbox 3250 2983 3511 3023; x_wconf 89' lang='lat' dir='ltr'><strong>conversa</strong></span> 
     </span>
    </p>
   </div>
   <div class='ocr_carea' id='block_1_50' title="bbox 321 3059 3512 3133">
    <p class='ocr_par' dir='ltr' id='par_1_50' title="bbox 321 3059 3512 3133">
     <span class='ocr_line' id='line_1_50' title="bbox 321 3059 3512 3133; baseline 0 -21"><span class='ocrx_word' id='word_1_424' title='bbox 321 3070 363 3112; x_wconf 80' lang='lat' dir='ltr'><strong>et</strong></span> <span class='ocrx_word' id='word_1_425' title='bbox 386 3059 649 3128; x_wconf 77' lang='lat' dir='ltr'><strong>ineffabile</strong></span> <span class='ocrx_word' id='word_1_426' title='bbox 695 3070 1070 3114; x_wconf 82' lang='lat' dir='ltr'><strong>sacramentum</strong></span> <span class='ocrx_word' id='word_1_427' title='bbox 1096 3062 1384 3130; x_wconf 84' lang='lat' dir='ltr'><strong>continens,</strong></span> <span class='ocrx_word' id='word_1_428' title='bbox 1407 3061 1528 3131; x_wconf 80' lang='lat' dir='ltr'><strong>ﬁdei</strong></span> <span class='ocrx_word' id='word_1_429' title='bbox 1563 3070 1635 3114; x_wconf 80' lang='lat' dir='ltr'><strong>est</strong></span> <span class='ocrx_word' id='word_1_430' title='bbox 1665 3079 1822 3133; x_wconf 80' lang='lat' dir='ltr'><strong>argu-</strong></span> <span class='ocrx_word' id='word_1_431' title='bbox 1854 3069 1898 3130; x_wconf 74' lang='grc' dir='ltr'>ο</span> <span class='ocrx_word' id='word_1_432' title='bbox 1931 3063 2218 3132; x_wconf 78' lang='lat' dir='ltr'><strong>gentilitas.</strong></span> <span class='ocrx_word' id='word_1_433' title='bbox 2274 3061 2565 3131; x_wconf 86' lang='lat' dir='ltr'><strong>Percepisti</strong></span> <span class='ocrx_word' id='word_1_434' title='bbox 2596 3062 2970 3132; x_wconf 78' lang='lat' dir='ltr'><strong>donumquod</strong></span> <span class='ocrx_word' id='word_1_435' title='bbox 3020 3061 3289 3115; x_wconf 84' lang='lat' dir='ltr'><strong>Abraham</strong></span> <span class='ocrx_word' id='word_1_436' title='bbox 3321 3060 3371 3113; x_wconf 93' lang='lat' dir='ltr'><strong>in</strong></span> <span class='ocrx_word' id='word_1_437' title='bbox 3402 3060 3512 3129; x_wconf 88' lang='lat' dir='ltr'><strong>spi-</strong></span> 
     </span>
    </p>
   </div>
   <div class='ocr_carea' id='block_1_51' title="bbox 326 3141 565 3184">
    <p class='ocr_par' dir='ltr' id='par_1_51' title="bbox 326 3141 565 3184">
     <span class='ocr_line' id='line_1_51' title="bbox 326 3141 565 3184; baseline 0.008 -2"><span class='ocrx_word' id='word_1_438' title='bbox 326 3141 490 3184; x_wconf 79' lang='lat' dir='ltr'><strong>meatu</strong></span> <span class='ocrx_word' id='word_1_439' title='bbox 497 3148 565 3184; x_wconf 91' lang='lat' dir='ltr'><strong>m.</strong></span> 
     </span>
    </p>
   </div>
   <div class='ocr_carea' id='block_1_52' title="bbox 321 3239 1822 3314">
    <p class='ocr_par' dir='ltr' id='par_1_52' title="bbox 321 3239 1822 3314">
     <span class='ocr_line' id='line_1_52' title="bbox 321 3239 1822 3314; baseline 0.001 -19"><span class='ocrx_word' id='word_1_440' title='bbox 321 3239 578 3297; x_wconf 86' lang='lat' dir='ltr'><strong>Hodierni</strong></span> <span class='ocrx_word' id='word_1_441' title='bbox 605 3243 846 3314; x_wconf 81' lang='lat' dir='ltr'><strong>mysterii</strong></span> <span class='ocrx_word' id='word_1_442' title='bbox 874 3251 1285 3309; x_wconf 86' lang='lat' dir='ltr'><strong>sacramentum,</strong></span> <span class='ocrx_word' id='word_1_443' title='bbox 1319 3241 1512 3298; x_wconf 88' lang='lat' dir='ltr'><strong>fratres</strong></span> <span class='ocrx_word' id='word_1_444' title='bbox 1539 3243 1822 3303; x_wconf 77' lang='lat' dir='ltr'><strong>carissimi,</strong></span> 
     </span>
    </p>
   </div>
   <div class='ocr_carea' id='block_1_53' title="bbox 261 3335 1826 3405">
    <p class='ocr_par' dir='ltr' id='par_1_53' title="bbox 261 3335 1826 3405">
     <span class='ocr_line' id='line_1_53' title="bbox 261 3335 1826 3405; baseline -0.001 -15"><span class='ocrx_word' id='word_1_445' title='bbox 261 3335 384 3392; x_wconf 87' lang='lat' dir='ltr'><strong>sicut</strong></span> <span class='ocrx_word' id='word_1_446' title='bbox 409 3335 715 3391; x_wconf 86' lang='lat' dir='ltr'><strong>credidistis</strong></span> <span class='ocrx_word' id='word_1_447' title='bbox 741 3350 956 3405; x_wconf 86' lang='lat' dir='ltr'><strong>semper</strong></span> <span class='ocrx_word' id='word_1_448' title='bbox 984 3344 1039 3391; x_wconf 88' lang='lat' dir='ltr'><strong>et</strong></span> <span class='ocrx_word' id='word_1_449' title='bbox 1066 3335 1310 3404; x_wconf 87' lang='lat' dir='ltr'><strong>creditis,</strong></span> <span class='ocrx_word' id='word_1_450' title='bbox 1339 3336 1609 3405; x_wconf 88' lang='lat' dir='ltr'><strong>reparatio</strong></span> <span class='ocrx_word' id='word_1_451' title='bbox 1629 3343 1712 3389; x_wconf 89' lang='lat' dir='ltr'><strong>est</strong></span> <span class='ocrx_word' id='word_1_452' title='bbox 1739 3350 1826 3389; x_wconf 91' lang='lat' dir='ltr'><strong>sa-</strong></span> 
     </span>
    </p>
   </div>
   <div class='ocr_carea' id='block_1_54' title="bbox 263 3425 1820 3496">
    <p class='ocr_par' dir='ltr' id='par_1_54' title="bbox 263 3425 1820 3496">
     <span class='ocr_line' id='line_1_54' title="bbox 263 3425 1820 3496; baseline -0.002 -15"><span class='ocrx_word' id='word_1_453' title='bbox 263 3425 373 3481; x_wconf 87' lang='lat' dir='ltr'><strong>lutis</strong></span> <span class='ocrx_word' id='word_1_454' title='bbox 423 3426 695 3494; x_wconf 70' lang='lat' dir='ltr'><strong>humanm,</strong></span> <span class='ocrx_word' id='word_1_455' title='bbox 719 3427 977 3481; x_wconf 86' lang='lat' dir='ltr'><strong>virtutum</strong></span> <span class='ocrx_word' id='word_1_456' title='bbox 1027 3429 1312 3496; x_wconf 87' lang='lat' dir='ltr'><strong>nativitas,</strong></span> <span class='ocrx_word' id='word_1_457' title='bbox 1340 3429 1495 3483; x_wconf 88' lang='lat' dir='ltr'><strong>ruina</strong></span> <span class='ocrx_word' id='word_1_458' title='bbox 1545 3428 1820 3482; x_wconf 87' lang='lat' dir='ltr'><strong>vitiorum.</strong></span> 
     </span>
    </p>
   </div>
   <div class='ocr_carea' id='block_1_55' title="bbox 266 3514 1821 3586">
    <p class='ocr_par' dir='ltr' id='par_1_55' title="bbox 266 3514 1821 3586">
     <span class='ocr_line' id='line_1_55' title="bbox 266 3514 1821 3586; baseline 0 -17"><span class='ocrx_word' id='word_1_459' title='bbox 266 3514 418 3572; x_wconf 89' lang='lat' dir='ltr'><strong>Ilodie</strong></span> <span class='ocrx_word' id='word_1_460' title='bbox 448 3531 679 3585; x_wconf 88' lang='lat' dir='ltr'><strong>namque</strong></span> <span class='ocrx_word' id='word_1_461' title='bbox 713 3515 958 3572; x_wconf 87' lang='lat' dir='ltr'><strong>Christus</strong></span> <span class='ocrx_word' id='word_1_462' title='bbox 995 3517 1180 3586; x_wconf 86' lang='lat' dir='ltr'><strong>Jesus,</strong></span> <span class='ocrx_word' id='word_1_463' title='bbox 1226 3518 1487 3574; x_wconf 88' lang='lat' dir='ltr'><strong>Dominus</strong></span> <span class='ocrx_word' id='word_1_464' title='bbox 1537 3527 1740 3585; x_wconf 89' lang='lat' dir='ltr'><strong>noster,</strong></span> <span class='ocrx_word' id='word_1_465' title='bbox 1767 3517 1821 3570; x_wconf 88' lang='lat' dir='ltr'><strong>in</strong></span> 
     </span>
    </p>
   </div>
   <div class='ocr_carea' id='block_1_56' title="bbox 263 3597 1821 3677">
    <p class='ocr_par' dir='ltr' id='par_1_56' title="bbox 263 3597 1821 3677">
     <span class='ocr_line' id='line_1_56' title="bbox 263 3597 1821 3677; baseline 0.001 -17"><span class='ocrx_word' id='word_1_466' title='bbox 263 3621 357 3674; x_wconf 90' lang='lat' dir='ltr'><strong>quo</strong></span> <span class='ocrx_word' id='word_1_467' title='bbox 381 3608 676 3663; x_wconf 86' lang='lat' dir='ltr'><strong>divinitatis</strong></span> <span class='ocrx_word' id='word_1_468' title='bbox 701 3617 784 3663; x_wconf 89' lang='lat' dir='ltr'><strong>est</strong></span> <span class='ocrx_word' id='word_1_469' title='bbox 810 3608 1114 3677; x_wconf 89' lang='lat' dir='ltr'><strong>plenitudo,</strong></span> <span class='ocrx_word' id='word_1_470' title='bbox 1142 3611 1320 3666; x_wconf 89' lang='lat' dir='ltr'><strong>carnis</strong></span> <span class='ocrx_word' id='word_1_471' title='bbox 1365 3597 1564 3666; x_wconf 73' lang='lat' dir='ltr'><strong>nostrae</strong></span> <span class='ocrx_word' id='word_1_472' title='bbox 1615 3610 1821 3664; x_wconf 80' lang='lat' dir='ltr'><strong>infirma</strong></span> 
     </span>
    </p>
   </div>
   <div class='ocr_carea' id='block_1_57' title="bbox 259 3699 1821 3770">
    <p class='ocr_par' dir='ltr' id='par_1_57' title="bbox 259 3699 1821 3770">
     <span class='ocr_line' id='line_1_57' title="bbox 259 3699 1821 3770; baseline 0.002 -17"><span class='ocrx_word' id='word_1_473' title='bbox 259 3699 559 3770; x_wconf 86' lang='lat' dir='ltr'><strong>suscipiens,</strong></span> <span class='ocrx_word' id='word_1_474' title='bbox 591 3716 762 3755; x_wconf 87' lang='lat' dir='ltr'><strong>novus</strong></span> <span class='ocrx_word' id='word_1_475' title='bbox 782 3710 940 3754; x_wconf 89' lang='lat' dir='ltr'><strong>natus</strong></span> <span class='ocrx_word' id='word_1_476' title='bbox 967 3708 1049 3755; x_wconf 90' lang='lat' dir='ltr'><strong>est</strong></span> <span class='ocrx_word' id='word_1_477' title='bbox 1077 3701 1264 3757; x_wconf 91' lang='lat' dir='ltr'><strong>homo.</strong></span> <span class='ocrx_word' id='word_1_478' title='bbox 1295 3701 1469 3756; x_wconf 81' lang='lat' dir='ltr'><strong>Hodie</strong></span> <span class='ocrx_word' id='word_1_479' title='bbox 1498 3702 1704 3758; x_wconf 87' lang='lat' dir='ltr'><strong>refulsit</strong></span> <span class='ocrx_word' id='word_1_480' title='bbox 1732 3717 1821 3756; x_wconf 88' lang='lat' dir='ltr'><strong>se-</strong></span> 
     </span>
    </p>
   </div>
   <div class='ocr_carea' id='block_1_58' title="bbox 260 3789 1822 3864">
    <p class='ocr_par' dir='ltr' id='par_1_58' title="bbox 260 3789 1822 3864">
     <span class='ocr_line' id='line_1_58' title="bbox 260 3789 1822 3864; baseline 0.002 -21"><span class='ocrx_word' id='word_1_481' title='bbox 260 3790 450 3846; x_wconf 87' lang='lat' dir='ltr'><strong>cundus</strong></span> <span class='ocrx_word' id='word_1_482' title='bbox 481 3791 573 3845; x_wconf 88' lang='lat' dir='ltr'><strong>ille</strong></span> <span class='ocrx_word' id='word_1_483' title='bbox 599 3790 791 3859; x_wconf 75' lang='lat' dir='ltr'><strong>Adam,</strong></span> <span class='ocrx_word' id='word_1_484' title='bbox 813 3806 922 3845; x_wconf 89' lang='lat' dir='ltr'><strong>non</strong></span> <span class='ocrx_word' id='word_1_485' title='bbox 956 3789 1152 3858; x_wconf 87' lang='lat' dir='ltr'><strong>incola,</strong></span> <span class='ocrx_word' id='word_1_486' title='bbox 1183 3791 1277 3848; x_wconf 91' lang='lat' dir='ltr'><strong>sed</strong></span> <span class='ocrx_word' id='word_1_487' title='bbox 1298 3793 1544 3847; x_wconf 90' lang='lat' dir='ltr'><strong>dominus</strong></span> <span class='ocrx_word' id='word_1_488' title='bbox 1567 3794 1822 3864; x_wconf 83' lang='lat' dir='ltr'><strong>paradisi,</strong></span> 
     </span>
    </p>
   </div>
   <div class='ocr_carea' id='block_1_59' title="bbox 257 3883 1820 3956">
    <p class='ocr_par' dir='ltr' id='par_1_59' title="bbox 257 3883 1820 3956">
     <span class='ocr_line' id='line_1_59' title="bbox 257 3883 1820 3956; baseline 0.005 -22"><span class='ocrx_word' id='word_1_489' title='bbox 257 3894 399 3949; x_wconf 88' lang='lat' dir='ltr'><strong>quem</strong></span> <span class='ocrx_word' id='word_1_490' title='bbox 439 3883 740 3938; x_wconf 75' lang='lat' dir='ltr'><strong>interdicta:</strong></span> <span class='ocrx_word' id='word_1_491' title='bbox 761 3885 970 3940; x_wconf 89' lang='lat' dir='ltr'><strong>arboris</strong></span> <span class='ocrx_word' id='word_1_492' title='bbox 996 3885 1338 3954; x_wconf 86' lang='lat' dir='ltr'><strong>pulchritudo</strong></span> <span class='ocrx_word' id='word_1_493' title='bbox 1369 3903 1474 3941; x_wconf 88' lang='lat' dir='ltr'><strong>non</strong></span> <span class='ocrx_word' id='word_1_494' title='bbox 1503 3886 1671 3956; x_wconf 88' lang='lat' dir='ltr'><strong>fallat,</strong></span> <span class='ocrx_word' id='word_1_495' title='bbox 1703 3903 1820 3942; x_wconf 84' lang='lat' dir='ltr'><strong>ser-</strong></span> 
     </span>
    </p>
   </div>
   <div class='ocr_carea' id='block_1_60' title="bbox 256 3975 1819 4044">
    <p class='ocr_par' dir='ltr' id='par_1_60' title="bbox 256 3975 1819 4044">
     <span class='ocr_line' id='line_1_60' title="bbox 256 3975 1819 4044; baseline 0.004 -18"><span class='ocrx_word' id='word_1_496' title='bbox 256 3987 375 4041; x_wconf 89' lang='lat' dir='ltr'><strong>pens</strong></span> <span class='ocrx_word' id='word_1_497' title='bbox 412 3990 524 4029; x_wconf 88' lang='lat' dir='ltr'><strong>non</strong></span> <span class='ocrx_word' id='word_1_498' title='bbox 563 3975 818 4044; x_wconf 85' lang='lat' dir='ltr'><strong>decipiat,</strong></span> <span class='ocrx_word' id='word_1_499' title='bbox 841 3975 1034 4031; x_wconf 87' lang='lat' dir='ltr'><strong>mulier</strong></span> <span class='ocrx_word' id='word_1_500' title='bbox 1061 3991 1170 4032; x_wconf 89' lang='lat' dir='ltr'><strong>non</strong></span> <span class='ocrx_word' id='word_1_501' title='bbox 1199 3977 1438 4032; x_wconf 88' lang='lat' dir='ltr'><strong>seducat.</strong></span> <span class='ocrx_word' id='word_1_502' title='bbox 1467 3976 1636 4032; x_wconf 84' lang='lat' dir='ltr'><strong>Hodie</strong></span> <span class='ocrx_word' id='word_1_503' title='bbox 1655 3993 1819 4033; x_wconf 81' lang='lat' dir='ltr'><strong>exor-</strong></span> 
     </span>
    </p>
   </div>
   <div class='ocr_carea' id='block_1_61' title="bbox 256 4057 1818 4139">
    <p class='ocr_par' dir='ltr' id='par_1_61' title="bbox 256 4057 1818 4139">
     <span class='ocr_line' id='line_1_61' title="bbox 256 4057 1818 4139; baseline 0.005 -23"><span class='ocrx_word' id='word_1_504' title='bbox 256 4072 355 4118; x_wconf 85' lang='lat' dir='ltr'><strong>tum</strong></span> <span class='ocrx_word' id='word_1_505' title='bbox 381 4066 540 4120; x_wconf 90' lang='lat' dir='ltr'><strong>estin</strong></span> <span class='ocrx_word' id='word_1_506' title='bbox 575 4066 1020 4121; x_wconf 87' lang='lat' dir='ltr'><strong>tenebrislumen.</strong></span> <span class='ocrx_word' id='word_1_507' title='bbox 1048 4057 1216 4120; x_wconf 85' lang='lat' dir='ltr'><strong>llodie</strong></span> <span class='ocrx_word' id='word_1_508' title='bbox 1241 4067 1368 4121; x_wconf 89' lang='lat' dir='ltr'><strong>illud</strong></span> <span class='ocrx_word' id='word_1_509' title='bbox 1389 4069 1532 4138; x_wconf 84' lang='lat' dir='ltr'><strong>quod</strong></span> <span class='ocrx_word' id='word_1_510' title='bbox 1554 4067 1580 4105; x_wconf 73' lang='grc' dir='ltr'><em>δ</em></span> <span class='ocrx_word' id='word_1_511' title='bbox 1600 4070 1818 4139; x_wconf 68' lang='lat' dir='ltr'><strong>malum,</strong></span> 
     </span>
    </p>
   </div>
   <div class='ocr_carea' id='block_1_62' title="bbox 256 4156 1818 4226">
    <p class='ocr_par' dir='ltr' id='par_1_62' title="bbox 256 4156 1818 4226">
     <span class='ocr_line' id='line_1_62' title="bbox 256 4156 1818 4226; baseline 0.004 -19"><span class='ocrx_word' id='word_1_512' title='bbox 256 4161 302 4208; x_wconf 83' lang='lat' dir='ltr'><strong>et</strong></span> <span class='ocrx_word' id='word_1_513' title='bbox 326 4157 445 4211; x_wconf 70' lang='lat' dir='ltr'><strong>coeli</strong></span> <span class='ocrx_word' id='word_1_514' title='bbox 470 4156 729 4211; x_wconf 61' lang='lat' dir='ltr'><strong>calorum</strong></span> <span class='ocrx_word' id='word_1_515' title='bbox 751 4171 809 4209; x_wconf 89' lang='lat' dir='ltr'><strong>se</strong></span> <span class='ocrx_word' id='word_1_516' title='bbox 838 4157 1038 4212; x_wconf 86' lang='lat' dir='ltr'><strong>habere</strong></span> <span class='ocrx_word' id='word_1_517' title='bbox 1057 4156 1362 4225; x_wconf 79' lang='lat' dir='ltr'><strong>gaudebant</strong></span> <span class='ocrx_word' id='word_1_518' title='bbox 1381 4199 1396 4226; x_wconf 91' lang='lat'><strong>,</strong></span> <span class='ocrx_word' id='word_1_519' title='bbox 1421 4158 1670 4226; x_wconf 86' lang='lat' dir='ltr'><strong>mundus,</strong></span> <span class='ocrx_word' id='word_1_520' title='bbox 1693 4160 1818 4214; x_wconf 89' lang='lat' dir='ltr'><strong>dum</strong></span> 
     </span>
    </p>
   </div>
   <div class='ocr_carea' id='block_1_63' title="bbox 256 4246 1816 4317">
    <p class='ocr_par' dir='ltr' id='par_1_63' title="bbox 256 4246 1816 4317">
     <span class='ocr_line' id='line_1_63' title="bbox 256 4246 1816 4317; baseline 0.003 -20"><span class='ocrx_word' id='word_1_521' title='bbox 256 4247 442 4313; x_wconf 81' lang='lat' dir='ltr'><strong>nescit,</strong></span> <span class='ocrx_word' id='word_1_522' title='bbox 486 4246 714 4314; x_wconf 87' lang='lat' dir='ltr'><strong>accepit.</strong></span> <span class='ocrx_word' id='word_1_523' title='bbox 757 4246 940 4314; x_wconf 88' lang='lat' dir='ltr'><strong>Neque</strong></span> <span class='ocrx_word' id='word_1_524' title='bbox 974 4247 1117 4300; x_wconf 91' lang='lat' dir='ltr'><strong>enim</strong></span> <span class='ocrx_word' id='word_1_525' title='bbox 1149 4256 1206 4299; x_wconf 87' lang='lat' dir='ltr'><strong>ut</strong></span> <span class='ocrx_word' id='word_1_526' title='bbox 1243 4247 1552 4317; x_wconf 83' lang='lat' dir='ltr'><strong>temporalis</strong></span> <span class='ocrx_word' id='word_1_527' title='bbox 1577 4247 1816 4316; x_wconf 88' lang='lat' dir='ltr'><strong>quidam,</strong></span> 
     </span>
    </p>
   </div>
   <div class='ocr_carea' id='block_1_64' title="bbox 253 4336 1819 4408">
    <p class='ocr_par' dir='ltr' id='par_1_64' title="bbox 253 4336 1819 4408">
     <span class='ocr_line' id='line_1_64' title="bbox 253 4336 1819 4408; baseline 0.003 -21"><span class='ocrx_word' id='word_1_528' title='bbox 253 4343 332 4388; x_wconf 83' lang='lat' dir='ltr'><strong>aut</strong></span> <span class='ocrx_word' id='word_1_529' title='bbox 357 4337 449 4405; x_wconf 90' lang='lat' dir='ltr'><strong>qui</strong></span> <span class='ocrx_word' id='word_1_530' title='bbox 472 4345 595 4392; x_wconf 90' lang='lat' dir='ltr'><strong>ante</strong></span> <span class='ocrx_word' id='word_1_531' title='bbox 618 4353 727 4391; x_wconf 90' lang='lat' dir='ltr'><strong>non</strong></span> <span class='ocrx_word' id='word_1_532' title='bbox 760 4347 782 4374; x_wconf 76' lang='grc' dir='ltr'><strong><em>ο</em></strong></span> <span class='ocrx_word' id='word_1_533' title='bbox 814 4337 994 4404; x_wconf 87' lang='lat' dir='ltr'><strong>fuerit,</strong></span> <span class='ocrx_word' id='word_1_534' title='bbox 1022 4337 1089 4391; x_wconf 90' lang='lat' dir='ltr'><strong>de</strong></span> <span class='ocrx_word' id='word_1_535' title='bbox 1113 4336 1305 4391; x_wconf 86' lang='lat' dir='ltr'><strong>femina</strong></span> <span class='ocrx_word' id='word_1_536' title='bbox 1323 4338 1479 4392; x_wconf 90' lang='lat' dir='ltr'><strong>nobis</strong></span> <span class='ocrx_word' id='word_1_537' title='bbox 1504 4340 1819 4408; x_wconf 89' lang='lat' dir='ltr'><strong>repentinus</strong></span> 
     </span>
    </p>
   </div>
   <div class='ocr_carea' id='block_1_65' title="bbox 1929 3150 3512 3222">
    <p class='ocr_par' dir='ltr' id='par_1_65' title="bbox 1929 3150 3512 3222">
     <span class='ocr_line' id='line_1_65' title="bbox 1929 3150 3512 3222; baseline -0.005 -12"><span class='ocrx_word' id='word_1_538' title='bbox 1929 3156 2034 3210; x_wconf 88' lang='lat' dir='ltr'><strong>ritu</strong></span> <span class='ocrx_word' id='word_1_539' title='bbox 2063 3171 2122 3210; x_wconf 92' lang='lat' dir='ltr'><strong>se</strong></span> <span class='ocrx_word' id='word_1_540' title='bbox 2149 3155 2343 3209; x_wconf 89' lang='lat' dir='ltr'><strong>vidisse</strong></span> <span class='ocrx_word' id='word_1_541' title='bbox 2373 3155 2580 3208; x_wconf 81' lang='lat' dir='ltr'><strong>laetatus</strong></span> <span class='ocrx_word' id='word_1_542' title='bbox 2627 3162 2710 3208; x_wconf 86' lang='lat' dir='ltr'><strong>est</strong></span> <span class='ocrx_word' id='word_1_543' title='bbox 2754 3172 2765 3206; x_wconf 90' lang='lat'><strong>:</strong></span> <span class='ocrx_word' id='word_1_544' title='bbox 2819 3153 3061 3207; x_wconf 87' lang='lat' dir='ltr'><strong>meruisti</strong></span> <span class='ocrx_word' id='word_1_545' title='bbox 3090 3168 3187 3222; x_wconf 88' lang='lat' dir='ltr'><strong>per</strong></span> <span class='ocrx_word' id='word_1_546' title='bbox 3219 3150 3512 3217; x_wconf 88' lang='lat' dir='ltr'><strong>Christum,</strong></span> 
     </span>
    </p>
   </div>
   <div class='ocr_carea' id='block_1_66' title="bbox 1925 3245 3512 3316">
    <p class='ocr_par' dir='ltr' id='par_1_66' title="bbox 1925 3245 3512 3316">
     <span class='ocr_line' id='line_1_66' title="bbox 1925 3245 3512 3316; baseline -0.001 -16"><span class='ocrx_word' id='word_1_547' title='bbox 1925 3250 2068 3316; x_wconf 83' lang='lat' dir='ltr'><strong>quod</strong></span> <span class='ocrx_word' id='word_1_548' title='bbox 2097 3247 2293 3301; x_wconf 79' lang='lat' dir='ltr'><strong>mereri</strong></span> <span class='ocrx_word' id='word_1_549' title='bbox 2344 3246 2619 3315; x_wconf 89' lang='lat' dir='ltr'><strong>quondam</strong></span> <span class='ocrx_word' id='word_1_550' title='bbox 2666 3246 3012 3299; x_wconf 71' lang='lat' dir='ltr'><strong>llebrmorum</strong></span> <span class='ocrx_word' id='word_1_551' title='bbox 3043 3258 3173 3311; x_wconf 84' lang='lat' dir='ltr'><strong>gens</strong></span> <span class='ocrx_word' id='word_1_552' title='bbox 3201 3245 3374 3299; x_wconf 88' lang='lat' dir='ltr'><strong>electa</strong></span> <span class='ocrx_word' id='word_1_553' title='bbox 3405 3259 3512 3298; x_wconf 90' lang='lat' dir='ltr'><strong>non</strong></span> 
     </span>
    </p>
   </div>
   <div class='ocr_carea' id='block_1_67' title="bbox 1925 3334 3511 3408">
    <p class='ocr_par' dir='ltr' id='par_1_67' title="bbox 1925 3334 3511 3408">
     <span class='ocr_line' id='line_1_67' title="bbox 1925 3334 3511 3408; baseline -0.004 -16"><span class='ocrx_word' id='word_1_554' title='bbox 1925 3337 2128 3408; x_wconf 89' lang='lat' dir='ltr'><strong>potuit;</strong></span> <span class='ocrx_word' id='word_1_555' title='bbox 2183 3338 2378 3390; x_wconf 86' lang='lat' dir='ltr'><strong>timens</strong></span> <span class='ocrx_word' id='word_1_556' title='bbox 2425 3337 2566 3389; x_wconf 90' lang='lat' dir='ltr'><strong>enim</strong></span> <span class='ocrx_word' id='word_1_557' title='bbox 2606 3334 2768 3389; x_wconf 87' lang='lat' dir='ltr'><strong>Israel</strong></span> <span class='ocrx_word' id='word_1_558' title='bbox 2819 3343 2875 3388; x_wconf 91' lang='lat' dir='ltr'><strong>et</strong></span> <span class='ocrx_word' id='word_1_559' title='bbox 2929 3343 3166 3388; x_wconf 91' lang='lat' dir='ltr'><strong>tremens</strong></span> <span class='ocrx_word' id='word_1_560' title='bbox 3195 3334 3511 3398; x_wconf 89' lang='lat' dir='ltr'><strong>mirabatur,</strong></span> 
     </span>
    </p>
   </div>
   <div class='ocr_carea' id='block_1_68' title="bbox 1925 3425 3512 3497">
    <p class='ocr_par' dir='ltr' id='par_1_68' title="bbox 1925 3425 3512 3497">
     <span class='ocr_line' id='line_1_68' title="bbox 1925 3425 3512 3497; baseline -0.003 -15"><span class='ocrx_word' id='word_1_561' title='bbox 1925 3437 1984 3482; x_wconf 91' lang='lat' dir='ltr'><strong>ut</strong></span> <span class='ocrx_word' id='word_1_562' title='bbox 2011 3428 2259 3496; x_wconf 86' lang='lat' dir='ltr'><strong>legimus,</strong></span> <span class='ocrx_word' id='word_1_563' title='bbox 2283 3426 2427 3497; x_wconf 89' lang='lat' dir='ltr'><strong>quod</strong></span> <span class='ocrx_word' id='word_1_564' title='bbox 2461 3426 2702 3496; x_wconf 79' lang='lat' dir='ltr'><strong>Moyses,</strong></span> <span class='ocrx_word' id='word_1_565' title='bbox 2747 3427 2927 3495; x_wconf 90' lang='lat' dir='ltr'><strong>populi</strong></span> <span class='ocrx_word' id='word_1_566' title='bbox 2960 3427 3232 3495; x_wconf 87' lang='lat' dir='ltr'><strong>princeps,</strong></span> <span class='ocrx_word' id='word_1_567' title='bbox 3262 3425 3512 3480; x_wconf 84' lang='lat' dir='ltr'><strong>recondi-</strong></span> 
     </span>
    </p>
   </div>
   <div class='ocr_carea' id='block_1_69' title="bbox 1926 3516 3510 3583">
    <p class='ocr_par' dir='ltr' id='par_1_69' title="bbox 1926 3516 3510 3583">
     <span class='ocr_line' id='line_1_69' title="bbox 1926 3516 3510 3583; baseline -0.001 -11"><span class='ocrx_word' id='word_1_568' title='bbox 1926 3528 2011 3572; x_wconf 90' lang='lat' dir='ltr'><strong>tus</strong></span> <span class='ocrx_word' id='word_1_569' title='bbox 2041 3519 2092 3572; x_wconf 92' lang='lat' dir='ltr'><strong>in</strong></span> <span class='ocrx_word' id='word_1_570' title='bbox 2117 3518 2278 3583; x_wconf 91' lang='lat' dir='ltr'><strong>nube,</strong></span> <span class='ocrx_word' id='word_1_571' title='bbox 2309 3526 2362 3572; x_wconf 86' lang='lat' dir='ltr'><strong>et</strong></span> <span class='ocrx_word' id='word_1_572' title='bbox 2390 3517 2443 3571; x_wconf 93' lang='lat' dir='ltr'><strong>in</strong></span> <span class='ocrx_word' id='word_1_573' title='bbox 2482 3517 2682 3570; x_wconf 85' lang='lat' dir='ltr'><strong>vertice</strong></span> <span class='ocrx_word' id='word_1_574' title='bbox 2711 3516 2912 3570; x_wconf 90' lang='lat' dir='ltr'><strong>montis</strong></span> <span class='ocrx_word' id='word_1_575' title='bbox 2941 3516 3184 3570; x_wconf 80' lang='lat' dir='ltr'><strong>altissimi</strong></span> <span class='ocrx_word' id='word_1_576' title='bbox 3215 3516 3359 3570; x_wconf 89' lang='lat' dir='ltr'><strong>solus</strong></span> <span class='ocrx_word' id='word_1_577' title='bbox 3387 3531 3510 3570; x_wconf 93' lang='lat' dir='ltr'><strong>cum</strong></span> 
     </span>
    </p>
   </div>
   <div class='ocr_carea' id='block_1_70' title="bbox 1924 3607 3510 3678">
    <p class='ocr_par' dir='ltr' id='par_1_70' title="bbox 1924 3607 3510 3678">
     <span class='ocr_line' id='line_1_70' title="bbox 1924 3607 3510 3678; baseline -0.001 -15"><span class='ocrx_word' id='word_1_578' title='bbox 1924 3610 2153 3664; x_wconf 91' lang='lat' dir='ltr'><strong>Domino</strong></span> <span class='ocrx_word' id='word_1_579' title='bbox 2184 3609 2491 3677; x_wconf 82' lang='lat' dir='ltr'><strong>loqueretur</strong></span> <span class='ocrx_word' id='word_1_580' title='bbox 2521 3607 2713 3678; x_wconf 70' lang='lat' dir='ltr'><strong>(Exod.</strong></span> <span class='ocrx_word' id='word_1_581' title='bbox 2750 3608 2880 3675; x_wconf 70' lang='lat' dir='ltr'><strong>xxx).</strong></span> <span class='ocrx_word' id='word_1_582' title='bbox 2924 3607 3040 3660; x_wconf 91' lang='lat' dir='ltr'><strong>Tibi</strong></span> <span class='ocrx_word' id='word_1_583' title='bbox 3077 3623 3207 3661; x_wconf 90' lang='lat' dir='ltr'><strong>vero</strong></span> <span class='ocrx_word' id='word_1_584' title='bbox 3247 3608 3325 3661; x_wconf 91' lang='lat' dir='ltr'><strong>sic</strong></span> <span class='ocrx_word' id='word_1_585' title='bbox 3354 3616 3510 3662; x_wconf 89' lang='lat' dir='ltr'><strong>natus</strong></span> 
     </span>
    </p>
   </div>
   <div class='ocr_carea' id='block_1_71' title="bbox 1923 3697 3509 3766">
    <p class='ocr_par' dir='ltr' id='par_1_71' title="bbox 1923 3697 3509 3766">
     <span class='ocr_line' id='line_1_71' title="bbox 1923 3697 3509 3766; baseline -0.001 -11"><span class='ocrx_word' id='word_1_586' title='bbox 1923 3707 2005 3755; x_wconf 90' lang='lat' dir='ltr'><strong>est</strong></span> <span class='ocrx_word' id='word_1_587' title='bbox 2032 3700 2296 3766; x_wconf 77' lang='lat' dir='ltr'><strong>Christus,</strong></span> <span class='ocrx_word' id='word_1_588' title='bbox 2328 3697 2355 3735; x_wconf 69' lang='grc' dir='ltr'>δ</span> <span class='ocrx_word' id='word_1_589' title='bbox 2398 3707 2454 3754; x_wconf 89' lang='lat' dir='ltr'><strong>et</strong></span> <span class='ocrx_word' id='word_1_590' title='bbox 2489 3707 2634 3752; x_wconf 91' lang='lat' dir='ltr'><strong>tanta</strong></span> <span class='ocrx_word' id='word_1_591' title='bbox 2678 3713 2737 3752; x_wconf 89' lang='lat' dir='ltr'><strong>se</strong></span> <span class='ocrx_word' id='word_1_592' title='bbox 2767 3697 2920 3752; x_wconf 89' lang='lat' dir='ltr'><strong>nobis</strong></span> <span class='ocrx_word' id='word_1_593' title='bbox 2946 3697 3256 3764; x_wconf 75' lang='lat' dir='ltr'><strong>dignatione</strong></span> <span class='ocrx_word' id='word_1_594' title='bbox 3283 3712 3509 3753; x_wconf 89' lang='lat' dir='ltr'><strong>conces-</strong></span> 
     </span>
    </p>
   </div>
   <div class='ocr_carea' id='block_1_72' title="bbox 1923 3787 3505 3860">
    <p class='ocr_par' dir='ltr' id='par_1_72' title="bbox 1923 3787 3505 3860">
     <span class='ocr_line' id='line_1_72' title="bbox 1923 3787 3505 3860; baseline -0.003 -14"><span class='ocrx_word' id='word_1_595' title='bbox 1923 3792 2015 3858; x_wconf 91' lang='lat' dir='ltr'><strong>sit,</strong></span> <span class='ocrx_word' id='word_1_596' title='bbox 2046 3801 2102 3846; x_wconf 90' lang='lat' dir='ltr'><strong>ut</strong></span> <span class='ocrx_word' id='word_1_597' title='bbox 2134 3791 2443 3860; x_wconf 80' lang='lat' dir='ltr'><strong>loqueretur</strong></span> <span class='ocrx_word' id='word_1_598' title='bbox 2476 3789 2747 3856; x_wconf 84' lang='lat' dir='ltr'><strong>omnibus,</strong></span> <span class='ocrx_word' id='word_1_599' title='bbox 2778 3789 2918 3843; x_wconf 89' lang='lat' dir='ltr'><strong>etab</strong></span> <span class='ocrx_word' id='word_1_600' title='bbox 2941 3789 3190 3842; x_wconf 90' lang='lat' dir='ltr'><strong>omnibus</strong></span> <span class='ocrx_word' id='word_1_601' title='bbox 3213 3787 3505 3842; x_wconf 90' lang='lat' dir='ltr'><strong>videretur.</strong></span> 
     </span>
    </p>
   </div>
   <div class='ocr_carea' id='block_1_73' title="bbox 1923 3879 3505 3950">
    <p class='ocr_par' dir='ltr' id='par_1_73' title="bbox 1923 3879 3505 3950">
     <span class='ocr_line' id='line_1_73' title="bbox 1923 3879 3505 3950; baseline -0.003 -12"><span class='ocrx_word' id='word_1_602' title='bbox 1923 3883 2006 3938; x_wconf 81' lang='lat' dir='ltr'><strong>Ad</strong></span> <span class='ocrx_word' id='word_1_603' title='bbox 2037 3884 2183 3938; x_wconf 90' lang='lat' dir='ltr'><strong>illum</strong></span> <span class='ocrx_word' id='word_1_604' title='bbox 2215 3891 2342 3937; x_wconf 91' lang='lat' dir='ltr'><strong>tunc</strong></span> <span class='ocrx_word' id='word_1_605' title='bbox 2372 3892 2606 3937; x_wconf 89' lang='lat' dir='ltr'><strong>montem</strong></span> <span class='ocrx_word' id='word_1_606' title='bbox 2637 3881 2764 3935; x_wconf 86' lang='lat' dir='ltr'><strong>Sina</strong></span> <span class='ocrx_word' id='word_1_607' title='bbox 2801 3879 2815 3917; x_wconf 86' lang='grc' dir='ltr'><strong>ί</strong></span> <span class='ocrx_word' id='word_1_608' title='bbox 2853 3880 3157 3950; x_wconf 87' lang='lat' dir='ltr'><strong>quicunque</strong></span> <span class='ocrx_word' id='word_1_609' title='bbox 3186 3881 3505 3936; x_wconf 81' lang='lat' dir='ltr'><strong>accessiSset</strong></span> 
     </span>
    </p>
   </div>
   <div class='ocr_carea' id='block_1_74' title="bbox 1922 3970 3509 4044">
    <p class='ocr_par' dir='ltr' id='par_1_74' title="bbox 1922 3970 3509 4044">
     <span class='ocr_line' id='line_1_74' title="bbox 1922 3970 3509 4044; baseline -0.001 -15"><span class='ocrx_word' id='word_1_610' title='bbox 1922 3990 1990 4030; x_wconf 78' lang='lat' dir='ltr'><strong>ex</strong></span> <span class='ocrx_word' id='word_1_611' title='bbox 2019 3974 2249 4044; x_wconf 87' lang='lat' dir='ltr'><strong>populo,</strong></span> <span class='ocrx_word' id='word_1_612' title='bbox 2299 3972 2546 4043; x_wconf 76' lang='lat' dir='ltr'><strong>pnesenti</strong></span> <span class='ocrx_word' id='word_1_613' title='bbox 2593 3971 2914 4040; x_wconf 91' lang='lat' dir='ltr'><strong>pnniebatur</strong></span> <span class='ocrx_word' id='word_1_614' title='bbox 2961 3971 3178 4024; x_wconf 89' lang='lat' dir='ltr'><strong>interitu</strong></span> <span class='ocrx_word' id='word_1_615' title='bbox 3215 3989 3228 4026; x_wconf 91' lang='lat'>:</span> <span class='ocrx_word' id='word_1_616' title='bbox 3269 3970 3336 4025; x_wconf 89' lang='lat' dir='ltr'><strong>ad</strong></span> <span class='ocrx_word' id='word_1_617' title='bbox 3368 3970 3509 4027; x_wconf 86' lang='lat' dir='ltr'><strong>hunc</strong></span> 
     </span>
    </p>
   </div>
   <div class='ocr_carea' id='block_1_75' title="bbox 1925 4061 3509 4131">
    <p class='ocr_par' dir='ltr' id='par_1_75' title="bbox 1925 4061 3509 4131">
     <span class='ocr_line' id='line_1_75' title="bbox 1925 4061 3509 4131; baseline -0.003 -11"><span class='ocrx_word' id='word_1_618' title='bbox 1925 4081 2053 4124; x_wconf 86' lang='lat' dir='ltr'><strong>vero</strong></span> <span class='ocrx_word' id='word_1_619' title='bbox 2083 4071 2358 4130; x_wconf 90' lang='lat' dir='ltr'><strong>montem,</strong></span> <span class='ocrx_word' id='word_1_620' title='bbox 2406 4063 2498 4131; x_wconf 90' lang='lat' dir='ltr'><strong>qui</strong></span> <span class='ocrx_word' id='word_1_621' title='bbox 2528 4061 2690 4117; x_wconf 91' lang='lat' dir='ltr'><strong>hodie</strong></span> <span class='ocrx_word' id='word_1_622' title='bbox 2729 4069 2887 4116; x_wconf 90' lang='lat' dir='ltr'><strong>natus</strong></span> <span class='ocrx_word' id='word_1_623' title='bbox 2923 4069 3006 4115; x_wconf 89' lang='lat' dir='ltr'><strong>est</strong></span> <span class='ocrx_word' id='word_1_624' title='bbox 3034 4061 3255 4128; x_wconf 91' lang='lat' dir='ltr'><strong>mundo,</strong></span> <span class='ocrx_word' id='word_1_625' title='bbox 3285 4062 3509 4130; x_wconf 90' lang='lat' dir='ltr'><strong>quicun-</strong></span> 
     </span>
    </p>
   </div>
   <div class='ocr_carea' id='block_1_76' title="bbox 1921 4151 3509 4228">
    <p class='ocr_par' dir='ltr' id='par_1_76' title="bbox 1921 4151 3509 4228">
     <span class='ocr_line' id='line_1_76' title="bbox 1921 4151 3509 4228; baseline -0.001 -18"><span class='ocrx_word' id='word_1_626' title='bbox 1921 4173 2026 4228; x_wconf 84' lang='lat' dir='ltr'><strong>que</strong></span> <span class='ocrx_word' id='word_1_627' title='bbox 2055 4172 2161 4210; x_wconf 90' lang='lat' dir='ltr'><strong>non</strong></span> <span class='ocrx_word' id='word_1_628' title='bbox 2191 4154 2507 4218; x_wconf 88' lang='lat' dir='ltr'><strong>accesserit,</strong></span> <span class='ocrx_word' id='word_1_629' title='bbox 2541 4153 2820 4208; x_wconf 89' lang='lat' dir='ltr'><strong>morietur.</strong></span> <span class='ocrx_word' id='word_1_630' title='bbox 2879 4151 2947 4204; x_wconf 85' lang='lat' dir='ltr'><strong>Et</strong></span> <span class='ocrx_word' id='word_1_631' title='bbox 2978 4161 3104 4207; x_wconf 89' lang='lat' dir='ltr'><strong>tunc</strong></span> <span class='ocrx_word' id='word_1_632' title='bbox 3126 4151 3344 4221; x_wconf 89' lang='lat' dir='ltr'><strong>quidem</strong></span> <span class='ocrx_word' id='word_1_633' title='bbox 3374 4167 3509 4208; x_wconf 88' lang='lat' dir='ltr'><strong>unus</strong></span> 
     </span>
    </p>
   </div>
   <div class='ocr_carea' id='block_1_77' title="bbox 1919 4242 3507 4322">
    <p class='ocr_par' dir='ltr' id='par_1_77' title="bbox 1919 4242 3507 4322">
     <span class='ocr_line' id='line_1_77' title="bbox 1919 4242 3507 4322; baseline -0.003 -18"><span class='ocrx_word' id='word_1_634' title='bbox 1919 4251 2150 4322; x_wconf 86' lang='lat' dir='ltr'><strong>populus</strong></span> <span class='ocrx_word' id='word_1_635' title='bbox 2191 4245 2533 4304; x_wconf 86' lang='lat' dir='ltr'><strong>erudiebatur</strong></span> <span class='ocrx_word' id='word_1_636' title='bbox 2579 4244 2644 4297; x_wconf 89' lang='lat' dir='ltr'><strong>ad</strong></span> <span class='ocrx_word' id='word_1_637' title='bbox 2693 4242 2849 4297; x_wconf 85' lang='lat' dir='ltr'><strong>fidem</strong></span> <span class='ocrx_word' id='word_1_638' title='bbox 2888 4262 2902 4298; x_wconf 88' lang='lat'><strong>:</strong></span> <span class='ocrx_word' id='word_1_639' title='bbox 2953 4260 3092 4299; x_wconf 91' lang='lat' dir='ltr'><strong>nunc</strong></span> <span class='ocrx_word' id='word_1_640' title='bbox 3141 4259 3270 4298; x_wconf 88' lang='lat' dir='ltr'><strong>vero</strong></span> <span class='ocrx_word' id='word_1_641' title='bbox 3316 4260 3507 4299; x_wconf 87' lang='lat' dir='ltr'><strong>omnes</strong></span> 
     </span>
    </p>
   </div>
   <div class='ocr_carea' id='block_1_78' title="bbox 1920 4334 3505 4410">
    <p class='ocr_par' dir='ltr' id='par_1_78' title="bbox 1920 4334 3505 4410">
     <span class='ocr_line' id='line_1_78' title="bbox 1920 4334 3505 4410; baseline -0.005 -13"><span class='ocrx_word' id='word_1_642' title='bbox 1920 4351 2113 4410; x_wconf 83' lang='lat' dir='ltr'><strong>gentes.</strong></span> <span class='ocrx_word' id='word_1_643' title='bbox 2139 4347 2400 4394; x_wconf 88' lang='lat' dir='ltr'><strong>vocantur</strong></span> <span class='ocrx_word' id='word_1_644' title='bbox 2432 4336 2500 4390; x_wconf 89' lang='lat' dir='ltr'><strong>ad</strong></span> <span class='ocrx_word' id='word_1_645' title='bbox 2531 4337 2715 4391; x_wconf 86' lang='lat' dir='ltr'><strong>vitam.</strong></span> <span class='ocrx_word' id='word_1_646' title='bbox 2758 4334 3022 4388; x_wconf 75' lang='lat' dir='ltr'><strong>Viderunt</strong></span> <span class='ocrx_word' id='word_1_647' title='bbox 3051 4337 3384 4389; x_wconf 88' lang='lat' dir='ltr'><strong>venerabiles</strong></span> <span class='ocrx_word' id='word_1_648' title='bbox 3413 4351 3505 4404; x_wconf 88' lang='lat' dir='ltr'><strong>pa-</strong></span> 
     </span>
    </p>
   </div>
   <div class='ocr_carea' id='block_1_79' title="bbox 254 4425 3505 4501">
    <p class='ocr_par' dir='ltr' id='par_1_79' title="bbox 254 4425 3505 4501">
     <span class='ocr_line' id='line_1_79' title="bbox 254 4425 3505 4501; baseline 0.001 -23"><span class='ocrx_word' id='word_1_649' title='bbox 254 4429 490 4493; x_wconf 86' lang='lat' dir='ltr'><strong>emersit;</strong></span> <span class='ocrx_word' id='word_1_650' title='bbox 520 4427 612 4483; x_wconf 87' lang='lat' dir='ltr'><strong>sed</strong></span> <span class='ocrx_word' id='word_1_651' title='bbox 637 4429 728 4499; x_wconf 91' lang='lat' dir='ltr'><strong>qui</strong></span> <span class='ocrx_word' id='word_1_652' title='bbox 771 4443 984 4497; x_wconf 75' lang='lat' dir='ltr'><strong>seraper</strong></span> <span class='ocrx_word' id='word_1_653' title='bbox 1011 4436 1127 4482; x_wconf 90' lang='lat' dir='ltr'><strong>erat</strong></span> <span class='ocrx_word' id='word_1_654' title='bbox 1152 4445 1272 4484; x_wconf 89' lang='lat' dir='ltr'><strong>cum</strong></span> <span class='ocrx_word' id='word_1_655' title='bbox 1304 4429 1462 4484; x_wconf 82' lang='lat' dir='ltr'><strong>Patre</strong></span> <span class='ocrx_word' id='word_1_656' title='bbox 1485 4430 1646 4498; x_wconf 91' lang='lat' dir='ltr'><strong>Deus,</strong></span> <span class='ocrx_word' id='word_1_657' title='bbox 1669 4446 1815 4486; x_wconf 88' lang='lat' dir='ltr'><strong>sem-</strong></span> <span class='ocrx_word' id='word_1_658' title='bbox 1843 4444 1892 4501; x_wconf 76' lang='grc' dir='ltr'>υ</span> <span class='ocrx_word' id='word_1_659' title='bbox 1923 4445 2026 4490; x_wconf 86' lang='lat' dir='ltr'><strong>tres</strong></span> <span class='ocrx_word' id='word_1_660' title='bbox 2059 4433 2228 4488; x_wconf 85' lang='lat' dir='ltr'><strong>nostri</strong></span> <span class='ocrx_word' id='word_1_661' title='bbox 2274 4431 2555 4487; x_wconf 88' lang='lat' dir='ltr'><strong>innumera</strong></span> <span class='ocrx_word' id='word_1_662' title='bbox 2605 4442 2903 4497; x_wconf 87' lang='lat' dir='ltr'><strong>magnaque</strong></span> <span class='ocrx_word' id='word_1_663' title='bbox 2949 4427 3231 4480; x_wconf 89' lang='lat' dir='ltr'><strong>mirabilia.</strong></span> <span class='ocrx_word' id='word_1_664' title='bbox 3296 4425 3505 4481; x_wconf 81' lang='lat' dir='ltr'><strong>Caelum</strong></span> 
     </span>
    </p>
   </div>
   <div class='ocr_carea' id='block_1_80' title="bbox 253 4518 1814 4590">
    <p class='ocr_par' dir='ltr' id='par_1_80' title="bbox 253 4518 1814 4590">
     <span class='ocr_line' id='line_1_80' title="bbox 253 4518 1814 4590; baseline 0.004 -20"><span class='ocrx_word' id='word_1_665' title='bbox 253 4531 438 4586; x_wconf 84' lang='lat' dir='ltr'><strong>perque</strong></span> <span class='ocrx_word' id='word_1_666' title='bbox 465 4518 743 4588; x_wconf 83' lang='lat' dir='ltr'><strong>regnabat,</strong></span> <span class='ocrx_word' id='word_1_667' title='bbox 772 4534 910 4572; x_wconf 87' lang='lat' dir='ltr'><strong>novo</strong></span> <span class='ocrx_word' id='word_1_668' title='bbox 926 4519 1290 4590; x_wconf 86' lang='lat' dir='ltr'><strong>pervirginem</strong></span> <span class='ocrx_word' id='word_1_669' title='bbox 1312 4520 1482 4577; x_wconf 89' lang='lat' dir='ltr'><strong>voluit</strong></span> <span class='ocrx_word' id='word_1_670' title='bbox 1498 4521 1814 4576; x_wconf 89' lang='lat' dir='ltr'><strong>mortalibus</strong></span> 
     </span>
    </p>
   </div>
   <div class='ocr_carea' id='block_1_81' title="bbox 252 4609 1814 4680">
    <p class='ocr_par' dir='ltr' id='par_1_81' title="bbox 252 4609 1814 4680">
     <span class='ocr_line' id='line_1_81' title="bbox 252 4609 1814 4680; baseline 0.005 -20"><span class='ocrx_word' id='word_1_671' title='bbox 252 4620 499 4677; x_wconf 84' lang='lat' dir='ltr'><strong>apparere</strong></span> <span class='ocrx_word' id='word_1_672' title='bbox 518 4609 802 4680; x_wconf 80' lang='lat' dir='ltr'><strong>mysterio:</strong></span> <span class='ocrx_word' id='word_1_673' title='bbox 823 4624 992 4663; x_wconf 88' lang='lat' dir='ltr'><strong>novus</strong></span> <span class='ocrx_word' id='word_1_674' title='bbox 1006 4609 1220 4676; x_wconf 88' lang='lat' dir='ltr'><strong>quidem</strong></span> <span class='ocrx_word' id='word_1_675' title='bbox 1242 4610 1428 4677; x_wconf 89' lang='lat' dir='ltr'><strong>homo,</strong></span> <span class='ocrx_word' id='word_1_676' title='bbox 1442 4611 1534 4664; x_wconf 87' lang='lat' dir='ltr'><strong>sed</strong></span> <span class='ocrx_word' id='word_1_677' title='bbox 1557 4610 1814 4669; x_wconf 90' lang='lat' dir='ltr'><strong>Dominus</strong></span> 
     </span>
    </p>
   </div>
   <div class='ocr_carea' id='block_1_82' title="bbox 249 4700 1814 4769">
    <p class='ocr_par' dir='ltr' id='par_1_82' title="bbox 249 4700 1814 4769">
     <span class='ocr_line' id='line_1_82' title="bbox 249 4700 1814 4769; baseline 0.003 -17"><span class='ocrx_word' id='word_1_678' title='bbox 249 4702 618 4769; x_wconf 84' lang='lat' dir='ltr'><strong>sempiternus;</strong></span> <span class='ocrx_word' id='word_1_679' title='bbox 645 4715 815 4754; x_wconf 83' lang='lat' dir='ltr'><strong>novus</strong></span> <span class='ocrx_word' id='word_1_680' title='bbox 843 4700 1107 4767; x_wconf 88' lang='lat' dir='ltr'><strong>Christus,</strong></span> <span class='ocrx_word' id='word_1_681' title='bbox 1132 4701 1226 4755; x_wconf 89' lang='lat' dir='ltr'><strong>sed</strong></span> <span class='ocrx_word' id='word_1_682' title='bbox 1260 4717 1353 4755; x_wconf 82' lang='lat' dir='ltr'><strong>rex</strong></span> <span class='ocrx_word' id='word_1_683' title='bbox 1377 4703 1619 4756; x_wconf 90' lang='lat' dir='ltr'><strong>omnium</strong></span> <span class='ocrx_word' id='word_1_684' title='bbox 1646 4718 1814 4757; x_wconf 68' lang='lat' dir='ltr'><strong>samu-</strong></span> 
     </span>
    </p>
   </div>
   <div class='ocr_carea' id='block_1_83' title="bbox 249 4790 1814 4863">
    <p class='ocr_par' dir='ltr' id='par_1_83' title="bbox 249 4790 1814 4863">
     <span class='ocr_line' id='line_1_83' title="bbox 249 4790 1814 4863; baseline 0.001 -18"><span class='ocrx_word' id='word_1_685' title='bbox 249 4790 430 4846; x_wconf 88' lang='lat' dir='ltr'><strong>Iorum.</strong></span> <span class='ocrx_word' id='word_1_686' title='bbox 466 4793 578 4862; x_wconf 91' lang='lat' dir='ltr'><strong>Ipse</strong></span> <span class='ocrx_word' id='word_1_687' title='bbox 621 4793 785 4847; x_wconf 89' lang='lat' dir='ltr'><strong>estin</strong></span> <span class='ocrx_word' id='word_1_688' title='bbox 833 4793 936 4847; x_wconf 86' lang='lat' dir='ltr'><strong>ﬁne</strong></span> <span class='ocrx_word' id='word_1_689' title='bbox 965 4801 1270 4863; x_wconf 89' lang='lat' dir='ltr'><strong>temporum</strong></span> <span class='ocrx_word' id='word_1_690' title='bbox 1314 4801 1472 4848; x_wconf 88' lang='lat' dir='ltr'><strong>natus</strong></span> <span class='ocrx_word' id='word_1_691' title='bbox 1514 4809 1583 4848; x_wconf 83' lang='lat' dir='ltr'><strong>ex</strong></span> <span class='ocrx_word' id='word_1_692' title='bbox 1624 4793 1814 4861; x_wconf 80' lang='lat' dir='ltr'><strong>Maria,</strong></span> 
     </span>
    </p>
   </div>
   <div class='ocr_carea' id='block_1_84' title="bbox 248 4883 1811 4955">
    <p class='ocr_par' dir='ltr' id='par_1_84' title="bbox 248 4883 1811 4955">
     <span class='ocr_line' id='line_1_84' title="bbox 248 4883 1811 4955; baseline 0.003 -19"><span class='ocrx_word' id='word_1_693' title='bbox 248 4885 475 4950; x_wconf 88' lang='lat' dir='ltr'><strong>quiante</strong></span> <span class='ocrx_word' id='word_1_694' title='bbox 503 4885 682 4939; x_wconf 90' lang='lat' dir='ltr'><strong>omnia</strong></span> <span class='ocrx_word' id='word_1_695' title='bbox 713 4885 904 4939; x_wconf 65' lang='lat' dir='ltr'><strong>saecula</strong></span> <span class='ocrx_word' id='word_1_696' title='bbox 943 4883 1260 4952; x_wconf 80' lang='lat' dir='ltr'><strong>Uuigenitus</strong></span> <span class='ocrx_word' id='word_1_697' title='bbox 1284 4887 1550 4955; x_wconf 89' lang='lat' dir='ltr'><strong>processit</strong></span> <span class='ocrx_word' id='word_1_698' title='bbox 1577 4902 1608 4940; x_wconf 90' lang='lat' dir='ltr'><strong>e</strong></span> <span class='ocrx_word' id='word_1_699' title='bbox 1633 4886 1811 4940; x_wconf 84' lang='lat' dir='ltr'><strong>Patre.</strong></span> 
     </span>
    </p>
   </div>
   <div class='ocr_carea' id='block_1_85' title="bbox 247 4970 1813 5044">
    <p class='ocr_par' dir='ltr' id='par_1_85' title="bbox 247 4970 1813 5044">
     <span class='ocr_line' id='line_1_85' title="bbox 247 4970 1813 5044; baseline 0.004 -21"><span class='ocrx_word' id='word_1_700' title='bbox 247 4970 336 5027; x_wconf 87' lang='lat' dir='ltr'><strong>Ilie</strong></span> <span class='ocrx_word' id='word_1_701' title='bbox 357 4983 442 5028; x_wconf 84' lang='lat' dir='ltr'><strong>est</strong></span> <span class='ocrx_word' id='word_1_702' title='bbox 464 4973 745 5042; x_wconf 62' lang='lat' dir='ltr'><strong>pra&#39;dictus</strong></span> <span class='ocrx_word' id='word_1_703' title='bbox 771 4989 800 5026; x_wconf 89' lang='lat' dir='ltr'><strong>a</strong></span> <span class='ocrx_word' id='word_1_704' title='bbox 833 4975 1172 5044; x_wconf 89' lang='lat' dir='ltr'><strong>patriarchis,</strong></span> <span class='ocrx_word' id='word_1_705' title='bbox 1200 4990 1229 5028; x_wconf 89' lang='lat' dir='ltr'><strong>a</strong></span> <span class='ocrx_word' id='word_1_706' title='bbox 1251 4976 1530 5044; x_wconf 87' lang='lat' dir='ltr'><strong>prophetis</strong></span> <span class='ocrx_word' id='word_1_707' title='bbox 1558 4976 1813 5044; x_wconf 70' lang='lat' dir='ltr'><strong>prmdiea-</strong></span> 
     </span>
    </p>
   </div>
   <div class='ocr_carea' id='block_1_86' title="bbox 249 5063 1810 5136">
    <p class='ocr_par' dir='ltr' id='par_1_86' title="bbox 249 5063 1810 5136">
     <span class='ocr_line' id='line_1_86' title="bbox 249 5063 1810 5136; baseline 0.003 -19"><span class='ocrx_word' id='word_1_708' title='bbox 249 5069 344 5129; x_wconf 87' lang='lat' dir='ltr'><strong>tus,</strong></span> <span class='ocrx_word' id='word_1_709' title='bbox 368 5063 714 5118; x_wconf 82' lang='lat' dir='ltr'><strong>annuntiatus</strong></span> <span class='ocrx_word' id='word_1_710' title='bbox 740 5064 806 5118; x_wconf 90' lang='lat' dir='ltr'><strong>ab</strong></span> <span class='ocrx_word' id='word_1_711' title='bbox 826 5065 1050 5132; x_wconf 76' lang='lat' dir='ltr'><strong>angelis,</strong></span> <span class='ocrx_word' id='word_1_712' title='bbox 1080 5067 1148 5120; x_wconf 84' lang='lat' dir='ltr'><strong>ab</strong></span> <span class='ocrx_word' id='word_1_713' title='bbox 1174 5067 1436 5134; x_wconf 87' lang='lat' dir='ltr'><strong>apostolis</strong></span> <span class='ocrx_word' id='word_1_714' title='bbox 1460 5067 1810 5136; x_wconf 89' lang='lat' dir='ltr'><strong>approbatus.</strong></span> 
     </span>
    </p>
   </div>
   <div class='ocr_carea' id='block_1_87' title="bbox 312 5257 1806 5334">
    <p class='ocr_par' dir='ltr' id='par_1_87' title="bbox 312 5257 1806 5334">
     <span class='ocr_line' id='line_1_87' title="bbox 312 5257 1806 5334; baseline 0 -20"><span class='ocrx_word' id='word_1_715' title='bbox 312 5259 541 5334; x_wconf 18' lang='lat' dir='ltr'><strong>&#39;ACodd.</strong></span> <span class='ocrx_word' id='word_1_716' title='bbox 584 5259 714 5328; x_wconf 81' lang='lat' dir='ltr'><strong>Reg.</strong></span> <span class='ocrx_word' id='word_1_717' title='bbox 759 5259 926 5334; x_wconf 79' lang='lat' dir='ltr'><strong>Vatic.</strong></span> <span class='ocrx_word' id='word_1_718' title='bbox 973 5257 1076 5334; x_wconf 66' lang='grc' dir='ltr'>1ἓὸ</span> <span class='ocrx_word' id='word_1_719' title='bbox 1102 5267 1172 5334; x_wconf 91' lang='lat' dir='ltr'><strong>_et</strong></span> <span class='ocrx_word' id='word_1_720' title='bbox 1199 5259 1378 5334; x_wconf 53' lang='lat' dir='ltr'><strong>Balat.</strong></span> <span class='ocrx_word' id='word_1_721' title='bbox 1422 5261 1562 5334; x_wconf 45' lang='lat'><strong>4315,</strong></span> <span class='ocrx_word' id='word_1_722' title='bbox 1606 5269 1806 5334; x_wconf 69' lang='lat' dir='ltr'><strong>recepto</strong></span> 
     </span>
    </p>
   </div>
   <div class='ocr_carea' id='block_1_88' title="bbox 245 5330 1800 5411">
    <p class='ocr_par' dir='ltr' id='par_1_88' title="bbox 245 5330 1800 5411">
     <span class='ocr_line' id='line_1_88' title="bbox 245 5330 1800 5411; baseline 0.001 -31"><span class='ocrx_word' id='word_1_723' title='bbox 245 5330 429 5411; x_wconf 82' lang='lat' dir='ltr'><strong>lumine</strong></span> <span class='ocrx_word' id='word_1_724' title='bbox 471 5347 633 5411; x_wconf 62' lang='lat' dir='ltr'><strong>caecus</strong></span> <span class='ocrx_word' id='word_1_725' title='bbox 670 5332 960 5384; x_wconf 86' lang='lat' dir='ltr'><strong>annuntiat.</strong></span> <span class='ocrx_word' id='word_1_726' title='bbox 1005 5330 1317 5411; x_wconf 31' lang='lat' dir='ltr'><strong>Cod.‘4651</strong></span> <span class='ocrx_word' id='word_1_727' title='bbox 1366 5340 1422 5386; x_wconf 87' lang='lat' dir='ltr'><strong>et</strong></span> <span class='ocrx_word' id='word_1_728' title='bbox 1463 5331 1684 5387; x_wconf 84' lang='lat' dir='ltr'><strong>Vcrccll.</strong></span> <span class='ocrx_word' id='word_1_729' title='bbox 1711 5330 1800 5396; x_wconf 83' lang='grc'><strong>81,</strong></span> 
     </span>
    </p>
   </div>
   <div class='ocr_carea' id='block_1_89' title="bbox 245 5402 1802 5550">
    <p class='ocr_par' dir='ltr' id='par_1_89' title="bbox 245 5402 1802 5550">
     <span class='ocr_line' id='line_1_89' title="bbox 245 5402 1190 5468; baseline 0.003 -18"><span class='ocrx_word' id='word_1_730' title='bbox 245 5410 496 5468; x_wconf 77' lang='lat' dir='ltr'><strong>receptam</strong></span> <span class='ocrx_word' id='word_1_731' title='bbox 517 5402 684 5453; x_wconf 81' lang='lat' dir='ltr'><strong>tamen</strong></span> <span class='ocrx_word' id='word_1_732' title='bbox 708 5416 868 5454; x_wconf 66' lang='lat' dir='ltr'><strong>caecus</strong></span> <span class='ocrx_word' id='word_1_733' title='bbox 897 5402 1190 5454; x_wconf 85' lang='lat' dir='ltr'><strong>annuntiat.</strong></span> 
     </span>
     <span class='ocr_line' id='line_1_90' title="bbox 312 5469 1802 5550; baseline -0.001 -28"><span class='ocrx_word' id='word_1_734' title='bbox 312 5469 334 5550; x_wconf 54' lang='lat' dir='ltr'><strong>If</strong></span> <span class='ocrx_word' id='word_1_735' title='bbox 363 5469 492 5550; x_wconf 62' lang='lat' dir='ltr'><strong>Cod.</strong></span> <span class='ocrx_word' id='word_1_736' title='bbox 526 5469 786 5550; x_wconf 62' lang='grc' dir='ltr'><strong>Δὸβ,</strong></span> <span class='ocrx_word' id='word_1_737' title='bbox 819 5471 871 5522; x_wconf 87' lang='lat' dir='ltr'><strong>in</strong></span> <span class='ocrx_word' id='word_1_738' title='bbox 902 5470 1170 5550; x_wconf 72' lang='lat' dir='ltr'><strong>iniquitate</strong></span> <span class='ocrx_word' id='word_1_739' title='bbox 1209 5471 1511 5550; x_wconf 81' lang='lat' dir='ltr'><strong>damnanda</strong></span> <span class='ocrx_word' id='word_1_740' title='bbox 1541 5482 1802 5550; x_wconf 60' lang='lat' dir='ltr'><strong>purgaret.</strong></span> 
     </span>
    </p>
   </div>
   <div class='ocr_carea' id='block_1_90' title="bbox 312 5488 1802 5610">
    <p class='ocr_par' dir='ltr' id='par_1_90' title="bbox 312 5488 1802 5610">
     <span class='ocr_line' id='line_1_91' title="bbox 312 5488 1802 5593; baseline -0.001 -72"><span class='ocrx_word' id='word_1_741' title='bbox 312 5488 334 5505; x_wconf 90' lang='grc' dir='ltr'><strong><em>υ</em></strong></span> <span class='ocrx_word' id='word_1_742' title='bbox 363 5488 492 5522; x_wconf 62' lang='lat' dir='ltr'><strong>nou.</strong></span> <span class='ocrx_word' id='word_1_743' title='bbox 526 5488 638 5523; x_wconf 75' lang='lat' dir='ltr'><strong>rat.</strong></span> <span class='ocrx_word' id='word_1_744' title='bbox 663 5488 786 5533; x_wconf 64' lang='lat' dir='ltr'><strong>eoo,</strong></span> <span class='ocrx_word' id='word_1_745' title='bbox 819 5488 871 5522; x_wconf 82' lang='grc' dir='ltr'>ιη</span> <span class='ocrx_word' id='word_1_746' title='bbox 902 5488 1170 5550; x_wconf 75' lang='lat' dir='ltr'><strong>iniquitate</strong></span> <span class='ocrx_word' id='word_1_747' title='bbox 1209 5488 1511 5525; x_wconf 85' lang='lat' dir='ltr'><strong>aamnanaa</strong></span> <span class='ocrx_word' id='word_1_748' title='bbox 1541 5488 1802 5593; x_wconf 56' lang='lat' dir='ltr'><strong>purlqaret.</strong></span> 
     </span>
     <span class='ocr_line' id='line_1_92' title="bbox 312 5537 1802 5610; baseline 0 -17"><span class='ocrx_word' id='word_1_749' title='bbox 312 5549 349 5610; x_wconf 50' lang='lat' dir='ltr'><strong>ﬁ</strong></span> <span class='ocrx_word' id='word_1_750' title='bbox 364 5537 492 5610; x_wconf 82' lang='lat' dir='ltr'><strong>Cod.</strong></span> <span class='ocrx_word' id='word_1_751' title='bbox 522 5538 679 5603; x_wconf 71' lang='grc'>4951,</span> <span class='ocrx_word' id='word_1_752' title='bbox 705 5541 880 5592; x_wconf 84' lang='lat' dir='ltr'><strong>damn.</strong></span> <span class='ocrx_word' id='word_1_753' title='bbox 923 5540 1048 5610; x_wconf 87' lang='lat' dir='ltr'><strong>imq.</strong></span> <span class='ocrx_word' id='word_1_754' title='bbox 1078 5552 1318 5604; x_wconf 84' lang='lat' dir='ltr'><strong>novaret;</strong></span> <span class='ocrx_word' id='word_1_755' title='bbox 1343 5543 1426 5595; x_wconf 88' lang='lat' dir='ltr'><strong>cui</strong></span> <span class='ocrx_word' id='word_1_756' title='bbox 1471 5559 1586 5595; x_wconf 88' lang='lat' dir='ltr'><strong>cum</strong></span> <span class='ocrx_word' id='word_1_757' title='bbox 1651 5543 1802 5604; x_wconf 82' lang='lat' dir='ltr'><strong>’atre,</strong></span> 
     </span>
    </p>
   </div>
   <div class='ocr_carea' id='block_1_91' title="bbox 242 5606 1806 5681">
    <p class='ocr_par' dir='ltr' id='par_1_91' title="bbox 242 5606 1806 5681">
     <span class='ocr_line' id='line_1_93' title="bbox 242 5606 1806 5681; baseline 0.003 -23"><span class='ocrx_word' id='word_1_758' title='bbox 242 5618 286 5658; x_wconf 79' lang='lat' dir='ltr'><strong>et</strong></span> <span class='ocrx_word' id='word_1_759' title='bbox 314 5606 505 5681; x_wconf 75' lang='lat' dir='ltr'><strong>Spiritu</strong></span> <span class='ocrx_word' id='word_1_760' title='bbox 529 5621 706 5681; x_wconf 84' lang='lat' dir='ltr'><strong>sancto</strong></span> <span class='ocrx_word' id='word_1_761' title='bbox 726 5609 888 5664; x_wconf 83' lang='lat' dir='ltr'><strong>honor</strong></span> <span class='ocrx_word' id='word_1_762' title='bbox 907 5619 955 5662; x_wconf 84' lang='lat' dir='ltr'><strong>et</strong></span> <span class='ocrx_word' id='word_1_763' title='bbox 984 5606 1255 5681; x_wconf 84' lang='lat' dir='ltr'><strong>imperium</strong></span> <span class='ocrx_word' id='word_1_764' title='bbox 1285 5629 1376 5681; x_wconf 84' lang='lat' dir='ltr'><strong>per</strong></span> <span class='ocrx_word' id='word_1_765' title='bbox 1407 5614 1583 5667; x_wconf 87' lang='lat' dir='ltr'><strong>omnia</strong></span> <span class='ocrx_word' id='word_1_766' title='bbox 1617 5611 1806 5665; x_wconf 72' lang='lat' dir='ltr'><strong>sa&#39;rula</strong></span> 
     </span>
    </p>
   </div>
   <div class='ocr_carea' id='block_1_92' title="bbox 244 5677 760 5732">
    <p class='ocr_par' dir='ltr' id='par_1_92' title="bbox 244 5677 760 5732">
     <span class='ocr_line' id='line_1_94' title="bbox 244 5677 760 5732; baseline 0 0"><span class='ocrx_word' id='word_1_767' title='bbox 244 5677 552 5732; x_wconf 62' lang='lat' dir='ltr'><strong>seculorum.</strong></span> <span class='ocrx_word' id='word_1_768' title='bbox 580 5679 760 5732; x_wconf 80' lang='lat' dir='ltr'><strong>Amen.</strong></span> 
     </span>
    </p>
   </div>
   <div class='ocr_carea' id='block_1_93' title="bbox 310 5746 1374 5814">
    <p class='ocr_par' dir='ltr' id='par_1_93' title="bbox 310 5746 1374 5814">
     <span class='ocr_line' id='line_1_95' title="bbox 310 5746 1374 5814; baseline 0.003 -13"><span class='ocrx_word' id='word_1_769' title='bbox 310 5746 334 5784; x_wconf 69' lang='grc' dir='ltr'><strong><em>ἀ</em></strong></span> <span class='ocrx_word' id='word_1_770' title='bbox 366 5747 494 5802; x_wconf 86' lang='lat' dir='ltr'><strong>Cod.</strong></span> <span class='ocrx_word' id='word_1_771' title='bbox 515 5748 793 5804; x_wconf 75' lang='lat' dir='ltr'><strong>Martinen.</strong></span> <span class='ocrx_word' id='word_1_772' title='bbox 822 5749 1022 5806; x_wconf 89' lang='lat' dir='ltr'><strong>omittit</strong></span> <span class='ocrx_word' id='word_1_773' title='bbox 1045 5754 1242 5814; x_wconf 65' lang='lat' dir='ltr'><strong>cretum,</strong></span> <span class='ocrx_word' id='word_1_774' title='bbox 1274 5759 1374 5806; x_wconf 89' lang='lat' dir='ltr'><strong>etc.</strong></span> 
     </span>
    </p>
   </div>
   <div class='ocr_carea' id='block_1_94' title="bbox 1922 4517 3504 4596">
    <p class='ocr_par' dir='ltr' id='par_1_94' title="bbox 1922 4517 3504 4596">
     <span class='ocr_line' id='line_1_96' title="bbox 1922 4517 3504 4596; baseline -0.008 -14"><span class='ocrx_word' id='word_1_775' title='bbox 1922 4528 2024 4582; x_wconf 91' lang='lat' dir='ltr'><strong>illis</strong></span> <span class='ocrx_word' id='word_1_776' title='bbox 2053 4525 2320 4596; x_wconf 86' lang='lat' dir='ltr'><strong>angelicas</strong></span> <span class='ocrx_word' id='word_1_777' title='bbox 2356 4523 2560 4579; x_wconf 89' lang='lat' dir='ltr'><strong>roravit</strong></span> <span class='ocrx_word' id='word_1_778' title='bbox 2607 4537 2784 4586; x_wconf 87' lang='lat' dir='ltr'><strong>escas;</strong></span> <span class='ocrx_word' id='word_1_779' title='bbox 2817 4519 2991 4574; x_wconf 86' lang='lat' dir='ltr'><strong>dulcia</strong></span> <span class='ocrx_word' id='word_1_780' title='bbox 3024 4519 3213 4589; x_wconf 89' lang='lat' dir='ltr'><strong>poeula</strong></span> <span class='ocrx_word' id='word_1_781' title='bbox 3243 4517 3378 4587; x_wconf 89' lang='lat' dir='ltr'><strong>lapis</strong></span> <span class='ocrx_word' id='word_1_782' title='bbox 3406 4518 3504 4571; x_wconf 82' lang='lat' dir='ltr'><strong>du-</strong></span> 
     </span>
    </p>
   </div>
   <div class='ocr_carea' id='block_1_95' title="bbox 1925 4607 3504 4685">
    <p class='ocr_par' dir='ltr' id='par_1_95' title="bbox 1925 4607 3504 4685">
     <span class='ocr_line' id='line_1_97' title="bbox 1925 4607 3504 4685; baseline -0.006 -13"><span class='ocrx_word' id='word_1_783' title='bbox 1925 4619 2164 4674; x_wconf 88' lang='lat' dir='ltr'><strong>rissimus</strong></span> <span class='ocrx_word' id='word_1_784' title='bbox 2211 4614 2531 4670; x_wconf 88' lang='lat' dir='ltr'><strong>ministravit</strong></span> <span class='ocrx_word' id='word_1_785' title='bbox 2591 4611 2787 4685; x_wconf 69' lang='lat' dir='ltr'><strong>(Exod.</strong></span> <span class='ocrx_word' id='word_1_786' title='bbox 2835 4628 2943 4666; x_wconf 78' lang='lat' dir='ltr'><strong>xvn</strong></span> <span class='ocrx_word' id='word_1_787' title='bbox 2974 4619 3022 4665; x_wconf 86' lang='lat' dir='ltr'><strong>et</strong></span> <span class='ocrx_word' id='word_1_788' title='bbox 3053 4612 3211 4679; x_wconf 73' lang='lat' dir='ltr'><strong>XIX);</strong></span> <span class='ocrx_word' id='word_1_789' title='bbox 3257 4607 3504 4663; x_wconf 70' lang='lat' dir='ltr'><strong>Iordanis</strong></span> 
     </span>
    </p>
   </div>
   <div class='ocr_carea' id='block_1_96' title="bbox 1923 4701 3504 4779">
    <p class='ocr_par' dir='ltr' id='par_1_96' title="bbox 1923 4701 3504 4779">
     <span class='ocr_line' id='line_1_98' title="bbox 1923 4701 3504 4779; baseline -0.005 -17"><span class='ocrx_word' id='word_1_790' title='bbox 1923 4717 2196 4779; x_wconf 88' lang='lat' dir='ltr'><strong>perpetem</strong></span> <span class='ocrx_word' id='word_1_791' title='bbox 2261 4715 2498 4760; x_wconf 90' lang='lat' dir='ltr'><strong>meatum</strong></span> <span class='ocrx_word' id='word_1_792' title='bbox 2537 4721 2694 4760; x_wconf 89' lang='lat' dir='ltr'><strong>suum</strong></span> <span class='ocrx_word' id='word_1_793' title='bbox 2742 4704 2958 4760; x_wconf 87' lang='lat' dir='ltr'><strong>retorsit</strong></span> <span class='ocrx_word' id='word_1_794' title='bbox 3011 4704 3060 4757; x_wconf 94' lang='lat' dir='ltr'><strong>in</strong></span> <span class='ocrx_word' id='word_1_795' title='bbox 3111 4701 3339 4765; x_wconf 87' lang='lat' dir='ltr'><strong>fontem;</strong></span> <span class='ocrx_word' id='word_1_796' title='bbox 3371 4701 3504 4754; x_wconf 83' lang='lat' dir='ltr'><strong>vali-</strong></span> 
     </span>
    </p>
   </div>
   <div class='ocr_carea' id='block_1_97' title="bbox 1922 4795 3500 4864">
    <p class='ocr_par' dir='ltr' id='par_1_97' title="bbox 1922 4795 3500 4864">
     <span class='ocr_line' id='line_1_99' title="bbox 1922 4795 3500 4864; baseline -0.004 -12"><span class='ocrx_word' id='word_1_797' title='bbox 1922 4798 2123 4853; x_wconf 81' lang='lat' dir='ltr'><strong>dissimi</strong></span> <span class='ocrx_word' id='word_1_798' title='bbox 2171 4798 2405 4852; x_wconf 90' lang='lat' dir='ltr'><strong>hostium</strong></span> <span class='ocrx_word' id='word_1_799' title='bbox 2435 4797 2572 4852; x_wconf 90' lang='lat' dir='ltr'><strong>muri</strong></span> <span class='ocrx_word' id='word_1_800' title='bbox 2601 4797 2845 4851; x_wconf 84' lang='lat' dir='ltr'><strong>tubarum</strong></span> <span class='ocrx_word' id='word_1_801' title='bbox 2887 4795 3111 4864; x_wconf 85' lang='lat' dir='ltr'><strong>strepitu</strong></span> <span class='ocrx_word' id='word_1_802' title='bbox 3152 4803 3500 4858; x_wconf 88' lang='lat' dir='ltr'><strong>corruerunt;</strong></span> 
     </span>
    </p>
   </div>
   <div class='ocr_carea' id='block_1_98' title="bbox 1914 4886 3498 4959">
    <p class='ocr_par' dir='ltr' id='par_1_98' title="bbox 1914 4886 3498 4959">
     <span class='ocr_line' id='line_1_100' title="bbox 1914 4886 3498 4959; baseline -0.004 -15"><span class='ocrx_word' id='word_1_803' title='bbox 1914 4890 1996 4944; x_wconf 90' lang='lat' dir='ltr'><strong>sol</strong></span> <span class='ocrx_word' id='word_1_804' title='bbox 2025 4904 2243 4959; x_wconf 90' lang='lat' dir='ltr'><strong>quoque</strong></span> <span class='ocrx_word' id='word_1_805' title='bbox 2288 4897 2653 4944; x_wconf 88' lang='lat' dir='ltr'><strong>commoratus</strong></span> <span class='ocrx_word' id='word_1_806' title='bbox 2694 4889 2744 4941; x_wconf 91' lang='lat' dir='ltr'><strong>in</strong></span> <span class='ocrx_word' id='word_1_807' title='bbox 2794 4887 2932 4940; x_wconf 75' lang='lat' dir='ltr'><strong>cmlo</strong></span> <span class='ocrx_word' id='word_1_808' title='bbox 2972 4886 3268 4952; x_wconf 85' lang='lat' dir='ltr'><strong>longiorem</strong></span> <span class='ocrx_word' id='word_1_809' title='bbox 3313 4886 3498 4939; x_wconf 89' lang='lat' dir='ltr'><strong>trimu-</strong></span> 
     </span>
    </p>
   </div>
   <div class='ocr_carea' id='block_1_99' title="bbox 1916 4975 3500 5051">
    <p class='ocr_par' dir='ltr' id='par_1_99' title="bbox 1916 4975 3500 5051">
     <span class='ocr_line' id='line_1_101' title="bbox 1916 4975 3500 5051; baseline -0.001 -17"><span class='ocrx_word' id='word_1_810' title='bbox 1916 4980 2102 5051; x_wconf 90' lang='lat' dir='ltr'><strong>phanti</strong></span> <span class='ocrx_word' id='word_1_811' title='bbox 2141 4980 2342 5050; x_wconf 90' lang='lat' dir='ltr'><strong>populo</strong></span> <span class='ocrx_word' id='word_1_812' title='bbox 2371 4979 2618 5049; x_wconf 59' lang='lat' dir='ltr'><strong>praestitit</strong></span> <span class='ocrx_word' id='word_1_813' title='bbox 2659 4977 2798 5031; x_wconf 90' lang='lat' dir='ltr'><strong>diem</strong></span> <span class='ocrx_word' id='word_1_814' title='bbox 2832 4975 2964 5047; x_wconf 80' lang='lat' dir='ltr'><strong>(Jos.</strong></span> <span class='ocrx_word' id='word_1_815' title='bbox 3000 4993 3075 5043; x_wconf 93' lang='grc' dir='ltr'>ιιι,</span> <span class='ocrx_word' id='word_1_816' title='bbox 3120 4994 3169 5030; x_wconf 86' lang='lat' dir='ltr'><strong>vt</strong></span> <span class='ocrx_word' id='word_1_817' title='bbox 3198 4979 3342 5047; x_wconf 74' lang='lat' dir='ltr'><strong>etx).</strong></span> <span class='ocrx_word' id='word_1_818' title='bbox 3386 4975 3500 5032; x_wconf 85' lang='lat' dir='ltr'><strong>Hoc</strong></span> 
     </span>
    </p>
   </div>
   <div class='ocr_carea' id='block_1_100' title="bbox 1918 5067 3498 5138">
    <p class='ocr_par' dir='ltr' id='par_1_100' title="bbox 1918 5067 3498 5138">
     <span class='ocr_line' id='line_1_102' title="bbox 1918 5067 3498 5138; baseline 0.001 -15"><span class='ocrx_word' id='word_1_819' title='bbox 1918 5085 2046 5126; x_wconf 88' lang='lat' dir='ltr'><strong>vero</strong></span> <span class='ocrx_word' id='word_1_820' title='bbox 2073 5071 2235 5126; x_wconf 89' lang='lat' dir='ltr'><strong>nullis</strong></span> <span class='ocrx_word' id='word_1_821' title='bbox 2265 5078 2425 5124; x_wconf 89' lang='lat' dir='ltr'><strong>antea</strong></span> <span class='ocrx_word' id='word_1_822' title='bbox 2472 5067 2655 5124; x_wconf 87' lang='lat' dir='ltr'><strong>videre</strong></span> <span class='ocrx_word' id='word_1_823' title='bbox 2683 5067 2890 5122; x_wconf 67' lang='lat' dir='ltr'><strong>sarculis</strong></span> <span class='ocrx_word' id='word_1_824' title='bbox 2918 5068 3099 5122; x_wconf 88' lang='lat' dir='ltr'><strong>datum</strong></span> <span class='ocrx_word' id='word_1_825' title='bbox 3132 5078 3248 5138; x_wconf 88' lang='lat' dir='ltr'><strong>est,</strong></span> <span class='ocrx_word' id='word_1_826' title='bbox 3281 5077 3338 5124; x_wconf 91' lang='lat' dir='ltr'><strong>ut</strong></span> <span class='ocrx_word' id='word_1_827' title='bbox 3369 5067 3498 5124; x_wconf 88' lang='lat' dir='ltr'><strong>Uni-</strong></span> 
     </span>
    </p>
   </div>
   <div class='ocr_carea' id='block_1_101' title="bbox 1989 5251 3315 5327">
    <p class='ocr_par' dir='ltr' id='par_1_101' title="bbox 1989 5251 3315 5327">
     <span class='ocr_line' id='line_1_103' title="bbox 1989 5251 3315 5327; baseline 0.001 -18"><span class='ocrx_word' id='word_1_828' title='bbox 1989 5269 2013 5298; x_wconf 74' lang='grc' dir='ltr'><strong>ο</strong></span> <span class='ocrx_word' id='word_1_829' title='bbox 2037 5258 2217 5314; x_wconf 84' lang='lat' dir='ltr'><strong>Codex</strong></span> <span class='ocrx_word' id='word_1_830' title='bbox 2240 5257 2529 5327; x_wconf 74' lang='lat' dir='ltr'><strong>Vaticanus</strong></span> <span class='ocrx_word' id='word_1_831' title='bbox 2556 5251 2713 5327; x_wconf 62' lang='grc'>126⁸1,</span> <span class='ocrx_word' id='word_1_832' title='bbox 2745 5254 2832 5325; x_wconf 81' lang='lat' dir='ltr'><strong>qui</strong></span> <span class='ocrx_word' id='word_1_833' title='bbox 2859 5263 2979 5308; x_wconf 87' lang='lat' dir='ltr'><strong>ante</strong></span> <span class='ocrx_word' id='word_1_834' title='bbox 3001 5272 3101 5310; x_wconf 89' lang='lat' dir='ltr'><strong>non</strong></span> <span class='ocrx_word' id='word_1_835' title='bbox 3133 5259 3315 5327; x_wconf 79' lang='lat' dir='ltr'><strong>fuerat.</strong></span> 
     </span>
    </p>
   </div>
   <div class='ocr_carea' id='block_1_102' title="bbox 1988 5323 3498 5396">
    <p class='ocr_par' dir='ltr' id='par_1_102' title="bbox 1988 5323 3498 5396">
     <span class='ocr_line' id='line_1_104' title="bbox 1988 5323 3498 5396; baseline 0 -14"><span class='ocrx_word' id='word_1_836' title='bbox 1988 5327 2005 5368; x_wconf 68' lang='grc' dir='ltr'>ί</span> <span class='ocrx_word' id='word_1_837' title='bbox 2048 5329 2180 5383; x_wconf 87' lang='lat' dir='ltr'><strong>Cod.</strong></span> <span class='ocrx_word' id='word_1_838' title='bbox 2214 5328 2331 5382; x_wconf 83' lang='lat' dir='ltr'><strong>Vat.</strong></span> <span class='ocrx_word' id='word_1_839' title='bbox 2347 5325 2510 5390; x_wconf 67' lang='lat'><strong>.4951,</strong></span> <span class='ocrx_word' id='word_1_840' title='bbox 2543 5323 2721 5378; x_wconf 84' lang='lat' dir='ltr'><strong>Gaude</strong></span> <span class='ocrx_word' id='word_1_841' title='bbox 2745 5323 2867 5396; x_wconf 82' lang='lat' dir='ltr'><strong>ergo</strong></span> <span class='ocrx_word' id='word_1_842' title='bbox 2893 5343 3047 5391; x_wconf 84' lang='lat' dir='ltr'><strong>mmc,</strong></span> <span class='ocrx_word' id='word_1_843' title='bbox 3079 5323 3348 5381; x_wconf 51' lang='lat' dir='ltr'><strong>et&#39;exsulta</strong></span> <span class='ocrx_word' id='word_1_844' title='bbox 3374 5337 3498 5382; x_wconf 88' lang='lat' dir='ltr'><strong>tan-</strong></span> 
     </span>
    </p>
   </div>
   <div class='ocr_carea' id='block_1_103' title="bbox 1913 5398 2328 5452">
    <p class='ocr_par' dir='ltr' id='par_1_103' title="bbox 1913 5398 2328 5452">
     <span class='ocr_line' id='line_1_105' title="bbox 1913 5398 2328 5452; baseline -0.01 1"><span class='ocrx_word' id='word_1_845' title='bbox 1913 5401 2028 5452; x_wconf 83' lang='lat' dir='ltr'><strong>dem</strong></span> <span class='ocrx_word' id='word_1_846' title='bbox 2052 5400 2122 5452; x_wconf 85' lang='lat' dir='ltr'><strong>ad</strong></span> <span class='ocrx_word' id='word_1_847' title='bbox 2147 5398 2328 5451; x_wconf 85' lang='lat' dir='ltr'><strong>Deum.</strong></span> 
     </span>
    </p>
   </div>
   <div class='ocr_carea' id='block_1_104' title="bbox 1986 5463 2946 5521">
    <p class='ocr_par' dir='ltr' id='par_1_104' title="bbox 1986 5463 2946 5521">
     <span class='ocr_line' id='line_1_106' title="bbox 1986 5463 2946 5521; baseline -0.004 0"><span class='ocrx_word' id='word_1_848' title='bbox 1986 5479 2010 5515; x_wconf 71' lang='grc' dir='ltr'><strong><em>Β</em></strong></span> <span class='ocrx_word' id='word_1_849' title='bbox 2043 5469 2095 5521; x_wconf 93' lang='lat' dir='ltr'><strong>lu</strong></span> <span class='ocrx_word' id='word_1_850' title='bbox 2126 5466 2259 5521; x_wconf 90' lang='lat' dir='ltr'><strong>Cod.</strong></span> <span class='ocrx_word' id='word_1_851' title='bbox 2294 5465 2574 5518; x_wconf 87' lang='lat' dir='ltr'><strong>Martinen.</strong></span> <span class='ocrx_word' id='word_1_852' title='bbox 2607 5463 2757 5517; x_wconf 90' lang='lat' dir='ltr'><strong>deest</strong></span> <span class='ocrx_word' id='word_1_853' title='bbox 2786 5471 2946 5517; x_wconf 86' lang='lat' dir='ltr'><strong>tuum.</strong></span> 
     </span>
    </p>
   </div>
   <div class='ocr_carea' id='block_1_105' title="bbox 1984 5532 3489 5606">
    <p class='ocr_par' dir='ltr' id='par_1_105' title="bbox 1984 5532 3489 5606">
     <span class='ocr_line' id='line_1_107' title="bbox 1984 5532 3489 5606; baseline -0.001 -16"><span class='ocrx_word' id='word_1_854' title='bbox 1984 5537 2008 5573; x_wconf 68' lang='grc' dir='ltr'>ιι</span> <span class='ocrx_word' id='word_1_855' title='bbox 2041 5538 2182 5590; x_wconf 90' lang='lat' dir='ltr'><strong>Idem</strong></span> <span class='ocrx_word' id='word_1_856' title='bbox 2212 5536 2343 5590; x_wconf 89' lang='lat' dir='ltr'><strong>Cod.</strong></span> <span class='ocrx_word' id='word_1_857' title='bbox 2367 5575 2382 5598; x_wconf 89' lang='lat'><strong>,</strong></span> <span class='ocrx_word' id='word_1_858' title='bbox 2413 5543 2464 5606; x_wconf 83' lang='lat' dir='ltr'><strong>et</strong></span> <span class='ocrx_word' id='word_1_859' title='bbox 2493 5542 2689 5606; x_wconf 73' lang='lat' dir='ltr'><strong>tantum</strong></span> <span class='ocrx_word' id='word_1_860' title='bbox 2723 5532 2866 5587; x_wconf 85' lang='lat' dir='ltr'><strong>nobis</strong></span> <span class='ocrx_word' id='word_1_861' title='bbox 2894 5535 3252 5606; x_wconf 83' lang='lat' dir='ltr'><strong>dignationem</strong></span> <span class='ocrx_word' id='word_1_862' title='bbox 3280 5553 3489 5590; x_wconf 78' lang='lat' dir='ltr'><strong>conces-</strong></span> 
     </span>
    </p>
   </div>
   <div class='ocr_carea' id='block_1_106' title="bbox 1913 5602 2729 5668">
    <p class='ocr_par' dir='ltr' id='par_1_106' title="bbox 1913 5602 2729 5668">
     <span class='ocr_line' id='line_1_108' title="bbox 1913 5602 2729 5668; baseline -0.01 -6"><span class='ocrx_word' id='word_1_863' title='bbox 1913 5611 1999 5668; x_wconf 79' lang='lat' dir='ltr'><strong>sit,</strong></span> <span class='ocrx_word' id='word_1_864' title='bbox 2027 5616 2080 5658; x_wconf 89' lang='lat' dir='ltr'><strong>ut</strong></span> <span class='ocrx_word' id='word_1_865' title='bbox 2105 5608 2390 5668; x_wconf 81' lang='lat' dir='ltr'><strong>loqueretur</strong></span> <span class='ocrx_word' id='word_1_866' title='bbox 2419 5602 2729 5658; x_wconf 84' lang='lat' dir='ltr'><strong>hominibus.</strong></span> 
     </span>
    </p>
   </div>
   <div class='ocr_carea' id='block_1_107' title="bbox 1991 5672 3484 5745">
    <p class='ocr_par' dir='ltr' id='par_1_107' title="bbox 1991 5672 3484 5745">
     <span class='ocr_line' id='line_1_109' title="bbox 1991 5672 3484 5745; baseline -0.001 -17"><span class='ocrx_word' id='word_1_867' title='bbox 1991 5687 2004 5712; x_wconf 83' lang='grc' dir='ltr'><strong>ι</strong></span> <span class='ocrx_word' id='word_1_868' title='bbox 2039 5672 2205 5728; x_wconf 89' lang='lat' dir='ltr'><strong>Codd.</strong></span> <span class='ocrx_word' id='word_1_869' title='bbox 2257 5674 2400 5739; x_wconf 83' lang='lat' dir='ltr'><strong>Vat.,</strong></span> <span class='ocrx_word' id='word_1_870' title='bbox 2454 5675 2582 5742; x_wconf 79' lang='lat' dir='ltr'><strong>Reg.</strong></span> <span class='ocrx_word' id='word_1_871' title='bbox 2633 5673 2754 5734; x_wconf 66' lang='lat'><strong>19.5,</strong></span> <span class='ocrx_word' id='word_1_872' title='bbox 2800 5681 2852 5728; x_wconf 93' lang='lat' dir='ltr'><strong>et</strong></span> <span class='ocrx_word' id='word_1_873' title='bbox 2893 5672 3001 5726; x_wconf 87' lang='lat' dir='ltr'><strong>Ott.</strong></span> <span class='ocrx_word' id='word_1_874' title='bbox 3032 5673 3162 5745; x_wconf 2' lang='lat' dir='ltr'><strong>(Ilii,</strong></span> <span class='ocrx_word' id='word_1_875' title='bbox 3207 5676 3484 5745; x_wconf 72' lang='lat' dir='ltr'><strong>quicunque</strong></span> 
     </span>
    </p>
   </div>
   <div class='ocr_carea' id='block_1_108' title="bbox 1915 5743 3230 5816">
    <p class='ocr_par' dir='ltr' id='par_1_108' title="bbox 1915 5743 3230 5816">
     <span class='ocr_line' id='line_1_110' title="bbox 1915 5743 3230 5816; baseline 0 -16"><span class='ocrx_word' id='word_1_876' title='bbox 1915 5746 2245 5800; x_wconf 71' lang='lat' dir='ltr'><strong>accessissent</strong></span> <span class='ocrx_word' id='word_1_877' title='bbox 2273 5761 2336 5799; x_wconf 67' lang='lat' dir='ltr'><strong>ex</strong></span> <span class='ocrx_word' id='word_1_878' title='bbox 2365 5746 2550 5816; x_wconf 78' lang='lat' dir='ltr'><strong>populo</strong></span> <span class='ocrx_word' id='word_1_879' title='bbox 2572 5745 2834 5816; x_wconf 78' lang='lat' dir='ltr'><strong>prwsenti,</strong></span> <span class='ocrx_word' id='word_1_880' title='bbox 2867 5743 3230 5814; x_wconf 75' lang='lat' dir='ltr'><strong>puniebantur.</strong></span> 
     </span>
    </p>
   </div>
  </div>
