4042 6192
527 227 624 282 25!

1723 227 1778 284 S.
1819 228 2060 285 MAXIM!
2101 229 2551 287 TAURINENSIS

3665 239 3772 294 9.32

521 345 733 415 genitus
773 345 1050 411 Altissimi,
1091 345 1199 416 38
1223 358 1383 416 quem
1432 351 1722 400 trementes
1750 344 2098 414 archangelo-
2125 353 2177 408 Α
2200 362 2306 415 quo
2335 344 2508 399 infans
2529 344 2697 415 jacuit
2733 344 2986 416 despicis,
3023 343 3167 414 erige
3193 345 3459 416 paulisper
3485 347 3692 410 oculos,
3721 357 3776 403 et

527 453 644 491 rum
670 447 694 474 ⁸
719 437 1016 509 suscipiunt
1053 442 1380 506 potestates,
1412 435 1682 490 hominem
1711 451 1770 490 se
1797 437 2103 491 hominibus

523 531 831 596 exhiberet,
862 537 917 583 et
956 543 1201 590 carnem,
1233 542 1393 596 quam
1424 526 1448 564 ιι
1479 527 1765 597 assumpsit
1792 528 1858 582 ab
1887 526 2104 582 homine

523 621 924 673 transformaret
953 619 971 650 ί
1009 618 1062 671 in
1091 618 1276 671 Deum.
1323 616 1656 688 Amplectere
1683 631 1810 686 ergo
1837 617 2102 686 dignatio--

523 724 642 762 nem
674 706 968 775 majestatis
994 714 1228 772 aeterna},
1260 715 1315 762 et
1340 722 1407 761 ne
1427 722 1675 762 arcanam
1705 707 1801 761 Dei
1829 707 1904 762 tui
1924 707 2102 762 discu-

523 798 626 852 tias
669 799 996 853 voluntatem
1040 814 1053 850 :
1111 796 1234 865 quia
1263 797 1511 852 omnibus
1557 798 1770 866 quidem
1817 807 1973 852 natus
2020 805 2102 852 est

520 889 785 953 Christus,
814 887 907 943 sed
931 886 1172 948 ﬁdelibus
1200 887 1291 942 dat
1318 889 1560 948 salutem,
1592 888 1743 956 Quod
1773 889 1816 944 si
1847 889 1941 944 tibi
1969 903 2098 943 sen-

519 995 674 1034 suum
702 987 916 1033 tuorum
961 977 1247 1047 fragilitate
1294 979 1469 1034 minus
1505 979 1722 1050 dignum
1748 980 1974 1045 videtur,
2006 979 2096 1034 Fi-

519 1069 646 1124 lium
673 1069 767 1122 Dei
789 1077 972 1123 natum
999 1069 1066 1124 de
1091 1069 1286 1124 femina
1316 1070 1534 1125 credere
1574 1089 1589 1123 :
1640 1071 1897 1140 virginem
1921 1071 2096 1139 cogita

518 1158 810 1228 peperisse.
861 1157 918 1214 Si
965 1158 1060 1212 tibi
1107 1158 1296 1228 panni,
1343 1169 1366 1198 ο
1408 1158 1650 1227 quibusd
1683 1158 1965 1213 obvolutus
1993 1167 2093 1224 est,

518 1247 748 1303 fortasse
778 1249 1038 1305 vilescunt
1067 1267 1079 1302 :
1103 1249 1320 1317 angelos
1343 1249 1740 1312 collaudantes,
1771 1258 1825 1304 et
1853 1249 2094 1304 multitu-

516 1339 698 1396 dinem
749 1339 983 1396 etelestis
1021 1341 1288 1396 exercitus
1334 1339 1621 1400 admirare.
1660 1339 1717 1395 Si
1745 1355 1983 1412 prmsepe
2039 1340 2094 1394 iu

2206 452 2399 491 novam
2447 437 2503 492 in
2530 437 2668 492 etelo
2703 435 2911 491 stellam
2939 444 3327 506 protestantem
3352 439 3553 493 mundo
3583 440 3776 494 nativi-

2203 533 2371 582 tatem
2407 526 2729 582 dominicam
2780 535 3055 581 contuere.
3097 537 3120 564 θ
3143 526 3205 581 Si
3241 528 3364 582 vilia
3393 528 3586 594 credis,
3618 529 3777 583 crede

2205 616 2444 672 mirifica.
2483 614 2541 670 Si
2569 616 2636 671 de
2664 616 2729 670 iis
2748 631 2866 686 quae
2887 615 3200 670 humilitatis
3229 624 3353 670 sunt
3374 614 3630 686 disputas,
3659 631 3778 686 qua:

2204 707 2312 761 alta
2344 714 2468 760 sunt
2495 714 2548 760 et
2575 705 2810 760 cmlestia
2836 719 3111 760 venerare.
3143 705 3336 760 Iisdem
3365 707 3506 761 enim
3535 706 3777 762 referen-

2205 799 2373 862 tibus,
2424 797 2719 866 iisdemque
2748 797 3081 860 auctoribus,
3113 797 3180 851 de
3221 797 3448 850 Domino
3473 796 3774 863 Salvatore,

2202 904 2320 960 qua:
2348 889 2587 952 humilia,
2619 896 2674 942 et
2699 903 2818 957 quae
2856 887 3088 956 gloriosa
3117 895 3244 942 sunt
3269 887 3528 954 didicisti;
3561 890 3776 944 univero

2200 995 2278 1044 sa,
2310 994 2428 1050 qua:
2456 978 2522 1032 ad
2551 979 2736 1033 salutis
2771 987 2875 1032 tuae
2915 979 3227 1049 mysterium
3254 979 3596 1048 pertinebant
3622 995 3777 1034 sacra

2200 1069 2294 1123 tibi
2344 1068 2629 1138 Evangelia
2670 1068 3031 1139 prodiderunt.
3074 1068 3251 1125 Habes
3289 1069 3343 1124 in
3382 1069 3465 1124 his
3504 1068 3648 1124 unde
3674 1069 3777 1124 Do-

2201 1159 2402 1213 minum
2443 1157 2626 1214 Jesum
2654 1167 2709 1214 et
2755 1167 2938 1214 natum
2977 1159 3250 1225 hominem
3274 1158 3492 1224 credas,
3523 1167 3581 1216 et
3609 1158 3777 1215 Deum

2198 1265 2317 1306 esse
2344 1249 2588 1304 dubitare
2611 1264 2716 1304 non
2746 1248 2920 1319 possis
2944 1247 2988 1302 ί.

1862 1473 2205 1535 HOMILIA
2252 1473 2421 1535 XIV.

1770 1591 1850 1646 De
1875 1590 1927 1645 Ν
1931 1594 2159 1648 ativitate
2178 1592 2389 1648 Domini
2411 1591 2493 1648 IX
2503 1632 2513 1648 .

1926 1701 2294 1758 ADMONITIO

583 1818 692 1899 39
719 1817 1292 1899 Auctoritascodicum
1320 1816 1658 1899 bibliothecae
1672 1817 1957 1899 'Va_tieanae
1979 1817 2161 1899 magni
2191 1815 2469 1898 pendenda
2499 1815 2923 1899 est;_Suntenli‘m
2952 1816 3170 1899 optime.
3197 1827 3356 1899 noue,
3384 1830 3510 1899 tergm
3529 1827 3597 1899 et.
3614 1829 3768 1899 vetc-

518 1884 768 1957 res'sint,
786 1895 840 1942 et
862 1887 1045 1957 scripti
1073 1902 1168 1957 per
1191 1895 1641 1957 quampaceurate.
1665 1886 1730 1957 In
1756 1889 1945 1941 horum
1977 1884 2398 1955 tribum—nempe
2412 1885 2665 1957 101267,
2687 1898 2809 1955 pag.
2841 1885 2928 1957 9‘2,
2961 1887 3012 1957 in
3040 1885 3200 1947 «1951,
3233 1898 3351 1954 pag.
3383 1884 3473 1950 25,
3507 1889 3637 1941 etin
3666 1887 3771 1943 Re-

451 2016 460 2026 ,
511 1957 650 2026 ginae
672 1955 792 2018 125,
812 1955 1024 2025 pag.75,
1045 1955 1200 2026 hujus
1213 1955 1440 2010 homilia:
1453 1956 1509 2010 S.
1533 1955 1793 2026 Maximus
1813 1966 1998 2012 auctor
2016 1957 2372 2011 constituitur.
2398 1955 2532 2020 Quid
2554 1955 2599 2009 si
2615 1955 2758 2009 hisce
2775 1956 3043 2026 przeclaris
3059 1957 3415 2026 monumentis
3442 1957 3772 2026 alia,ieaque

513 2023 739 2080 illustria
769 2023 1060 2080 accedant?
1086 2025 1336 2080 Profecto
1364 2035 1558 2094 prmter
1586 2025 1826 2081 codicem
1850 2025 2254 2092 Taurinensem,
2298 2025 2349 2078 in
2377 2040 2484 2092 quo
2513 2033 2595 2084 est
2622 2023 2841 2080 homilia
2870 2024 2938 2080 ΞΟ
2963 2025 3025 2077 de
3049 2027 3230 2094 nafin
3243 2023 3474 2089 Domini,
3507 2023 3772 2081 habemus

508 2094 648 2164 duos
671 2094 831 2164 codd.
864 2095 1156 2164 Augienscs
1187 2111 1274 2150 xvi
1294 2103 1348 2150 et
1367 2091 1519 2164 :xxu,
1543 2095 1838 2150 Lucensem
1863 2095 1956 2162 85,
1981 2094 2323 2150 Casinensem
2357 2091 2478 2162 106,
2507 2109 2625 2164 pag.
2660 2094 2745 2159 l5,
2777 2093 3080 2164 acgNeapol.
3102 2092 3172 2164 iS.
3204 2091 3357 2146 Joan.
3391 2096 3456 2147 ad
3485 2093 3769 2149 Carbona-

509 2163 664 2234 r_iam.
695 2163 832 2229 Quin
860 2162 1020 2218 etiam
1044 2165 1096 2218 in
1123 2165 1338 2232 egregio
1368 2162 1641 2234 Breviario
1669 2164 2021 2234 Strigouiensi
2051 2166 2108 2234 ὃ.
2140 2165 2371 2218 Maximo
2402 2162 2652 2234 inscripta
2685 2173 2786 2220 est.
2832 2162 3078 2234 Editor'es
3100 2163 3248 2234 libris
3277 2172 3790 2234 mss._consonant,'

507 2230 799 2302 Gymnicus
837 2234 1042 2290 scilicet

1262 2234 1353 2301 27,
1397 2232 1696 2290 Galcsinius
1741 2231 1863 2304 pag.
1907 2235 1994 2300 95,
2038 2233 2394 2304 Combefisius
2440 2231 2579 2288 tom.
2601 2233 2642 2300 Ι,
2669 2248 2790 2304 pag.
2823 2231 2945 2299 908,
2979 2231 3233 2287 Cumdius
3255 2241 3386 2288 tom.
3415 2231 3456 2297 l,
3487 2248 3608 2304 pag.
3643 2231 3767 2300 l0'l,

511 2248 799 2302 uymmcus
837 2248 1042 2290 SClllcel
1262 2248 1696 2316 21,.ualcsrmus
1741 2248 1863 2304 pag.
1907 2248 1994 2300 uo,
2043 2248 2394 2294 Comneusrus
2440 2248 2569 2288 tom.

511 2300 835 2372 Raynaudus
863 2318 980 2374 pag.
1017 2303 1082 2358 19
1125 2343 1140 2368 ,
1224 2317 1500 2372 argartnus
1530 2305 1662 2359 Bibl.
1696 2304 1836 2358 Max.
1869 2315 2000 2358 tom.
2033 2303 2119 2371 Vl,
2148 2319 2270 2374 pag.
2304 2303 2357 2357 6.
2596 2377 2599 2380 _

515 2416 1002 2492 Anc_uuenru_u._—
1023 2420 1236 2475 Excitat
1265 2421 1326 2476 S.
1356 2423 1534 2475 doctor
1561 2423 1743 2492 ﬁdeles
1771 2424 1839 2476 ad
1859 2431 2088 2476 contem-
2121 2425 2168 2484 Β
2194 2427 2417 2484 natum,
2444 2419 2531 2474 hic
2555 2416 2867 2489 mysterium
2889 2415 3193 2470 voluntatis.
3225 2414 3354 2480 Quis
3375 2429 3524 2484 ergo,
3553 2415 3762 2479 fratres,

580 2487 773 2555 ptanda
822 2489 996 2562 divina
1033 2492 1278 2562 mysteria
1324 2508 1436 2562 quq:
1474 2493 1526 2545 in
1561 2487 1776 2546 'Christi
1818 2494 2085 2562 nativitate

579 2566 885 2631 coruscant;
929 2558 1347 2630 [audendumque
1385 2560 1545 2614 Deum
1575 2563 1662 2631 qui
1690 2563 1836 2616 nobis
1871 2561 2085 2614 delicto-

580 2641 694 2680 rum
724 2628 946 2695 veniam,
970 2645 1206 2699 spemque
1226 2628 1548 2698 sempiterna:
1582 2628 1764 2685 salutis
1785 2631 1992 2685 invexit.

577 2777 975 2848 lnvestigabilcs
1002 2781 1252 2837 humanis
1279 2784 1527 2839 sensibus
1555 2784 1934 2855 dispositiones
1961 2801 2081 2842 esse

504 2866 734 2934 divinas,
777 2869 892 2940 ipsa
937 2885 1158 2939 operum
1208 2871 1301 2926 Dei
1341 2873 1564 2928 altitudo
1594 2881 1832 2930 testatur.
1883 2875 1989 2930 Sed
2018 2891 2085 2932 eo

507 2958 678 3027 magis
725 2961 878 3016 nobis
923 2959 1121 3016 Christi
1162 2971 1286 3041 sunt
1330 2965 1634 3020 veneranda
1673 2968 1944 3037 mysteria,
1976 2983 2084 3038 quo

508 3049 871 3124 magnitudine
917 3052 999 3106 sui
1045 3055 1393 3122 capacitatem
1423 3056 1622 3124 ingenii
1660 3059 1900 3115 mortalis
1928 3076 2085 3116 exce-

504 3139 655 3200 dunt.
697 3138 764 3193 Et
809 3140 948 3206 ideo,
989 3143 1213 3210 fratres,
1245 3160 1365 3199 cum
1395 3147 1744 3201 annuntiatur
1769 3149 1921 3204 nobis
1945 3165 2084 3205 sem-

507 3232 747 3300 piternus
780 3232 868 3290 ille
910 3231 1224 3302 Unigenitus
1272 3236 1365 3290 Dei
1416 3236 1624 3304 Patris,
1678 3241 1762 3296 cui
1799 3223 2086 3310 ‘subjacent

506 3323 686 3377 omnia
709 3365 722 3388 ,
755 3331 809 3378 et
846 3340 943 3394 per
970 3340 1129 3396 quem
1159 3336 1339 3382 creata
1382 3336 1506 3384 sunt
1549 3330 1825 3397 universa,
1853 3333 1950 3389 sub
1981 3331 2085 3398 fine

504 3421 804 3483 temporum
833 3415 981 3472 nasci
1009 3416 1242 3472 voluisse
1269 3417 1337 3472 de
1365 3420 1578 3485 femina,
1609 3429 1633 3467 8
1661 3420 1936 3476 infantiam
1962 3439 2084 3492 per-

505 3505 615 3573 peti
662 3512 857 3560 nostrte
900 3507 1112 3572 .carnis;
1164 3516 1324 3566 tanta:
1369 3509 1692 3577 dignationis
1720 3513 1944 3579 gratiam
1975 3528 2079 3568 non

503 3595 762 3650 debemus
791 3596 1119 3663 examinare,
1140 3599 1234 3653 sed
1264 3597 1515 3666 credere;
1546 3615 1646 3654 nec
1675 3600 1961 3667 discutere,
1986 3601 2078 3656 sed

503 3687 705 3740 mirari.
733 3687 871 3756 Quid
890 3688 1032 3744 enim
1056 3697 1136 3744 est
1163 3689 1386 3758 (nquius,
1404 3689 1598 3758 quidve
1625 3699 1734 3744 tam
1760 3707 2077 3761 congruum,

2189 2508 2509 2578 profundum
2568 2507 2672 2562 hoc
2719 2505 2952 2562 caelestis
2997 2505 3206 2560 consilii
3251 2505 3430 2558 valeat
3472 2505 3761 2570 aestimare,

2187 2598 2329 2668 quod
2378 2596 2790 2652 immortalitatis
2829 2594 3078 2649 dominus
3123 2595 3550 2662 incorruptacque
3588 2594 3603 2631 ί
3637 2594 3761 2649 sub-

2185 2686 2394 2741 stantia:
2415 2725 2430 2751 ,
2479 2693 2538 2738 ut
2562 2684 2872 2740 conditione
2903 2684 3079 2738 carnis
3106 2690 3332 2737 mortem
3362 2683 3634 2752 suspicere
3663 2699 3759 2752 pro

2185 2776 2498 2832 mortalibus
2527 2779 2542 2830 l
2585 2775 2782 2848 possit,
2823 2774 2889 2830 de
2931 2773 3162 2830 femineo
3190 2783 3363 2838 utero,
3396 2774 3538 2828 nulla
3565 2789 3759 2844 corpo-

2185 2885 2289 2924 rete
2329 2869 2690 2938 generationis
2730 2868 2846 2936 lege
2889 2875 3212 2937 conceptus,
3258 2867 3490 2920 humana
3529 2862 3556 2902 ἰ
3593 2865 3760 2919 voluit

2183 2961 2284 3016 sub
2313 2961 2430 3029 lege
2460 2958 2708 3029 prodire,
2739 2967 2900 3028 atque
2940 2958 3043 3014 hoc
3084 2957 3193 3029 ω
3235 2957 3328 3019 ita,
3363 2963 3422 3010 ut
3448 2970 3571 3010 eum
3598 2956 3757 3011 beata

2183 3060 2375 3115 mater,
2406 3067 2524 3122 qua:
2562 3051 2759 3106 intacta
2788 3056 3140 3118 conceperat,
3171 3048 3423 3103 inviolata
3448 3047 3759 3117 proferret?

2183 3140 2495 3195 Olivolvitur
2521 3148 2777 3211 przeterea
2824 3139 3040 3213 pannis,
3090 3146 3145 3194 et
3181 3139 3398 3210 ponitur
3426 3135 3476 3193 in
3506 3139 3754 3210 pmsepi.
3801 3136 3810 3143 ’

2181 3231 2371 3285 Vilitas
2400 3232 2498 3286 ista
2526 3229 2741 3284 infantis
2770 3230 3059 3300 pretiosum
3101 3229 3195 3283 Dei
3225 3238 3306 3283 est
3333 3238 3750 3284 sacramentum.

2181 3319 2238 3374 In
2269 3321 2459 3390 pannis
2486 3320 2626 3374 enim
2668 3327 2878 3374 nostras
2917 3317 3281 3382 infirmitates,
3316 3327 3494 3372 nostra
3523 3333 3582 3372 se
3612 3319 3754 3372 indi-

2183 3418 2270 3465 cat
2315 3411 2615 3478 suscepisse
2660 3419 2901 3480 peccata.
2961 3407 3115 3474 Quod
3143 3423 3272 3462 vero
3299 3409 3351 3462 in
3383 3408 3633 3478 pnesepi,
3667 3409 3756 3464 ubi

2182 3509 2363 3570 pastus
2384 3509 2466 3555 est
2494 3501 2823 3565 animalium,
2853 3515 2948 3554 sua
2977 3499 3232 3554 collocari
3258 3500 3496 3552 membra
3528 3499 3756 3568 pennit-

2182 3593 2272 3655 tit,
2304 3591 2353 3644 in
2384 3599 2637 3645 aeternam
2663 3589 3004 3644 refectionem
3033 3589 3353 3643 vescendum
3381 3604 3411 3642 a
3439 3589 3756 3644 mortalibus

2183 3697 2338 3738 suum
2386 3697 2582 3750 corpus
2621 3680 2870 3736 ostendit.
2915 3678 3053 3745 Quid
3094 3678 3224 3733 illud
3271 3679 3471 3746 dicam,
3513 3680 3657 3748 quod
3700 3681 3755 3735 in

500 3789 659 3842 quam
705 3783 764 3829 ut
813 3776 866 3829 in
896 3777 1053 3832 rebus
1092 3778 1285 3835 divinis
1313 3781 1756 3848 omnipotentiam
1798 3783 1966 3850 magis
1993 3797 2080 3837 se-
2108 3788 2152 3847 C
2184 3781 2354 3828 terms
2403 3773 2639 3840 angelica
2695 3771 2980 3826 ῐῐιυῘῑῘῑυάο
3025 3771 3392 3836 descendens,
3448 3772 3755 3840 Vagiemem

501 3879 728 3930 quamur
755 3863 867 3928 Dei,
900 3878 1058 3932 quam
1078 3866 1435 3934 sapientiam?
1468 3867 1493 3903 ιι
1523 3867 1692 3922 llodie
1714 3867 1874 3936 igitur
1903 3869 2074 3934 nobis,

409 3957 415 3964 '
500 3954 639 4011 sicut
667 3953 890 4033 decursa
919 3953 1194 4023 Evangelii
1224 3955 1453 4018 lectione
1480 3959 1844 4026 cognovimus,
1887 3975 2079 4016 secun-

498 4043 624 4098 dum
651 4059 870 4099 carnem
919 4053 1076 4102 natus
1117 4055 1200 4109 est
1245 4046 1524 4114 Christus,
1577 4050 1835 4122 incipiens
1863 4052 2075 4123 quidem

499 4147 621 4186 esse
661 4132 804 4200 quod
855 4149 962 4189 non
990 4143 1134 4202 crat,
1178 4137 1273 4196 sed
1320 4154 1426 4193 non
1471 4139 1721 4197 desinens
1766 4157 1885 4198 esse
1933 4143 2076 4215 quod

495 4231 635 4278 erat.
678 4221 787 4279 Nec
830 4226 972 4280 enim
1022 4229 1274 4284 nativitas
1318 4231 1550 4288 hominis
1598 4233 1949 4300 imminuere,
1984 4244 2078 4290 aut

497 4329 750 4384 separare
811 4315 1113 4372 indiscreta:
1172 4318 1463 4388 majestatis
1521 4329 1733 4391 poterat
1787 4325 2066 4378 unitatem.

498 4407 651 4472 Quod
701 4407 840 4461 Deus
887 4408 954 4463 de
993 4408 1104 4462 Deo
1153 4407 1312 4463 Patre
1360 4413 1650 4480 processit,
1701 4413 1980 4470 inell'abilis
2006 4429 2070 4470 ac

498 4497 860 4566 permanentis
887 4505 972 4551 est
997 4506 1261 4551 secretum
1290 4499 1499 4556 virtutis
1517 4501 1658 4571 quod
1681 4503 1842 4561 homo
1863 4513 1946 4558 est
1969 4521 2066 4559 na-

500 4594 582 4641 tus
607 4601 675 4641 ex
701 4585 897 4641 femina
920 4623 936 4652 ,
985 4595 1179 4641 nostra:
1207 4587 1393 4644 salutis
1419 4597 1502 4644 est
1533 4592 1724 4658 gratia.
1754 4591 1868 4650 Illic
1895 4595 2064 4664 gloria

567 4797 593 4860 ξι
622 4788 765 4860 [dem
789 4789 932 4860 cod.,
964 4790 1247 4860 suspiciunt
1277 4797 1572 4859 potestates.

567 4855 594 4894 δ
621 4857 753 4929 _C_od.
786 4855 1092 4923 Martinenl,
1121 4855 1355 4929 sumpsit.

570 4934 592 5000 ξ
621 4923 764 5000 idem
789 4929 910 5000 cod.
930 4929 1177 5000 Regina},
1206 4923 1384 5000 quibus
1405 4927 1666 4985 obvslutus
1685 4939 1780 4996 est,
1797 4933 2059 4989 vilescunt.

564 4992 592 5030 ἀ
625 4992 755 5064 βριὶ.
788 4992 1092 5064 Martinen.,
1123 4992 1396 5054 involutus.

571 5070 596 5139 ς
624 5059 768 5139 idem
795 5065 937 5139 cod.,
968 5068 1010 5139 si
1034 5059 1141 5139 non
1171 5071 1336 5123 credis
1365 5070 1504 5134 vilia,
1537 5070 1685 5139 crede
1713 5070 1951 5139 miriﬁca.

571 5129 594 5210 ξ
623 5129 767 5210 idem
789 5126 933 5193 cod.,
952 5135 1190 5210 dubitare
1217 5157 1318 5192 non
1347 5126 1534 5210 possis.
1568 5138 1667 5203 Qui
1695 5155 1806 5191 cum
1832 5126 1994 5193 Ῥαινο
2014 5150 2062 5194 et
2095 5126 2139 5186 ί)

499 5200 697 5279 Spiritu
718 5211 895 5279 sanet?
916 5203 1034 5254 vivit
1077 5214 1127 5279 et
1169 5200 1357 5278 regnat
1395 5208 1532 5264 Deus
1559 5200 1649 5279 per
1668 5210 1843 5262 omnia
1864 5213 2059 5279 awcula

499 5269 822 5394 δςτῗιιονίιόνξ.
847 5269 1148 5326 Concordat
1167 5269 1402 5343 perfecte
1425 5269 1602 5334 textus
1626 5295 1749 5334 cum
1777 5278 1896 5333 eod.
1929 5279 2059 5336 Cas-

499 5356 576 5394 sm
615 5356 666 5393 n.
820 5373 834 5389 .

496 5356 666 5395 smen.
709 5356 810 5394 ἰυυ
820 5373 834 5389 .

566 5480 595 5554 *_
612 5477 727 5554 1100
764 5486 847 5533 est
891 5479 943 5532 in
971 5493 1186 5532 carnem
1233 5479 1351 5554 Dei.
1377 5481 1603 5540 Ratione
1630 5485 1771 5538 enim
1802 5486 2057 5554 suppositi

495 5549 654 5622 divini
681 5555 966 5622 utramque
988 5554 1229 5622 naturam
1255 5549 1354 5602 sibi
1383 5555 1770 5621 conjungentis,
1799 5549 1917 5622 quae
1937 5564 2060 5608 sunt

494 5618 740 5686 hominis,
772 5617 839 5674 de
878 5617 1004 5676 Deo
1035 5617 1406 5688 praedicantur,
1448 5617 1511 5680 et,
1545 5617 1622 5679 sic
1649 5639 1767 5693 quae
1793 5617 1917 5678 sunt
1944 5624 2056 5691 Dei,

2181 3877 2405 3932 puerum
2454 3862 2687 3930 gloriosa
2734 3861 2892 3915 laude
2934 3862 3308 3931 prosequitur?
3373 3861 3563 3931 Stupet
3609 3863 3754 3918 enim

2180 3952 2353 4008 omnis
2399 3960 2645 4007 creatura
2693 3960 2800 4006 tam
2838 3952 3036 4021 grande
3083 3953 3416 4016 miraculum,
3442 3953 3587 4021 quod
3616 3968 3754 4010 unus

2179 4043 2426 4114 idemque
2464 4053 2519 4099 et
2557 4044 2698 4101 Deus
2722 4054 2908 4113 regnat
2933 4045 2985 4099 in
3007 4046 3144 4101 coelo
3171 4053 3225 4100 et
3252 4047 3414 4099 homo
3443 4045 3675 4099 nutritur
3700 4046 3753 4100 in

2178 4146 2338 4192 terra.
2379 4137 2543 4206 Cujus
2575 4137 2812 4209 mysterii
2842 4137 3031 4191 beatus
3059 4135 3223 4190 David
3253 4137 3573 4191 annuntians
3600 4137 3752 4190 novi-

2178 4238 2343 4285 tatem
2363 4271 2376 4296 ,
2410 4245 2570 4284 omne
2596 4228 2873 4284 hominum
2900 4242 3069 4297 genus
3098 4229 3164 4283 ad
3203 4238 3522 4284 concentum
3558 4228 3752 4284 cantici

2178 4321 2467 4388 spiritualis
2495 4321 2703 4384 invitat,
2730 4319 2913 4374 dicens
2938 4338 2950 4373 :
2983 4319 3201 4374 Caritate
3229 4319 3452 4374 Domino
3494 4321 3751 4372 canticum

2175 4427 2390 4474 uorum;
2421 4420 2624 4465 cantate
2672 4410 2916 4476 Domino,
2966 4411 3134 4464 omnis
3181 4419 3316 4464 terra
3365 4408 3547 4480 (Psnl.
3592 4411 3746 4476 xcv).

2173 4501 2311 4568 Quid
2339 4510 2447 4556 tam
2493 4519 2719 4569 novum,
2771 4502 3064 4567 carissimi,
3106 4518 3267 4572 quam
3313 4502 3455 4571 quod
3502 4502 3750 4570 omnipo-

2173 4603 2292 4650 teus
2332 4594 2473 4652 Deus
2517 4595 2811 4664 majestatis
2840 4595 3144 4661 immensae,
3176 4593 3318 4650 Patri
3348 4602 3663 4661 comternus,
3695 4602 3750 4649 ct

2242 4804 2265 4842 ς
2294 4793 2473 4850 Codex
2499 4793 2786 4850 Vaticanus
2817 4793 2970 4849 1267.
3018 4794 3152 4852 Item
3183 4793 3330 4865 Cod.
3374 4795 3591 4863 Regina
3622 4795 3747 4865 l25,

2171 4865 2446 4934 infantiam
2469 4867 2681 4935 perpeti,
2704 4874 2897 4920 nostra:
2917 4867 3090 4918 contis
3108 4864 3278 4920 subire
3302 4867 3581 4920 consortia.

2239 4933 2269 4972 δ
2297 4933 2429 4988 Cod.
2483 4933 2604 4988 Cas.
2657 4934 2776 4991 106.
2827 4936 2984 4990 Adest
3011 4937 3173 4991 initur
3195 4933 3367 4991 nobis.
3398 4934 3722 4990 dilectissimi

2239 4953 2269 4972 ιι
2297 4953 2429 4988 uno.
2483 4953 2604 4988 uas.
2657 4953 2776 5002 -ιυυ,
2827 4953 2984 4990 (mest
3011 4953 3173 5006 igitur
3195 4953 3367 5000 novis,
3398 4953 3746 5004 auecussum,

2167 5005 2304 5069 dies,
2334 5007 2486 5070 sicut,
2518 5013 2621 5059 etc.

2247 5072 2262 5111 ί
2293 5074 2425 5129 Cod.
2458 5073 2514 5129 S.
2544 5072 2699 5130 Joau.
2730 5073 2798 5128 ad
2823 5072 2983 5128 Carb.
3028 5073 3158 5142 legit
3195 5075 3603 5145 incorrttpltvqtte
3645 5091 3742 5129 na-

2167 5153 2440 5292 l“ff-idem
2471 5211 2670 5292 codex,
2695 5229 2787 5282 pro
2815 5211 3119 5292 mortalibus
3148 5223 3343 5292 posset.

2236 5282 2262 5319 ιι
2294 5282 2370 5337 lta
2389 5282 2510 5338 cod.
2545 5281 2767 5350 Regim;
2799 5284 2889 5336 alii
2913 5281 3169 5338 omittunt
3187 5284 3366 5338 voluit.

2167 5488 2367 5542 homini
2394 5496 2668 5557 assumpto
2705 5487 3097 5550 attribuuntur;
3128 5494 3184 5540 et
3227 5488 3339 5542 haec
3367 5501 3463 5557 per
3484 5502 3736 5543 'commu-

2168 5559 2380 5614 nionem
2409 5556 2741 5623 idiomatum,
2771 5565 2830 5613 ut
2855 5556 3006 5614 aiunt
3031 5557 3284 5625 theologi.
