4042 6192
277 310 385 367 255

1675 301 1949 358 ΙΙΟΜΙῌΑ
1988 304 2121 361 XVI.

3416 316 3523 373 254

271 424 517 496 perpetui
544 423 690 491 regni
719 421 966 477 dominus
995 420 1058 475 ad
1096 418 1428 473 infirmitates
1452 430 1762 484 corporeus,
1794 424 1848 469 et
1878 424 1923 478 Α
1950 416 2110 471 debet
2155 425 2373 472 cantare
2419 411 2577 484 terra,
2630 420 2654 459 δ
2697 422 2798 476 nisi
2842 422 2933 498 qui
2982 420 3226 477 universo
3264 429 3521 480 terrarum

272 515 627 571 humilitatem
656 529 714 568 se
740 512 1012 568 inclinavit
1040 510 1363 565 humanam?
1394 517 1416 543 η
1447 507 1583 574 Quid
1614 516 1719 560 tam
1747 522 1845 560 no-

275 622 418 670 vum,
447 620 608 675 quam
637 600 995 672 concipiente,
1018 609 1071 656 et
1095 600 1425 669 parturientc
1452 596 1676 662 femina,
1714 596 1845 650 illm—

1954 507 2071 561 orbi
2100 506 2414 561 delictorum
2464 510 2674 563 veniam
2708 519 2763 564 et
2790 526 2941 581 spem
2970 509 3305 580 sculpiternze
3336 512 3523 569 salutis

1954 598 2196 651 invexit?
2232 595 2627 666 Maguilicemus
2670 613 2820 668 ergo,
2871 599 3061 654 fratres
3084 640 3098 663 ,
3148 599 3429 654 Dominum
3459 617 3525 657 ac

272 710 387 750 sam
418 693 773 761 virginitatem
818 692 1167 761 permanere?
1206 688 1276 743 Et
1308 687 1429 741 talis
1455 701 1641 741 revera
1662 684 1849 739 Salva-
1951 686 2121 742 Deum
2149 695 2388 741 nostrum
2412 728 2426 755 ,
2459 690 2748 757 psallamus
2776 690 2826 745 ei
2850 731 2864 755 ,
2898 699 3058 760 atque
3091 698 3405 745 cantemus:
3437 692 3521 746 di-

271 792 448 837 torem
496 780 680 835 mundi
718 781 944 835 decebat
989 779 1297 848 ingressus,
1351 784 1448 843 ut,
1497 776 1586 844 qui
1629 774 1846 828 humani

268 870 485 940 generis
511 870 762 927 veniebat
789 877 1005 941 peccata
1032 868 1289 924 mundare
1313 882 1422 937 prae
1451 866 1659 921 caeteris
1686 880 1843 919 mun-

266 962 388 1016 dius
439 970 772 1016 nasceretur.
848 961 992 1015 Bene
1032 960 1193 1014 etiam
1231 958 1493 1028 propheta
1530 955 1839 1023 subjunxit:

268 1052 487 1107 Caritate
529 1050 774 1117 Domino,
819 1053 983 1106 omnis
1024 1062 1181 1106 terra.
1230 1049 1329 1105 Cui
1368 1049 1511 1113 enim
1550 1048 1639 1103 alii
1666 1046 1842 1101 omnis

1950 791 2114 846 gnum
2142 785 2225 832 est
2263 777 2405 831 enim
2430 818 2445 843 ,
2478 786 2537 832 ut
2575 793 2759 833 eorum
2792 780 3055 848 praecipue
3084 780 3329 835 laudibus
3348 781 3520 835 hono-

1950 872 2117 930 retur,
2167 880 2304 934 quos
2350 866 2549 937 preprii
2579 869 2818 938 corporis
2854 870 3135 940 passione,
3166 880 3221 926 et
3247 870 3521 941 sanguinis

1947 955 2031 1010 sui
2059 954 2315 1014 eﬂusione
2334 956 2576 1011 salvavit.

1632 1134 1975 1195 HOMILIA
2023 1135 2138 1195 XV

1533 1233 1609 1291 De
1637 1233 1921 1289 Nativitate
1947 1232 2156 1290 Domini
2186 1233 2255 1288 Χ.

1694 1321 2084 1376 ADMONITIO.

390 1424 434 1491 ι
496 1418 611 1491 Etsi
634 1419 789 1475 nobis
817 1418 883 1473 ad
911 1416 1310 1491 attribuendam
1327 1414 1388 1491 βλ
1417 1414 1652 1491 Maximo
1676 1413 2134 1491 hanc‘homiliarn
2156 1416 2377 1491 nonnisi
2394 1416 2620 1491 duorum
2647 1416 2776 1491 bibl.
2810 1418 3351 1491 Vaticamecodicum
3380 1434 3519 1491 pra}-

264 1481 507 1545 sidi'o'uti
536 1490 712 1550 liceat,
744 1490 847 1543 hoc
874 1496 955 1543 est
982 1487 1104 1552 455,
1135 1501 1255 1557 pag.
1290 1486 1409 1552 105,
1441 1494 1496 1541 et
1522 1485 1740 1557 Reginae
1766 1481 1889 1557 125,
1921 1499 2042 1553 pag.
2074 1484 2163 1557 fil,
2196 1501 2317 1540 cum
2363 1488 2416 1541 in
2457 1487 2576 1542 aliis
2613 1488 2860 1542 omnibus
2890 1489 3033 1543 nulla
3072 1489 3165 1542 fiat
3192 1481 3429 1557 ejusdem
3459 1490 3517 1545 S.
3574 1534 3581 1539 ,

264 1560 518 1613 antistitis
543 1559 774 1623 mentio;
797 1573 981 1612 eorum
1011 1553 1189 1611 tamen
1214 1553 1389 1611 vicem
1417 1555 1635 1625 explent
1653 1554 1744 1608 alii
1766 1553 2190 1625 plures,__quibus
2213 1570 2330 1611 esse
2358 1557 2678 1611 arbitramur
2701 1557 3085 1625 adjungendam
3107 1553 3285 1612 ﬁdem.
3319 1558 3520 1615 Horum

262 1637 381 1697 sum
410 1628 707 1697 Augieuses
740 1621 822 1697 sv:
850 1635 1075 1697 etxnx,
1106 1626 1411 1697 Casincnsis
1438 1621 1560 1697 106,
1603 1637 1724 1694 pag.
1758 1621 1845 1697 μ,
1888 1621 2433 1697 Vallicella_nus_,_tom.
2465 1625 2576 1690 VII,
2608 1639 2727 1697 pag.
2763 1621 3139 1697 llfLucensis
3166 1626 3253 1692 85,
3295 1628 3515 1697 Neapol.

263 1698 315 1750 S.
345 1693 518 1751 Joan.‘
539 1698 605 1751 ad
634 1695 1033 1761 Carbonariam,
1065 1704 1120 1749 et
1147 1694 1510 1759 Taurinensis,
1540 1695 1594 1748 in
1611 1693 1729 1762 quo
1757 1693 1873 1747 hzcc
1898 1700 1979 1762 est
2006 1693 2220 1762 homilia
2243 1693 2312 1746 22
2331 1695 2394 1748 de
2418 1697 2574 1748 παίειν.

2656 1697 2835 1749 omini.
2867 1697 2945 1749 Ab
2972 1696 3266 1751 editoribus
3292 1696 3518 1754 perinde

264 1766 311 1820 in
348 1782 632 1821 numerum
662 1764 891 1833 refertur
930 1765 1267 1819 homiliarum
1305 1765 1361 1818 ὃ.
1394 1761 1650 1833 Μελχίωἱέ
1676 1762 1811 1833 sunt
1851 1762 1905 1815 hi
1948 1761 2238 1833 Gymnicus
2265 1778 2385 1833 pag.
2418 1764 2506 1827 50,
2547 1764 2847 1819 Galesinius
2886 1780 3005 1833 pag.
3048 1764 3135 1829 94,
3166 1761 3519 1821 Combeﬁsius

263 1844 384 1889 tom.
419 1836 462 1898 Ι,
503 1849 624 1904 pag.
657 1832 779 1897 209,
820 1834 1076 1904 Cumdius
1114 1842 1244 1904 tom.
1288 1833 1329 1904 l,
1376 1847 1496 1904 pag.
1550 1830 1673 1904 166,
1722 1830 2046 1904 Reynaudus
2099 1830 2403 1904 pag.ri'li§'l,
2464 1833 2796 1902 Margarinus
2850 1830 2986 1889 Bibl.
3029 1833 3190 1904 Max.
3243 1844 3371 1888 tom.
3427 1835 3518 1890 Vll

264 1904 440 1959 bomil.
536 1900 599 1957 de
625 1905 782 1984 nativ.
813 1902 1039 1984 Domini,
1063 1903 1268 1984 pag._7.
1298 1900 1626 1984 Benedictini
1652 1900 1904 1984 monachi
1930 1900 2189 1971 congreg.
2226 1903 2282 1956 S.
2328 1903 2519 1984 Mauri,
2548 1900 2636 1984 qui
2666 1904 2894 1984 genuina
2924 1904 2980 1957 S.
3011 1903 3289 1984 Augustini
3329 1919 3516 1984 app._a

262 1974 548 2041 suppositis
594 1972 969 2040 sejunxerunt,
1012 1971 1149 2027 hanc
1192 1973 1462 2027 bomiliam
1510 1973 1562 2025 in
1600 1971 1828 2040 appendi

264 2040 490 2096 Maximo
520 2042 835 2096 Taurinensi
861 2042 915 2096 in
943 2057 1071 2096 mss.
1102 2042 1250 2096 libris
1278 2050 1333 2096 ct
1354 2042 1406 2095 in
1431 2041 1641 2096 excusis
1665 2040 1823 2095 tribui

1933 1985 1948 2023 ι
1984 1986 2145 2025 serui.
2180 1988 2325 2027 num.
2359 1972 2462 2026 122
2498 1974 2814 2039 retulerunt,
2846 1971 3273 2042 monueruntque
3299 1971 3418 2028 eam
3456 1974 3513 2029 S.

1935 2054 2046 2095 ere.

310 2059 490 2097 1111an
521 2057 554 2095 Vl
567 2057 835 2097 aurmensr
861 2058 915 2096 ω
943 2057 1071 2097 mss.
1102 2057 1250 2096 llDl'lS
1278 2057 1333 2096 οι
1354 2058 1406 2095 ιη
1431 2057 1641 2096 θιοιιειε
1665 2057 1823 2095 ιηοιιι
1851 2057 2046 2095 50181⁸8.

265 2153 822 2211 desciturum—De
836 2154 1125 2225 rirginitate
1146 2152 1542 2225 Hariw_Chrisli
1565 2153 1827 2225 genitricis
1859 2155 1902 2213 Β
1930 2152 2105 2220 daret,
2136 2162 2190 2208 et
2217 2154 2383 2208 Deum
2411 2153 2665 2223 proderet
2693 2154 2969 2222 integritas
2996 2154 3286 2222 virginalis.
3320 2154 3508 2211 Nasci-

324 2229 432 2297 agit
479 2228 566 2297 hic
616 2225 855 2297 Maximi,
903 2223 1265 2297 gravidamque
1312 2223 1411 2277 Dei
1456 2224 1728 2277 consilium
1772 2223 1827 2297 in

324 2292 575 2349 seruanda
600 2295 711 2364 ejus
747 2295 1042 2364 integritate
1077 2292 1318 2356 celebrat,
1343 2302 1501 2364 atque
1526 2308 1631 2345 una
1651 2292 1799 2345 exsul
1809 2321 1828 2364 -_

324 2365 539 2416 tandem
583 2362 788 2426 monet,
836 2362 969 2432 quod
1016 2364 1284 2416 natitvitate
1330 2362 1620 2416 Servatoris
1664 2362 1829 2415 nostri

325 2448 499 2487 omnes
524 2449 622 2486 nos
651 2440 799 2486 natos
826 2432 1103 2485 sentiamus
1131 2432 1200 2485 ad
1227 2433 1402 2485 vitam.

322 2604 376 2659 In
417 2604 654 2657 adventu
684 2602 975 2671 dominico,
1005 2601 1194 2657 fratres
1222 2602 1511 2669 carissimi,
1555 2601 1705 2670 cujus
1731 2603 1828 2657 bo-

266 2709 441 2750 nerem
470 2693 710 2749 debitum
734 2695 983 2764 praesenti
1011 2694 1298 2750 festivitate
1323 2694 1633 2761 deferimus,
1660 2694 1834 2749 mulli-

262 2785 378 2839 tudo
407 2783 710 2840 cmlestimn
736 2785 1113 2854 mysteriorum
1145 2785 1315 2853 gratia
1342 2784 1629 2839 revelatur.
1662 2783 1831 2838 Hodie

260 2875 411 2941 enim,
436 2875 545 2929 hoc
573 2882 676 2940 est,
711 2873 763 2928 in
789 2873 894 2928 line
924 2882 1223 2944 temporum
1245 2874 1420 2929 editus
1443 2886 1523 2929 est
1552 2875 1661 2943 ille,
1681 2874 1831 2945 cujus

260 2967 611 3022 aeternitatem
650 2966 813 3020 nulla-
830 2966 1149 3021 szeculorum
1196 2974 1437 3036 tempora
1475 2967 1828 3037 comprehen-

261 3058 400 3113 dunt.
424 3059 601 3115 Hodie
629 3060 749 3115 ςαξῐὶ
776 3066 1148 3128 terrarumque
1183 3059 1431 3115 dominus
1456 3076 1555 3129 pro
1584 3060 1828 3114 libertate

260 3166 530 3205 servorum
571 3151 797 3205 formam
836 3151 1009 3206 induit
1048 3150 1337 3205 servitutis.
1369 3150 1539 3205 Hodie
1569 3165 1706 3205 nova
1746 3148 1825 3203 fe-

259 3241 412 3296 minei
442 3256 610 3295 sexus
635 3241 804 3309 gloria
845 3239 1052 3310 peperit
1077 3240 1252 3307 virgo,
1292 3248 1348 3294 et
1388 3237 1533 3307 quod
1580 3238 1823 3294 universa

1939 2251 2026 2297 tur
2048 2244 2294 2299 Christus
2339 2259 2405 2299 ex
2447 2243 2665 2313 femina,
2699 2252 2755 2298 ut
2791 2246 2930 2299 sicut
2963 2245 3133 2298 Adam
3158 2244 3512 2313 decipientcm

1936 2348 2035 2404 per
2061 2333 2234 2387 Evam
2271 2333 2543 2389 diabolum
2590 2350 2697 2389 non
2735 2335 2907 2403 potuit
2946 2349 3269 2404 prmcavere,
3299 2335 3374 2388 ita
3401 2335 3512 2389 dia~

1937 2424 2090 2481 bolus
2135 2424 2510 2479 adventantem
2538 2440 2635 2493 per
2676 2424 2897 2479 Mariam
2931 2435 2952 2463 ο
2986 2424 3153 2481 Deum
3182 2441 3286 2480 non
3324 2424 3513 2493 depre-

1941 2515 2197 2570 benderet
2212 2530 2335 2570 esse
2366 2523 2703 2583 praesentem.
2733 2513 2969 2568 Parturit
2997 2529 3126 2584 ergo
3153 2496 3350 2569 femina
3373 2516 3511 2569 salu.

1938 2614 2043 2659 tem
2067 2604 2279 2670 mundi;
2303 2610 2380 2670 ut,
2402 2618 2520 2672 qua:
2539 2604 2818 2658 exstiterat
2838 2602 3008 2658 fomes
3027 2603 3343 2673 iniquitatis,
3364 2604 3514 2660 fieret

1933 2695 2178 2750 ministra
2215 2693 2465 2763 justitim,
2508 2702 2564 2749 et
2606 2708 2706 2763 per
2748 2709 2910 2763 quam
2954 2709 3100 2749 mors
3139 2694 3239 2749 sibi
3280 2695 3335 2749 in
3371 2696 3510 2753 hunc

1931 2786 2188 2841 mundum
2216 2784 2414 2840 aditum
2444 2784 2718 2854 patefecit,
2755 2800 2856 2854 per
2882 2799 3002 2839 eam
3031 2784 3099 2838 ad
3139 2800 3238 2839 nos
3273 2785 3381 2839 vita
3411 2785 3506 2839 ha-

1930 2878 2081 2935 beret
2103 2880 2412 2946 ingressum.
2440 2875 2613 2946 Atque
2635 2884 2694 2932 ut
2714 2875 3023 2931 ostenderet
3040 2874 3267 2931 Creator
3284 2877 3507 2930 humani

1931 2970 2143 3038 generis
2169 2968 2445 3038 utriusque
2478 2983 2641 3023 sexus
2669 2983 2853 3022 curam
2883 2967 3101 3029 habere,
3134 2975 3187 3021 et
3224 2972 3508 3034 utrumque

1931 3058 2070 3113 velle
2112 3058 2350 3120 salvarc;
2394 3058 2477 3111 vir
2514 3057 2771 3120 nascitur,
2801 3065 2859 3113 et
2898 3054 3140 3126 procedit
3176 3070 3247 3112 ex
3284 3055 3504 3122 femina,

1932 3159 2196 3221 quatenus
2224 3152 2641 3212 adverteremus,
2673 3149 2873 3205 nullam
2906 3164 3026 3205 esse
3058 3149 3197 3221 apud
3225 3150 3392 3204 Deum
3424 3150 3506 3204 in-

1933 3248 2015 3295 ter
2042 3241 2213 3294 virum
2236 3254 2299 3294 ac
2337 3239 2585 3295 feminam
2628 3240 2683 3295 in
2727 3239 3067 3309 percipienda
3102 3240 3276 3295 salute
3307 3240 3509 3295 distan—

259 3332 524 3385 nobiscum
554 3340 800 3386 creatura
828 3331 1072 3397 miratur,
1098 3338 1255 3384 natus
1278 3337 1358 3383 est
1386 3328 1571 3395 homo,
1598 3343 1705 3382 non
1728 3343 1826 3397 per
1854 3346 1895 3406 ο
1933 3332 2079 3386 tiam.
2108 3331 2217 3385 Cur
2243 3340 2420 3385 autem
2440 3346 2549 3385 non
2577 3339 2687 3387 tota
2717 3332 3005 3387 devotione
3032 3332 3330 3397 credamus,
3360 3333 3506 3387 salu-

259 3422 517 3477 hominem
548 3430 881 3493 procreatus.
913 3421 1019 3477 Sed
1046 3421 1289 3490 quamvis
1327 3434 1522 3473 novum
1559 3419 1823 3488 videatur,

259 3528 354 3567 non
374 3522 554 3570 tamen
585 3513 939 3580 incredulum,
959 3511 1103 3582 quod
1130 3511 1371 3567 Christus
1392 3511 1445 3566 in
1475 3517 1627 3567 utero
1647 3511 1827 3565 Maria:

258 3604 361 3658 sine
387 3612 687 3673 generante
711 3610 1003 3673 conceptus
1029 3610 1133 3668 est,
1152 3602 1247 3670 qui
1274 3602 1341 3657 de
1385 3600 1497 3657 Deo
1525 3599 1685 3656 Patre
1711 3602 1826 3657 sine

258 3696 597 3765 conceptione
641 3695 918 3765 processit.
960 3692 1112 3760 Quod
1157 3693 1299 3746 enim
1341 3692 1482 3747 Deus
1528 3699 1630 3758 est,
1660 3692 1825 3746 solius

259 3780 417 3837 Patris
457 3792 543 3838 est
587 3782 927 3853 Unigenitus;
958 3782 1101 3851 quod
1126 3782 1287 3836 homo
1319 3789 1418 3850 est,
1449 3782 1613 3837 solius
1641 3782 1825 3837 matris

256 3881 328 3925 est
356 3871 532 3927 filius:
562 3882 727 3943 atque
754 3872 876 3930 ideo
904 3873 1073 3940 illum,
1102 3873 1194 3942 qui
1237 3887 1307 3928 ex
1344 3870 1503 3926 Patre
1538 3872 1679 3929 Deus
1720 3880 1820 3936 est,

258 3969 305 4014 et
329 3976 392 4014 ex
420 3970 596 4017 matre
624 3964 787 4017 homo
833 3970 933 4028 est,
965 3963 1069 4017 hoc
1114 3970 1214 4023 est,
1252 3961 1418 4015 Deum
1444 3970 1502 4016 et
1526 3961 1820 4028 hominem,

257 4070 403 4108 unum
434 4056 719 4110 Dominum
742 4055 1075 4110 confitemur.
1100 4053 1214 4108 lioc
1234 4061 1412 4108 autem
1436 4061 1603 4108 totum
1625 4052 1821 4107 factum

256 4151 346 4209 est,
375 4152 432 4201 ut
459 4145 603 4199 Deus
633 4160 730 4214 per
746 4159 963 4199 carnem
995 4142 1223 4198 hominis
1244 4142 1552 4211 mysterium
1577 4142 1823 4197 salutaris

258 4234 541 4304 susciperet
564 4234 848 4303 passionis,
878 4242 933 4289 et
957 4235 1121 4288 homo
1151 4248 1247 4303 per
1274 4233 1525 4287 virtutem
1551 4232 1646 4288 Im'
1669 4239 1821 4288 teter.

256 4323 423 4378 uitatis
448 4340 557 4378 sua:
582 4324 849 4392 reciperet
875 4324 1205 4392 dignitatem.
1236 4323 1479 4379 Nascitur
1505 4325 1613 4397 42
1640 4325 1819 4395 itaque

1931 3432 2099 3477 tarem
2121 3437 2342 3493 puerum
2365 3422 2507 3476 nasci
2529 3423 2766 3491 potuisse
2780 3423 2847 3477 de
2865 3423 3087 3490 virgine,
3106 3424 3195 3492 qui
3212 3424 3509 3493 perfectum

1928 3515 2200 3570 hominem
2251 3514 2514 3583 credimus
2567 3514 2634 3570 de
2687 3515 2907 3584 pulvere
2954 3514 3120 3573 fuisse
3176 3516 3507 3571 formatum?

1928 3603 2271 3659 Exsultemus
2314 3619 2464 3672 ergo,
2506 3604 2716 3668 fratres,
2762 3602 2818 3660 e't
2863 3604 3119 3670 laetemur,
3164 3606 3506 3661 celebrantes

1925 3694 2156 3749 natalem
2185 3694 2393 3749 Domini
2417 3697 2586 3748 nostri
2615 3692 2741 3749 Jesu
2760 3693 2981 3759 Christi,
3003 3694 3127 3762 quia
3148 3694 3200 3747 in
3223 3694 3336 3762 ejus
3362 3695 3502 3747 nati-

1927 3786 2093 3841 vitate
2122 3800 2220 3840 nos
2258 3800 2444 3839 omnes
2482 3770 2638 3840 natos
2679 3784 2935 3838 sentimus
2979 3783 3044 3838 ad
3083 3784 3263 3837 vitam.
3308 3782 3508 3841 Factus

1928 3884 2010 3931 est
2053 3874 2197 3931 enim
2227 3875 2408 3940 homo,
2440 3890 2545 3929 non
2586 3882 2642 3928 ut
2679 3874 2780 3929 sibi
2825 3874 3046 3936 viveret,
3080 3874 3170 3942 qui
3200 3884 3386 3929 auctor
3421 3885 3503 3930 est

1925 3968 2065 4033 vitae,
2094 3966 2189 4022 sed
2227 3974 2286 4020 ut
2312 3974 2485 4047 morte
2513 3982 2609 4021 sua
2637 3966 2801 4020 vitam
2831 3965 3119 4022 redimeret
3146 3975 3499 4021 mortuorum.

1925 4058 2111 4116 Tantis
2139 4058 2281 4113 enim
2309 4058 2535 4113 vinculis
2560 4058 2846 4112 humanum
2876 4072 3044 4127 genus
3066 4060 3309 4115 vinxerat
3329 4059 3502 4116 inimi-

1924 4164 2038 4212 cus,
2073 4157 2326 4217 tantaque
2355 4164 2455 4203 nos
2480 4148 2623 4202 mole
2658 4149 2966 4203 immanium
3012 4158 3280 4218 presserat
3308 4166 3501 4221 petra-

1920 4247 2130 4302 ~torum;
2161 4245 2221 4291 ut
2244 4235 2417 4291 nullus
2441 4236 2596 4290 nobis
2619 4244 2763 4290 esset
2790 4237 2992 4291 reditus
3021 4239 3088 4292 ad
3117 4240 3366 4303 salutein,
3399 4240 3500 4293 nisi

1928 4335 2237 4384 nasceretur
2274 4326 2379 4389 ille,
2424 4325 2515 4395 qui
2552 4325 2747 4380 virtute
2782 4327 2998 4395 propria
3036 4326 3101 4381 ad
3135 4328 3303 4382 vitam
3332 4328 3500 4398 possit

255 4413 483 4472 Christus
521 4432 591 4471 ex
627 4415 811 4483 Maria,
842 4426 898 4471 ut
940 4425 994 4472 et
1040 4430 1201 4472 sexus
1245 4415 1505 4472 femineus
1547 4417 1818 4471 hominem
1849 4406 1896 4466 D
1924 4419 2097 4473 redire
2122 4424 2238 4487 post
2271 4423 2519 4470 mortem.

1588 4527 1932 4588 HOMILIA
1981 4529 2151 4588 XVI.

1544 4622 1617 4678 De
1645 4625 1873 4678 colendis
1900 4624 2190 4679 Ianuariis.

1672 4714 2065 4770 ADMONITIO.

316 4808 419 4889 43
450 4810 523 4863 De
555 4807 778 4889 hujusce
806 4808 1044 4889 hominm.
1067 4808 1434 4889 inscriptione,
1460 4807 1902 4889 deque'tempore
1935 4820 2057 4889 quo
2084 4802 2437 4889 habitarfuit,
2464 4804 2895 4889 nonnullauinter
2916 4804 3220 4889 scriptores
3240 4802 3498 4889 dissensio

254 4872 359 4943 est;
373 4872 530 4947 Eque
559 4872 984 4947 codicibusimss.
1030 4872 1509 4947 typisqu'eexcusis
1536 4872 1685 4947 libris
1712 4872 2392 4947 varietasiGennadius‘iis
2419 4879 2567 4947 certe
2596 4875 2842 4947 omnibus
2858 4872 3145 4947 vetustior,
3175 4876 3495 4947 quosuscia-

253 4942 360 5000 mus
387 4942 728 5001 heminarum
757 4945 814 5001 S.
841 4942 1067 4999 Maximi
1082 4942 1407 5011 meminisse,
1433 4945 1575 4999 hunc
1598 4945 1771 4999 eidem
1795 4944 2027 4999 homilize
2056 4944 2266 4996 titulum
2296 4942 2457 4996 fuisse
2498 4944 2808 5011 inscriptum
2841 4942 3018 5006 docet,
3047 4942 3112 4999 de
3140 4943 3368 4997 colendis
3396 4944 3495 4999 Ja-

254 5019 459 5069 nuariis.
494 5015 789 5071 Conﬁrmat
835 5015 886 5069 id
933 5015 1146 5083 quidem
1188 5010 1476 5084 vaticanus
1503 5014 1674 5069 codex
1702 5013 1856 5079 1222,
1888 5028 2010 5084 pag.
2040 5012 2162 5067 285.
2196 5012 2551 5084 Secusestin
2580 5010 3123 5084 eodicham-inensi,
3152 5028 3309 5081 quem
3338 5014 3497 5083 plane

253 5086 367 5140 novi
391 5085 649 5139 Vaticano
673 5101 795 5140 esse
825 5079 1198 5155 antiquiorem.
1227 5083 1316 5138 Sic
1342 5084 1484 5138 enim
1508 5084 1668 5155 habet
1698 5102 1708 5136 :
1736 5084 1868 5155 Item
1890 5079 2089 5155 ilicium
2110 5086 2171 5155 in
2201 5081 2428 5155 colendis
2458 5080 2718 5155 Januarii.
2740 5079 2865 5155 _Non
2892 5079 3201 5155 enimidem
3230 5089 3313 5155 est
3339 5079 3495 5155 quid—

252 5167 402 5221 quam
430 5156 607 5210 dicere
632 5156 686 5208 in
714 5154 939 5207 colendis
957 5149 1219 5215 Januarii,
1253 5169 1315 5208 ac
1336 5155 1404 5207 sit
1427 5154 1715 5221 quidquam
1746 5154 1808 5206 de
1830 5153 2010 5207 iisdem
2036 5153 2261 5207 calendis
2284 5152 2480 5221 dicere.
2505 5149 2635 5202 Nam
2664 5149 2755 5221 qui
2783 5150 3018 5221 Calendis
3044 5150 3308 5206 Januariis
3340 5149 3495 5220 quid-

252 5219 401 5289 quam
441 5226 563 5292 agit,
598 5224 642 5279 is
683 5224 825 5277 nulla
873 5224 987 5290 lege
1027 5223 1351 5292 astringitur,
1387 5219 1458 5277 ut
1473 5223 1540 5276 de
1577 5219 1810 5277 calendis
1839 5223 2028 5278 iisdem
2073 5232 2215 5290 agat,
2260 5236 2383 5292 cum
2412 5220 2672 5292 integrum
2700 5220 2751 5273 ei
2778 5219 2869 5292 sit,
2902 5220 2969 5292 de
2995 5237 3055 5292 re
3082 5223 3273 5292 quavis
3295 5219 3418 5285 alia,
3450 5224 3495 5275 si

252 5287 391 5357 velit,
414 5287 588 5361 agere.
618 5295 819 5348 Contra
847 5287 945 5361 qui
965 5293 1032 5346 de
1058 5287 1292 5346 caleridis
1313 5291 1578 5346 Januariis
1599 5292 1831 5353 disserit,
1858 5294 1997 5351 hunc
2025 5287 2166 5347 nulla
2194 5291 2387 5360 premit
2414 5287 2720 5361 necessitas,
2746 5287 3223 5361 ut_de_iisdcm‘non
3243 5290 3491 5361 disserat,

251 5361 347 5416 nisi
366 5358 481 5433 ipso
505 5364 841 5419 calendarum
865 5358 1234 5417 Ianuariarum
1261 5362 1365 5416 die.
1388 5362 1430 5415 A
1448 5362 1705 5417 Vaticano
1733 5363 1905 5432 primo
1927 5372 1982 5418 et
2007 5379 2038 5417 a
2065 5358 2377 5416 Taurinensi
2395 5358 2700 5427 discrepant
2719 5359 2841 5416 cod.
2864 5359 2984 5414 Vat.
3003 5361 3137 5417 alter
3157 5376 3304 5415 num.
3334 5359 3491 5424 4951,

316 5484 344 5511 ⁸
372 5475 502 5530 Cod.
543 5476 599 5530 S.
650 5474 804 5531 Joan.
846 5475 915 5530 ad
954 5473 1134 5538 Carb.,
1171 5472 1310 5537 Quid
1348 5481 1453 5527 tant
1495 5490 1696 5537 novum,
1730 5490 1817 5527 ca—

255 5544 459 5607 rissimi,
481 5562 630 5616 quam
657 5555 712 5597 ut
740 5546 793 5616 in
824 5545 1370 5616 concipientejemina
1402 5543 1576 5616 illwsa
1606 5544 1816 5613 virgini-

256 5622 327 5665 tas
354 5611 685 5682 permaneret.
742 5614 873 5667 Cod.
915 5611 1090 5667 autem
1144 5613 1298 5680 Reg,
1329 5611 1450 5683 quid
1501 5623 1604 5665 tant
1634 5611 1813 5666 novum

256 5698 401 5749 quam
427 5693 480 5737 ut
506 5685 555 5739 in
577 5686 889 5755 concipiente
911 5693 958 5737 ct
977 5685 1291 5752 partarienlc
1310 5682 1503 5752 [cmina
1525 5682 1689 5735 illaesa
1723 5685 1818 5736 vir-

1926 5477 2115 5547 ginitas
2136 5484 2470 5547 permaneret.
2527 5542 2541 5547 _
2581 5542 2610 5547 _
2667 5538 2670 5542 λ

1992 5545 2017 5582 b
2046 5544 2176 5615 Cod.
2209 5544 2264 5597 S.
2295 5542 2544 5615 Joan._ad
2570 5542 2751 5615 Carb.,
2785 5545 2887 5599 nisi
2914 5545 2962 5615 ei
2991 5545 3075 5615 qui
3105 5544 3364 5600 universo.

1995 5626 2014 5653 ο
2046 5614 2191 5669 idem
2216 5613 2333 5669 cod.
2366 5612 2421 5671 S.
2445 5613 2603 5671 Jean.
2624 5615 2691 5671 ad
2717 5613 2874 5671 Carb.
2911 5612 3204 5668 Dominum.
