4042 6192
251 306 332 363 257
469 302 481 313 ’
1607 305 1888 362 ilOMILlA
1926 305 2055 364 XVI.

3365 318 3467 373 258

247 436 346 476 rum
374 418 571 472 lusibus
597 417 870 472 delectari.
906 415 1086 486 Neque
1129 431 1257 470 vero
1287 417 1390 470 luci
1432 432 1494 471 ac
1537 417 1790 478 tenebris,
1829 422 1872 476 Α
1897 417 2058 470 modo
2099 429 2203 469 non
2245 429 2432 468 sanum
2462 416 2793 484 sapientibus
2824 425 2990 486 patet,
3022 419 3151 474 nihil
3177 420 3248 477 ibi
3287 425 3468 484 inesse

249 512 438 568 veritati
485 518 650 579 atque
696 509 1008 572 mendacio,
1057 508 1371 577 turpitudini
1421 516 1496 561 et'
1528 507 1796 561 honestati

248 603 368 673 apud
395 602 488 656 Dei
509 615 696 654 servos
724 598 828 653 ulla
848 606 1028 668 potest
1046 613 1165 652 esse
1193 598 1518 662 communio,
1543 597 1680 651 sicut
1701 611 1800 649 nos

249 691 582 748 Eeclesiarum
628 691 823 745 doctor
851 689 1064 742 instruit
1089 688 1276 743 dicens
1306 705 1319 740 :
1368 685 1496 751 Quae
1537 685 1800 740 conventio

249 777 416 836 Christi
434 779 504 832 ad
527 777 735 832 Belial?
756 774 853 840 Qui
874 785 1046 829 autem
1067 771 1348 830 consensus
1365 776 1549 844 templo
1573 775 1666 828 Dei
1688 791 1805 828 cum

250 870 378 924 idolis
417 867 505 938 (Il
530 866 650 921 Cor.
692 868 811 936 in)?
839 866 1156 933 Quicunque
1193 879 1320 932 ergo
1357 865 1688 919 credentium
1718 865 1803 918 vel

251 968 318 1014 est
343 957 595 1025 templum
618 956 736 1022 Dei,
758 956 841 1009 vel
870 969 989 1008 esse
1015 953 1307 1023 desiderat,
1336 954 1565 1008 sollicite
1592 961 1798 1016 caveat,

250 1065 307 1105 ne
329 1056 537 1101 mortua
564 1054 618 1101 et
647 1062 782 1099 vana
811 1044 1086 1109 sectando,
1111 1045 1359 1099 desinens
1401 1059 1520 1098 esse
1548 1043 1800 1113 templum

251 1138 346 1201 Dei,
372 1136 466 1188 ﬁat
493 1135 757 1190 habitatio
796 1135 1156 1198 tenebrarum,
1191 1134 1282 1187 liat
1323 1134 1581 1188 dmmonis
1621 1149 1805 1186 monu-

250 1233 487 1280 mentum.
519 1224 609 1276 Ait
640 1222 1056 1291 gloriosissimus
1085 1230 1110 1257 ⁸
1133 1223 1394 1290 propheta
1431 1219 1600 1274 David
1634 1238 1646 1272 :
1674 1219 1803 1272 Bea-

249 1325 317 1368 tus
340 1315 411 1368 vir
440 1314 588 1383 cujus
628 1320 704 1366 est
731 1327 916 1364 nomen
958 1309 1168 1365 Domini
1209 1327 1322 1379 spes
1351 1310 1376 1348 δ
1398 1311 1579 1380 ipsius,
1608 1319 1658 1362 et
1701 1326 1802 1361 non

250 1404 452 1474 respexit
477 1404 533 1456 in
559 1402 812 1456 vanitates
852 1408 898 1454 et
931 1401 1166 1454 insanias
1195 1401 1358 1471 falsas
1389 1400 1560 1471 (Psal.
1593 1399 1798 1470 xxxut).
1833 1423 1838 1428 -

249 1495 411 1562 Itaque
449 1493 540 1562 qui
570 1499 752 1561 sperat
782 1492 835 1544 in
868 1501 890 1528 ε
936 1491 1124 1558 Deum,
1171 1507 1233 1545 ac
1261 1499 1376 1543 toto
1405 1491 1565 1544 corde
1594 1491 1646 1543 in
1690 1490 1805 1557 ejus

250 1585 454 1652 gloriam
485 1583 744 1637 luminum
773 1595 992 1634 suorum
1016 1579 1202 1647 deligit
1241 1587 1542 1649 aspectum;
1585 1579 1649 1632 ad
1679 1578 1806 1632 deu-

249 1673 466 1726 sissimas
492 1671 760 1725 vanitates
782 1677 1128 1724 consecratos
1157 1670 1322 1723 semel
1354 1684 1462 1722 non
1490 1669 1650 1722 debet
1677 1684 1805 1722 ocu-

1899 504 2164 570 sanitatis,
2197 504 2286 557 ubi
2307 503 2488 572 impia,
2520 504 2612 558 ubi
2639 505 2940 574 inhonesta,
2971 509 3321 580 universaque
3349 531 3467 571 om-

1901 591 1988 645 nia
2014 599 2069 646 et
2108 591 2308 646 faciunt
2351 600 2405 646 et
2447 593 2765 661 loquuntur;
2796 611 2903 650 non
2933 597 3208 654 audientes
3235 603 3473 659 claman-

1899 690 2006 736 tem
2035 683 2272 751 quotidie
2297 683 2349 736 in
2372 683 2610 738 Ecclesia
2637 685 2854 740 beatum
2881 687 3048 743 David
3079 698 3134 744 et
3159 692 3425 750 dicentem
3452 715 3465 749 :

1900 769 2028 824 Filii
2051 771 2334 838 hominum,
2363 789 2617 843 usquequo
2645 778 2786 845 gravi
2816 764 2994 843 corde;
3023 789 3080 832 ut
3106 784 3227 858 quid
3255 785 3473 858 diligitis

1902 863 2176 915 vanitatem
2203 873 2253 916 et
2298 865 2524 930 quwritis
2580 865 2902 920 mendacium
2949 869 3119 938 (Psal.
3152 874 3224 942 iv)
3248 877 3270 928 Υ
3297 874 3472 932 Grave

1902 951 2083 1019 utique
2111 965 2296 1004 eorum
2325 967 2418 1005 cor
2445 961 2546 1015 est,
2571 961 2733 1019 atque
2761 956 2907 1008 omni
2936 957 3208 1026 impietate
3248 963 3472 1032 depres-

1901 1055 2042 1106 sum,
2072 1041 2162 1107 qui
2191 1055 2288 1109 per
2314 1041 2776 1109 sacrilegosjocos
2797 1044 2988 1103 divinis
3009 1050 3225 1104 monitis
3254 1053 3476 1108 illuden-

1905 1135 1984 1180 tes
2006 1136 2059 1181 et
2090 1144 2221 1182 vana
2250 1129 2498 1198 diligunt,
2524 1139 2577 1184 et
2605 1130 2734 1184 falsa
2761 1135 2775 1182 l
2807 1142 3107 1201 sectantur,
3136 1147 3191 1192 et
3211 1151 3330 1208 post
3353 1161 3471 1197 om-

1905 1218 2012 1281 nia,
2041 1219 2106 1271 ad
2139 1217 2446 1274 oliensionis
2472 1221 2878 1291 plenitudinem,
2906 1224 2932 1262 ι
2962 1225 3077 1280 dies
3105 1229 3248 1298 ipsos
3277 1249 3475 1289 annum

1908 1321 2101 1358 novum
2130 1315 2346 1361 vocant.
2376 1308 2689 1378 Quanquam
2725 1309 2742 1348 ι
2777 1329 2884 1368 non
2913 1315 3349 1374 inconvenienter
3386 1339 3476 1380 se-

1905 1395 2137 1449 cundum
2175 1411 2233 1450 se
2279 1414 2475 1452 novum
2525 1401 2797 1468 appellant
2849 1419 3067 1471 annum,
3101 1411 3352 1477 quoniam
3381 1428 3477 1481 per

1907 1486 2163 1540 nefandas
2183 1487 2344 1542 ferias
2359 1498 2396 1524 ω
2420 1505 2516 1557 pro
2537 1490 2818 1547 honestate
2840 1494 2973 1548 falsa
2998 1500 3268 1568 turpitudo
3290 1511 3344 1556 et
3363 1520 3488 1572 per-

1906 1579 2132 1631 versitas
2161 1579 2499 1633 innovantur.
2533 1590 2560 1616 η
2590 1582 2797 1637 Novum
2833 1599 3028 1641 vocant
3068 1606 3286 1658 annum,
3326 1598 3477 1664 quasi

1909 1670 2032 1723 novi
2062 1670 2260 1738 aliquid
2291 1679 2381 1724 aut
2401 1672 2594 1727 caelum
2623 1682 2752 1729 tunc
2775 1679 3040 1746 ostendat,
3064 1692 3156 1736 aut
3185 1693 3344 1740 terra.
3367 1687 3478 1741 No-

250 1762 315 1816 los
339 1769 683 1828 retorquere;
713 1759 858 1827 quia,
891 1767 952 1812 ut
978 1759 1052 1812 ait
1070 1758 1324 1813 Dominus
1359 1777 1371 1811 :
1405 1758 1573 1814 Nemo
1602 1760 1808 1812 mittens
1838 1763 1884 1823 B
1909 1774 2032 1812 vum
2054 1775 2251 1813 annum
2275 1759 2551 1816 Ianuarias
2577 1767 2846 1833 appellant
2870 1769 2975 1840 47
3004 1773 3272 1841 calendas,
3306 1787 3330 1814 ο
3358 1795 3478 1836 cum

247 1867 438 1903 manum
463 1849 534 1902 ad
555 1857 810 1912 aratrum,
835 1857 884 1902 et
904 1849 1178 1918 respiciens
1205 1856 1343 1902 retro
1370 1857 1520 1918 aptus
1544 1857 1619 1902 est
1645 1864 1804 1919 regno

250 1940 332 1994 Dei
350 1940 502 2012 (Luc.
536 1939 637 2011 Ix).
667 1937 851 1994 Omnis
877 1939 1021 1993 enim
1049 1954 1225 2004 arans,
1251 1940 1296 1992 si
1339 1949 1486 1995 retro
1527 1939 1807 2009 respiciat,

248 2039 326 2086 aut
350 2039 674 2098 tortuosum,
706 2029 733 2068 ά
762 2037 855 2084 aut
874 2030 1112 2084 inutilem
1144 2027 1304 2084 faciet
1332 2030 1562 2094 sulcum,
1588 2037 1680 2100 aut
1699 2030 1807 2100 46

178 2116 180 2118 ’
251 2130 478 2177 arantum
536 2123 699 2176 boum
739 2134 959 2175 suorum
1009 2119 1232 2187 vestigia
1274 2120 1594 2184 vulnerabit.
1627 2119 1702 2174 Ita
1751 2128 1807 2174 et

254 2214 330 2280 qui
352 2213 564 2267 directo
593 2211 807 2266 tramite
851 2226 914 2265 ac
941 2210 1202 2279 spirituali
1231 2225 1448 2264 vomere
1491 2211 1617 2264 vitia
1662 2225 1810 2264 mun-

249 2303 368 2356 daua
395 2302 713 2373 persulcans
744 2301 945 2356 incedit
969 2300 1034 2354 ad
1066 2301 1158 2354 Dei
1180 2315 1423 2368 regnum,
1455 2302 1498 2355 si
1530 2311 1804 2370 aspectum

248 2411 379 2450 suum
407 2394 480 2448 ad
506 2394 668 2463 impia
698 2401 753 2448 et
791 2408 925 2449 vana
950 2393 1296 2455 converterit,
1342 2402 1396 2447 et
1427 2403 1449 2428 θ
1475 2391 1631 2460 juges
1657 2407 1806 2459 suos,

246 2486 336 2540 hoc
362 2493 449 2539 est
474 2501 674 2553 corpus
709 2493 868 2551 atque
909 2484 1164 2550 animam,
1192 2482 1512 2548 vulnerabit,
1537 2490 1591 2536 et
1619 2483 1806 2551 optimi

247 2575 441 2630 itineris
467 2576 822 2646 periculosum
853 2575 1091 2628 incurret
1134 2588 1390 2627 errorem.
1432 2570 1448 2610 ί
1481 2570 1552 2624 Et
1589 2589 1693 2626 non
1725 2590 1808 2626 re-

243 2668 417 2734 spexit,
445 2666 640 2735 inquit,
664 2668 715 2718 in
744 2666 990 2719 vanitates
1011 2671 1058 2716 et
1077 2664 1311 2716 insanias
1329 2662 1509 2733 falsas.
1528 2659 1808 2728 Quomodo

249 2756 416 2810 beatus
446 2756 618 2809 David
658 2756 817 2811 falsas
858 2757 1094 2810 insanias
1141 2753 1300 2819 dicit;
1335 2770 1457 2809 cum
1495 2771 1622 2809 vere
1661 2755 1808 2810 insa-

248 2847 400 2913 aiant,
428 2847 523 2915 qui
563 2845 775 2914 abjeeto
805 2855 1096 2899 retrorsum
1125 2845 1316 2898 timore
1347 2844 1461 2912 Dei,
1493 2844 1559 2898 ad
1607 2845 1810 2899 dmmo-

247 2953 358 2990 num
402 2939 699 3007 respiciunt
743 2938 1041 2991 vanitates?
1087 2935 1191 2990 Sed
1229 2936 1309 2989 vir
1339 2945 1364 2983 Β
1394 2936 1564 2991 lidelis
1592 2937 1809 3005 proprie

247 3034 472 3080 naturam
496 3022 672 3095 impun
696 3025 940 3080 falsitatis
959 3027 1221 3096 expressit
1246 3044 1258 3078 :
1283 3027 1405 3094 quia
1427 3024 1456 3063 ιι
1478 3028 1662 3081 insana
1686 3035 1810 3080 sunt

1909 1856 2120 1903 vetusto
2150 1864 2364 1918 semper
2391 1866 2575 1906 errore
2602 1863 2656 1907 et
2678 1855 2902 1912 horrore
2919 1861 3248 1918 sordescant.
3282 1867 3478 1940 Auspi-

1907 1938 1988 1990 cia
2029 1949 2055 1988 ι’
2084 1939 2246 1994 etiam
2273 1942 2542 1996 vanissimi
2577 1945 2828 2014 colligere
2856 1963 2916 2002 se
2957 1950 3159 2020 dicunt,
3191 1970 3253 2009 ac
3282 1938 3480 2015 statum

1907 2029 2030 2083 vitae
2070 2046 2180 2084 sum
2216 2032 2462 2088 inanibus
2508 2034 2714 2090 indiciis
2764 2039 3110 2110 :cstimantes,
3154 2060 3249 2114 per
3274 2048 3478 2106 incerta

1909 2119 2084 2173 avium
2113 2119 2453 2190 ferarumque
2480 2123 2629 2190 signa
2659 2125 2985 2183 imminentis
3027 2134 3153 2186 anni
3196 2134 3371 2191 futura
3401 2143 3476 2195 ri-

1909 2217 2150 2276 mantur;
2182 2226 2301 2265 cum
2325 2211 2506 2279 utique
2534 2213 2676 2281 apud
2698 2213 2864 2268 Deum
2885 2219 3059 2272 solum
3085 2223 3153 2275 sit
3182 2227 3366 2280 notitia
3391 2229 3478 2286 fu-

1911 2311 2170 2368 turorum,
2196 2314 2250 2359 et
2274 2306 2460 2374 legalis
2488 2311 2779 2364 auctoritas
2809 2313 2909 2367 ista
2939 2316 3220 2384 prohibeat
3245 2319 3430 2375 dicens
3462 2340 3475 2374 :

1909 2392 1986 2447 Ne
2013 2395 2382 2464 auspicemini,
2414 2411 2480 2450 ne
2506 2399 2740 2464 auguriis
2771 2401 3059 2459 intendatis
3089 2406 3264 2476 (Deut.
3306 2413 3477 2481 mn).

1910 2481 2016 2536 Sed
2044 2484 2225 2537 miseri
2255 2498 2319 2538 ac
2345 2484 2634 2540 miserandi
2662 2487 2904 2543 homines
2923 2493 3065 2561 rapti
3093 2497 3365 2552 erroribus
3395 2515 3480 2567 pa-

1910 2586 2188 2640 ganorum,
2221 2581 2275 2627 et
2303 2571 2478 2628 minus
2519 2584 2544 2623 τι
2573 2577 2796 2644 provido
2823 2580 2983 2634 corde
3013 2585 3198 2638 cmeati
3227 2602 3346 2640 cum
3380 2590 3481 2641 im-

1911 2662 2108 2730 pietate
2137 2662 2204 2716 de
2231 2663 2478 2718 domibus
2515 2666 2625 2718 suis
2654 2667 2940 2734 prodeunt,
2969 2678 3022 2724 et
3051 2688 3170 2727 cum
3201 2677 3479 2744 sacrilegio

1910 2762 2269 2807 revertuntur.
2318 2754 2424 2807 Aut
2463 2754 2732 2822 quomodo
2777 2773 2835 2810 se
2864 2757 3222 2816 Christianum
3267 2775 3287 2801 ι’
3321 2774 3477 2834 putat

1909 2859 2069 2913 posse
2097 2845 2179 2898 vel
2209 2845 2334 2913 dici,
2355 2847 2445 2915 qui
2473 2846 2526 2899 in
2556 2847 2647 2899 tali
2673 2847 3044 2906 observatione
3072 2854 3200 2908 vidit
3231 2871 3288 2910 se
3315 2861 3479 2926 perli-

1911 2933 1993 2987 dis
2015 2949 2132 2988 esse
2158 2935 2509 2989 consortem?
2539 2941 2560 2968 ³
2593 2934 2669 2988 Ita
2702 2944 2755 2990 et
2792 2953 2902 3004 vos,
2936 2942 3219 3011 carissimi,
3245 2943 3355 3012 jam
3378 2947 3479 3001 du-
3533 2935 3538 2941 ’

1911 3022 2035 3076 dum
2067 3039 2165 3079 nec
2192 3025 2480 3080 observare
2507 3041 2606 3080 nec
2646 3040 2884 3094 quaerere
2915 3031 3194 3088 manifesta
3223 3036 3482 3094 relatione

247 3118 406 3170 omnia
436 3132 792 3186 qumcunquc,
822 3117 1019 3172 diaboli
1051 3118 1265 3172 lallente
1288 3119 1586 3183 mendacio,
1619 3120 1712 3173 Dei
1752 3121 1802 3172 iu
1831 3116 1879 3180 C
1909 3113 2018 3184 48
2045 3117 2288 3182 cognovi.
2315 3116 2391 3170 Ac
2417 3131 2600 3171 revera
2631 3134 2737 3171 non
2765 3128 2887 3174 sunt
2915 3136 2942 3173 a
2974 3123 3127 3178 nobis
3155 3128 3368 3194 penitus
3397 3129 3481 3183 in-

244 3221 294 3260 se
321 3223 419 3260 non
449 3207 653 3261 habent
687 3207 702 3243 ί
737 3208 1006 3261 virtutem.
1047 3207 1114 3261 Et
1142 3208 1352 3262 illorum
1396 3210 1608 3277 gravior
1647 3219 1806 3278 atque

247 3294 639 3351 immedicabilis
663 3297 885 3364 languor
913 3305 1012 3362 est,
1047 3298 1135 3367 qui
1165 3299 1599 3368 superstitionum
1625 3298 1807 3355 furore

244 3396 291 3442 et
317 3388 557 3444 ludorum
579 3390 839 3442 suavitate
869 3390 1095 3458 decepti,
1128 3390 1226 3444 sub
1256 3391 1433 3458 specie
1457 3391 1697 3445 sanitatis
1723 3390 1806 3445 in-

246 3479 460 3533 saniunt.
493 3479 576 3532 An
605 3496 713 3533 non
734 3480 908 3533 omnia
928 3495 1046 3548 qua:
1071 3496 1100 3534 a
1130 3481 1384 3535 ministris
1412 3481 1710 3536 dmmonum
1743 3483 1804 3536 il—

247 3567 302 3621 lis
325 3579 555 3639 aguntur
581 3570 768 3624 diebus
794 3570 925 3624 lalsa
954 3579 1076 3625 sunt
1105 3580 1159 3624 et
1185 3571 1394 3637 insana,
1425 3587 1545 3626 cum
1589 3573 1688 3634 vir,
1720 3574 1803 3626 vi-

247 3659 366 3714 rium
395 3675 618 3714 suarum
661 3660 841 3729 vigore
869 3660 1095 3726 mollito,
1125 3668 1300 3716 totum
1319 3676 1383 3716 se
1409 3662 1609 3730 llrangit
1638 3664 1688 3716 in
1723 3663 1802 3716 fe-

224 3750 447 3816 minam,
480 3759 737 3820 tantoque
771 3752 893 3806 illud
917 3754 1117 3808 ambitu
1151 3763 1310 3823 atque
1339 3764 1456 3809 arte
1492 3755 1619 3824 agit,
1651 3755 1803 3825 quasi

247 3842 492 3906 pteniteat
523 3843 670 3896 illum
695 3858 830 3908 esse,
860 3844 1001 3913 quod
1031 3846 1111 3899 vir
1139 3848 1258 3900 est?
1279 3845 1524 3915 Nunquid
1555 3863 1659 3901 non
1689 3849 1805 3901 uni-

247 3944 384 3984 versa
415 3932 489 3985 ibi
519 3932 649 3985 falsa
680 3939 804 3986 sunt
831 3942 886 3987 et
913 3934 1121 3997 insana,
1153 3949 1274 3989 cum
1303 3949 1363 3989 se
1387 3951 1416 3988 a
1448 3935 1559 3990 Deo
1593 3936 1803 3990 formati

245 4017 496 4087 homines,
522 4022 688 4075 autin
715 4023 966 4091 pecudes,
994 4032 1087 4078 aut
1110 4023 1161 4076 in
1185 4023 1346 4091 feras,
1369 4034 1461 4077 aut
1485 4026 1538 4079 in
1561 4036 1802 4094 portenta

249 4108 656 4164 transformant?
707 4110 952 4180 Nunquid
1002 4128 1108 4167 non
1145 4128 1358 4167 omnem
1406 4116 1614 4168 excedit
1658 4117 1803 4169 insa-

246 4197 396 4267 niam,
426 4215 550 4255 cum
592 4201 841 4256 decorem
885 4203 1062 4257 vultus
1103 4203 1320 4257 humani
1370 4203 1462 4258 Dei
1503 4205 1807 4273 specialiter

247 4291 478 4345 manibus
500 4293 552 4344 in
573 4306 787 4346 omnem
815 4293 1262 4362 pulchritudinem
1293 4293 1596 4362 figuratum,
1621 4299 1804 4364 squal-

248 4376 348 4434 lore
383 4381 624 4436 sordium
646 4391 702 4437 et
725 4382 1020 4438 adulterina
1049 4383 1288 4440 foeditate
1315 4385 1637 4454 deturpant?
1667 4386 1809 4453 Quo-

1909 3205 2186 3272 quirenda,
2235 3208 2325 3272 qui
2374 3208 2728 3276 omnipotenti
2767 3209 2880 3265 Deo
2931 3214 3216 3282 credimus,
3255 3218 3345 3286 qui
3383 3235 3481 3288 pro

1907 3296 2164 3363 qualitate
2216 3298 2550 3365 meritorum,
2598 3311 2689 3353 aut
2740 3299 2862 3357 lich
2916 3303 3236 3370 probatione
3276 3313 3481 3364 cunctis

1907 3387 2218 3439 mortalibus
2246 3398 2508 3455 potestate
2530 3389 2737 3443 arbitrii
2759 3392 2840 3444 sui
2861 3393 2943 3445 vel
2962 3408 3241 3463 prospera,
3265 3397 3350 3450 vel
3373 3398 3476 3452 ad-

1906 3491 2058 3533 versa
2087 3476 2360 3546 dispensat
2393 3496 2404 3530 :
2437 3479 2702 3547 praecipue
2738 3496 2860 3535 cum
2888 3481 3192 3550 huiusmodi
3231 3485 3478 3541 homines

1907 3576 2114 3634 arguat,
2157 3576 2212 3622 et
2241 3569 2480 3636 increpet
2508 3569 2796 3638 Apostolus
2821 3570 3003 3625 dicens
3035 3590 3048 3624 :
3088 3571 3206 3626 Dies
3241 3575 3479 3628 observa-

1903 3660 1986 3719 tis,
2019 3667 2068 3709 et
2108 3675 2325 3719 menses,
2358 3667 2406 3711 et
2437 3669 2680 3728 tempora,
2722 3668 2772 3712 et
2811 3676 2974 3713 annos
3015 3677 3033 3714 :
3063 3662 3214 3716 timeo
3250 3680 3314 3716 ne
3342 3667 3494 3734 forte.

1869 3760 1882 3772 ‘
1903 3749 2014 3800 sine
2042 3764 2198 3800 causa
2239 3746 2576 3800 laboraverint
2611 3748 2665 3799 in
2693 3747 2832 3802 vobis
2855 3746 2994 3818 (Cal.
3028 3750 3118 3820 Iv).
3154 3749 3362 3818 Videte,
3391 3768 3481 3806 ca-

1905 3837 2123 3904 rissimi,
2155 3838 2206 3890 in
2232 3852 2339 3905 quo
2361 3833 2597 3892 laborem
2619 3851 2744 3906 erga
2768 3854 2825 3892 se
2848 3839 3197 3908 apostolicum
3229 3842 3480 3912 perdide-

1906 3940 2048 3984 runt.
2082 3928 2192 3982 Vos
2229 3937 2430 3994 autem,
2461 3929 2598 3981 sicut
2635 3928 2741 3982 huc
2770 3943 2935 3996 usque
2965 3945 3062 3997 pro
3093 3930 3186 3984 Dei
3221 3933 3237 3967 ι
3291 3933 3482 3987 timore

1905 4020 2126 4086 fecistis,
2158 4019 2444 4072 abhorretc
2475 4033 2636 4082 vana,
2671 4018 2895 4086 refugite
2926 4017 3076 4086 falsa,
3119 4021 3278 4090 impia
3313 4022 3480 4076 decli—

1908 4122 2058 4175 nate;
2087 4120 2139 4164 et
2171 4107 2227 4164 ut
2255 4109 2320 4162 ad
2350 4109 2564 4162 domum
2589 4108 2680 4161 Dei
2715 4118 2739 4144 ιι
2770 4110 3058 4164 cenlidenti
3082 4128 3292 4181 semper
3319 4115 3481 4168 cordo
3544 4171 3553 4177 ,

1903 4202 2088 4254 venire
2117 4201 2363 4271 possitis;
2413 4205 2468 4252 et
2496 4198 2546 4250 in
2589 4196 2690 4251 ﬁde
2720 4207 2897 4252 vestra
2929 4202 3167 4266 gentium
3205 4203 3510 4272 magister,’
3551 4244 3554 4246 -

1907 4301 1962 4345 et
1995 4291 2148 4346 iudex
2179 4289 2433 4344 doctrinae
2461 4301 2568 4342 sum
2606 4285 2838 4341 fructum
2867 4287 3062 4344 Paulus
3094 4291 3328 4347 inveniat
3354 4305 3398 4346 ν.

307 4519 331 4548 ⁸
356 4510 498 4590 βρίξἶ
525 4512 835 4590 V_at:_495l,
880 4516 963 4590 Ait
1003 4515 1402 4590 gloriosissimus
1443 4519 1803 4586 prophetarum
1839 4526 1882 4584 ι)
1907 4518 2162 4590 nefandas
2197 4513 2352 4590 [arias
2381 4511 2725 4590 inltqnestanet
2756 4510 2891 4580 falsa
2920 4512 3196 4581 turpitudo.

253 4577 426 4634 David.
459 4581 595 4637 Cod.
629 4577 908 4637 Martinen.
940 4577 1118 4647 habet,
1148 4585 1286 4639 Hinc
1315 4587 1408 4640 air.

309 4649 335 4687 δ
362 4651 510 4706 Idem
540 4652 661 4706 cod.
691 4653 832 4706 Vat..
858 4670 973 4706 soes
1002 4655 1133 4706 eius.

311 4669 335 4687 ν
362 4669 510 4706 idem
540 4669 661 4706 con.
697 4669 832 4714 van,
858 4670 973 4723 spes
1002 4669 1133 4723 ejus.

312 4731 331 4756 ε
363 4720 510 4774 Idem
531 4722 650 4775 cod.
677 4720 832 4786 4951,
865 4725 949 4792 qui
970 4734 1142 4792 sperat
1168 4726 1222 4778 in
1256 4723 1382 4779 Deo.

306 4787 330 4824 ἀ
353 4790 486 4843 Cod.
518 4790 825 4846 Martinen..
855 4802 902 4844 et
937 4808 1033 4846 pro
1061 4803 1166 4846 aut.

310 4808 330 4824 υ
353 4808 486 4843 ιιοσ.
521 4808 825 4858 marunen.,
855 4808 902 4844 et
937 4808 1033 4860 pro
1061 4808 1166 4848 aut.

310 4867 334 4896 ε
354 4858 490 4913 Cod.
519 4859 824 4924 Martinen.,
843 4861 1029 4924 jugera
1058 4879 1172 4916 sua.

310 4879 564 4983 $3231.?“
559 4879 996 4994 iiil'éﬁii’liilff
999 4879 1360 4995 ίὶςῖἕῆὀειείη.
1389 4931 1509 4998 106,
1539 4940 1595 4986 et
1619 4932 1805 4988 Marti-

247 5013 384 5065 nen,,
411 5000 752 5068 periculosum
781 5001 931 5068 nimis
960 5003 1186 5054 incurret
1207 5018 1450 5054 errorem.

308 5077 332 5136 β
359 5067 508 5122 Idem
537 5067 658 5121 cod.
685 5067 803 5121 Vat.
831 5067 988 5136 9451,
1021 5069 1127 5122 Sed
1155 5073 1230 5122 vir
1252 5082 1481 5123 sanctus.

307 5134 333 5173 δ
358 5137 496 5191 Cod.
523 5137 644 5192 Vat.
672 5137 829 5204 4222,
857 5134 980 5208 quia
1003 5140 1208 5193 insania
1235 5151 1354 5194 sunt
1379 5140 1571 5194 omnia.

313 5205 325 5243 ί
359 5205 664 5260 Galesinius
692 5207 854 5260 habet
888 5212 1171 5262 veritatem.

307 5277 322 5348 ξ
360 5276 504 5348 gon.
549 5277 853 5348 Martinen.,
884 5288 1180 5348 sequuntur.

305 5343 339 5421 ξ
358 5343 547 5421 Codex;
574 5345 826 5421 Laurent.
851 5363 888 5414 ι,
916 5343 1055 5401 Plut.
1080 5364 1190 5415 xrv,
1217 5348 1286 5400 ad
1315 5348 1618 5417 offensionis
1640 5350 1809 5421 pleni-

240 5415 465 5467 tudinem
495 5415 626 5468 diem
652 5417 816 5485 ipsum
843 5434 1034 5470 annum
1063 5434 1246 5472 novum
1265 5415 1467 5472 vocant.

328 5482 508 5538 lCod.
545 5485 850 5539 Martinen..
879 5502 997 5539 nec.

293 5563 341 5633 ,ω
537 5524 1078 5634 eod:
1108 5555 1508 5634 Laurent._olin_i
1537 5555 1595 5610 S.
1625 5555 1810 5634 C‘rucis

238 5622 682 5720 urar.-..f;‘."23;
710 5625 805 5720 ἕξς
851 5625 1806 5720 (ea“remeavere;Haec

241 5701 340 5748 etc.
359 5694 579 5749 Diversa
604 5703 684 5749 est
707 5694 825 5750 cod.
851 5693 1196 5751 Martiueusis
1226 5696 1409 5762 lectio,
1431 5694 1476 5759 Ω
1496 5693 1690 5748 ioniain
1719 5715 1809 5761 per

1979 4580 2007 4624 h
2031 4587 2162 4641 Cod.
2193 4580 2443 4637 Casincn.
2479 4581 2598 4643 1οϋ,
2627 4580 2696 4632 Et
2726 4591 2909 4634 navum
2930 4580 3128 4646 vocant,
3161 4592 3264 4635 etc.

1983 4669 2006 4693 υ
2037 4656 2220 4711 Codex
2243 4653 2298 4707 S.
2328 4649 2532 4714 Crucis,
2566 4660 2698 4718 ctc.,
2730 4668 2842 4704 cum
2871 4659 3063 4703 remsto
3091 4668 3287 4719 semper
3311 4669 3487 4708 errore

1910 4727 2230 4782 sordesrant.
3551 4726 3560 4734 ’

1983 4809 2008 4845 Ρ
2037 4793 2206 4848 Codd.
2241 4791 2402 4845 Laur.
2433 4799 2488 4846 et
2510 4789 2631 4844 Vat.
2665 4787 2822 4854 4951,
2856 4790 3098 4856 Auspicia
3134 4791 3270 4844 enim
3310 4797 3480 4848 ratiis-

1910 4883 2048 4920 διιηι.

1983 4947 2010 4986 q
2039 4932 2172 4986 Cod.
2212 4931 2333 4984 Val.
2365 4929 2518 4983 49.9.2.
2554 4928 2750 4998 providi
2779 4925 2949 4998 corde.

1985 5015 2008 5042 ι’
2037 5001 2206 5056 Codd.
2240 5000 2493 5070 Laurent.
2527 4995 2660 5070 eis.
2688 4995 3065 5070 Crucis,_putat
3088 5015 3240 5070 posse
3264 5001 3340 5054 rel
3362 5001 3483 5058 dici.

1909 5074 1985 5128 Ita
2011 5073 2168 5127 codd.
2208 5072 2322 5123 Vat.
2348 5069 2504 5132 4222,
2537 5067 2674 5119 6450
2703 5073 2758 5118 et
2795 5063 3044 5120 Casinen.
3078 5063 3195 5121 106.

1983 5152 2004 5179 ⁸
2036 5140 2179 5221 (ὶᾳό.⁵
2204 5139 2512 5204 Martineu.,
2544 5135 2679 5201 Ista,
2711 5135 2800 5204 qui
2828 5134 2962 5187 infra
2993 5136 3155 5192 habet
3184 5142 3488 5196 reuelatione

1911 5228 2008 5283 pro
2030 5211 2296 5264 relatione.

1989 5283 2005 5318 ι
2041 5281 2184 5334 Idem
2213 5279 2333 5332 cod.
2367 5277 2645 5346 LanrenL,
2677 5290 2768 5346 pro
2802 5272 3105 5346 Dei_amore
3129 5279 3340 5346 fecistis.

1983 5360 2010 5387 ιι
2038 5351 2181 5403 Idem
2209 5347 2330 5402 cod.
2363 5346 2546 5410 Laur.,
2577 5344 2645 5396 ad
2667 5344 2871 5397 domum
2896 5343 2990 5399 Dei
3015 5343 3336 5416 conﬁdenter
3357 5349 3487 5401 veni~

1913 5437 1969 5474 re
1985 5428 2339 5542 eoiscieiiicod.
2373 5485 2651 5555 Laurenti,
2689 5483 2837 5547 Quod
2879 5485 3014 5537 idem
3042 5494 3289 5554 pra’stare
3321 5486 3488 5555 digne-

1917 5570 1998 5612 tur
2022 5559 2108 5627 qni
2132 5557 2259 5627 _v_iri_t
2295 5564 2345 5627 et
2383 5562 2568 5627 regnat
2608 5553 2744 5627 Deus
2775 5557 2827 5627 in
2864 5553 3069 5627 swcula,
3103 5553 3481 5627 πεπέρι-βρύει

1915 5623 2085 5700 Yatic.
2118 5623 2398 5700 4222?..‘0111'
2426 5623 2629 5700 C/:.::’sto
2662 5624 2877 5700 Domino
2901 5623 3120 5695 placeat,
3143 5640 3238 5697 quo
3259 5623 3489 5700 gavisus

1917 5697 2167 5752 Dominus
2211 5694 2487 5752 delectetur
2521 5699 2604 5758 aui
2645 5700 2688 5752 ei
2721 5699 2758 5750 it
2794 5707 2842 5749 et
2882 5694 3062 5751 reanat
3095 5694 3210 5748 cum
3253 5695 3408 5746 l’atie
3436 5694 3488 5738 in
