4042 6192
260 271 341 327 961

1618 284 1899 345 HOMILIA
1939 289 2051 347 XIX
2063 334 2075 347 .

3396 317 3501 374 21ἴῖ

256 390 399 444 habet
424 404 599 445 sermo
626 393 857 461 divinus,
883 396 935 449 in
965 410 1086 451 eum
1115 397 1359 467 discipuli
1394 399 1529 468 ejus.
1562 400 1676 461 Non
1708 402 1818 469 jam
1853 416 1893 471 Α
1927 408 2225 462 vertebant.
2283 410 2416 466 Vina
2472 411 2732 471 defecisse
2794 418 3030 473 sciebant
3058 463 3071 488 ,
3121 436 3311 491 aquam
3366 446 3498 485 vero

252 480 380 547 quod
408 480 518 549 ipse
546 491 691 537 esset
730 485 991 552 hominis,
1022 487 1114 541 sed
1142 488 1232 553 Dei
1264 488 1453 553 Filius,
1486 491 1629 559 quod
1660 500 1809 548 tanto

251 571 687 639 eomprobabatur
712 575 990 631 miraculo.
1021 576 1079 629 Id
1105 592 1319 647 quoque
1348 588 1403 633 et
1443 596 1559 644 nos,
1591 581 1803 646 fratres,

250 666 352 713 toto
373 660 531 715 corde
555 663 858 730 credamus,
888 666 1058 735 ipsum
1086 683 1298 738 nempe,
1331 671 1432 725 etsi
1461 680 1657 729 nostra:
1679 688 1805 728 eon-

247 758 432 803 sortem
474 760 700 818 naturm,
750 762 988 823 paterna:
1035 766 1210 812 tamen
1259 759 1450 814 divinze
1496 762 1809 817 substantize

247 852 353 892 esse
396 842 740 908 coaequalem.
810 843 919 897 Cur
964 860 1091 914 ergo
1137 862 1203 902 ex
1249 850 1613 917 nuptiantibus
1656 860 1808 909 tanto

246 926 347 979 viso
369 929 628 984 miraculo
655 931 755 985 soli
779 931 1023 1004 discipuli
1058 935 1173 1005 ejus
1199 938 1537 992 crediderunt
1566 940 1619 994 in
1644 944 1807 995 eum?

245 1012 310 1070 Illi
353 1020 417 1071 ad
462 1020 583 1074 vina
612 1023 981 1093 attendebant,
1009 1035 1063 1081 et
1092 1027 1257 1095 ipsius
1286 1030 1542 1085 miracula
1574 1048 1679 1087 non
1710 1032 1807 1087 ad-

1918 497 1971 549 in
2002 499 2124 551 vino
2146 508 2406 555 mutatam
2429 518 2533 557 non
2557 507 2815 560 sciebant.
2848 510 3069 565 Constat
3097 513 3259 572 enim.
3286 526 3342 570 ut
3366 522 3496 575 alias

1916 585 2172 652 diximus,
2204 604 2268 643 ex
2300 590 2402 645 illis
2431 596 2654 649 vasculis
2684 599 3040 666 perniciosam
3083 602 3201 656 illos
3252 605 3495 661 hausisse

1913 676 2227 731 ebrietatem
2247 720 2261 745 ,
2294 680 2426 736 istos
2465 699 2589 739 vero
2626 689 3006 756 sempiternam
3030 691 3318 761 justitiam;
3351 702 3487 768 apul

1911 781 2006 821 eos
2061 770 2238 835 enim,
2292 773 2436 840 quod
2476 782 2746 831 terrenum
2789 788 2956 846 esset,
3019 784 3163 851 quod
3216 786 3486 854 biberant,

1909 860 2349 926 pertransivisse;
2409 866 2549 933 apud
2608 867 2741 923 istos
2795 880 3005 937 autem,
3064 889 3131 929 eo
3187 877 3329 944 quod
3376 894 3486 932 cm-

1910 947 2042 1003 leste
2105 960 2276 1017 esset,
2335 958 2725 1025 permansisse,
2770 962 2915 1028 quod
2969 976 3323 1033 sumpserant.
3382 966 3486 1021 lix-

1909 1038 2075 1105 plicit.

1530 1140 1882 1204 IIOMILIA
1928 1147 2163 1209 XVIII.

1465 1235 1538 1291 De
1574 1237 1875 1319 Epiphania
1919 1243 2133 1301 Domini
2162 1248 2249 1303 11.

1654 1328 2046 1390 ΑῡΜΟΝΙΊἸΟ.

297 1408 1090 1504 5ᾘΛᾼῘ-ξίξξῗξηὶιξιξξς-ΡῙῘΨΠἮ
1104 1416 1474 1504 Ιιξτφριξςίωιιε.
1492 1418 1559 1473 de
1588 1419 1888 1504 Epiphania
1918 1425 2126 1504 Domini
2157 1431 2428 1504 homiham
2460 1452 2524 1490 ex
2555 1438 2745 1493 eodem
2775 1444 2959 1497 codice
2988 1446 3044 1499 S.
3080 1446 3324 1502 Dalmatii
3354 1465 3487 1504 eru-t

239 1488 331 1567 Lam
354 1498 377 1561 ;_
396 1490 453 1534 at
481 1481 637 1561 valde
661 1481 871 1567 codicis
889 1481 1239 1566 vetustateet
1266 1481 1985 1567 charactemm:corrosione

2924 1514 3001 1567 fas
3052 1516 3148 1568 fuit
3180 1527 3324 1571 textu
3354 1522 3477 1575 cod.

238 1549 570 1604 Taurinensis
597 1553 983 1620 supplevimus;
1014 1569 1121 1621 quo
1162 1555 1214 1609 in
1245 1557 1430 1611 codice
1480 1559 1695 1613 humilia
1728 1562 1841 1616 lucc
1872 1549 3148 1648 nostradiiiiisciibituiitqitci‘ialtzii
3167 1549 3324 1639 £312"

238 1619 407 1658 nlmnin
469 1619 674 1658 "nmini
745 1621 800 1658 In
848 1636 915 1658 nn
963 1638 988 1658 η
1040 1622 1107 1658 IL
1155 1640 1376 1658 nlllnnnn
1425 1628 1487 1658 cui
1539 1627 1605 1658 1⁵7
1652 1630 1808 1658 mh...“
1839 1636 2156 1658 ..μηκεμμη
2212 1642 2224 1658 ι
2343 1644 2393 1658 ι..
2507 1646 2517 1658 .
2658 1646 2716 1658 ...
2864 1652 2875 1658 -
2896 1652 2920 1658 ,.
3287 1657 3291 1658 ,
3343 1656 3351 1658 _

235 1619 696 1725 priamqlpgmni.
745 1621 803 1675 ln
848 1636 915 1677 eo
960 1638 989 1678 a
1033 1619 1107 1676 ’14
1154 1640 1377 1685 numero
1424 1628 1489 1681 ad
1539 1627 1605 1680 i7
1652 1630 1810 1699 plane
1837 1619 3476 1725 perspiciturrhoniilia-s,temploruinuinj‘tiiia

238 1704 279 1725 .n
450 1706 517 1725 ,οε

237 1689 572 1744 intercidisse.

237 1820 610 1895 Aaouneurcn.
631 1853 702 1895 -_—
723 1818 965 1895 Quamuis
993 1824 1044 1875 in
1079 1822 1369 1878 Israelitico
1398 1824 1585 1895 populo
1621 1825 1792 1882 Eccle-

290 1891 360 1963 sia
381 1898 562 1963 nostra
584 1892 801 1963 primum
824 1892 1049 1962 ﬁgurata
1072 1895 1254 1963 fuerit;
1277 1891 1527 1959 attenuat,
1547 1908 1599 1947 ut
1621 1908 1790 1949 osten-

290 1959 420 2011 deret
454 1958 758 2031 Deushanc
786 1958 888 2031 non
915 1979 1017 2015 una
1043 1958 1105 2014 ea:
1132 1972 1301 2031 gente,
1332 1964 1421 2015 sed
1458 1958 1523 2017 er
1557 1966 1790 2019 euntibus
1814 2005 1835 2023 .

290 2029 723 2103 congregandarn,
753 2029 987 2103 Christus
1015 2033 1099 2085 vix
1126 2029 1268 2085 artus
1288 2042 1461 2101 gentes
1489 2050 1579 2103 per
1619 2053 1796 2103 ntagos
1828 2032 1872 2092 Β

289 2098 350 2150 ad
368 2115 424 2149 se
444 2099 733 2180 advocavit,
754 2109 802 2153 et
824 2101 875 2152 in
895 2117 1070 2181 eorum
1091 2098 1372 2172 agnitione,
1416 2098 1651 2177 cultuque

288 2177 472 2221 nostra:
497 2177 758 2238 primitias
787 2177 1003 2237 accepit.

285 2278 512 2343 Domini,
552 2287 607 2333 et
634 2278 926 2339 Salvatotfis
956 2284 1122 2338 uestri
1150 2283 1278 2339 Jesu
1318 2283 1543 2351 Christi,
1579 2286 1789 2353 tratrcs,

228 2368 580 2423 inenarrabilis
601 2371 653 2423 in
693 2372 834 2427 hunc
857 2373 1110 2427 mundum
1142 2374 1403 2429 adventus
1432 2383 1558 2430 tunc
1585 2385 1790 2431 tantum

225 2458 453 2523 gentibus
472 2459 637 2527 cmpit
660 2460 1012 2525 innotescere,
1038 2476 1157 2515 cum
1184 2461 1249 2515 ad
1280 2463 1427 2516 illum
1458 2463 1788 2520 adorandum

226 2561 355 2599 noue
382 2548 553 2601 stella:
579 2548 799 2603 ductum
821 2560 1104 2619 sequentes
1124 2553 1263 2619 magi
1293 2554 1360 2607 ab
1386 2551 1601 2609 Oriente
1628 2572 1791 2611 vene-

225 2646 347 2689 runt.
384 2637 519 2693 Nam
549 2654 673 2693 cum
703 2639 816 2709 ipse
860 2641 1167 2696 universum
1206 2643 1462 2697 mundum
1507 2660 1540 2698 a
1578 2644 1791 2701 funesta

223 2726 396 2781 diaboli
426 2729 740 2798 captivitate
769 2745 927 2785 carne
952 2732 1178 2787 amictus
1208 2733 1440 2788 humana
1467 2734 1787 2792 liberaturus

223 2816 1782 2881 venisset.......................

220 3039 227 3049 .
268 3038 283 3052 .
319 3038 335 3054 .
365 3001 541 3069 Atque
575 3002 821 3071 equidem
861 3012 1058 3059 nostra:
1086 3004 1242 3074 hujus
1270 3006 1334 3059 ad
1361 3008 1597 3062 cmlestia
1619 3024 1781 3077 regna

222 3092 496 3147 vocationis
538 3093 689 3147 initia
730 3095 985 3148 hodierna
1019 3094 1278 3151 festivitas
1326 3099 1479 3152 nobis
1522 3099 1778 3167 declarat,

220 3194 307 3249 qua
325 3200 380 3237 se
399 3184 746 3239 manifestare
775 3187 942 3253 magis
982 3188 1147 3241 voluit
1169 3188 1219 3241 in
1248 3188 1423 3242 stella.
1451 3189 1580 3243 Nam
1603 3191 1655 3243 in
1678 3192 1787 3246 illis

221 3273 328 3327 viris
364 3275 452 3342 qui
498 3290 564 3331 ex
607 3274 852 3329 Chaldtea
896 3277 962 3330 ad
1013 3290 1193 3331 natum
1241 3292 1421 3346 regem
1450 3279 1776 3334 adorandum

221 3373 457 3418 venerunt
486 3365 541 3418 in
572 3364 782 3419 stabulo
802 3405 818 3431 ,
847 3367 1113 3433 gentilitas
1142 3367 1387 3421 universa
1418 3368 1772 3435 concluditur,
1802 3385 1845 3446 ρ

218 3452 350 3507 sicuti
378 3462 430 3507 et
453 3454 510 3507 in
541 3456 853 3509 muneribus
898 3470 1015 3523 qum
1046 3466 1172 3511 tunc
1201 3456 1297 3525 ipsi
1327 3464 1454 3511 nato
1481 3457 1589 3525 regi
1620 3458 1777 3512 obtu-

218 3542 327 3609 lere,
351 3546 595 3613 pretiosa
623 3546 709 3599 illa
739 3548 1079 3600 continentur
1100 3548 1258 3613 dona,
1291 3564 1419 3618 qua:~
1440 3549 1554 3617 ipse
1592 3549 1795 3603 Salva-'

218 3642 288 3688 tor
309 3653 420 3690 cum
446 3638 561 3691 Deo
590 3637 748 3692 Patre
778 3647 829 3691 et
857 3637 1055 3707 Spiritu
1079 3650 1263 3694 sancto
1291 3641 1342 3694 in
1373 3641 1520 3695 caelis
1548 3656 1777 3710 regnans

217 3737 240 3775 π
274 3727 515 3792 gentibus
560 3727 813 3781 obtinuit.
856 3727 995 3796 Ergo
1043 3730 1094 3782 in
1145 3730 1245 3784 tide
1285 3729 1583 3785 Christiana
1629 3732 1770 3799 magi

216 3816 435 3883 primitia:
464 3818 685 3871 fuerunt
712 3819 967 3886 gentium.
1000 3819 1246 3875 Gentium
1277 3821 1405 3876 lides
1428 3823 1479 3877 in
1500 3822 1771 3877 Christum

214 3920 241 3957 θ
261 3909 417 3975 magis
445 3908 556 3962 illis
583 3924 740 3963 suum
768 3908 901 3963 dixit
926 3911 1230 3965 exordium.
1258 3914 1271 3942 ¹
1296 3914 1327 3948 ⁸
1354 3911 1605 3978 Quamvis
1633 3913 1773 3967 enim

214 3994 430 4053 Christus
458 3998 722 4054 Dominus
752 4007 936 4055 noster
963 3998 1252 4055 Ecclesiam
1290 4018 1440 4057 suam
1460 4043 1475 4068 ,
1505 4003 1773 4071 ejusdem-

215 4100 299 4154 que
324 4088 742 4155 gloriosissimos
787 4091 1056 4160 principes
1100 4090 1312 4146 Judaeos
1352 4106 1469 4147 esse
1512 4094 1771 4160 voluerit;

214 4175 426 4234 Ecclesia
460 4188 646 4235 tamen
675 4196 740 4236 ex
786 4182 914 4251 ipsis
961 4190 1083 4237 nata
1131 4183 1378 4251 equidem
1424 4192 1531 4250 est,
1574 4185 1668 4239 sed
1720 4186 1773 4239 in

213 4270 435 4334 gentibus
465 4270 704 4342 perfecte
732 4272 1003 4349 convaluit
1027 4290 1039 4325 :
1067 4273 1205 4328 unde
1225 4272 1421 4328 Judteis
1449 4275 1503 4327 in
1531 4275 1772 4330 luctuosa

211 4371 290 4412 sua
314 4362 561 4416 caecitate
589 4361 762 4417 adhuc
802 4363 1233 4431 persistentibus,
1277 4364 1329 4418 in
1355 4364 1601 4434 gentibus
1638 4366 1773 4421 adeo

214 4450 530 4506 manifestata
550 4459 651 4517 est,
676 4461 734 4506 ut
754 4468 821 4507 ex
842 4453 955 4507 istis
981 4460 1184 4508 tantum
1211 4455 1474 4510 coaluisse
1494 4457 1768 4511 videatur:

211 4548 418 4609 suntque
446 4541 614 4596 etiam
652 4557 795 4597 nunc
826 4541 1033 4597 Hebraei
1060 4545 1169 4599 suis
1192 4554 1338 4600 certe
1365 4546 1633 4615 prioribus
1661 4563 1768 4602 non

1895 1812 2116 1870 deberet
2146 1820 2311 1885 nasci,
2342 1836 2407 1876 ex
2448 1838 2720 1880 sacrarum
2763 1826 3157 1901 Scripturarum
3189 1836 3475 1890 volumini-

1896 1906 2013 1972 bus,
2057 1922 2175 1977 qua:
2218 1911 2317 1980 ipsi
2366 1913 2636 1983 legebant,
2684 1920 2829 1974 illum
2861 1938 2967 1977 non
3016 1925 3185 1978 solum
3231 1927 3474 1983 dixerunt

1898 2014 2015 2054 esse
2044 2004 2370 2059 nasciturum
2415 2007 2467 2060 in
2509 2007 2817 2064 Bcthlehem
2846 2012 2970 2081 (llic
2996 2017 3244 2068 nonnulla
3272 2018 3475 2077 dt’sttttl,

1896 2093 2076 2162 quibus
2101 2110 2235 2146 nea'a
2261 2105 2557 2164 erat,atque
2577 2099 2817 2169 colligata
2848 2102 3057 2169 oratio).
3093 2106 3111 2133 ¹
3136 2104 3161 2137 ν
3184 2102 3294 2157 Ilac
3320 2105 3385 2158 de
3418 2121 3472 2157 re

1894 2184 2277 2251 prophetarum
2308 2200 2525 2239 suorum
2556 2189 2803 2242 vaticinia
2833 2192 3212 2259 ostendebant,
3244 2203 3297 2247 et
3326 2194 3469 2262 ejus-

1891 2270 2013 2325 dem
2055 2274 2346 2328 nativitatis
2395 2283 2601 2346 tempus
2641 2278 2752 2346 ja'm
2801 2281 3080 2346 advenisse
3129 2284 3468 2349 asserebant;

1892 2371 2075 2417 natum
2108 2373 2283 2425 tamen
2318 2381 2495 2434 regem
2525 2384 2630 2423 non
2659 2372 2969 2439 exquirunt.
2998 2372 3295 2427 Miseranda
3325 2384 3469 2430 certe

1888 2452 2191 2509 Judzeorum
2238 2458 2453 2512 ezecitas
2491 2459 2503 2510 !
2551 2460 2889 2514 Nasciturum
2936 2478 3053 2516 esse
3100 2463 3368 2517 Christum
3417 2465 3469 2518 in

1888 2545 2199 2601 Bcthlehem
2249 2564 2358 2603 non
2404 2550 2705 2617 igorabant.
2746 2551 2950 2605 Tenent
2997 2554 3233 2619 oracula,
3276 2554 3472 2622 quibus

1887 2634 2157 2690 Christum
2196 2636 2308 2705 jam
2358 2654 2473 2693 esse
2518 2648 2699 2727 natum
2745 2640 3159 2696 demonstratur.
3191 2643 3467 2698 Chaldaeos

1885 2728 1951 2783 de
1975 2729 2113 2783 illius
2134 2730 2423 2785 nativitatis
2444 2731 2563 2785 loco
2586 2735 2928 2800 exquirentes
2949 2734 3169 2786 audiunt
3191 2742 3243 2788 et
3266 2735 3466 2801 vident,

1884 2833 1983 2873 nec
2028 2827 2202 2872 tamen
2248 2818 2517 2873 Christum
2565 2822 2849 2890 exquirunt
2876 2824 2925 2876 *.
2968 2824 3140 2892 Atque
3180 2823 3312 2876 adeo
3344 2839 3469 2878 vero

1884 2917 2007 2964 tunc
2047 2912 2358 2980 prophetica
2403 2913 2488 2965 illa
2530 2913 2747 2982 impleta
2796 2923 2877 2967 est
2924 2916 3187 2968 sententia
3223 2932 3235 2965 :
3272 2913 3465 2977 Quibus

1881 3017 1983 3054 non
2012 3010 2087 3055 est
2114 3004 2403 3056 nuntiatum
2424 3004 2486 3057 de
2506 3021 2565 3058 eo
2588 3004 2844 3069 videbunt,
2870 3013 2917 3058 et
2939 3006 3023 3073 qui
3046 3023 3147 3060 non
3170 3007 3463 3070 audierunt,

1880 3090 2167 3162 intelligent
2191 3092 2345 3163 (Isai.
2372 3110 2471 3159 Ln;
2499 3092 2651 3148 Rom.
2680 3092 2790 3164 xv).
2824 3092 3072 3148 Chaldaeo
3098 3096 3222 3148 nihil
3257 3097 3464 3148 nuntia-

1880 3189 1991 3234 tum
2020 3182 2213 3247 fuerat,
2242 3193 2296 3236 et
2324 3185 2455 3237 vidit
2496 3185 2726 3248 stellam,
2758 3193 2811 3239 et
2839 3186 3083 3251 credidit,
3115 3195 3167 3240 et
3200 3186 3461 3240 intellexit

1879 3264 2147 3327 Christum
2176 3272 2459 3340 signiﬁcari
2509 3275 2561 3327 in
2605 3274 2778 3328 stella.
2812 3273 3038 3330 Hebraeo
3061 3276 3260 3329 dictum
3292 3275 3467 3331 fuerat

1880 3368 2158 3415 venturum
2206 3377 2324 3415 esse
2373 3362 2784 3432 Redemptorem
2831 3364 3035 3418 mundi.
3070 3364 3458 3434 PrOphetaruut

1877 3453 1943 3508 de
1972 3453 2086 3521 ipso
2116 3454 2335 3507 tenebat
2355 3455 2590 3508 oracula.
2616 3455 2848 3509 Noverat
2872 3456 3141 3509 Christum
3178 3457 3230 3509 in
3252 3456 3465 3510 Bethle-

1877 3545 1998 3597 hem
2030 3559 2148 3598 esse
2176 3552 2380 3597 natum.
2412 3544 2478 3597 Et
2506 3546 2749 3613 quamvis
2789 3545 2842 3599 id
2872 3545 2971 3613 ipsi
3000 3544 3185 3598 fuisset
3213 3562 3463 3615 prmnun-

1876 3636 2067 3688 tiatum
2093 3635 2159 3689 de
2188 3651 2276 3702 eo,
2304 3652 2403 3691 nec
2432 3636 2715 3702 intellexit,
2757 3652 2857 3691 nec
2883 3636 3030 3691 illum
3071 3645 3254 3690 natum
3277 3637 3471 3691 videro.

1876 3727 2063 3792 voluit,
2086 3736 2144 3780 ut
2166 3728 2310 3781 illum
2336 3728 2620 3795 aliquando
2646 3735 2828 3797 posset
2849 3726 3181 3793 cruciﬁgere.
3213 3727 3305 3783 His
3327 3742 3470 3796 ergo-

1876 3816 1928 3870 in
1952 3832 2045 3871 sua
2068 3818 2307 3871 excitate
2328 3818 2574 3881 dimissis,
2600 3817 2772 3886 gaude
2795 3826 2849 3872 et
2869 3818 3050 3872 laetare
3073 3818 3124 3870 in
3147 3819 3247 3873 hac
3272 3827 3466 3872 saneta

1874 3906 1959 3961 die
2000 3906 2067 3961 ad
2110 3906 2279 3962 Deum
2318 3918 2613 3963 creatorem
2661 3916 2811 3962 tuum
2859 3922 3117 3963 conversa
3161 3910 3463 3977 gentilitas,

1874 4005 2037 4066 atque
2066 3998 2119 4051 in
2152 3998 2320 4051 tribus
2348 3998 2459 4053 illis;
2477 4000 2664 4066 magis,
2696 3999 2787 4068 qui
2817 3999 2883 4052 ab
2910 3998 3127 4052 Oriente
3162 3998 3214 4051 in
3248 3995 3465 4053 Bethle-

1870 4088 1995 4142 hem
2022 4086 2292 4142 Christum
2320 4090 2626 4143 veneratori
2657 4090 3008 4153 advenerunt,
3054 4087 3177 4144 ﬁdei
3207 4099 3311 4145 tua:
3339 4093 3458 4161 pri-

1871 4177 2077 4231 mordia
2129 4178 2374 4233 venerari
2423 4193 2528 4232 non
2577 4178 2811 4233 desinas.
2843 4180 3017 4247 Atque
3064 4182 3464 4237 exsultantibus

1872 4268 2065 4321 animis
2110 4275 2337 4321 aeternas
2378 4267 2495 4320 illas
2539 4266 2712 4332 sedes,
2743 4266 3031 4322 dummodo
3080 4268 3237 4323 ﬁdem
3293 4286 3461 4338 quam.

1872 4366 2042 4426 tenes,
2064 4372 2249 4428 opera,
2273 4372 2390 4428 qua:
2417 4356 2658 4411 Christus
2673 4357 2850 4426 jussit,
2876 4359 3136 4426 sequaris,
3166 4360 3463 4427 aliquando-

1870 4450 2147 4507 obtinendi
2199 4465 2349 4520 spem
2401 4450 2642 4519 concipe.
2697 4445 2764 4503 Et
2807 4449 3050 4520 quamvis
3102 4450 3275 4503 etiam
3311 4465 3457 4503 nunc

1868 4544 2032 4599 Judaei
2077 4542 2489 4612 Redemptorem
2536 4550 2778 4596 nostrum
2826 4541 3125 4610 vagientem
3177 4541 3229 4593 in
3276 4539 3457 4603 cunis,

212 4625 619 4686 dissimiles".llli
638 4631 780 4685 enim
797 4635 1462 4704 percunctantibusmagis,
1479 4638 1769 4705 ipsoetiam
1863 4636 2131 4705 jacentem
2161 4635 2212 4690 in
2255 4648 2497 4704 pratsepe
2544 4633 2991 4688 contemnendum
3038 4633 3301 4696 sentiant;
3350 4646 3447 4686 nos

212 4714 400 4775 Herode
446 4722 786 4791 exquirente,
831 4736 919 4788 an,
972 4724 1074 4795 52
1102 4731 1157 4778 et
1202 4725 1436 4791 ubinam,
1483 4741 1643 4795 quem
1685 4727 1765 4781 illi
1796 4740 1842 4797 ι)
1871 4737 2050 4782 tamen
2099 4727 2271 4796 ipsum
2317 4725 2587 4781 Christum
2625 4741 2655 4780 a
2702 4726 2908 4781 cunctis
2953 4723 3282 4779 adorandum
3329 4737 3447 4778 esse

212 4810 508 4867 seculorum
536 4810 979 4884 Redemptorem,
1029 4823 1156 4871 tunc
1183 4824 1363 4870 natum
1393 4820 1765 4889 exquirebant,

1875 4819 2177 4888 credamus.
2207 4816 2456 4888 Explicit.

1531 4932 1876 4992 HOMILIA
1925 4931 2100 4991 XIX.

1443 5027 1515 5082 De
1537 5028 1833 5099 Epiphania

1864 5028 2073 5084 Domini
2097 5029 2213 5085 III.

1656 5118 2044 5176 ADMONITIO.

266 5201 656 5281 53Consonat
682 5205 796 5281 haec
810 5206 1257 5281 ueterishlaximi
1281 5208 1511 5281 homiliis
1532 5227 1637 5265 non
1651 5212 1772 5281 styli
1801 5211 2007 5264 ratione
2031 5214 2212 5277 modo,
2237 5210 2333 5265 sed
2357 5209 2561 5281 delectu
2584 5208 2745 5281 etiam
2762 5210 3294 5281 conformationeque
3317 5223 3438 5261 sen-

211 5275 483 5328 tentiarum
498 5278 691 5331 oratio.
716 5276 902 5344 Itaque
918 5278 1318 5349 nihilest,quod
1349 5281 1547 5347 obstet,
1605 5275 1949 5334 nin'Maximo
1975 5282 2071 5348 ipsi
2097 5275 2408 5335 ascribenda
2435 5278 2695 5333 videatur.
2712 5280 2824 5346 Qua
2845 5281 2912 5334 de
2930 5296 2986 5334 re
3011 5297 3117 5334 non
3134 5275 3440 5332 dubitamus

211 5341 388 5397 critica
415 5342 684 5401 facultatis
709 5348 913 5402 neritos
942 5348 1096 5401 nobis
1122 5351 1522 5402 consentientes
1548 5296 1703 5402 Lfiane
1724 5349 1857 5402 fore.
1890 5349 2039 5402 Hanc
2086 5351 2255 5402 ipsam
2282 5350 2606 5402 orationem-
2634 5364 2729 5402 seu
2761 5351 3033 5402 homiliam
3059 5350 3211 5402 nobis
3240 5363 3437 5402 strnue-

1548 5367 1578 5418 ρ

209 5341 388 5416 critic;
415 5342 684 5401 facultatis
709 5341 913 5416 peritos
942 5348 1096 5401 nobis
1122 5341 1522 5404 consentientes

208 5406 579 5489 (litavitcodex
597 5406 1325 5489 vetustissimusmonasterii
1356 5420 1480 5483 olim
1502 5406 1568 5473 de
1600 5419 1855 5489 Apannis,

1602 5366 1703 5404 ane
1724 5349 1857 5403 fore.
1890 5349 2039 5404 Hanc
2086 5351 2255 5418 ipsam
2282 5350 2606 5415 orationem,
2634 5364 2729 5404 seu
2761 5351 3033 5403 homiliam
3059 5350 3211 5402 nobis
3240 5363 3437 5416 suppe-

1884 5435 1990 5488 quo
2022 5421 2073 5473 in
2095 5417 2286 5473 codice
2331 5418 2583 5486 inscripta
2630 5420 2706 5474 sic
2729 5429 2816 5474 est
2847 5438 2857 5472 :
2897 5419 3028 5473 Item
3058 5421 3110 5472 in
3144 5418 3439 5488 Epiphania

206 5476 401 5558 {lamin}
422 5484 597 5558 ltonril.
643 5485 751 5539 νη
760 5484 806 5540 1.
834 5487 1242 5544 Acceditmdex
1267 5476 1713 5558 Taurinensis,'in
1738 5476 2043 5558 quo'exstat
2064 5488 2249 5543 eadem
2272 5476 2577 5543 homilia'Sl
2606 5489 2657 5541 in
2688 5492 2825 5545 serie
2853 5476 3199 5545 homiliaruni
3224 5476 3437 5541 Maximi

206 5545 263 5601 de
289 5548 605 5622 Epiphania.

272 5669 286 5696 ³
314 5665 389 5720 Ex
421 5667 539 5722 cod.
572 5668 859 5723 Taurincn.

1952 5674 1970 5704 ²
1990 5671 2066 5724 Ex
2091 5670 2277 5727 eodem
2306 5671 2425 5735 cod.
2450 5671 2739 5730 Taurinen.
