4042 6192
525 300 628 357 253

1722 301 1779 355 S.
1822 294 2064 355 MAXIM]
2105 296 2555 357 TAUIUNENSlS

3676 303 3784 358 «ιδ-ι

525 413 909 489 Accusamus.
937 445 1008 489 -_--
1029 408 1227 489 Eadem
1256 411 1403 466 stella
1430 407 1628 489 .lullwis
1652 410 2094 489 alqaegentitibus
2125 413 2178 472 Α
2207 426 2325 466 rum
2353 426 2571 466 suorum
2599 410 3011 465 continebantur
3055 411 3327 479 vaticinia,
3354 408 3629 467 Christum
3670 414 3768 469 Do-

591 483 783 536 illnxit.
807 481 975 537 Primi
1005 483 1068 535 de
1095 500 1158 536 ea
1184 498 1277 551 per
1302 480 1652 551 propheticum
1665 480 1971 551 Avaticinium
1999 485 2097 551 ad-

590 552 770 603 moniti
789 553 1025 621 fuerant;
1045 546 1252 604 secundi
1274 546 1442 602 autem
1466 550 1519 601 in
1550 546 1810 621 profunda
1846 548 2098 621 supersti-

592 621 746 673 tionis
766 615 915 674 nocte
933 615 1159 673 derelicti
1187 635 1289 672 non
1330 621 1551 685 fuerant.
1588 615 1912 669 Illuminatio
1941 617 2101 685 igitur

542 694 545 697 ’
591 688 825 743 omnibus
843 690 1008 759 patuit
1024 705 1043 754 ;
1076 691 1195 759 quia
1219 684 1450 742 Christus
1479 699 1654 739 atnnes
1686 684 1975 739 saluatnms
2000 684 2099 737 ad—

592 765 822 813 venerat.
1238 788 1248 797 -

597 871 936 936 Venerabile,
985 872 1196 938 fratres,
1244 871 1626 941 redemptionis
1672 878 1868 924 nostra:
1918 881 2100 922 sacra-

523 970 781 1027 mentum,
804 975 913 1030 quo
936 962 1255 1017 immortalis
1276 962 1416 1016 Deus
1442 960 1806 1016 conditionem
1834 966 1918 1012 est
1945 958 2101 1011 mise-

522 1059 670 1107 ratus
720 1051 1032 1114 humanum,
1074 1058 1221 1104 tanta
1276 1050 1359 1105 sui
1409 1048 1693 1117 majestate
1746 1046 1993 1115 refulget,
2039 1055 2100 1099 ut

527 1141 670 1195 nulla
701 1141 830 1196 illud
849 1142 1079 1195 humana
1102 1156 1254 1196 mens
1282 1141 1578 1208 intelligere
1597 1138 1787 1209 possit.
1809 1138 1937 1204 Quis
1955 1137 2097 1191 enim

522 1230 796 1299 explicare
841 1238 1024 1300 queat,
1060 1246 1156 1284 cur
1183 1230 1486 1298 unigenitus
1526 1229 1621 1284 Dei
1645 1227 1831 1294 Filius,
1863 1227 1948 1282 cui
1976 1241 2096 1282 cum

524 1314 682 1373 Patre
702 1327 757 1373 et
784 1318 984 1389 Spiritu
1006 1327 1193 1374 sancto
1223 1335 1326 1373 una
1349 1328 1512 1387 atque
1534 1316 1718 1372 eadem
1746 1324 1830 1372 est
1849 1316 2100 1371 divinitas

523 1415 685 1476 atque
733 1409 1143 1478 omnipotentia,
1183 1409 1375 1477 cuique
1414 1422 1577 1461 unum
1606 1407 1855 1474 idemque
1881 1405 2019 1460 velle
2046 1412 2101 1458 et

523 1512 680 1566 posse
708 1504 826 1563 est;
854 1507 1092 1552 nostram
1124 1506 1301 1551 tamen
1331 1497 1551 1565 dignare
1577 1496 1711 1552 adeo
1740 1496 1968 1551 voluerit
2000 1510 2097 1549 na-

525 1595 719 1652 turam,
753 1594 809 1640 ut
835 1587 979 1655 quod
1006 1603 1113 1640 non
1167 1587 1362 1641 habeat
1389 1601 1684 1652 assumens,
1714 1594 1771 1642 et
1796 1586 2018 1654 quodin
2040 1601 2099 1640 se

521 1684 640 1728 erat
666 1691 773 1730 non
801 1675 1096 1738 dimittens,
1139 1675 1374 1729 divinam
1413 1690 1533 1728 cum
1563 1674 1796 1728 humana
1826 1674 2098 1742 insepara-

2204 502 2408 557 minum
2422 500 2836 570 Redemptorem
2858 501 3036 555 surculi
3056 501 3343 569 aliquando
3354 508 3638 557 venturum
3657 514 3782 559 esse

2205 590 2576 662 protestantia.
2598 589 2751 643 Illum
2788 605 2856 643 ex
2883 589 3012 658 ipsis
3037 590 3279 645 sciebant
3304 592 3633 646 nasciturum
3659 607 3782 648 esse

2203 681 2271 735 de
2293 680 2500 748 virgine
2518 694 2586 734 ex
2612 680 2868 749 progenie
2895 680 3061 734 David
3078 680 3370 735 secundum
3396 696 3613 737 carnem
3639 700 3652 735 :
3678 698 3782 737 na-

2204 769 2426 824 tivitatis
2449 782 2666 838 quoque
2692 767 2932 836 ejusdem
2953 769 3129 823 locum
3158 769 3212 822 in
3233 768 3362 837 ipsis
3380 768 3631 836 legebant
3649 785 3784 839 pra}-

2202 860 2503 928 signatum;
2550 858 2863 913 Bethlehem
2911 858 3054 912 enim
3105 857 3296 913 civitas
3334 858 3424 911 illa
3450 858 3616 913 David
3645 859 3781 913 tanti

2204 951 2438 1006 numinis
2465 949 2805 1004 asserebatnr
2847 947 3146 1003 decoranda
3174 948 3378 1002 natali:
3409 962 3529 1017 qua:
3563 948 3779 1003 demum

2204 1041 2534 1096 nativitatem
2564 1039 2730 1108 ipsius
2756 1037 2996 1092 miranda
3040 1037 3344 1107 praacedere
3363 1037 3651 1103 debebant,
3676 1054 3779 1092 an~

2200 1130 2612 1194 nuntiabantur;
2634 1128 2746 1183 sola
2775 1135 2952 1182 autem
2986 1126 3287 1182 miseranda
3310 1127 3580 1195 gentilitas
3608 1142 3779 1196 usque

2205 1230 2332 1276 tunc
2357 1202 2690 1275 remanserat
2720 1218 2771 1271 in
2820 1232 3034 1272 occasu.
3084 1215 3185 1282 Qui
3213 1229 3343 1283 ergo
3381 1223 3605 1271 cunctos
3625 1217 3776 1271 mise-

2203 1310 2487 1367 ricorditer
2512 1317 2856 1379 reparaturns
2875 1307 3185 1375 advenerat,
3214 1321 3284 1361 ne
3311 1313 3368 1360 et
3386 1305 3500 1376 ipsa
3529 1306 3583 1360 in
3612 1306 3778 1377 lacry-

2200 1403 2383 1457 mabili
2411 1416 2507 1456 sua
2549 1415 2761 1470 semper
2807 1395 3047 1455 Caecitate
3075 1404 3339 1461 maneret,
3370 1395 3515 1450 dedit
3541 1396 3592 1450 ei
3613 1397 3776 1451 etiam

2198 1493 2406 1560 signum
2441 1490 2586 1560 quod
2614 1497 2670 1544 et
2696 1489 2907 1544 Judaeus
2934 1487 3116 1543 videre
3152 1487 3327 1557 potuit
3355 1486 3408 1540 in
3436 1486 3615 1551 stella,
3652 1501 3776 1554 qua:

2197 1582 2333 1637 tanti
2380 1580 2522 1649 regis
2574 1580 2853 1633 nuntiabat
2898 1584 3095 1643 ortum,
3136 1583 3193 1631 et
3240 1577 3519 1646 praesentis
3563 1576 3775 1630 venisse

2199 1672 2461 1742 prodebat
2506 1669 2885 1739 redemptionis
2935 1674 3230 1724 auctorem.
3263 1666 3413 1721 illam
3441 1667 3494 1720 in
3519 1664 3773 1721 Chaldzea

522 1764 699 1819 biliter
727 1764 862 1818 adeo
886 1773 1131 1817 naturam
1151 1763 1503 1833 copulaverit,
1528 1771 1584 1816 ut
1611 1761 1754 1816 Deus
1779 1762 1936 1815 simul
1958 1771 2098 1821 esset
2132 1763 2176 1822 Β
2200 1762 2339 1831 magi
2359 1761 2761 1817 coruscantibus
2781 1759 3071 1813 laetioribus
3092 1758 3253 1813 radiis
3267 1758 3554 1813 micantem
3566 1757 3771 1811 vident.

520 1862 577 1909 et
604 1855 765 1909 homo
791 1856 848 1908 ‘?
888 1853 1083 1909 Verum
1112 1855 1158 1909 si
1192 1854 1245 1908 in
1267 1854 1457 1909 horum
1493 1853 1897 1922 investigatione
1924 1855 2097 1908 omnis

522 1942 873 2012 intelligentia
922 1944 1166 1998 turbatur
1192 1943 1424 1997 humana
1452 1951 1613 2012 atque
1641 1942 1888 1996 universa
1924 1942 2099 2010 genti-

521 2032 649 2086 lium
680 2033 1013 2102 philosophia
1041 2033 1332 2099 evanescit,
1387 2034 1440 2086 in
1489 2031 1747 2105 mysterio
1787 2038 1964 2087 tamen
2005 2048 2096 2086 so-

521 2122 812 2177 lemnitatis
862 2123 1152 2188 hodierna},
1200 2138 1308 2193 quo
1356 2123 1907 2193 incomprehensibilis
1958 2121 2099 2177 Deus

522 2219 700 2265 ortum
729 2226 883 2265 suum
911 2211 1158 2279 gentibus
1177 2211 1446 2266 rutilantis
1486 2211 1656 2265 stella:
1685 2210 1883 2267 indicio
1922 2212 2097 2265 niani.

521 2303 719 2357 instare
746 2303 913 2357 voluit
943 2302 1160 2374 (Desunt
1202 2303 1284 2356 hic
1330 2302 1446 2357 duae
1499 2303 1693 2374 linem).
1744 2302 1916 2358 llodie
1956 2303 2098 2358 enim

521 2391 766 2447 Christus
787 2392 1047 2447 Dominus
1069 2400 1253 2446 noster
1278 2391 1503 2459 gloriam
1533 2407 1686 2446 suam
1709 2392 1914 2447 eunetis
1931 2392 2102 2448 voluit

522 2481 831 2537 ostendere.
864 2480 928 2534 Et
955 2480 1199 2550 quamvis
1222 2479 1363 2534 inter
1388 2477 1642 2535 ilebneos
1668 2494 1734 2534 ex
1754 2480 1992 2536 Hebrzeis
2010 2495 2102 2534 na-

525 2579 611 2625 tus
639 2570 928 2625 secundum
959 2584 1193 2635 carnem,
1224 2569 1345 2623 illos
1371 2584 1482 2638 prze
1509 2570 1717 2624 caeteris
1742 2569 1996 2625 dilexisse
2016 2571 2098 2624 vi-

521 2663 717 2716 deatur
747 2680 759 2715 :
793 2676 913 2717 cum
963 2669 1139 2715 tamen
1169 2661 1222 2715 in
1252 2659 1490 2730 ejusdem
1520 2668 1640 2714 ortu
1663 2674 1853 2715 novam
1876 2660 1931 2715 in
1951 2661 2101 2716 cmlis

520 2754 731 2808 stellam
773 2753 992 2807 rutilare
1046 2750 1202 2819 fecit;
1251 2751 1414 2808 habet
1451 2752 1613 2807 etiam
1667 2752 1938 2820 gentilitas
1983 2753 2098 2823 ipsa

520 2841 664 2908 quod
685 2841 911 2895 laetetur.
935 2840 1029 2894 llla
1052 2840 1194 2894 enim
1217 2840 1374 2895 stella
1395 2841 1661 2909 gentibus,
1684 2840 1815 2895 mihi
1835 2842 2100 2910 pnecipne

524 2931 649 2984 data
673 2931 898 2997 videtur,
930 2939 989 2985 ut
1015 2939 1204 2999 gentes
1242 2931 1405 2986 etiam
1451 2932 1863 3003 Redemptorem
1916 2940 2099 2989 natum

524 3034 643 3074 esse
673 3029 1022 3088 agnoscerent
1050 3021 1194 3075 illum
1224 3036 1383 3090 quem
1431 3021 1647 3076 Balaam
1693 3022 1784 3078 ille
1826 3025 2097 3092 quondam

2200 1852 2350 1907 lllam
2398 1852 2521 1906 novi
2571 1851 2713 1919 regis
2766 1849 3066 1919 signiﬁcare
3093 1857 3391 1919 agnoscunt
3415 1848 3772 1904 nativitatem.

2176 1941 2449 2019 'Ejusdem
2477 1943 2691 1998 ltuninis
2736 1940 2953 1996 ductum
2981 1948 3305 2009 sequuntur;
3331 1947 3620 2008 natumque
3646 1952 3776 1992 vere

2201 2035 2479 2090 inveniunt
2520 2048 2661 2098 eum,
2711 2033 2780 2088 ad
2806 2048 2967 2102 quem
2994 2047 3025 2087 a
3051 2039 3161 2086 tam
3190 2032 3478 2100 longinquo
3504 2043 3773 2085 veneran-

2198 2127 2325 2183 dum
2396 2126 2676 2182 accedunt.
2728 2124 2971 2180 Oderunt
3012 2125 3087 2179 illi
3132 2139 3229 2179 sua
3279 2137 3533 2190 munera;
3580 2138 3773 2178 aurum

2201 2232 2412 2286 nempe,
2437 2225 2498 2270 ut
2516 2217 2712 2271 lectum
2741 2223 2844 2281 est,
2869 2216 2991 2269 thus
3010 2222 3067 2269 et
3085 2215 3373 2287 myrrham.
3397 2213 3614 2268 Munera
3631 2222 3775 2282 equi-

2199 2308 2321 2363 dem
2366 2307 2619 2378 pretiosa,
2660 2307 2855 2376 quibus
2880 2315 2933 2360 et
2962 2306 3073 2359 nati
3100 2306 3240 2374 regis
3265 2304 3531 2367 divinitas,
3562 2303 3773 2358 eidem-

2199 2413 2305 2468 que
2349 2398 2651 2454 dcelaratur
2694 2398 2845 2452 unita
2889 2396 3207 2451 humanitas.
3259 2395 3460 2449 Deinde
3485 2409 3583 2464 per
3609 2393 3772 2447 aliam

2200 2490 2341 2545 viam
2365 2489 2566 2544 reversi
2608 2496 2733 2543 sunt
2753 2487 2807 2542 in
2835 2487 3108 2555 regionem
3136 2501 3306 2540 suam.
3336 2484 3576 2539 Gentiles
3602 2498 3773 2538 vene-

2199 2586 2327 2633 runt
2365 2578 2434 2633 ad
2475 2577 2836 2643 adorandum;
2864 2575 3148 2631 Christiani
3188 2576 3255 2631 ab
3282 2576 3374 2631 illo
3402 2583 3769 2640 recesserunt;

2199 2668 2507 2723 serviebant
2558 2674 2685 2721 ante
2729 2666 3100 2721 adorationem
3129 2665 3315 2732 idolis;
3344 2665 3460 2720 viso
3486 2664 3770 2719 Salvatore

2200 2758 2405 2825 mundi,
2436 2757 2575 2812 idola
2594 2764 2721 2812 sunt
2742 2755 3011 2811 detestati.
3031 2754 3249 2810 Reversi
3277 2762 3400 2810 sunt
3419 2755 3471 2809 in
3496 2754 3771 2822 regionem

2200 2850 2371 2903 ruam.
2400 2848 2677 2902 imitemur
2695 2860 2825 2915 ergo
2869 2854 2927 2901 et
2948 2862 3071 2913 nos,
3100 2845 3311 2908 fratres,
3343 2858 3545 2913 magos.
3583 2843 3772 2897 Vident

2201 2936 2276 2991 illi
2295 2950 2521 3005 puerum
2544 2935 2597 2989 in
2623 2934 2855 3003 stabulo,
2885 2942 3049 3004 atque
3069 2939 3128 2987 ut
3155 2933 3321 2987 Deum
3345 2932 3492 2986 illum
3516 2946 3774 2986 veneran-

2198 3033 2309 3081 tur.
2338 3025 2593 3081 Videmus
2618 3031 2677 3081 et
2702 3040 2801 3079 nos
2823 3020 2997 3094 ipsum
3019 3023 3140 3079 ﬁdei
3168 3024 3339 3079 oculis
3375 3030 3689 3091 regnantem
3719 3023 3773 3076 in

524 3109 799 3176 gentilium
829 3110 1079 3167 sacerdos
1125 3125 1191 3164 ex
1235 3112 1440 3166 semine
1475 3110 1642 3167 Jacob
1667 3114 2103 3185 .prOphetaverat
2129 3120 2174 3183 ο
2203 3119 2367 3185 coelo;
2390 3118 2539 3172 illum
2560 3129 2688 3186 ergo
2706 3115 3136 3185 veneremur,illi
3156 3128 3369 3184 semper
3387 3114 3772 3168 adharreamus.

523 3198 809 3265 aliquando
841 3199 893 3253 in
923 3198 1176 3253 mundum
1222 3214 1343 3254 esse
1365 3208 1668 3256 venturum.
1688 3200 1769 3277 .Et
1793 3217 1980 3258 revera
2000 3204 2097 3258 ha-

523 3289 724 3344 bebant
745 3290 847 3361 54
874 3290 1041 3345 Judmi
1071 3305 1167 3346 sua
1189 3306 1340 3347 sacra
1368 3293 1657 3361 volumina,
1686 3294 1740 3349 in
1767 3295 1960 3364 quibus
1986 3302 2098 3351 tum

524 3379 943 3449 patriarcharum
967 3378 1108 3437 illius
1134 3381 1310 3449 gentis
1336 3384 1623 3453 pncconia,
1663 3394 1773 3439 tum
1803 3387 2099 3457 propheta-

2203 3208 2336 3264 Nam
2356 3208 2514 3265 sicuti
2541 3215 2652 3263 tres
2678 3207 2799 3263 illos
2825 3206 2970 3261 viros
2993 3220 3025 3260 a
3052 3206 3291 3261 caecitate
3319 3202 3608 3270 idolorum,
3625 3202 3698 3255 ita
3719 3207 3775 3255 et

2199 3311 2300 3353 nos
2352 3297 2536 3363 etiam,
2581 3302 2743 3367 atque
2791 3295 2860 3351 ab
2907 3302 3108 3350 {eterna
3145 3300 3320 3349 morte
3360 3290 3629 3348 liberavit.
3659 3287 3774 3342 Ex-

2198 3390 2371 3461 plicit.

1868 3518 2211 3581 HOMlLlA
2255 3520 2400 3582 XX.

1759 3617 1836 3672 De
1854 3616 2154 3689 Epiphania
2182 3619 2390 3674 Domini
2420 3616 2451 3672 Ι
2461 3617 2521 3674 ν.

1939 3708 2332 3764 ADMONlTlO.

595 3795 824 3869 55_Est
848 3795 966 3869 hmo
990 3794 1211 3869 humilia
1238 3795 1290 3869 in
1317 3793 1502 3869 codice
1525 3794 1796 3869 descripta
1842 3796 2069 3869 abbatige
2097 3797 2366 3869 quondam
2397 3796 2455 3869 S.
2488 3795 2756 3869 Dalmatii,
2784 3808 2895 3869 quo
2932 3788 3198 3869 in_codice
3219 3788 3364 3869 hunc
3388 3787 3603 3869 titulum
3630 3809 3774 3869 pra;-

524 3860 693 3943 fert?
699 3866 833 3919 Item
855 3878 902 3917 e:
931 3864 993 3917 de
1013 3863 1308 3943 Epiphania
1328 3862 1559 3930 Domini,
1584 3874 1647 3943 ἐς
1667 3860 1731 3943 de
1755 3866 1942 3943 magis.
1994 3860 2539 3943 llau€l_secus__legitur
2557 3866 2618 3943 in.
2639 3860 2823 3920 codice
2853 3861 3186 3943 Taurinensi.
3217 3862 3418 3917 llorum
3448 3860 3699 3943 codicum
3724 3866 3774 3943 in

523 3936 809 4058 Rrimouest
854 3948 998 3986 num.
1030 3931 1084 3995 9,
1114 3931 1183 4012 in.
1198 3932 1370 4011 altero
1411 3946 1556 4012 num.
1582 3932 1669 3985 δυ.
1692 3931 1874 4000 ιΑιῳιὲ
1902 3948 1969 4015 ex
1993 3935 2095 4017 hoc
2122 3936 2293 3990 altero
2315 3931 2500 4004 liquet,
2530 3935 2766 4016 quinque
2788 3948 2951 4015 supra
2974 3934 3117 3987 hunc
3136 3947 3415 3987 numerum
3438 3948 3539 3987 nos
3559 3932 3776 4015 ψῃὴυὶ

563 4000 756 4057 onnlns
799 4015 1004 4056 carere.
1054 3999 1278 4053 Additur
1318 4016 1370 4053 in
1396 4001 1571 4058 titulo.
1615 4010 1664 4054 et
1684 4003 1749 4055 de
1775 4018 1943 4058 mauis
1959 4020 1978 4058 :
1999 4006 2219 4058 auta.de
2238 4004 2468 4058 adventu
2487 4016 2646 4058 trium
2667 4004 2878 4058 illorum
2905 4016 3139 4058 Virorum
3166 4002 3233 4057 ad
3256 4016 3420 4058 cunas
3437 4001 3652 4058 Domini
3677 4017 3776 4058 ne-

563 4000 756 4074 omiliis
799 4015 1004 4074 carere.
1054 3999 1278 4074 Additur
1304 4001 1370 4074 in
1396 4001 1571 4074 titulo,
1615 4010 1664 4054 et
1684 4003 1749 4074 de
1775 3999 1943 4074 magis
1958 4020 1978 4068 ;
1999 4005 2219 4072 quia.de
2238 3999 2468 4061 adventu
2487 3999 2646 4060 tri—um
2667 3999 2878 4059 illorum
2905 4004 3139 4058 virorum
3166 4002 3233 4057 ad
3256 4016 3420 4058 cunas
3437 4001 3652 4059 Domini
3677 4017 3777 4074 pe-

525 4073 710 4126 culiari
732 4070 965 4140 quodam
991 4069 1153 4124 modo
1176 4069 1276 4124 hac
1301 4070 1354 4123 in
1384 4070 1631 4125 oratione
1651 4072 1764 4139 agit
1785 4071 1842 4126 S.
1866 4069 2115 4129 antistes.

527 4184 1005 4241 AnoquNTUI.——
1023 4181 1266 4254 Christus
1279 4183 1335 4236 in
1359 4181 1547 4254 Indica
1575 4184 1659 4237 via:
1686 4191 1855 4254 natus,
1885 4201 1976 4254 per
2002 4202 2100 4240 an-

595 4254 948 4327 geloslndarls
975 4254 1028 4306 in
1053 4251 1340 4327 pastoriam
1383 4253 1782 4327 dignoseendus
1796 4251 2096 4327 exhibetur;

595 4321 866 4396 Quintilibus
887 4321 1062 4396 autean
1081 4322 1308 4396 in_ste_lla
1328 4321 1618 4396 revelatnr._
1632 4321 1745 4396 Nec
1764 4323 1862 4396 illi,
1878 4340 1990 4396 nec
2001 4326 2096 4396 isti

591 4390 1479 4466 opportunoluminedestituuntur.
1512 4390 1618 4466 sed
1635 4391 1805 4447 Iudici
1853 4392 2095 4466 divinitus

592 4461 845 4518 admoniti
883 4461 1136 4532 increduli
1173 4471 1400 4525 manent,
1428 4462 1648 4532 gentiles
1687 4479 1802 4517 vero
1830 4463 1899 4516 ad
1917 4472 2096 4516 natum

595 4534 871 4589 Dominum
897 4529 1221 4585 adorandum
1239 4546 1294 4584 se
1313 4529 1604 4601 conferunt.

592 4646 677 4702 Ad
704 4642 1028 4708 veneranda,
1052 4642 1263 4707 fratres,
1294 4640 1431 4696 festa
1469 4641 1755 4709 dominica,
1785 4649 1949 4713 atque
1975 4640 2098 4699 Sal-

520 4737 725 4792 vatoris
772 4732 938 4789 nostri
986 4731 1341 4787 sacratissima
1392 4731 1645 4802 mysteria
1699 4740 2098 4799 concurrentes,

520 4827 679 4882 sicuti
709 4826 775 4882 de
819 4824 986 4895 ipsius
1025 4822 1303 4877 nativitate
1322 4821 1486 4876 Iretati
1511 4836 1714 4888 sumus,
1741 4821 1815 4877 ita
1842 4823 2004 4878 etiam
2031 4822 2099 4879 de

597 4969 622 4995 ⁸
645 4957 828 5012 Codex
855 4957 1141 5012 Taurinen.
1164 4956 1294 5023 legit
1319 4972 1331 5007 :
1354 4956 1518 5025 Atque
1543 4953 1657 5008 ideo
1679 4951 1802 5025 dum
1828 4955 2020 5023 vagiret
2041 4956 2095 5008 in

523 5029 687 5087 cunis,
719 5028 839 5078 dum
888 5028 950 5079 ob
989 5027 1185 5096 angelis
1224 5024 1620 5096 collaudaretur,
1651 5024 1978 5096 eamdemque
1994 5041 2094 5096 pa-

524 5106 687 5152 stores
713 5096 1020 5162 invirserent;
1060 5092 1193 5148 nova
1234 5095 1383 5149 stella
1430 5095 1624 5162 cunctis
1675 5092 1819 5145 illum
1865 5094 2097 5162 gentibus

523 5161 889 5234 manifestabat
924 5163 1167 5234 in_crr.lo.
1218 5164 1367 5219 Unde
1407 5179 1519 5216 cum
1547 5160 1768 5228 Juda’is,
1796 5163 1849 5215 in
1867 5160 2094 5233 quorum

528 5230 753 5290 terra'ex
777 5247 957 5302 genere
985 5230 1148 5285 David
1179 5234 1455 5287 secundum
1492 5248 1698 5293 carnem
1726 5230 1898 5301 fuerat
1918 5243 2090 5302 natus,

525 5305 670 5358 illum
690 5304 740 5355 in
765 5300 872 5354 sua:
893 5302 1168 5371 natiuitatis
1198 5304 1407 5357 exordio
1428 5312 1595 5355 ortum
1617 5300 1773 5371 fuisse
1792 5300 2092 5355 ostendisset

2202 4188 2369 4258 ipsius
2417 4185 2850 4241 manifestatione
2894 4182 3126 4253 gaudere
3152 4174 3426 4239 debemus.
3458 4171 3777 4252 Unigeniius

2202 4278 2297 4333 Dei
2325 4278 2488 4332 Filius
2514 4275 2657 4330 Patri
2684 4276 2795 4329 Deo
2823 4283 3143 4341 coaeternus,
3169 4287 3292 4328 cum
3334 4287 3402 4327 ex
3452 4272 3774 4326 intemerata

2199 4370 2405 4440 virgine
2442 4377 2598 4424 natus
2643 4374 2785 4422 esset
2808 4366 2862 4420 in
2888 4373 3161 4435 tempore,
3189 4363 3448 4419 hodierna
3477 4362 3564 4418 die
3592 4370 3653 4417 ut
3675 4377 3774 4431 pa-

2202 4469 2352 4515 terna
2398 4474 2498 4515 nos
2522 4458 2683 4513 docet
2707 4456 2944 4522 traditio,
2995 4471 3053 4511 se
3075 4454 3244 4511 voluit
3271 4453 3517 4523 gentibus
3543 4452 3775 4508 manife-

2200 4560 2363 4607 stare.
2401 4561 2428 4589 ι
2454 4550 2695 4618 Dumque
2741 4548 2947 4615 vagiret
2973 4548 3086 4617 ipse
3114 4547 3169 4603 in
3197 4546 3368 4609 cunis,
3398 4545 3525 4600 dum
3554 4543 3624 4598 ab
3676 4559 3776 4598 an-

2202 4640 2334 4709 gelis
2353 4639 2763 4701 collaudaretur,
2813 4644 2976 4707 atque
3004 4636 3152 4690 illum
3174 4644 3418 4706 pastores
3447 4634 3774 4698 inviserent;

2200 4748 2338 4789 nova
2357 4733 2509 4789 stella
2529 4730 2734 4788 cunctis
2752 4728 2900 4783 illum
2915 4728 3160 4799 gentibus
3178 4726 3596 4781 manifestabate
3613 4726 3774 4782 eu'lo.

2203 4823 2415 4883 Etenim
2432 4824 2647 4892 Jttdzeis,
2676 4825 2731 4878 in
2750 4837 2978 4894 quorum
3007 4828 3169 4887 terra,
3200 4827 3362 4888 atque
3387 4816 3456 4873 de
3488 4816 3639 4884 regio
3668 4816 3773 4871 Da-

2202 4954 2464 5022 Gentibus,
2496 4956 2674 5026 quibus
2694 4972 2763 5026 ea:
2808 4956 3045 5026 Balaami
3088 4952 3358 5024 prophetia
3386 4950 3772 5026 Redemptoren

2198 5025 2373 5081 saeculi
2394 5042 2459 5080 ea:
2471 5023 2660 5081 semine
2676 5025 2709 5079 J
2716 5025 2841 5081 aeob
2856 5043 2945 5081 ven
2953 5023 3119 5079 turum
3138 5038 3247 5076 esse
3267 5023 3769 5092 promissumfueml,

2196 5111 2313 5149 cum
2332 5095 2422 5148 illa
2443 5112 2555 5167 qum
2578 5107 2696 5170 sunt
2716 5098 2771 5150 in
2791 5093 3235 5170 indma‘miranda
3254 5089 3771 5170 eveniebantnignorcf

2196 5172 2329 5226 rent,
2360 5159 2541 5233 novam
2563 5167 2705 5219 dedit
2730 5165 2932 5220 stellam
2969 5167 3024 5219 in
3062 5164 3296 5233 signum,
3311 5177 3412 5233 qua
3431 5159 3770 5233 intelligerent

2194 5234 2267 5297 id,
2298 5234 2434 5305 quod
2460 5232 2525 5287 ab
2560 5236 2727 5305 ariolo
2772 5235 2862 5288 illo
2907 5229 3165 5304 quondam
3193 5229 3528 5305 vaticinatum
3551 5230 3771 5305 “fuerat,

2196 5297 2320 5376 t_nnc'
2329 5304 2500 5376 fuisse
2525 5304 2874 5376 adimpletum,
2900 5297 3167 5376 ortumque
3187 5316 3298 5376 esse
3321 5299 3524 5376 stellam
3543 5298 3688 5350 illam
3709 5297 3772 5349 de

526 5374 796 5428 multisndo
823 5369 1035 5441 milesia
1064 5373 1311 5441 emere-itus
1350 5369 1669 5425 laudantium
1720 5369 1899 5433 Deum,
1939 5380 2091 5441 atque
2188 5369 2371 5437 Jacob',
2399 5382 2449 5425 et
2475 5369 2730 5428 hominem
2760 5374 2957 5427 venisse
2985 5373 3049 5427 de
3069 5369 3258 5437 Israel,
3281 5374 3391 5422 etc.

525 5443 837 5498 dicentium:
866 5438 1046 5494 Gloria
1089 5439 1142 5494 in
1171 5440 1440 5515 altissimis
1474 5441 1605 5506 Deo,
1654 5448 1709 5495 et
1735 5441 1786 5494 in
1820 5449 1958 5493 terra
1984 5438 2087 5509 pax

599 5579 849 5653 'lmpetit
896 5578 998 5636 hoc
1023 5579 1144 5636 loco
1176 5578 1434 5634 Maximus
1478 5581 1717 5637 lmresim
1766 5554 2218 5652 Eutychiancrum
2290 5582 2446 5652 eique
2493 5581 2717 5654 opponit
2771 5582 3143 5639 inconcussum
3192 5575 3443 5635 Ecclesia:
3487 5572 3767 5631 catholica:

525 5648 740 5721 cogam;
