4042 6192
215 349 305 403 265

1598 344 1875 400 HOMILIA
1916 345 2046 399 XXI.

3340 344 3451 397 ἓρίϐ

213 460 333 513 vidis
354 457 560 510 semine
582 455 873 510 secundum
902 470 1117 512 carnem
1147 464 1303 510 natus
1323 456 1513 520 fuerat,
1546 456 1692 510 illum
1715 457 1767 510 in
1797 463 1846 519 Α
1873 458 2156 512 Dominum
2203 460 2553 526 nasciturum,
2602 473 2830 527 eumque
2869 472 2936 511 eo
2970 464 3213 525 tempore
3263 454 3447 510 dicunt

213 564 309 603 sum
335 547 625 600 nativitatis
644 548 865 601 exordio
890 547 999 615 jam
1022 548 1151 601 satis
1172 546 1509 600 manifestum
1533 546 1769 601 fecerant

212 636 481 691 multitudo
518 635 608 688 illa
660 635 882 701 angelici
929 637 1196 690 exercitus
1225 635 1551 688 laudantium
1602 635 1768 689 Deum

213 734 357 793 atque
385 724 675 777 dicentium
707 741 719 774 :
746 723 923 776 Gloria
948 726 1003 777 in
1032 725 1300 777 altissimis
1333 724 1460 788 Deo,
1488 734 1537 776 et
1557 726 1611 776 in
1633 732 1771 777 terra

214 831 305 885 pax
326 812 477 882 (Luc.
516 814 575 882 ιι)
609 830 621 863 :
651 810 951 866 Gentilibus
992 821 1189 874 autem,
1217 812 1412 880 quibus
1440 828 1504 865 ex
1536 811 1770 865 Balaami

214 904 479 973 prophetia
510 902 922 970 Redemptorem
944 902 1121 956 saeculi
1152 902 1218 955 de
1246 902 1448 955 semine
1477 900 1642 955 Jacob
1670 901 1771 954 ali-

214 993 412 1061 quando
446 1000 725 1045 venturum
765 1006 884 1045 esse
912 992 1232 1060 promissum
1272 989 1464 1055 fuerat,
1510 1006 1630 1044 cum
1660 990 1772 1059 illa,

214 1100 319 1152 quae
346 1084 398 1136 in
430 1082 611 1136 Judara
640 1083 878 1136 miranda
910 1094 1036 1137 tunc
1063 1084 1398 1144 eveniebant,
1432 1083 1771 1149 ignorarent;

215 1189 391 1227 novam
419 1174 567 1226 dedit
595 1173 805 1226 stellam
833 1172 886 1225 in
926 1172 1136 1239 signum
1180 1188 1283 1241 qua
1323 1172 1683 1239 intelligerent
1723 1172 1776 1226 id

216 1266 340 1323 auod
366 1266 434 1318 ab
460 1265 630 1318 ariolo
676 1265 765 1317 illo
812 1264 1161 1318 vaticinatum
1201 1264 1376 1318 fuerat
1416 1263 1575 1318 fuisse
1603 1264 1774 1318 adim-

216 1354 417 1425 pletum,
448 1362 729 1422 ortamque
749 1368 868 1408 esse
896 1354 1039 1406 illam
1068 1353 1278 1407 stellam
1298 1353 1364 1407 de
1384 1352 1569 1421 Jacob,
1593 1362 1647 1406 et
1674 1354 1776 1408 ho-

216 1446 395 1498 minem
426 1444 639 1498 venisse
667 1444 733 1497 de
761 1443 945 1497 Israel.
979 1442 1045 1495 Et
1065 1458 1250 1497 revera
1277 1459 1398 1497 cum
1426 1443 1540 1512 ipse
1571 1460 1676 1498 non
1692 1444 1780 1498 Ju-

219 1534 373 1587 dzcum
402 1541 613 1587 tantum
658 1532 914 1601 populum
958 1531 1356 1600 redempturam
1396 1533 1703 1587 advenisset
1748 1548 1779 1588 e

218 1626 359 1690 caalo,
414 1623 510 1679 sed
564 1632 624 1677 ut
666 1631 889 1678 cunctas
934 1631 1142 1689 gentes,
1172 1638 1305 1691 quas
1328 1624 1395 1675 ab
1426 1623 1578 1677 initio
1599 1621 1779 1677 smculi

218 1729 309 1768 una
344 1730 466 1770 cum
517 1712 676 1766 Patre
706 1722 983 1767 creaverat
1010 1722 1065 1766 et
1092 1715 1198 1784 56
1224 1712 1425 1782 Spiritu
1456 1723 1670 1777 sancto,
1703 1714 1779 1767 si-

1864 545 1976 615 jam
2017 561 2136 600 esse
2191 555 2394 600 natum.
2442 546 2592 601 Tunc
2632 546 2944 616 prophetica
3003 544 3091 597 illa
3124 544 3337 613 impleta
3368 553 3449 595 est

1869 636 2137 689 sententia
2169 653 2180 686 :
2212 635 2403 698 Quibus
2430 653 2532 689 non
2554 648 2631 689 est
2651 636 3011 688 annuntiatum
3029 634 3090 687 de
3109 651 3167 688 eo
3189 632 3447 701 videbunt,

1872 734 1921 777 et
1947 727 2031 795 qui
2060 742 2161 779 non
2191 726 2467 779 audierunt
2502 728 2790 797 intelligent
2822 726 2979 796 (Isai.
3014 743 3103 789 ιιι,
3157 725 3249 789 IS;
3293 724 3443 779 Rom.

1872 803 1961 875 iv,
1984 813 2046 865 2i
2062 815 2097 880 ).
2122 812 2369 867 Chaldaro
2393 816 2522 869 nihil
2541 818 2911 870 annuntiatum
2934 815 3108 869 fuerat
3128 816 3192 869 de
3212 815 3446 879 Christo,

1874 904 2004 957 nihil
2025 905 2295 969 audierat;
2321 914 2375 960 et
2399 907 2607 960 stellam
2634 908 2837 972 videns,
2858 908 3043 963 adesse
3071 906 3339 960 Christum
3369 907 3448 959 in—

1872 992 2082 1045 tellexit
2128 993 2179 1047 in
2235 994 2404 1047 stella.
2434 994 2627 1048 Vident
2656 997 2794 1063 magi
2826 995 3233 1063 Redemptorcm
3264 994 3447 1047 mundi

1875 1082 1927 1135 in
1957 1081 2201 1147 stabulo;
2249 1082 2523 1136 intuentur
2549 1099 2774 1152 puerum
2818 1084 2868 1137 in
2916 1085 3100 1137 matris
3128 1084 3331 1151 gremio
3353 1100 3446 1137 su—

1875 1178 2087 1237 gentem
2118 1172 2304 1238 ubera,
2335 1172 2481 1225 illum
2506 1173 2733 1227 adorant
2767 1183 2927 1241 atque
2958 1174 3054 1242 ipsi
3083 1173 3313 1226 offerunt
3341 1189 3449 1225 mu~

1877 1277 2027 1315 nera.
2059 1260 2189 1315 Mira
2221 1263 2373 1327 lides,
2402 1279 2625 1332 puerum
2654 1264 2705 1317 in
2737 1264 2985 1317 laetantis
3020 1264 3206 1316 matris
3246 1263 3450 1330 gremio

1874 1350 2165 1420 iacentem,
2212 1352 2357 1405 nulla
2402 1353 2549 1420 regia
2591 1354 2872 1421 majestate
2893 1354 3168 1422 stipatum,
3201 1360 3257 1405 ut
3287 1352 3451 1405 Deum

1879 1441 2108 1495 adorare
2129 1443 2411 1509 eidemque
2436 1450 2496 1496 ut
2520 1443 2653 1511 regi,
2686 1452 2745 1496 ut
2774 1444 2883 1497 Deo
2912 1444 3168 1497 exhibere
3191 1457 3412 1495 munera
3436 1441 3449 1492 l

1880 1530 2101 1598 Deinde,
2157 1538 2214 1584 ut
2255 1531 2481 1585 decursa
2538 1533 2697 1585 lectio
2735 1539 2984 1599 testatur,
3008 1547 3104 1601 per
3126 1532 3283 1585 aliam
3313 1533 3452 1584 viam

1879 1622 2081 1675 reversi
2110 1630 2236 1675 sunt
2263 1622 2315 1675 iu
2341 1623 2613 1689 regionem
2642 1638 2821 1687 suam;
2858 1631 2883 1658 ἰ
2914 1630 2968 1676 et
3010 1623 3099 1691 qui
3129 1621 3369 1676 inﬁdeles
3388 1624 3454 1677 ad

1882 1710 2078 1765 Christi
2097 1713 2368 1767 adoranda
2396 1728 2592 1767 venere
2613 1714 2899 1781 cunabula,
2922 1716 3106 1768 mterni
3136 1715 3274 1768 illius
3294 1715 3456 1782 Solis,

220 1817 360 1872 gnum
388 1806 522 1858 dare
550 1804 719 1857 voluit
741 1804 791 1856 in
821 1804 1000 1870 stella,
1026 1803 1167 1872 quod
1190 1812 1245 1857 et
1266 1803 1445 1857 Judrea
1474 1805 1675 1867 videre,
1706 1813 1781 1858 at-
1810 1815 1855 1872 Β
1880 1816 2039 1869 quem
2060 1802 2161 1871 57
2186 1803 2563 1869 adoraverant,
2595 1801 2759 1857 radiis
2786 1802 3057 1870 illustrati,
3081 1804 3458 1873 Superstitionc

221 1910 310 1962 que
349 1895 631 1949 universus
670 1902 853 1963 posset
876 1894 1021 1948 orbis
1056 1908 1369 1961 agnoscere.
1395 1895 1538 1948 Vidit
1564 1896 1781 1963 quidem

224 1987 331 2039 illud
365 1985 600 2050 Judreus,
655 1986 749 2040 sed
791 2001 895 2039 non
944 1986 1221 2052 cognovit;
1277 1986 1455 2039 mirati
1504 1987 1631 2039 illud
1659 1994 1785 2040 sunt

224 2085 406 2144 gentes,
432 2076 531 2130 sed
562 2091 629 2129 cx
664 2075 925 2129 Chaldzcis
954 2083 1157 2128 tantum
1186 2084 1294 2129 tres
1318 2077 1419 2130 viri
1457 2076 1587 2146 quid
1628 2078 1789 2145 signi-

225 2165 386 2219 ﬁcaret
423 2166 826 2219 intellexerunt.
858 2165 953 2219 Illo
982 2165 1176 2219 visibili
1212 2166 1364 2233 signo
1385 2166 1453 2219 ad
1473 2182 1531 2221 se
1557 2168 1787 2221 vocabat

230 2263 446 2322 cunctos,
474 2255 724 2309 omnibus
749 2256 932 2323 gratia:
978 2271 1089 2309 sua:
1109 2256 1462 2325 pollicebatur
1485 2258 1645 2311 dona.
1678 2258 1785 2312 Ve-

226 2344 347 2398 nisse
368 2354 648 2399 auctorem
668 2347 867 2410 saeculi,
899 2347 988 2416 qui
1013 2346 1199 2415 jugum
1235 2348 1510 2403 servitutis
1554 2351 1786 2417 antiquae

226 2435 591 2502 confringeret,
635 2437 1014 2500 annuntiabat;
1054 2437 1220 2490 vitam
1267 2437 1482 2492 demum
1530 2448 1787 2494 :eternam

226 2526 560 2592 pollicebatur
584 2528 808 2583 cunctis.
833 2527 999 2583 Stella
1028 2536 1206 2584 tamen
1233 2530 1320 2584 illa
1358 2545 1634 2599 magorum
1666 2541 1786 2586 tan—

226 2623 319 2667 tum
345 2615 553 2670 refulsit
578 2616 747 2671 oculis
766 2658 781 2683 ,
831 2626 887 2671 et
912 2619 1003 2686 qui
1052 2619 1104 2673 in
1146 2622 1361 2690 propria
1393 2630 1575 2675 natum
1600 2622 1786 2677 Salva-

225 2712 373 2759 torem
408 2707 703 2773 habebant,
735 2708 885 2762 illum
933 2710 1183 2778 ignorare
1230 2712 1549 2779 voluerunt;
1583 2723 1636 2767 et
1659 2727 1792 2781 gen-

228 2798 369 2853 tilitas
395 2800 466 2853 ad
500 2801 646 2854 illum
672 2804 910 2857 cucurrit
956 2803 1340 2858 venerandum.
1387 2805 1622 2860 Veniunt
1660 2821 1790 2877 ergo

226 2887 281 2941 de
303 2888 543 2943 Chaldzea
574 2893 713 2959 magi
746 2910 757 2943 :
793 2893 1081 2962 prreeuntis
1108 2894 1276 2947 stella:
1304 2910 1516 2950 cursum
1558 2912 1792 2965 sequun-

228 2986 297 3031 tur
320 2997 329 3030 :
352 2981 555 3047 regiam
583 2980 927 3036 Ilebrzeorum
950 2984 1159 3052 urbem,
1180 2985 1267 3038 ubi
1298 2986 1512 3041 insanus
1532 2990 1793 3056 regnabat

229 3068 439 3126 llerodes
486 3071 900 3140 ingrediuntur:
936 3081 1119 3128 natum
1171 3076 1459 3144 exquirunt
1483 3076 1790 3134 Judzeorum

1884 1892 2146 1961 deposita,
2196 1908 2294 1961 per
2346 1893 2505 1946 aliam
2555 1892 2697 1946 viam
2745 1892 2812 1946 ad
2844 1894 3055 1962 propria
3086 1903 3211 1947 sunt
3238 1895 3459 1949 reversi.

1884 1982 2043 2050 Ergo,
2072 1982 2282 2049 fratres,
2308 1999 2426 2037 cum
2458 1990 2513 2037 et
2540 1999 2638 2037 nos
2659 1999 2727 2037 ex
2750 1984 2996 2049 gentibus
3018 1983 3084 2037 ad
3104 1984 3216 2037 veri
3248 1984 3460 2039 luminis

1884 2074 2187 2127 venerimus
2208 2075 2551 2141 agnitionem,
2578 2074 2846 2127 imitemur
2864 2089 3063 2141 magos.
3090 2073 3190 2139 Illi,
3215 2076 3328 2127 viso
3350 2074 3457 2126 Do-

1884 2164 2051 2226 mino,
2096 2164 2266 2233 ipsum
2304 2166 2543 2218 venerati
2578 2173 2701 2218 sunt
2730 2172 2787 2219 ut
2818 2166 3011 2230 Deum;
3046 2182 3141 2219 nos
3166 2181 3380 2234 quoque
3408 2167 3457 2221 id

1885 2265 2126 2319 agamus,
2148 2253 2466 2322 rejectisque
2488 2253 2632 2307 falsis
2661 2255 2899 2321 gentium
2941 2254 3113 2319 idolis,
3146 2256 3315 2324 ipsum
3340 2266 3458 2309 tan-

1886 2351 1996 2396 tum
2025 2358 2361 2407 veneremur,
2405 2344 2579 2397 eidem
2610 2344 2920 2399 serviamus.
2948 2345 3055 2398 Nos
3081 2346 3188 2413 jam
3211 2347 3364 2399 stella
3395 2346 3459 2399 ad

1886 2434 2028 2488 illius
2056 2434 2413 2503 cognitionem
2439 2451 2543 2488 non
2572 2435 2851 2503 perduxit,
2883 2436 2977 2489 sed
3006 2452 3145 2490 vene
3178 2437 3295 2491 lidei
3327 2455 3459 2506 pra:-

1886 2526 2104 2592 dicatio,
2130 2542 2245 2594 qua:
2275 2534 2331 2579 ut
2353 2527 2505 2579 stella
2537 2526 2587 2579 in
2618 2526 2867 2580 co:‘dibus
2890 2528 3086 2581 nostris
3115 2542 3211 2596 per
3238 2528 3328 2582 Dei
3352 2543 3461 2597 gra-

1890 2621 2016 2673 tiam
2044 2619 2235 2673 illuxit.
2268 2618 2558 2673 lIortcmur
2592 2619 2698 2689 58
2724 2632 2852 2685 ergo
2880 2618 3072 2673 fratres
3114 2628 3188 2684 ut,
3218 2620 3462 2689 deposito

1890 2714 1981 2767 illo
2021 2712 2284 2766 idolorum
2329 2712 2588 2779 sacrilego
2612 2712 2781 2778 cultu,
2809 2711 2873 2764 ad
2906 2726 3098 2765 novum
3123 2710 3241 2765 lidei
3280 2713 3461 2766 lumen

1889 2802 2033 2871 quod
2058 2802 2185 2870 ipsis
2205 2801 2364 2855 etiam
2395 2800 2582 2865 eluxit,
2611 2800 2883 2854 accedant.
2919 2799 3053 2867 Magi
3078 2809 3203 2854 nato
3234 2801 3460 2856 Domino

1890 2907 1985 2948 sua
2008 2894 2315 2947 obtulerunt
2336 2908 2555 2946 munera
2576 2908 2590 2957 ;
2614 2891 2687 2945 illi
2716 2907 2815 2946 nos
2861 2892 3022 2945 etiam
3052 2893 3339 2948 offeramus
3359 2909 3461 2947 no-

1891 2994 2021 3039 stra.
2080 2984 2366 3039 Pascamus
2414 2984 2620 3051 viduas,
2669 2984 2982 3053 peregrinos
3003 2984 3225 3050 alamus,
3258 2987 3461 3041 cunctis

1891 3075 2311 3129 miscricordiam
2342 3073 2708 3140 exbibeamus,
2738 3081 2797 3126 ut
2819 3072 2885 3127 ab
2907 3076 3151 3143 puesenti
3182 3074 3463 3129 adventan-

228 3173 401 3226 regem.
448 3162 659 3216 Tremit
686 3163 948 3230 Herodes,
977 3172 1034 3217 et
1084 3166 1206 3219 novi
1234 3168 1375 3235 regis
1397 3175 1559 3236 pavet
1588 3169 1786 3224 adven—
1812 3166 1857 3225 C
1891 3167 2018 3219 tium
2042 3165 2428 3234 allophylorum
2443 3164 2683 3231 angustia
2706 3164 2819 3232 ipse
2842 3164 3108 3232 piissimus
3130 3165 3463 3221 nosliberare

230 3260 339 3307 tum.
368 3254 479 3309 Cur
509 3256 673 3325 impie
700 3265 754 3310 et
783 3256 961 3311 infelix
996 3256 1189 3311 times?
1209 3258 1325 3312 Non
1356 3260 1500 3314 enim
1522 3270 1611 3315 tua
1633 3262 1783 3316 venit

229 3354 391 3409 rapere
434 3347 534 3416 qui
583 3346 805 3400 daturus
850 3355 931 3401 est
962 3347 1201 3401 cmlestia
1255 3364 1439 3418 regna.
1471 3350 1787 3407 Scrutantur

230 3429 507 3503 Bcripturas
554 3436 785 3503 Hebraai,
829 3444 885 3493 et
927 3448 1057 3494 tunc
1102 3450 1368 3497 noverunt
1392 3444 1444 3497 in
1469 3444 1783 3499 Bcthlcbem

1888 3257 2153 3324 dignetur.
2189 3253 2384 3307 Potens
2409 3254 2549 3307 enim
2581 3261 2662 3307 est
2690 3252 2867 3308 facere
2897 3254 3025 3309 illud
3052 3274 3065 3307 :
3099 3264 3155 3309 ut
3181 3257 3334 3311 nobis
3370 3274 3463 3313 sua

1885 3346 2249 3403 misericordia
2272 3353 2528 3414 prmstare
2552 3345 2799 3413 dignetur
2826 3361 2948 3401 eum
2979 3357 3094 3403 toto
3132 3351 3293 3405 corde
3330 3368 3454 3406 exo-

1886 3456 2087 3497 remus.
2112 3437 2361 3507 Explicit.

1542 3556 1883 3618 HOMILIA
1926 3554 2105 3615 XXI.

1504 3657 1582 3711 De
1609 3656 1903 3727 Epiphania
1928 3654 2138 3708 Domini
2167 3651 2233 3705 V.

1651 3746 2039 3801 ADIIONITIO.

288 3842 337 3897 In
366 3844 563 3900 celebri
595 3843 785 3899 codice
822 3842 1155 3911 Sangallensi
1183 3841 1387 3911 sepulta
1414 3838 1726 3912 jacuithaec
1758 3835 2247 3912 Magimihomilia,
2294 3832 2467 3912 donec
2494 3847 2611 3886 eam
2642 3831 2823 3912 eduxit
2849 3828 3004 3912 Joan.
3026 3827 3385 3912 Mabillonius,
3406 3838 3462 3912 et

235 3912 279 3966 in
306 3898 501 3969 sities
520 3898 723 3967 Italico
745 3930 863 3967 cum
893 3898 1008 3967 aliis
1037 3898 1494 3967 noviter'inven'tis
1518 3907 2077 3979 publicavit._Titulus,
2102 3898 2259 3979 quem
2291 3904 2468 3979 editor
2496 3903 2778 3979 exscripsit
2799 3920 2871 3979 ex_
2889 3900 3072 3979 codice
3107 3908 3191 3979 est
3209 3918 3240 3979 ’ξ
3272 3898 3461 3979 Incipit

240 3967 561 4054 dictumwpost
593 3984 821 4036 natalem
850 3982 1079 4054 Domini,
1114 3982 1463 4054 gumdemque
1493 3967 1615 4054 clum
1645 3979 1862 4054 bomilja
1892 3992 2043 4031 suam
2067 3967 2132 4054 in
2146 3974 2525 4054 collectionem
2567 3967 2801 4054 traduxit
2839 3972 3085 4054 .{tiu‘lrreas
3126 3967 3459 4054 Callaiiditls.

238 4036 401 4106 Alium
421 4036 641 4123 pruefert
662 4054 871 4107 titulum
902 4036 1079 4107 codex.
1117 4036 1477 4123 Taurinen'sis,
1510 4051 1613 4103 hoc
1640 4057 1760 4102 est:
1796 4047 1929 4123 Item
1970 4046 2109 4123 etde
2137 4045 2431 4123 Epiphania
2453 4043 2671 4123 “Domini
2711 4042 2885 4123 homil.
2919 4036 3348 4123 X.I‘Ilujusmodi
3381 4040 3464 4123 ip.-

240 4108 436 4193 scriptio
449 4124 864 4178 convenientior
887 4122 1165 4193 superiore
1188 4121 1415 4187 videtur,
1436 4108 1557 4173 cum
1586 4135 1727 4193 mox:
1740 4126 1861 4193 post
1891 4117 2137 4193 homilias
2159 4108 2419 4193 d'e'natali
2446 4112 2659 4193 Domini
2688 4120 2943 4193 seruntur
2971 4110 3137 4189 altera
3160 4110 3223 4193 die
3239 4108 3465 4193 calentlis

238 4177 472 4261 Januarii,
498 4177 566 4247 et
596 4194 711 4247 hzec
736 4177 967 4246 numero.
988 4194 1047 4244 10
1089 4193 1159 4245 sit
1192 4205 1375 4261 earum
1402 4177 1536 4261 'Aquze
1575 4187 1643 4261 de
1687 4177 1987 4261 Epiphania
2016 4186 2410 4240 exscribuntur.
2446 4182 2526 4235 Ex
2552 4181 2741 4234 eodem
2771 4179 3081 4233 Taurineusi
3105 4178 3288 4231 codice
3308 4177 3466 4245 plane

238 4271 425 4316 constat
449 4258 701 4318 homilias
724 4262 776 4328 7,
799 4261 831 4313 8
863 4271 917 4316 et
946 4260 979 4313 9
999 4262 1201 4331 pariter
1229 4260 1295 4313 de
1324 4258 1622 4328 Epiphania
1646 4258 1890 4327 periisse.

240 4368 604 4429 Anccnenrvn.
630 4405 700 4416 —
724 4374 909 4427 Divina
934 4390 1146 4427 munera
1179 4388 1293 4442 qua:
1321 4387 1384 4442 ea:
1406 4372 1571 4424 natali
1600 4370 1791 4424 Christi

294 4442 340 4492 in
368 4444 596 4497 homines
640 4454 1011 4514 promanarunt
1051 4460 1142 4495 nos
1174 4441 1481 4514 Compellunt
1512 4451 1572 4514 ut
1594 4456 1793 4493 morum

295 4514 529 4583 candore,
565 4510 682 4567 vita:
710 4513 1245 4583 integritate,pietatis
1274 4510 1443 4563 studio
1465 4510 1665 4579 majora
1685 4526 1794 4583 nia:

296 4582 364 4648 gis
396 4592 444 4635 et
471 4578 839 4652 praestantiora
854 4581 999 4635 nobis
1020 4578 1263 4650 beneﬁcia
1280 4578 1678 4651 promereamur.
1708 4578 1796 4631 Illi

300 4661 365 4736 ςξε
390 4669 511 4736 vera
538 4654 758 4736 .laztitia,
804 4669 947 4724 quem
969 4653 1173 4723 justitia
1209 4661 1410 4721 gratum
1450 4660 1497 4703 et
1537 4659 1797 4718 acceptum
1829 4675 1873 4736 υ

302 4716 401 4774 Deo
421 4723 613 4776 reddit.

304 4912 497 4971 latitia
528 4918 722 4972 natalis
760 4916 1031 4983 dominici,
1059 4914 1273 4981 fratres,
1304 4914 1477 4968 adhuc
1498 4911 1658 4968 corda
1696 4926 1790 4965 no-

1891 4375 1999 4422 stra
2021 4366 2337 4437 persultant,
2371 4370 2426 4416 et
2454 4359 2798 4415 festivitatem
2824 4356 3093 4411 etelestem
3128 4355 3316 4421 gaudia
3344 4366 3467 4406 con-

1897 4460 2099 4512 tinuata
2121 4458 2410 4526 suspirant.
2436 4451 2688 4517 Quamvis
2711 4449 2852 4502 enim
2875 4456 3121 4501 votorum
3144 4446 3258 4498 dies
3288 4453 3405 4496 trau
3422 4460 3465 4493 ς-

1898 4550 2040 4615 ierit,
2066 4563 2230 4617 penes
2252 4564 2351 4602 nos
2386 4556 2563 4601 tamen
2588 4554 2833 4599 votorum
2862 4540 3214 4598 sanetilicatio
3238 4552 3469 4592 commo-

1898 4647 2049 4692 ratur
2079 4658 2090 4691 :
2121 4648 2177 4693 ct
2204 4638 2341 4693 sicut
2369 4638 2421 4691 in
2451 4636 2565 4691 dics
2594 4635 2829 4701 singulos
2855 4633 2922 4687 ab
2948 4640 3069 4686 ortu
3098 4646 3195 4684 suo
3222 4627 3469 4681 Salvato-

1901 4731 1975 4785 ris
2000 4730 2247 4784 nativitas
2269 4730 2483 4794 crescit,
2514 4729 2585 4781 ita
2615 4736 2671 4782 et
2690 4726 2843 4779 nobis
2870 4722 3063 4778 crescit
3104 4720 3222 4773 ﬁdei
3248 4716 3362 4786 ejus
3388 4715 3469 4769 af-

1901 4820 2089 4885 fectus,
2122 4827 2282 4887 atque
2322 4826 2691 4886 argumentum
2727 4813 2853 4871 facit
2877 4812 3048 4867 {etatis
3073 4809 3273 4881 pariter
3300 4814 3356 4860 et
3382 4820 3470 4860 sa-

1903 4910 2047 4963 lutis.
2084 4910 2096 4940 ¹
2126 4908 2237 4964 S.bi
2264 4910 2405 4963 enim
2435 4909 2691 4964 Dominus
2710 4906 2901 4962 crescit
2922 4911 3099 4965 :etate,
3132 4901 3286 4955 nobis
3308 4898 3471 4969 proli-

309 5050 331 5078 ³
359 5042 487 5098 Cod.
512 5043 823 5106 Taurinen.,
856 5058 975 5095 nam
994 5043 1079 5112 qui
1106 5042 1341 5111 inﬁdeles
1366 5042 1433 5094 ad
1456 5039 1644 5094 Christi
1668 5039 1938 5093 adoranda
1967 5058 2143 5096 venere
2162 5040 2438 5109 cunabula,
2461 5056 2521 5094 ac
2541 5040 2717 5095 wterni
2739 5036 2877 5091 illius
2905 5033 3065 5099 Solis,
3087 5049 3234 5105 quem
3254 5030 3474 5085 venerati

246 5119 363 5177 sunt,
384 5114 543 5166 radiis
567 5114 829 5177 illustrati,
858 5113 1239 5181 superstitione,
1263 5121 1367 5166 etc.

303 5227 317 5256 ¹
355 5226 461 5281 Sibi
502 5229 641 5298 enim
686 5227 937 5283 Dominus
966 5229 1355 5298 crescit_a.'tate,
1399 5228 1543 5281 nobis
1591 5230 1799 5298 pro/icit

243 5297 511 5369 sanctitate.
545 5296 667 5351 Non
716 5316 813 5369 quo
859 5300 1096 5369 proﬁciat
1140 5296 1331 5369 Christi
1374 5296 1642 5363 sanctitas,
1686 5296 1797 5369 quin

243 5368 533 5439 sempiterna
546 5377 629 5439 est
644 5367 792 5437 atque
807 5367 1064 5439 perfecta;
1084 5367 1175 5421 sed
1189 5369 1436 5439 proﬁcere
1456 5368 1662 5439 dicitur,
1682 5367 1796 5421 cum

244 5432 286 5483 in
298 5432 435 5507 nobis
447 5438 576 5505 facit
589 5432 909 5491 credulitatis
919 5432 1261 5507 augmentum.
1280 5432 1419 5490 Nam
1441 5437 1667 5490 Christus
1684 5448 1798 5507 post

245 5506 562 5577 nativitatem,
588 5509 680 5577 etsi
696 5509 933 5577 parvulus
960 5506 1035 5577 est
1054 5524 1281 5576 corpore,
1308 5518 1475 5560 tamen
1494 5507 1630 5559 Deus
1653 5518 1728 5560 est
1743 5509 1794 5560 in

244 5573 510 5641 majestate.
527 5573 916 5646 —_—lta'quidem
934 5573 1210 5631 Maximus.
1234 5577 1365 5630 Dum
1384 5592 1510 5630 vero
1527 5577 1572 5632 is
1598 5577 1795 5646 (locum

246 5652 275 5718 εξ
292 5646 457 5718 capite
476 5660 512 5698 ιι
544 5643 811 5718 Evangelii
827 5645 1434 5718 Lucaaillustraturusde
1456 5643 1658 5699 Christo
1681 5663 1798 5715 pro-

246 5706 427 5775 ﬁciente
444 5706 719 5783 sapientia",
741 5728 789 5769 et
807 5726 973 5780 (etate,
989 5728 1035 5769 et
1050 5719 1217 5788 gratia
1232 5717 1370 5787 apud
1386 5716 1551 5771 Deum
1571 5727 1618 5771 et
1638 5706 1797 5770 homi-

510 5810 780 5871 Ρλτιωι..
825 5812 1015 5872 LVII.

1906 5227 2017 5296 nes)
2042 5222 2486 5292 Christicjusdem
2499 5216 3216 5296 sempiternamsanctitatem,
3240 5208 3474 5296 quiDetts

1907 5308 1983 5351 est
1999 5287 2059 5350 'in
2081 5287 2349 5365 majestate
2370 5287 2626 5365 nominet,
2646 5302 2754 5365 non
2779 5302 2843 5340 eo
2867 5287 3007 5338 illam
3031 5298 3193 5365 unam
3204 5287 3475 5365 nominat,

1910 5368 2061 5435 quasi
2088 5367 2141 5419 in
2161 5353 2383 5435 'Christo
2413 5364 2550 5431 ipso,
2582 5358 2873 5435 quahomo
2898 5365 2998 5435 est,
3027 5353 3477 5435 sanctitatemsa-

1928 5418 2269 5503 iientiamque
2286 5418 2457 5485 inesse
2473 5418 2577 5484 non
2597 5418 2904 5503 arbitretur.
2924 5418 3193 5503 Nonenim
3208 5426 3299 5473 aut
3307 5418 3477 5503 _Apol-

1928 5453 2269 5503 itenttamque
2286 5453 2457 5485 messe
2474 5453 2577 5484 ιιυιι
2597 5453 2904 5481 al'Ultl'Ctur.
2924 5453 3037 5479 tum
3051 5453 3193 5477 CIIII“
3208 5453 3476 5499 allii-flvun-

1907 5453 2182 5560 [inarianis
2206 5518 2454 5556 assensus
2475 5509 2574 5564 est,
2601 5507 2659 5552 ut
2676 5498 2867 5552 anima:
2887 5496 3147 5564 mentisve
3163 5493 3282 5564 loco
3306 5504 3359 5543 ιιι
3376 5492 3476 5541 bu-

1908 5591 2062 5628 mana
2093 5574 2288 5628 Christi
2317 5570 2557 5628 ejusdem
2594 5578 2783 5623 natura
2814 5567 3048 5620 Verbum
3089 5563 3333 5616 Divinum
3360 5570 3476 5610 esse

1908 5646 2130 5714 putarit,
2159 5657 2277 5697 cum
2312 5635 2379 5694 ab
2421 5640 2746 5709 Apollinaris
2770 5637 2934 5714 impio
2952 5635 3211 5714 dogmate
3238 5640 3474 5714 summo:

1906 5696 2399 5785 pereabhorrerct;
2425 5696 2517 5765 aut
2539 5726 2604 5767 eo
2626 5724 2745 5766 sesc
2770 5696 2929 5763 homo
2950 5696 3276 5785 Nestorianm
3287 5696 3472 5747 bwrcsi

3016 5783 3055 5845 9
