4042 6192
272 268 370 341 269

1680 280 1958 337 HOMILIA
1996 281 2153 338 XXII.

3435 280 3539 334 270

268 397 423 451 tiuut.
472 394 806 450 Concutiunt
850 397 1012 462 enim,
1046 396 1174 450 dum
1202 411 1300 465 pro
1351 396 1462 464 ipsa
1509 394 1693 448 laetitia
1721 408 1849 462 pro—
1876 396 1922 453 Α
1954 393 2258 460 gnandum,
2329 392 2451 446 thus
2499 393 2652 461 quasi
2703 391 2770 447 ad
2809 391 3224 461 propitiandum,
3270 396 3539 465 myrrham

266 501 514 556 rumpere
532 486 824 542 hortantur
847 487 902 541 in
919 501 1125 549 vocem,
1145 495 1202 541 ut
1227 494 1282 540 et
1309 502 1408 541 nos
1428 487 1689 553 dicamus,
1707 484 1851 553 quod

264 584 315 631 et
340 575 523 644 angeli
566 575 822 632 dixerunt
866 577 922 630 in
968 577 1250 632 nativitate
1295 575 1494 631 Christi
1529 594 1540 629 :
1576 575 1755 630 Gloria
1795 577 1851 629 in

264 668 483 721 excelsis
512 665 648 733 Deo,
677 676 729 721 et
753 670 806 722 in
837 677 971 722 terra
1012 686 1117 739 pan:
1143 666 1430 723 hominibus
1461 667 1609 722 bona:
1635 668 1744 739 60
1763 683 1851 722 vo-

264 746 478 814 luntatis
510 758 662 831 (Luc.
692 761 774 832 ιι).
817 761 1007 828 Angeli
1032 760 1214 816 videte
1259 760 1389 830 quid
1435 761 1686 815 dixerint.
1730 759 1850 814 Non

266 852 408 905 enim
432 850 706 915 dixerunt,
732 866 834 920 pax
860 851 1185 917 hominibus,
1209 858 1302 905 aut
1323 851 1731 920 quibuscunque
1759 850 1854 905 ho-

264 941 515 1010 minibus,
549 942 644 996 sed
678 942 985 998 hominibus
1012 943 1168 997 bonae
1196 942 1511 1008 voluntatis;
1544 949 1605 996 ut
1647 941 1849 996 intelli-

265 1045 514 1101 geremus
536 1047 728 1102 pacem
753 1031 952 1087 Christi
977 1048 1087 1087 non
1128 1033 1409 1088 hominum
1434 1047 1572 1095 esse,
1609 1031 1705 1087 sed
1731 1047 1851 1087 mo-

265 1136 401 1175 rum.
429 1120 550 1176 Non
569 1122 713 1176 enim
739 1136 858 1176 eam
882 1130 1122 1177 meretur
1139 1123 1435 1190 generatio,
1454 1120 1548 1177 sed
1567 1121 1846 1190 voluntas;

267 1224 368 1264 non
398 1210 505 1280 ει
527 1210 763 1264 humana
785 1210 1128 1280 improbitas,
1157 1211 1251 1266 sed
1288 1211 1502 1267 bonitas
1521 1211 1844 1268 Christiana.

265 1298 397 1354 Nam
424 1315 533 1355 non
563 1300 802 1356 defertur
829 1302 1054 1379 cunctis,
1078 1301 1173 1357 sed
1194 1301 1418 1357 offertur
1437 1304 1708 1373 probatis;
1738 1320 1848 1360 non

266 1392 422 1447 datur
447 1392 790 1460 divulganda,
822 1394 917 1449 sed
945 1395 1268 1465 proponitur
1301 1396 1566 1464 eligenda.
1610 1395 1723 1452 Pax
1751 1398 1851 1467 igi-

267 1488 349 1536 tur
375 1479 577 1538 Christi
607 1483 683 1537 illi
710 1491 795 1539 est
837 1485 929 1553 qui
958 1484 1131 1540 credit
1157 1483 1429 1541 Christum
1469 1487 1617 1557 pacis
1657 1498 1850 1543 aucto-

265 1588 409 1640 rem;
442 1590 549 1643 pax
576 1573 776 1630 Christi
804 1576 882 1630 illi
910 1584 994 1631 est
1026 1577 1117 1645 qui
1144 1590 1376 1646 pugnam
1407 1594 1515 1633 non
1539 1579 1703 1633 habet
1734 1595 1854 1651 pec-

267 1671 539 1730 eatorum;
578 1680 687 1735 pax
711 1664 908 1721 Christi
940 1667 1043 1722 illis
1069 1674 1154 1723 est
1196 1682 1423 1737 quorum
1452 1684 1561 1724 non
1596 1670 1853 1740 polluitur

1955 483 2109 551 quasi
2149 483 2217 536 ad
2263 484 2666 551 resurgendum.
2740 484 2887 539 Auro
2933 487 3173 554 potentia
3220 488 3540 557 ostenditur,

1954 573 2170 643 myrrha
2199 572 2509 641 designatur
2534 574 3034 644 incorruptibilitas,
3064 575 3397 646 pontificium
3428 579 3541 633 thu—

1953 678 2013 718 re
2058 672 2407 719 monstratur.
2462 666 2580 720 Non
2625 666 2769 722 enim
2819 668 2992 723 otiose
3021 668 3218 724 factum
3248 679 3358 737 est,
3390 673 3537 740 quod

1953 755 2094 823 magi
2117 754 2185 808 ad
2211 757 2320 827 62
2347 756 2629 812 Dominum
2673 773 2796 813 cum
2825 757 2852 796 δ
2882 759 2993 814 suis
3031 761 3340 816 muneribus
3379 762 3540 818 adve-

1955 851 2169 898 nerunt.
2208 844 2547 901 lnvenientes
2591 848 2735 901 enim
2782 850 3094 906 curiositate
3135 853 3535 921 superstitionis

1952 948 2062 989 sua:
2105 931 2376 990 Christum
2421 937 2668 993 omnibus
2707 947 3085 1010 regnaturum,
3132 942 3441 997 detulerunt
3467 943 3537 997 ad

1953 1041 2076 1083 eum
2106 1035 2421 1083 cunctorum
2467 1029 2856 1085 elementorum
2896 1031 3160 1100 insignia:
3194 1048 3404 1099 aurum,
3427 1050 3536 1103 quo

1955 1125 2171 1173 terrena
2191 1119 2509 1174 vincuntur:
2539 1119 2690 1186 thus,
2722 1136 2830 1189 quo
2858 1121 3057 1190 placari
3089 1132 3341 1191 putantur
3367 1125 3535 1181 coale-

1955 1209 2057 1264 stia
2088 1227 2104 1263 :
2133 1211 2437 1282 myrrham,
2469 1226 2575 1280 qua
2616 1212 2940 1267 condiuntur
2969 1212 3196 1268 inferna.
3236 1212 3535 1272 Ostenden-

1955 1309 2038 1357 tes
2066 1302 2250 1372 utique
2278 1316 2308 1355 a
2331 1302 2610 1358 nativitate
2638 1300 2838 1358 Christi
2856 1304 3048 1359 horum
3072 1306 3205 1360 nihil
3234 1322 3369 1376 opus
3398 1322 3533 1374 esse,

1955 1391 2211 1461 quoniam
2237 1406 2333 1461 per
2358 1390 2628 1447 Christum
2657 1402 2933 1450 constaret
2959 1436 2977 1464 ,
3005 1401 3062 1451 et
3088 1396 3315 1452 victoria
3346 1397 3397 1451 in
3434 1406 3535 1453 tera

1954 1483 2028 1537 ris
2056 1525 2072 1550 ,
2119 1490 2175 1537 et
2215 1482 2527 1553 propitiatio
2569 1484 2622 1537 in
2661 1484 2846 1553 ctelis,
2894 1494 2949 1540 et
2969 1488 3184 1555 requies
3212 1488 3266 1542 in
3296 1487 3537 1545 infernis.

1954 1572 2093 1641 Magi
2141 1586 2271 1641 ergo
2311 1572 2624 1628 curiositate
2677 1589 2773 1628 sua
2814 1584 3133 1643 repererunt
3180 1592 3211 1630 a
3258 1579 3540 1633 nativitatc

1955 1661 2155 1718 Christi
2197 1664 2441 1719 curiosos
2487 1678 2607 1719 esse
2654 1665 2878 1719 ulterius
2924 1681 3031 1721 non
3060 1665 3292 1733 debere;
3342 1676 3398 1722 et
3436 1668 3544 1723 hoc

266 1754 514 1810 voluntas
554 1756 835 1813 cruoribus
882 1756 1170 1813 idolorum.
1219 1758 1446 1828 Dignum
1488 1768 1572 1815 es:
1607 1762 1750 1815 enim
1797 1771 1856 1815 ur
1890 1758 1931 1822 Β
1962 1754 2066 1809 illis
2104 1756 2309 1823 magica
2338 1768 2425 1808 ars
2453 1753 2681 1824 profuit,
2725 1762 2783 1810 ut
2810 1756 3009 1811 scirent
3037 1771 3158 1811 eam
3187 1757 3286 1811 sibi
3319 1758 3542 1813 ulterius

268 1841 622 1910 Salvatorem,
646 1863 808 1917 quem
837 1848 1115 1918 virginitas
1143 1850 1486 1905 immaculata
1513 1852 1728 1920 genuit,
1755 1866 1853 1906 vo—

266 1934 441 1993 luntas
467 1936 782 2008 incorrupta
813 1938 1087 2008 possideat
1113 1957 1127 1993 :
1157 1947 1210 1994 et
1231 1941 1369 1996 sicut
1397 1940 1563 1995 Maria
1593 1957 1716 1996 eum
1747 1942 1852 1996 illi-

267 2026 384 2081 bata
432 2028 698 2096 gestavit,
748 2029 821 2082 ita
868 2037 924 2083 et
964 2029 1142 2084 anima
1185 2038 1369 2085 nostra
1398 2031 1545 2085 illum
1574 2032 1852 2101 impolluta

267 2118 549 2173 custodiat.
601 2117 766 2172 Maria
806 2119 949 2175 enim
992 2127 1177 2192 typum
1221 2121 1505 2189 quemdam
1553 2123 1853 2177 animarum

267 2215 570 2262 nostrarum
613 2209 801 2277 gessit.
842 2208 974 2264 Nam
1027 2210 1292 2274 Christus,
1324 2211 1466 2267 sicut
1491 2213 1852 2279 virginitatem

268 2299 317 2353 in
342 2308 518 2354 matre
546 2301 824 2369 quazsivit,
856 2300 929 2355 ita
957 2310 1011 2356 et
1039 2301 1402 2370 integritatem
1429 2304 1483 2358 in
1512 2313 1699 2360 nostro
1724 2315 1749 2341 ιι
1775 2320 1857 2360 re-

267 2390 480 2459 quisivit
504 2390 720 2446 affectu.
764 2391 927 2460 Virgo
953 2392 1093 2447 enim
1132 2408 1163 2447 a
1193 2394 1430 2463 peccatis
1457 2395 1634 2449 anima
1664 2395 1849 2450 Salva-

268 2489 432 2537 torem
460 2492 519 2537 et
550 2484 805 2553 concipit,
831 2492 885 2539 et
912 2486 1173 2554 parturit,
1206 2485 1333 2540 dum
1359 2486 1637 2556 prmdicat;
1670 2495 1854 2543 custo-

267 2571 355 2640 dit,
375 2573 507 2627 dum
529 2574 784 2629 mandata
808 2575 1169 2644 prosequitur.
1199 2574 1529 2646 Conceptum
1558 2577 1700 2632 enim
1726 2576 1856 2635 fides

266 2662 492 2725 retinet,
523 2672 739 2732 partum
767 2665 1037 2720 confessio
1066 2666 1293 2732 emittit,
1343 2675 1523 2721 ortum
1549 2667 1855 2723 sollicitudo

266 2753 514 2807 custodit.
557 2752 825 2809 laetemur
868 2770 998 2824 ergo
1038 2756 1108 2811 ad
1155 2757 1294 2812 hanc
1334 2756 1451 2826 ejus
1485 2757 1852 2825 festivitatem,

266 2842 410 2911 cujus
440 2844 782 2900 nativitatem
827 2847 1141 2914 angelorum
1182 2850 1464 2903 annuntiat
1491 2850 1725 2917 claritas,
1755 2867 1855 2921 pa-

266 2942 465 2989 storum
497 2938 726 3005 requirit
753 2938 1067 3008 simplicitas
1090 2980 1107 3008 ,
1155 2954 1432 3009 magorum
1458 2950 1748 2997 veneratur
1770 2958 1857 2998 re-

267 3023 539 3094 Iigiositas.
592 3027 837 3084 Honorat
880 3032 1024 3085 enim
1071 3032 1127 3085 in
1167 3031 1384 3089 Christo
1414 3036 1652 3103 angelica
1681 3038 1853 3105 gratia

267 3116 450 3184 Deum,
480 3120 769 3188 pastoralis
794 3134 990 3188 agnum
1015 3121 1353 3192 innocentia,
1390 3127 1600 3194 magica
1616 3143 1855 3197 venera-

270 3208 342 3264 tio
363 3210 719 3265 sacerdotem.
779 3209 1128 3268 Sacerdotem
1154 3214 1315 3284 plane
1344 3214 1614 3291 Christum
1647 3219 1853 3287 magica

270 3300 457 3369 probat
484 3302 798 3367 veneratio;
849 3318 973 3357 nam
1022 3303 1076 3357 id
1123 3319 1284 3361 omne
1330 3308 1645 3378 mysterium
1668 3324 1854 3364 eorum

270 3394 575 3449 muneribus
603 3392 972 3450 confirmatur.
1006 3396 1329 3452 Obtulerunt
1356 3399 1499 3453 enim
1520 3409 1777 3469 quantum
1801 3404 1856 3456 in

272 3483 397 3553 ipsis
416 3494 497 3539 est
521 3528 537 3551 ,
568 3484 716 3555 quod
755 3488 1015 3556 putabant
1041 3501 1159 3543 esse
1182 3488 1600 3557 pulcherrimum
1620 3530 1636 3557 ,
1665 3492 1854 3548 Salva-

274 3576 396 3644 tori,
421 3590 606 3631 aurum
628 3618 643 3645 ,
674 3576 801 3632 thus
827 3584 882 3631 et
909 3578 1179 3649 myrrham
1206 3596 1218 3632 :
1254 3595 1445 3635 aurum
1473 3584 1627 3651 quasi
1657 3583 1727 3638 ad
1764 3601 1854 3640 re-

1962 1860 2070 1899 non
2099 1845 2375 1915 prodesse.
2417 1845 2657 1915 Denique
2698 1862 2764 1902 eo
2806 1863 2912 1902 non
2936 1847 3127 1903 eodem
3165 1848 3314 1903 cultu
3341 1849 3540 1917 degen-

1956 1944 2076 2003 tes,
2119 1936 2263 1992 aliud
2296 1938 2401 1992 iter
2444 1944 2501 1992 et
2547 1938 2886 2007 regrediendi
2932 1940 3168 2007 aggressi
3197 1949 3349 2005 sunt,
3374 1949 3427 1996 et
3457 1940 3541 1995 vi-

1954 2028 2133 2082 vendi.
2200 2028 2333 2082 Nam
2377 2042 2564 2096 magos
2622 2028 2932 2098 priusquam
2980 2028 3255 2085 Christum
3299 2030 3541 2084 viderent

1957 2126 2211 2186 tanquam
2241 2118 2645 2188 superstitiosos
2671 2118 2739 2172 ad
2769 2118 3084 2187 obsequium
3113 2120 3269 2174 stella
3298 2119 3538 2185 deduxit;

1955 2216 2308 2279 posteaquam
2336 2208 2585 2264 viderunt
2613 2208 2917 2272 Dominum,
2942 2217 2997 2264 et
3022 2209 3387 2276 crediderunt,
3419 2219 3538 2266 tan-

1957 2314 2118 2369 quam
2165 2298 2392 2353 devotos
2434 2296 2566 2353 fides
2610 2298 2679 2352 ad
2725 2299 2957 2368 patriam
3001 2301 3295 2355 revocavit.
3355 2301 3540 2370 Igitur,

1957 2385 2170 2451 fratres,
2202 2395 2258 2442 et
2284 2402 2384 2442 nos
2413 2387 2505 2456 qui
2534 2387 2601 2442 de
2628 2388 2878 2455 gentibus
2906 2388 3246 2459 advenimus,
3272 2390 3542 2446 imitemur

1958 2492 2145 2547 magos
2196 2478 2317 2535 illos
2354 2493 2523 2547 usque
2551 2478 2618 2532 ad
2657 2478 2854 2533 Christi
2881 2478 3265 2547 cognitionem.
3307 2479 3410 2535 Fas
3430 2480 3545 2535 fue-

1958 2570 2028 2624 rit
2053 2585 2161 2624 non
2187 2584 2415 2624 errasse.
2459 2567 2589 2624 Post
2615 2577 2924 2638 susceptum
2952 2567 3225 2624 Christum
3250 2572 3546 2627 cavendum
3573 2553 3585 2566 ’

1958 2671 2042 2717 est
2068 2678 2137 2717 ne
2161 2662 2349 2718 eadem
2372 2663 2479 2729 via,
2508 2678 2614 2734 qua
2654 2663 2898 2718 venimus
2916 2702 2931 2726 ,
2963 2679 3064 2719 nos
3093 2664 3383 2719 credulitas
3409 2679 3544 2733 gen-

1958 2754 2169 2810 tilitatis
2180 2754 2430 2810 adducat.
2444 2753 2580 2809 Sunt
2598 2756 2740 2810 enim
2756 2755 2999 2825 plerique
3013 2754 3302 2811 Christiani
3320 2756 3409 2824 qui
3424 2765 3545 2825 post

1958 2855 2239 2917 acceptam
2272 2846 2430 2902 fidem
2454 2847 2725 2916 prioribus
2745 2845 3072 2901 vanitatibus
3100 2846 3462 2912 involvuntur,
3494 2856 3543 2902 et

1960 2956 2080 2998 cum
2120 2941 2316 2995 natalis
2352 2939 2609 2996 dominici
2639 2939 2917 2995 nobiscum
2952 2938 3142 3007 gaudia
3184 2940 3544 3008 procurarint,

1961 3049 2083 3091 cum
2111 3031 2399 3101 gentilibus
2443 3029 2787 3086 calendarum
2830 3029 3074 3084 convivia
3104 3028 3318 3084 ebriosa
3347 3045 3545 3099 procu-

1883 3119 1928 3180 C
1962 3135 2114 3193 rant;
2159 3141 2283 3181 cum
2326 3123 2757 3179 benedictionem
2798 3121 3078 3177 nobiscum
3125 3121 3426 3175 Divinitatis
3456 3136 3541 3176 ac-

1961 3218 2242 3289 ceperint,
2284 3232 2406 3273 cum
2450 3215 2554 3270 illis
2601 3215 2781 3270 omnia
2827 3213 3202 3284 superstitiosa
3240 3213 3544 3268 observant.

1963 3309 2257 3366 Dolendum
2306 3308 2465 3377 plane
2511 3314 2593 3360 est
2641 3320 2827 3373 magos
2874 3305 3094 3374 auguria
3138 3305 3545 3375 contempsisse,

1964 3410 2019 3458 et
2059 3402 2350 3457 observare
2401 3397 2640 3467 auspicia
2678 3394 3034 3460 Christianos,
3086 3396 3205 3450 illos
3248 3396 3379 3450 artis
3436 3412 3546 3451 suae

1962 3492 2275 3564 deposuisse
2302 3488 2575 3559 peritiam,
2606 3487 2737 3541 istos
2766 3501 2975 3540 morum
3017 3486 3252 3554 abjicerc
3291 3486 3435 3541 nolle
3464 3486 3546 3541 lu-

1964 3586 2194 3643 xuriam.
2226 3580 2476 3652 Explicit.

1606 3700 1951 3766 HOMILIA
1982 3703 2196 3766 XXII.

1520 3801 1597 3857 De
1626 3803 1928 3877 Epiphania
1957 3807 2171 3863 Domini
2206 3803 2306 3859 VI.

1712 3900 2103 3956 ADMONITIO.

343 3980 731 4064 llancnquoquc
754 3985 1029 4064 homilia_m
1058 3989 1417 4064 expressimus
1446 4005 1476 4044 e
1505 3991 1696 4064 codice
1720 3992 2036 4050 Taurinensi
2061 4034 2076 4058 ,
2107 3999 2166 4046 ut
2196 3986 2668 4064 animadvertimus
2697 3981 3065 4064 admonitione
3093 3982 3391 4064 superiore.
3423 3983 3549 4054 Ejus

275 4060 451 4134 autem
479 4054 676 4110 ibidem
707 4056 820 4134 hinc
855 4065 939 4134 est
968 4054 1246 4134 inscriptio
1271 4076 1283 4109 :
1322 4057 1454 4112 Item
1493 4071 1543 4134 et
1567 4061 1629 4134 de
1653 4062 1951 4133 Epiphania
1981 4054 2193 4117 Domini
2217 4055 2562 4134 lmmilia_lX.
2611 4054 2783 4107 Tanta
2812 4068 2942 4134 vero
2965 4060 3020 4107 et
3040 4054 3303 4134 gravitate
3330 4065 3546 4134 senten-

279 4123 586 4207 ματαίω-μ
622 4125 1014 4207 perspicuitate
1062 4123 1343 4196 nitoreque
1389 4130 1649 4186 orationis
1676 4123 1970 4207 perscripta
1998 4142 2099 4199 est,
2136 4139 2195 4185 ut
2221 4130 2413 4184 merito
2444 4128 2499 4180 in
2529 4139 2810 4179 numerum
2839 4123 2909 4176 sit
2936 4123 3250 4178 ascribenda
3280 4125 3548 4180 excellen-

278 4191 468 4245 tiorum
496 4191 713 4248 Maximi
742 4191 1140 4264 opusculorum.

280 4307 662 4388 Anoogsx'run.
680 4344 752 4353 —-
768 4309 1010 4388 Quamvis
1030 4311 1181 4384 plura
1203 4313 1401 4388 ludatis
1414 4319 1606 4388 fuerint
1627 4319 1855 4383 lavacra,

347 4380 539 4457 uallum
579 4391 751 4434 tamen
798 4380 1104 4457 habuerunt
1127 4385 1264 4453 quod
1310 4380 1563 4457 originale
1597 4380 1859 4457 peccatum

349 4447 764 4529 ali-luerethatqi‘te
805 4452 1014 4529 deleret.
1052 4447 1169 4508 Hoc
1197 4447 1520 4527 privileéium
1552 4447 1805 4529 baptismo
1828 4477 1861 4513 a

353 4515 547 4574 Christo
570 4515 793 4575 Domino
814 4522 1047 4576 instituto
1077 4515 1404 4580 reservatum"
1412 4536 1508 4581 est.

358 4668 617 4740 Proxime,
651 4673 844 4729 fratres
874 4675 1168 4743 carissimi,
1204 4677 1444 4747 ejusdem
1475 4680 1861 4751 redemptionis

285 4770 475 4818 nostra:
502 4765 891 4821 celebravimus
918 4778 1342 4839 sacramentum,
1380 4786 1487 4840 quo
1517 4772 1658 4827 Deus
1682 4772 1861 4828 homi-

286 4867 408 4907 nem
434 4870 549 4910 rum
580 4857 979 4915 infirmitatibus
1007 4860 1197 4915 induit.
1251 4862 1420 4918 Hodie
1449 4878 1578 4919 vero
1608 4865 1734 4919 illud
1763 4880 1859 4920 co-

287 4940 473 5010 limus,
521 4962 630 5016 quo
677 4964 737 5004 se
784 4950 837 5003 in
867 4951 1086 5005 homine
1116 4952 1399 5008 virtutibus
1428 4954 1761 5022 declaravit;
1792 4972 1859 5012 eo

286 5034 427 5101 quod
464 5037 514 5093 in
546 5038 648 5094 hac
679 5039 768 5094 die
805 5041 919 5096 sive
958 5041 1102 5110 quod
1149 5043 1203 5097 in
1250 5044 1388 5099 ccelo
1415 5045 1570 5099 stella
1599 5054 1749 5101 ortus
1776 5046 1861 5102 sui

287 5128 521 5183 nuntium
551 5131 795 5200 praebuit,
820 5132 933 5187 sive
961 5134 1104 5202 quod
1135 5134 1188 5188 in
1208 5133 1356 5190 Cana
1383 5136 1616 5192 Galilaea:
1644 5138 1697 5192 in
1728 5154 1861 5193 con-

285 5214 429 5271 vivio
464 5222 684 5291 nuptiali
738 5237 931 5291 aquam
960 5225 1015 5278 in
1044 5224 1231 5279 vinum
1259 5229 1544 5295 convertit,
1577 5229 1688 5284 sive
1717 5229 1862 5299 quod

283 5305 344 5361 in
392 5308 630 5368 Iordanis
677 5315 834 5373 undis
874 5331 1039 5385 aquas
1082 5315 1154 5371 ad
1201 5319 1594 5389 reparationem
1641 5321 1863 5377 humani

367 5449 394 5478 ⁸
425 5442 727 5502 Gallandius
745 5447 873 5516 legit
902 5450 1130 5521 requirit.

286 5572 504 5632 ea,qua
558 5561 592 5632 ii
641 5559 741 5615 SS.
785 5560 1038 5616 doctores
1082 5563 1459 5632 praestiterint,
1505 5563 1864 5628 ratiocinandi

290 5627 529 5704 facultas.
558 5630 873 5704 Quanquam
908 5640 1033 5685 sunt
1070 5627 1224 5688 nobis
1250 5627 1499 5704 perplura
1532 5636 1584 5688 in
1612 5641 1867 5704 promptu

288 5698 480 5769 quibus
514 5702 650 5758 eﬂici
677 5698 842 5771 queat
870 5717 1058 5757 eormn
1087 5718 1194 5760 non
1218 5698 1327 5759 tam
1352 5698 1472 5763 leve
1493 5698 1865 5775 argumentum

1965 4318 2178 4389 generis
2223 4331 2322 4371 suo
2370 4312 2640 4383 baptismo
2679 4308 3041 4373 consecravit,
3076 4308 3130 4361 in
3168 4308 3410 4378 quolibet
3449 4308 3551 4362 ho-

1965 4426 2085 4465 rum
2114 4408 2302 4464 salutis
2346 4412 2545 4461 nostra:
2574 4400 2828 4474 mysteria
2875 4398 3220 4454 continentur
3253 4405 3307 4452 et
3334 4397 3549 4466 gaudia.

1954 4503 2131 4557 Nobis
2178 4502 2319 4555 enim
2359 4515 2428 4554 ex
2456 4496 2675 4565 Virgine
2725 4500 2883 4549 natus
2930 4499 3042 4559 est,
3088 4489 3233 4559 quod
3260 4491 3366 4561 63
3395 4490 3551 4545 stella

1969 4594 2309 4650 monstravit.
2349 4591 2514 4645 Nobis
2544 4605 2608 4644 ex
2637 4586 2906 4657 baptismo
2934 4584 3205 4638 lavacrum
3233 4596 3550 4637 concessum

1968 4691 2070 4751 est,
2103 4681 2244 4752 quod
2274 4682 2325 4734 in
2355 4679 2608 4734 Iordanis
2632 4678 2786 4731 alveo
2816 4673 3171 4730 consecravit.
3206 4672 3314 4725 Nos
3334 4684 3551 4740 quoque

1968 4777 2021 4830 in
2045 4775 2234 4830 melius
2262 4788 2381 4828 esse
2425 4770 2709 4826 mutandos
2757 4767 2937 4837 operis
2980 4764 3239 4818 miraculo
3276 4778 3551 4832 praemon-

1964 4868 2189 4935 stravit,
2238 4864 2456 4936 quando
2495 4877 2662 4933 aquas
2687 4862 2741 4915 in
2768 4861 2892 4913 vina
2921 4857 3205 4912 convertit.
3247 4856 3410 4926 Ergo,
3442 4857 3550 4911 fra-

1965 4967 2096 5027 tres,
2127 4958 2179 5011 in
2224 4955 2467 5013 custodia
2509 4952 2759 5025 puritatis
2800 4948 2999 5005 Christi
3047 4948 3368 5017 baptismum
3416 4948 3555 5005 (τρια.

1965 5050 2184 5105 brcmus
2208 5090 2225 5117 ,
2271 5047 2396 5119 quia
2441 5047 2557 5101 haec
2598 5041 2797 5098 Christi
2827 5038 3164 5107 regeneratio
3206 5046 3404 5094 nostra:
3428 5037 3550 5094 fidei

1969 5140 2311 5195 confirmatio
2332 5146 2433 5193 est.
2482 5133 2778 5190 lnsinuavit
2822 5130 2965 5186 enim
3008 5130 3162 5186 nobis
3200 5131 3439 5186 muneris
3466 5130 3551 5186 sui

1965 5229 2290 5301 baptismum
2337 5244 2434 5298 per
2483 5222 2732 5280 secundae
2781 5222 3074 5277 nativitatis
3121 5222 3465 5292 exemplum,
3498 5229 3554 5277 et

1969 5321 2116 5392 quod
2146 5337 2244 5377 nos
2269 5320 2445 5376 facere
2472 5315 2664 5385 voluit,
2685 5315 2835 5387 prior
2863 5315 2977 5385 ipse
3000 5313 3144 5371 fecit.
3175 5312 3425 5383 Legimus
3453 5314 3550 5369 Ju-

2043 5449 2070 5490 δ
2109 5449 2255 5506 Idem
2284 5447 2611 5515 Gallandius,
2645 5446 2721 5502 his
2750 5443 3063 5501 muneribus.

1969 5578 2088 5621 esse
2132 5576 2298 5633 quam
2336 5557 2591 5633 Petavius
2631 5559 2943 5633 arbitratur.
2974 5557 3175 5615 Verum
3207 5571 3271 5612 ea
3305 5570 3554 5626 promere

1971 5650 2079 5692 non
2106 5630 2191 5690 est
2210 5630 2433 5703 hujusce
2456 5630 2562 5688 loci
2584 5646 2646 5689 ac
2669 5630 2947 5702 temporis.
2978 5704 2979 5707 η

3488 5778 3555 5791 HQ

2616 5836 2701 5846 ..ι-ιον
2746 5831 2771 5838 ·-⁴
