4042 6192
475 269 567 324 271

1677 269 1731 323 S.
1775 269 2014 324 MAXIM!
2055 268 2500 324 TAURINENSlS

3633 267 3743 320 272

467 387 616 439 αωοε
643 383 852 437 diversa
881 382 981 436 sub
1008 380 1126 448 lege
1155 380 1404 436 habuisse
1432 382 1770 451 baptismata,
1797 384 1892 439 sed
1920 383 2039 437 nul-
2069 389 2118 445 Α
2144 383 2438 451 pretiosum
2483 382 2585 435 sibi
2632 396 2751 436 esse
2796 382 3067 436 hominem
3091 381 3254 450 pretii
3285 380 3452 450 ipsius
3472 379 3740 446 dignitate

472 473 580 528 lum
609 489 678 528 ex
706 473 787 527 his
816 479 1003 526 contra
1032 471 1489 541 praevaricationis
1515 473 1712 527 malum
1741 474 2048 540 generalem

468 561 644 632 potuit
679 560 924 615 conferre
953 561 1291 617 medicinam.
1330 559 1398 615 Et
1433 562 1553 617 ideo
1582 578 1682 632 pro
1711 563 2048 618 absolutione

468 652 635 706 totius
671 649 857 705 mundi
881 651 1187 720 indigebant
1212 653 1634 719 regenerationis
1667 667 1805 721 aqua
1839 654 2049 708 tmlitus

467 740 809 798 sanctiiicari.
850 739 918 794 Et
944 741 1069 809 quia
1098 756 1196 810 per
1223 742 1533 795 universum
1569 741 1829 796 mundum
1863 756 2046 797 sacra-

465 842 706 888 mentum
745 831 993 901 baptismi
1023 831 1257 884 humano
1286 830 1471 898 generi
1500 845 1636 899 opus
1682 838 1836 893 erat,
1868 829 2046 884 omni-

465 923 567 978 bus
611 923 763 992 aquis
790 921 1224 977 benedictionem
1262 920 1444 987 dedit,
1469 920 1689 989 quando
1719 922 1769 974 in
1799 920 2048 976 Jordanis

466 1016 675 1071 alveum
705 1015 862 1069 unica
914 1027 979 1068 ac
1024 1013 1277 1082 singulari
1321 1013 1521 1084 pietate
1559 1013 1856 1068 descendit.
1897 1013 2047 1070 Tunc

463 1104 735 1160 Christum
765 1104 1050 1159 Dominum
1069 1143 1084 1168 ,
1118 1118 1224 1158 non
1256 1111 1365 1157 tam
1395 1102 1524 1157 lavit
1554 1103 1713 1172 unda,
1743 1118 1902 1172 quam
1934 1103 2043 1158 lota

463 1204 564 1250 est.
601 1194 720 1249 Tibi
766 1208 895 1263 ergo
937 1191 1208 1248 nascendo
1254 1190 1498 1247 Christus
1546 1192 1792 1261 advenit,
1841 1192 1933 1246 tibi
1959 1192 2043 1246 vi—

465 1285 635 1339 vendo
655 1284 926 1351 militavit,
955 1283 1050 1337 tibi
1078 1281 1360 1338 moriendo
1389 1283 1648 1336 conﬂixit.
1691 1281 1860 1348 Quem
1890 1282 2045 1338 vides

461 1391 561 1444 pro
611 1382 663 1428 te
713 1383 1003 1440 mortuum,
1034 1388 1133 1442 pro
1163 1380 1216 1428 te
1249 1372 1489 1439 intellige
1517 1372 1865 1442 baptizatum.
1899 1371 2044 1432 Talis

460 1465 681 1520 omnino
712 1464 872 1518 etiam
903 1473 1028 1518 ante
1069 1462 1396 1530 baptismum
1427 1463 1526 1516 fuit
1548 1503 1562 1527 ,
1595 1470 1651 1516 et
1675 1462 1796 1517 ideo
1818 1477 2045 1531 praecur-

461 1572 554 1611 sor
582 1557 698 1625 ejus
719 1563 881 1625 atque
910 1554 1142 1624 baptista
1172 1554 1246 1608 ita
1274 1569 1396 1608 eum
1425 1568 1546 1609 cum
1577 1553 1645 1608 ad
1673 1569 1732 1609 se
1760 1554 2039 1624 baptizan-

459 1648 559 1701 dus
582 1646 790 1700 veniret
835 1645 1159 1713 alloquitur:
1191 1643 1432 1710 Domine,
1455 1661 1548 1714 ego
1573 1651 1674 1697 ate
1700 1643 1854 1698 debeo
1881 1644 2044 1714 bapti-

2147 472 2442 542 prmdoeuit
2474 489 2486 524 :
2521 479 2578 526 ut
2606 471 2731 527 hinc
2750 487 2966 541 quoque
2992 472 3373 538 intelligamus,
3397 485 3556 538 quam
3577 484 3739 538 gran-

2147 561 2243 615 des
2271 561 2413 630 apud
2439 575 2498 616 se
2522 562 2750 616 aestimet
2777 561 2919 616 Deus
2948 569 3131 617 noster
3159 561 3516 614 humanorum
3542 560 3736 614 crimi—

2148 670 2277 708 num
2323 670 2552 720 causas,
2608 663 2828 724 propter
2873 670 3009 723 quas
3055 669 3163 708 non
3211 651 3481 720 angelum,
3515 666 3623 704 non
3649 665 3738 704 ar-

2147 743 2467 811 changelum
2491 783 2507 808 ,
2558 743 2654 798 sed
2695 743 2861 798 Deum
2908 743 3055 796 misit
3106 741 3174 796 ad
3199 750 3388 796 terras.
3419 739 3524 810 Ipsi
3553 749 3736 794 autem

2149 833 2320 900 magi,
2349 833 2442 901 qui
2471 834 2539 888 ad
2567 833 2657 887 illa
2687 833 2923 889 cmlestis
2949 833 3103 902 pueri
3131 831 3437 887 veneranda
3466 830 3732 885 cunabula

2145 924 2313 978 stella:
2353 923 2552 978 indicio
2597 936 2990 992 pervenerunt,
3029 922 3154 992 quid
3183 921 3325 976 aliud
3355 931 3736 990 expresserunt

2146 1011 2200 1066 in
2225 1012 2328 1066 illis
2357 1013 2695 1077 muneribus,
2747 1011 2846 1066 nisi
2881 1011 3039 1066 ﬁdem
3077 1013 3354 1066 nostram?
3383 1011 3441 1064 ln
3468 1026 3534 1067 eo
3562 1012 3730 1074 enim,

2145 1102 2289 1171 quod
2317 1103 2419 1156 tria
2450 1101 2773 1167 oil'eruntur,
2805 1101 3039 1155 Trinitas
3067 1101 3411 1168 intelligitur;
3456 1102 3508 1155 in
3537 1117 3604 1156 eo
3635 1118 3733 1154 ve-

2144 1209 2227 1256 ro,
2277 1193 2423 1263 quod
2464 1201 2577 1247 tres
2611 1201 2736 1247 sunt
2781 1200 2838 1246 et
2885 1191 3079 1259 singuli
3121 1191 3331 1259 singula
3377 1192 3643 1256 ollerunt,
3679 1193 3734 1246 iu

2149 1285 2413 1340 Trinitate
2443 1285 2621 1340 unitas
2672 1284 2993 1338 declaratur.
3027 1286 3047 1315 ²
3078 1282 3180 1338 Per
3208 1299 3395 1337 aurum
3425 1299 3520 1338 rex
3548 1292 3732 1339 osten-
3825 1287 3828 1290 ’

2151 1377 2314 1438 ditur,
2349 1375 2490 1430 Deus
2520 1376 2570 1430 in
2603 1376 2757 1429 thure
2777 1373 3124 1442 dignoscitur,
3166 1388 3265 1443 per
3301 1374 3570 1444 myrrham
3609 1389 3732 1442 qum

2144 1465 2460 1522 condiendis
2505 1474 2589 1520 est
2629 1473 2754 1534 apta
2801 1465 3149 1534 corporibus,
3199 1465 3472 1534 sepultura
3514 1463 3732 1519 cruciﬁ-

2141 1557 2301 1624 gendi
2329 1555 2561 1612 hominis
2575 1555 2912 1625 pmdicatur.
2953 1554 3260 1610 Secundum
3283 1555 3405 1620 hoc,
3437 1555 3725 1620 carissimi,

2141 1661 2242 1700 nos
2267 1660 2482 1714 quoque
2510 1659 2795 1714 personam
2834 1658 3113 1713 magorum
3152 1643 3516 1712 spiritualibus
3544 1644 3727 1700 imite-

458 1737 587 1800 zari,
619 1745 665 1790 et
696 1744 748 1788 tu
792 1737 933 1790 venis
964 1735 1033 1787 ad
1071 1751 1149 1787 me
1180 1732 1392 1805 (Matth.
1421 1732 1539 1803 lli)?
1577 1731 1712 1798 Quid
1741 1732 2038 1787 evidentius
2071 1750 2116 1808 Β
2142 1751 2262 1789 mur
2307 1735 2612 1803 obsequiis;
2662 1733 2848 1790 taudiu
2892 1735 3035 1789 enim
3086 1749 3390 1803 quzeramus
3431 1731 3724 1800 Christum,

455 1828 524 1884 de
549 1827 745 1882 Christi
770 1826 1004 1880 nomium
1032 1825 1286 1894 baptizati
1316 1824 1584 1893 puritate?
1631 1821 1773 1888 Quid
1811 1823 2034 1877 fortius?

455 1918 568 1990 Ego
599 1937 628 1974 a
667 1929 719 1974 te
759 1919 928 1974 debeo
975 1917 1272 1986 baptizari;
1305 1915 1356 1970 id
1379 1923 1461 1970 est
1481 1957 1496 1982 ,
1520 1915 1612 1984 qui
1642 1914 1759 1968 fons
1786 1930 1844 1970 es
1874 1915 2032 1968 iuno-

451 2013 662 2078 centim,
685 2011 774 2080 qui
791 2010 948 2064 'nullo
982 2007 1224 2075 indigens
1260 2007 1388 2060 dare
1415 2006 1536 2068 scis,
1565 2005 1738 2060 nescis
1766 2005 2032 2074 accipere.

452 2102 587 2171 Ego,
616 2102 810 2171 inquit,
841 2115 870 2154 a
895 2108 948 2155 te
975 2099 1146 2154 debeo
1167 2097 1447 2167 baptizari,
1469 2096 1592 2165 quia
1615 2105 1789 2150 tecum
1809 2095 2035 2150 exhibes

456 2201 512 2249 et
560 2192 614 2246 in
658 2200 711 2246 te
737 2189 983 2260 possides
1033 2188 1282 2259 puritatis
1326 2200 1579 2249 munera,
1613 2193 1666 2239 et
1696 2184 2032 2255 baptismatis

452 2289 816 2345 sacramenta;
857 2287 912 2334 et
950 2277 1097 2349 quod
1125 2292 1226 2346 ego
1253 2276 1392 2332 dabo
1419 2285 1473 2332 te
1501 2276 1764 2344 largiente
1789 2291 1887 2346 per
1915 2288 2034 2344 gra-

449 2373 602 2438 tiam,
631 2378 690 2424 tu
719 2369 927 2424 obtines
951 2384 1046 2437 per
1075 2375 1338 2420 naturam.
1373 2368 1388 2397 ³
1421 2365 1638 2421 Attactu
1672 2366 1908 2420 membra
1931 2366 2034 2420 tin-

448 2466 665 2527 gnntur,
697 2466 754 2512 et
775 2455 972 2510 ﬂuenta
1000 2456 1256 2509 ditantur.
1296 2453 1636 2509 Descendere
1655 2456 1706 2508 iu
1737 2469 1795 2510 se
1823 2454 2028 2510 fontem

447 2567 601 2607 suum
631 2551 759 2605 felix
787 2549 928 2603 unda
958 2548 1196 2613 miratur,
1224 2547 1323 2602 sub
1345 2561 1454 2601 uno
1486 2554 1760 2601 momento
1791 2547 2026 2601 remedia

448 2652 649 2697 :cterna
678 2642 1008 2712 concipiens,
1029 2648 1086 2694 et
1112 2654 1253 2694 nova
1283 2639 1449 2694 Deum
1473 2637 1583 2710 ει
1609 2638 2032 2706 regenerationis

447 2733 775 2789 fecunditate
803 2732 1132 2802 parturiens;
1168 2729 1311 2801 quod
1334 2737 1615 2801 acceperat
1642 2730 1747 2785 hoc
1775 2729 2028 2796 reddens,

445 2833 502 2878 et
537 2822 682 2892 quod
720 2838 831 2877 non
881 2822 1115 2876 habebat
1160 2821 1450 2890 accipiens.
1490 2821 1632 2876 lnter
1676 2820 1792 2876 hate
1833 2821 2027 2874 mirum

445 2922 588 2970 esset
615 2912 763 2983 quod
792 2928 851 2968 se
895 2911 1154 2968 Dominus
1200 2913 1340 2968 servi
1369 2911 1604 2966 subdidit
1644 2911 2023 2978 benedictioni,

445 3005 547 3060 nisi
577 3005 751 3061 crucis
802 3019 862 3059 se
909 3003 1231 3059 subdidisset
1275 3010 1328 3057 et
1369 3003 1550 3056 morti.
1596 3001 1665 3057 Et
1695 3002 1785 3059 ille
1803 3003 2025 3072 quidem

2140 1826 2313 1880 donec
2371 1825 2522 1880 illum
2587 1824 2830 1878 invenire
2883 1838 3206 1879 mereamur.
3269 1822 3526 1878 Ducatum
3567 1825 3726 1879 nobis

2143 1915 2382 1985 prmbeat
2409 1915 2554 1970 velut
2581 1915 2734 1970 stella
2763 1915 2910 1979 cmli,
2942 1914 3033 1968 lux
3059 1913 3199 1967 ﬁdei.
3232 1911 3359 1968 Haec
3387 1914 3543 1969 nobis
3571 1914 3725 1968 illum

2149 2007 2398 2062 ostendat
2445 2023 2553 2061 non
2595 2007 2708 2077 jam
2753 2007 2809 2060 in
2859 2019 3101 2076 praesepe
3149 2004 3481 2072 vagientem,
3525 2004 3620 2060 sed
3667 2006 3724 2060 in

2139 2111 2351 2152 summa
2371 2096 2491 2152 οωιί
2513 2111 2635 2150 arce
2655 2095 3020 2150 dominantem
3034 2136 3048 2158 ,
3076 2109 3176 2150 nec
3205 2096 3257 2148 in
3283 2094 3470 2150 matris
3491 2095 3722 2163 gremio,

2139 2185 2232 2241 sed
2263 2185 2316 2240 in
2346 2185 2483 2241 solio
2523 2183 2699 2239 Patris
2728 2184 3092 2250 adorandum;
3131 2199 3232 2239 nec
3268 2184 3492 2238 ulterius
3519 2184 3573 2238 in
3602 2200 3724 2238 ma-

2131 2277 2330 2347 jestate
2362 2277 2710 2347 judicandum
2732 2318 2746 2342 ,
2781 2275 2877 2331 sed
2904 2276 2971 2331 ad
2995 2275 3256 2345 judicium
3281 2291 3403 2330 cum
3433 2276 3723 2345 majestate

2134 2377 2438 2425 venturum.
2487 2368 2577 2424 Sic
2609 2367 2762 2437 quasi
2799 2367 2957 2422 trium
3000 2382 3284 2421 munerum
3322 2365 3556 2436 perfecta
3588 2383 3722 2421 con-

2134 2459 2296 2515 fessio
2323 2459 2571 2514 credatur
2597 2475 2628 2513 a
2657 2459 2812 2513 nobis
2837 2472 2940 2518 una
2968 2457 3227 2513 Divinitas
3244 2496 3259 2521 ,
3303 2457 3419 2512 sine
3447 2455 3721 2512 confusio-

2134 2550 2218 2604 nis
2245 2550 2590 2619 separatione
2616 2549 2899 2615 distincta,
2947 2547 3108 2603 Pater
3139 2556 3192 2602 et
3218 2547 3382 2602 Filius
3407 2556 3462 2603 et
3490 2534 3720 2618 Spiritus

2135 2650 2367 2699 sanctus.
2406 2641 2804 2713 (Desiderantur
2850 2641 3136 2712 permulta;
3169 2640 3312 2694 deest
3346 2641 3483 2696 enim
3511 2641 3716 2712 folium.

2139 2734 2320 2806 Pergit
2347 2733 2614 2789 Maximus
2637 2733 2690 2803 :)

2202 2825 2280 2882 Ita
2327 2841 2458 2896 ergo
2498 2824 2736 2882 ﬁdelium
2786 2823 3039 2881 cordibus
3083 2822 3448 2893 disponendus
3488 2831 3573 2877 est
3619 2822 3715 2878 Dei

2130 2917 2327 2983 cultus,
2377 2924 2437 2972 ut
2485 2932 2591 2972 non
2637 2915 2952 2972 admittatur
2975 2914 3059 2969 vel
3089 2914 3142 2968 in
3183 2914 3386 2969 unitate
3422 2915 3716 2984 separatio,

2128 3010 2214 3065 vel
2237 3010 2290 3066 iu
2319 3009 2582 3066 Trinitate
2610 3009 2920 3082 permixtio.
2947 3009 3199 3081 Explicit,
3227 3015 3332 3064 etc.

1741 3116 2087 3184 HOMILIA
2141 3125 2385 3188 XXIII.

1657 3213 1734 3268 De
1763 3215 2064 3288 Epiphania
2093 3220 2306 3278 Domini
2342 3223 2474 3279 VII.

1877 3311 2267 3371 ADMONITIO.

641 3400 744 3482 TN
771 3409 891 3482 ευρι
919 3399 1109 3482 indi?“
1131 3399 1453 3482 εξηοθνῖξθῑῖε
1479 3399 1972 3482 hujuscehouiilite,
2004 3414 2062 3482 ut
2088 3424 2294 3463 summa
2321 3410 2853 3482 ompniumieditorum
2879 3410 3236 3465 consensione
3261 3410 3460 3464 tributa
3487 3409 3556 3463 sit
3580 3424 3702 3463 san-

439 3470 953 3552 eto’Maximo._l‘i:_r_rn
982 3471 1275 3552 etcopiose
1301 3480 1462 3552 atque
1485 3479 1676 3552 ornate
1703 3473 1790 3552 illa
1819 3476 2115 3552 perscripta
2143 3485 2243 3552 est,
2277 3487 2335 3533 ut
2363 3480 2520 3548 plane
2544 3481 2882 3552 demonstrat
2919 3497 3022 3534 non
3053 3481 3279 3534 alterum
3314 3495 3373 3534 se
3399 3495 3560 3552 quam
3582 3495 3706 3533 eum

437 3551 678 3619 sanetum
707 3540 1266 3619 antistitemhabuisse
1293 3549 1599 3619 auctorem;
1628 3551 1683 3619 et
1712 3540 1936 3619 id_ipSInn
1960 3540 2062 3619 fide
2090 3540 2436 3619 confirmat-ur
2458 3549 2702 3619 codicum
2730 3565 2898 3619 prope
2926 3552 3167 3605 omnium
3181 3540 3702 3619 gmanusc'riptorum.

436 3609 490 3668 In
521 3614 603 3667 his
631 3619 808 3665 autem
848 3611 1119 3665 codicibus
1151 3627 1256 3665 non
1285 3609 1472 3665 eadem
1501 3619 1582 3664 est
1607 3611 1722 3678 ejus
1754 3609 2050 3678 inscriptio.
2095 3616 2229 3671 Nam
2260 3617 2314 3672 in
2343 3618 2602 3674 Vaticano
2641 3609 2774 3673 4951
2810 3609 2866 3673 et
2895 3619 2945 3672 in
2977 3619 3146 3673 Vatic.
3181 3617 3348 3673 Palat.
3381 3609 3483 3670 176
3512 3619 3697 3672 inscri-

436 3683 578 3736 bitur
605 3702 617 3734 :
646 3682 709 3760 in
732 3680 1028 3760 Epiphania
1053 3679 1281 3760 Domini.
1303 3679 1570 3760 incitet"?
1600 3681 1770 3760 Yatic.
1805 3679 2007 3760 1269i
2017 3683 2156 3760 item
2183 3687 2320 3741 unde
2345 3688 2594 3760 suprarde
2620 3687 2938 3760 Epiphania.
2967 3688 3225 3760 InVatic.
3259 3689 3428 3760 Palat.
3454 3687 3559 3760 $37
3591 3687 3701 3760 {In

435 3747 847 3830 octava_Doinini
875 3765 1042 3827 sermo
1154 3747 1405 3830 dilaniati.
1435 3747 1491 3801 In
1516 3748 1685 3830 Vatic.
1719 3750 1909 3830 Regia.
1946 3753 2094 3830 12$_:_
2122 3755 2188 3810 In
2211 3766 2388 3812 octava
2407 3747 2747 3830 'Epiphanite.
2779 3758 2978 3813 Verum
2999 3759 3052 3813 id
3081 3759 3231 3830 parvi
3258 3759 3440 3814 refert.
3471 3757 3700 3812 Homiiia

435 3829 578 3876 certe
603 3820 670 3873 de
698 3817 992 3887 Epiphania
1019 3824 1118 3870 est.
1151 3815 1328 3882 Quare
1356 3818 1429 3869 ita
1458 3832 1578 3871 eam
1607 3815 1853 3874 duximus
1882 3823 2098 3878 inscribi
2132 3835 2408 3896 oportere.

437 3933 827 4012 Ancum-taurum:
865 3961 938 3971 —
972 3927 1094 3982 Tria
1135 3928 1287 4012 hujus
1330 3927 1634 4012 celebritatis
1689 3932 1941 4012 miracula
1987 3951 2020 3988 a
2047 3941 2094 4005 α
2193 3946 2244 3992 et
2271 3939 2585 4012 majestatis.
2619 3941 2766 4012 Aqua
2792 3943 2847 3995 in
2875 3943 3047 3997 tinum
3083 3958 3323 3997 conversa
3351 3944 3576 3996 divinant
3609 3960 3701 4011 ρος

510 4003 784 4055 traditione
812 4001 864 4052 in
900 4015 993 4069 nos
1032 4006 1318 4069 propagata
1359 3997 1566 4069 totidem
1605 4003 1851 4069 mysteria
1881 4019 2016 4069 pra:-

510 4016 784 4055 traamone
812 4016 864 4052 in
900 4016 993 4051 nos
1070 4016 1318 4067 ropagata
1359 4016 1566 4051 tenuem
1605 4016 1654 4053 m
1694 4016 1851 4054 sterta
1881 4019 2008 4069 pra:-

506 4076 691 4143 {crunt,
723 4072 778 4123 in
803 4067 981 4138 quibus
1008 4016 1135 4137 fugies
1160 4075 1334 4143 nostra
1355 4067 1605 4143 exsultat.
1636 4017 1701 4123 ﬁt
1732 4073 1897 4140 magis
1920 4089 2008 4128 vo-

503 4136 632 4212 eatw
666 4148 792 4212 sunt
815 4136 1015 4212 omnes
1043 4147 1217 4212 gentes
1243 4138 1311 4190 ad
1347 4136 1633 4212 Saluatoris
1676 4136 2008 4212 agnitionem.

503 4211 633 4282 Ejus
659 4209 976 4280 baptismatis
996 4207 1255 4261 humilitas
1277 4209 1618 4262 testimonium
1640 4207 1811 4264 retulit
1830 4215 2015 4284 gratia:

504 4350 519 4380 ¹
561 4343 804 4400 Christus
831 4343 1151 4414 Deusverus
1179 4347 1340 4410 atque
1367 4357 1526 4396 verus
1551 4343 1843 4414 homo,qua
1864 4345 2006 4402 Deus

433 4427 486 4472 et
531 4417 733 4478 bonus,
773 4422 826 4468 et
856 4412 1032 4465 omnia
1063 4421 1272 4480 potens,
1305 4429 1409 4466 non
1439 4412 1768 4482 percqrtione'
1802 4417 2004 4482 gratim,

430 4488 518 4542 sed
564 4485 876 4554 preprietate
922 4492 1138 4554 naturw,
1170 4482 1340 4554 inquit
1387 4482 1746 4554 Augustinus,
1803 4482 1895 4540 lib.
1955 4502 2004 4540 Vl

431 4550 618 4628 Upeiiii
657 4550 1156 4628 Imperj'ecti‘contra
1188 4550 1580 4628 ,Ιτιιξιιηεζᾼᾳψἒ
1610 4552 1699 4628 16,
1730 4569 1847 4623 pag.
1880 4555 2004 4618 970,

430 4620 764 4694 tom.Xopp.
791 4621 916 4676 edit.
945 4620 1206 4689 Antuerp.
1238 4635 1336 4694 an.
1357 4620 1511 4694 1700.
1543 4620 1656 4694 Qua
1687 4620 1847 4679 homo
1878 4640 2005 4680 vero

429 4696 596 4762 gratia
640 4689 814 4764 justus
854 4699 1004 4744 natus
1049 4689 1390 4764 est_,_Aconl'er
1412 4691 1804 4764 Augustinum.
1849 4694 2004 4764 Ejus-

429 4758 548 4820 dem
580 4758 728 4834 op'er.
762 4763 854 4834 lib.
886 4778 921 4825 ι,
953 4775 1073 4830 cap.
1109 4758 1228 4834 110,
1259 4773 1379 4834 pag.
1412 4760 1535 4814 715.

497 4839 517 4867 ²
556 4828 780 4914 Sanctus
809 4832 918 4916 beo
956 4828 1118 4916 scrin.
1155 4828 1242 4893 55,
1265 4828 1374 4897 qui
1396 4839 1632 4916 quartus
1666 4844 1748 4916 est
1780 4834 1845 4915 de
1875 4833 2000 4916 Epi-

427 4905 637 4973 phania,
663 4916 783 4974 pag.
814 4901 882 4954 86
909 4901 1035 4974 edit.
1069 4899 1225 4953 Rom.
1269 4917 1356 4954 an.
1393 4900 1548 4974 1755,
1582 4901 1900 4974 Fulgentior,
1922 4899 2002 4958 in-

425 4971 559 5040 quit,
585 4972 809 5024 veritatis
836 4971 1009 5025 radius
1038 4985 1304 5040 magorum
1327 4971 1483 5024 corda
1511 4971 1792 5040 perdocuit,
1825 4984 1994 5028 ut.....

423 5039 540 5112 cum
567 5039 662 5092 sibi
693 5041 889 5112 signari
920 5039 1290 5112 intelligerent,
1332 5041 1426 5112 cui
1460 5039 1587 5094 auro
1618 5045 1783 5112 regius
1811 5044 1994 5108 honor,

423 5112 478 5163 in
500 5107 853 5180 tlture_diuina
873 5107 1144 5173 veneratio,
1175 5112 1232 5164 in
1263 5111 1476 5180 myrrha
1513 5107 1844 5166 mortalitatis
1872 5107 1998 5168 con?

426 5176 867 5258 [εειςὶοζ-Εθιξθξξιυ
895 5188 1140 5258 spectant
1181 5176 1680 5258 q‘nm'pcrsequitur
1695 5198 1877 5258 _s_erm.
1903 5183 1990 5258 50,

423 5245 545 5317 bas-
577 5249 664 5317 77,.
709 5252 763 5301 ει
800 5245 887 5311 35.
918 5245 1163 5317 [533.92.
1198 5245 1667 5306 Consonauthuic
1695 5245 1994 5306 Theodori;

425 5316 510 5390 tus
536 5319 590 5390 in
630 5316 1010 5390 Cantic.,‘cap.
1043 5316 1096 5378 5,
1129 5332 1249 5390 pag.
1280 5319 1438 5384 1036,
1484 5329 1617 5390 tum.
1650 5317 1672 5374 l
1701 5337 1824 5390 Opp.
1860 5323 1989 5376 edit.

423 5387 594 5441 l‘aris.
642 5385 930 5458 Sirmondi,
962 5387 1014 5438 in
1057 5387 1277 5458 capti,
1327 5405 1449 5458 pag.
1475 5389 1611 5442 1014
1639 5399 1692 5444 et
1719 5385 1875 5445 1019.
1901 5390 1994 5446 Ju-

423 5473 622 5530 vencus
648 5456 944 5530 presbyter,
979 5463 1129 5530 vetus
1174 5455 1504 5530 Christianus
1544 5468 1723 5530 poeta,
1756 5461 1809 5515 in
1849 5461 1991 5516 Hist.

426 5523 663 5597 Euang,
679 5523 822 5580 edit.
841 5523 1140 5580 Francfurt.
1169 5527 1293 5578 anni
1321 5527 1458 5582 1710
1482 5547 1495 5583 :

511 5621 714 5686 Aurum,
740 5619 871 5678 thus,
899 5617 1136 5681 myrrham
1158 5617 1367 5680 regique
1388 5619 1593 5684 Deoque
1617 5623 1897 5686 hominique

512 5681 650 5733 Dona
671 5682 894 5733 ierunt...

2193 4016 2424 4064 testatem
2447 4011 2815 4081 manifestatvit.

2189 4117 2247 4174 in
2275 4119 2394 4185 hac,
2435 4120 2782 4186 dilectissimi,
2825 4123 3158 4187 celebritate,
3200 4125 3336 4178 sicut
3379 4125 3552 4177 relatu
3597 4139 3698 4194 pa-

2119 4219 2286 4266 ternae
2339 4211 2638 4268 traditionis
2684 4214 3031 4283 instruimur,
3083 4217 3359 4286 multiplici
3411 4218 3565 4273 nobis
3615 4227 3699 4274 est

2113 4343 2337 4414 Gregor.
2387 4343 2660 4410 Nazianz.,
2703 4354 2843 4401 orat.
2891 4347 2979 4415 38,
3028 4363 3150 4419 pag.
3203 4350 3306 4404 625
3337 4349 3467 4405 edit.
3499 4350 3694 4409 Colon.

2112 4437 2200 4477 an.
2234 4421 2390 4487 1690,
2424 4431 2554 4478 tom.
2585 4422 2626 4489 1,
2657 4441 2765 4494 quo
2795 4426 2913 4482 loco
2939 4446 2951 4480 :
2985 4427 3112 4483 Cum
3139 4432 3314 4494 stella,
3344 4431 3533 4501 inquit,
3571 4449 3694 4487 cur-

2111 4517 2198 4563 re;
2227 4517 2342 4555 cum
2376 4503 2541 4574 magis
2567 4503 2703 4558 dona
2723 4505 2853 4573 o/fer
2882 4523 3083 4571 aurum,
3112 4509 3226 4563 thus
3253 4519 3302 4563 et
3324 4511 3606 4580 myrrham,
3638 4525 3694 4567 at

2110 4580 2239 4649 regi,
2268 4587 2326 4631 ut
2354 4579 2479 4645 Deo,
2519 4591 2574 4635 at
2602 4592 2689 4635 tua
2718 4599 2874 4637 causa
2902 4595 3124 4641 mortuo.
3175 4588 3341 4642 Vetus
3379 4579 3569 4643 auctor
3592 4589 3694 4644 ho-

2113 4659 2272 4736 milia:
2301 4659 2364 4711 de
2402 4669 2582 4713 sancta
2622 4660 2811 4715 Christi
2858 4667 3187 4732 generatione
3227 4667 3367 4721 inter
3415 4682 3581 4736 opera
3627 4669 3688 4725 S.

2114 4735 2315 4800 Basilii,
2349 4755 2496 4793 num.
2548 4739 2601 4804 2,
2649 4748 2779 4794 tom.
2826 4740 2888 4805 ll,
2939 4756 3060 4811 pag.
3093 4742 3200 4798 602
3231 4746 3360 4800 edit.
3393 4735 3562 4800 Paris.
3593 4763 3687 4803 an.

2105 4814 2273 4881 1722;
2305 4814 2560 4883 Origenes
2590 4817 2681 4871 lib.
2713 4835 2729 4871 ι
2758 4829 2940 4873 contra
2979 4819 3214 4888 Celsum,
3252 4839 3395 4877 num.
3429 4824 3518 4891 60,
3549 4832 3684 4882 tom.

2102 4893 2122 4947 l
2153 4908 2278 4974 opp.
2312 4894 2441 4948 edit.
2494 4895 2663 4974 Paris.
2713 4894 2772 4950 P.
2819 4897 2888 4974 de
2916 4899 2964 4952 la
2991 4899 3106 4956 Rue
3131 4901 3240 4974 :_Ut
3267 4905 3374 4974 regi
3403 4921 3606 4974 aurum,
3633 4917 3690 4960 ut

2101 4965 2348 5017 morituro
2382 4965 2666 5033 myrrham,
2712 4975 2768 5019 ut
2810 4966 2918 5022 Deo
2959 4973 3073 5024 thus
3114 4965 3424 5026 obtulerunt.
3485 4973 3551 5026 Et
3581 4975 3690 5030 lre~

2100 5047 2248 5112 nurus
2276 5033 2467 5112 λιι
2510 5044 2689 5088 contra
2728 5037 2977 5112 hqreses,
3027 5055 3144 5112 cap.
3187 5041 3242 5112 9,
3292 5057 3439 5095 num.
3471 5042 3522 5105 2,
3558 5059 3683 5112 pag.

2099 5100 2204 5184 ρει
2233 5102 2360 5184 edit.
2384 5103 2601 5184 Venet-a3
2629 5119 2717 5158 an.
2745 5105 2911 5184 17:54,
2943 5100 3001 5162 ut
3029 5100 3152 5164 inde
3185 5100 3605 5184 planecopsta't,
3629 5100 3687 5168 id

2100 5174 2558 5248 interpretationis
2602 5188 2769 5243 genus
2801 5174 2910 5248 jam
2959 5193 3126 5247 usque
3154 5174 3393 5248 a'primis
3423 5174 3683 5237 Ecclesiae

2097 5243 2306 5315 saaculis
2333 5243 2400 5296 ad
2426 5249 2642 5315 {etatem
2665 5247 3015 5315 posteriOrem
3040 5243 3310 5304 manasse.
3345 5250 3684 5306 Sacerdotem

2094 5313 2150 5364 in
2176 5312 2320 5365 thure
2347 5312 2810 5380 considerandum,
2861 5319 3047 5371 scribit
3086 5327 3276 5374 auctor
3310 5322 3575 5376 sermonis
3617 5325 3683 5376 de

2099 5380 2333 5470 molliret
2357 5381 2534 5470 ﬁngis
2566 5383 2876 5470 inter-oper.
2995 5386 3156 5470 Cypr.
3181 5389 3518 5470 in_ap.p_cn_d.,
3551 5406 3679 5470 pag.

2097 5447 2168 5522 29
2193 5451 2323 5522 edit.
2355 5447 2530 5522 Oxon.
2563 5467 2651 5522 an.
2695 5447 2850 5508 1682.
2899 5447 3058 5522 Quod
3080 5447 3212 5513 item
3241 5447 3473 5515 in'l'ibris
3503 5447 3679 5518 ἑεὲιειὲ-

2021 5529 2076 5588 ι)
2099 5519 2328 5596 sjasticis
2354 5521 2565 5592 legitur.
2609 5521 2719 5580 Sed
2744 5524 2798 5581 id
2824 5519 3040 5596 quoque
3067 5529 3122 5584 in
3151 5529 3416 5589 honorem
3444 5529 3677 5586 refertur

2102 5587 2215 5645 Dei.
