4042 6192
268 385 361 440 273

1601 382 1885 440 IIOMILIA
1927 382 2105 439 XXIII.

3431 390 3531 445 9.74

265 498 542 555 festivitate
582 496 890 553 L-etandum.
939 495 1141 552 Ferunt
1177 496 1321 552 enim
1363 496 1524 552 hodie
1569 494 1839 551 Christum
1871 501 1917 558 A
1946 498 2158 553 adorari
2188 512 2433 568 puerum,
2465 513 2622 569 quem
2650 500 2765 572 ipse
2801 502 3070 558 nesciret?
3096 501 3213 569 Quo
3248 506 3533 572 torqueba-

267 592 537 647 Dominum
567 598 811 645 nostrum
838 590 923 645 vel
949 589 1104 644 stella
1142 588 1279 644 duce
1315 604 1346 642 a
1375 589 1623 658 gentibus
1651 588 1843 643 adora-

266 694 389 749 tum,
416 682 504 738 vel
534 683 815 736 invitatum
840 681 905 734 ad
935 680 1151 750 nuptias
1175 694 1342 750 aquas
1369 680 1423 733 in
1450 679 1572 733 vina
1598 679 1840 743 vertisse,

264 775 339 830 vel
364 783 618 843 suscepto
647 789 678 826 a
704 772 913 827 Joanne
938 773 1258 841 baptismate
1280 785 1623 826 consecrasse
1643 770 1840 826 fluenta

261 862 522 925 Iordanis,
556 877 819 930 suumque
856 862 1012 915 simul
1042 858 1352 931 puriﬁcasse
1382 861 1702 930 Baptistam.
1734 860 1840 916 Sed

261 954 376 1023 quid
418 953 754 1023 potissimum
783 963 808 989 ει
846 953 952 1007 hoc
998 950 1195 1008 factum
1233 952 1304 1006 sit
1345 950 1431 1007 die
1468 951 1680 1007 noverit
1727 952 1843 1020 ipse

261 1046 340 1116 qui
379 1043 534 1110 fecit;
575 1058 679 1099 nos
704 1050 887 1098 tamen
910 1043 1133 1100 credere
1163 1056 1265 1097 nec
1288 1041 1533 1097 dubitare
1561 1040 1838 1107 debemus,

260 1138 511 1209 quidquid
540 1136 671 1192 illud
699 1144 800 1203 est,
832 1136 1032 1191 factum
1060 1150 1178 1191 esse
1202 1150 1301 1205 pro
1331 1134 1503 1189 nobis.
1537 1132 1666 1187 Nam
1695 1134 1839 1201 quod

260 1247 371 1285 eum
401 1229 739 1299 fulgentioris
763 1228 931 1283 stellae
952 1226 1114 1283 radiis
1138 1227 1343 1283 incitati
1367 1225 1660 1281 adoravere
1679 1224 1839 1279 Chal-

258 1323 377 1389 (ιωί,
417 1322 589 1377 Deum
628 1336 817 1375 verum
859 1320 1109 1388 gentibus
1148 1332 1271 1390 spes
1297 1318 1422 1373 data
1449 1325 1532 1373 est
1558 1316 1833 1371 adorandi.

257 1414 403 1481 Quod
434 1428 588 1483 aqum
624 1427 766 1468 novo
806 1412 912 1467 sint
948 1411 1136 1468 ordine
1173 1410 1226 1465 in
1265 1410 1389 1464 vina
1416 1417 1665 1477 mutatae,
1712 1408 1837 1464 novi

257 1510 405 1563 nobis
435 1509 614 1579 poculi
650 1507 986 1578 prmlibatum
1015 1514 1096 1560 est
1123 1511 1540 1560 sacramentum.
1570 1502 1723 1568 Quod
1743 1517 1836 1555 au-

257 1610 356 1655 tem
387 1600 692 1669 baptizatus
715 1605 799 1653 est
830 1598 1014 1666 Agnus
1040 1596 1164 1660 Dei,
1195 1594 1563 1663 regenerantis
1582 1593 1833 1662 baptismi

255 1692 486 1745 salutare
516 1690 672 1745 nobis
699 1702 893 1743 munus
920 1695 1003 1741 est
1030 1686 1359 1742 dedicatum.
1391 1682 1616 1753 Oportet
1654 1683 1833 1751 itaque

256 1799 366 1847 nos,
420 1782 632 1844 fratres,
684 1780 750 1835 ad
796 1780 1058 1833 honorem
1108 1776 1402 1832 Salvatoris
1442 1775 1629 1841 nostri,
1680 1773 1832 1843 cujus

1944 598 2032 644 tur
2059 590 2336 659 languore,
2366 606 2488 647 cum
2520 593 2720 661 pariter
2748 592 2865 661 ejus
2894 602 2949 647 et
2977 608 3142 649 cunas
3172 595 3223 647 in
3254 596 3410 648 terris
3434 595 3531 649 de-

1940 681 2200 749 spiceret,
2243 688 2299 734 et
2344 681 2555 735 stellam
2602 683 2887 737 miraretur
2915 685 2967 736 in
2998 684 3174 740 coelo?
3214 682 3531 751 Unigenitus

1940 778 2121 824 autem
2154 770 2410 825 Altissimi
2439 772 2517 826 sic
2543 772 2818 827 humiliter
2847 774 3114 841 ingressus
3141 783 3223 829 est
3248 773 3526 835 mundum,

1942 870 2001 917 ut
2023 862 2321 929 indubitata
2349 864 2642 920 divinitatis
2673 882 2780 920 sua:
2809 876 2829 904 ε
2854 866 3088 921 deferret
3119 864 3339 929 indicia;
3372 873 3529 919 natus

1940 953 2084 1007 enim
2124 952 2190 1007 de
2232 951 2433 1009 femina
2462 963 2565 1019 est,
2596 956 2691 1010 sed
2719 963 2874 1010 natus
2901 971 2968 1010 ex
2996 956 3230 1023 virgine;
3263 956 3288 993 α
3313 955 3526 1024 jaccbat

1941 1043 1993 1096 in
2021 1044 2264 1113 praesepi,
2283 1044 2378 1099 sed
2398 1045 2449 1099 in
2471 1046 2645 1101 sidere
2681 1047 2952 1111 rutilabat,
2977 1055 3035 1101 ut
3056 1047 3329 1101 hominem
3351 1046 3521 1111 illum,

1943 1134 2217 1202 Deumque
2246 1150 2363 1190 esse
2393 1144 2447 1191 et
2478 1144 2687 1192 terrena
2722 1146 2917 1204 mater,
2961 1146 3016 1192 et
3058 1138 3270 1205 signum
3306 1137 3524 1201 cmleste

1939 1232 2285 1282 monstraret.
2336 1225 2539 1292 Quibus
2584 1243 2713 1283 vero
2765 1227 2956 1293 radiis,
3008 1236 3279 1296 quantove
3324 1228 3526 1282 lumine

1937 1315 2083 1371 illam
2126 1316 2338 1372 Domini
2378 1319 2589 1373 stellam
2629 1319 2849 1388 antiqua
2896 1318 3166 1375 credimus
3212 1327 3340 1373 tunc
3385 1317 3526 1373 inter

1936 1414 2078 1461 astra
2104 1405 2348 1461 fulsisse?
2377 1406 2647 1473 Quantum
2674 1409 2726 1463 in
2757 1408 3044 1478 splendore
3080 1408 3373 1477 prmcessit,
3406 1421 3526 1477 qum

1940 1504 2145 1552 tantum
2169 1497 2391 1567 praeibat
2420 1497 2471 1550 in
2502 1512 2753 1563 munere;
2786 1512 2905 1566 quae
2930 1498 3077 1552 velut
3110 1497 3327 1567 quidam
3359 1496 3525 1550 totius

1937 1586 2081 1641 orbis
2110 1588 2296 1643 oculus
2340 1588 2619 1655 caligantis
2661 1587 2846 1643 mundi
2884 1595 3124 1642 veterem
3163 1587 3267 1655 67
3307 1584 3525 1640 novavit

1935 1679 2244 1746 aspectum?
2275 1679 2289 1709 ¹
2321 1676 2479 1744 Ecce,
2513 1676 2733 1743 fratres,
2777 1676 2845 1731 ad
2878 1687 2901 1715 ε
2944 1676 3291 1745 quaerendum
3321 1675 3522 1743 Regem

1933 1781 2118 1835 regum
2146 1783 2251 1822 una
2277 1767 2557 1823 Chaldaeos
2577 1768 2731 1827 stella
2762 1768 3053 1837 pertraxit;
3084 1765 3363 1822 Iudaicum
3394 1780 3524 1820 vero

255 1875 586 1929 nativitatem
616 1871 795 1927 debita
840 1885 1011 1939 nuper
1041 1884 1162 1923 cum
1191 1867 1547 1922 exsultatione
1571 1868 1833 1936 transegi-
1865 1857 1909 1917 Β
1936 1859 2195 1928 populum
2223 1859 2290 1913 ad
2319 1858 2679 1914 obedientiam
2701 1858 2795 1912 Dei
2817 1860 2920 1923 sui,
2948 1872 3046 1911 nec
3072 1858 3224 1925 ignea
3253 1855 3523 1924 quondam

257 1981 385 2029 mus,
420 1963 570 2018 omni
609 1978 729 2017 cum
758 1961 1045 2015 devotione
1072 1960 1234 2013 etiam
1272 1959 1412 2013 hunc
1439 1959 1694 2013 virtutum
1722 1957 1837 2027 ejus

255 2058 526 2112 celebrare
552 2054 806 2109 natalem.
831 2052 897 2105 Et
916 2067 1077 2120 quam
1107 2058 1253 2105 recte
1281 2050 1381 2104 tria
1411 2050 1525 2105 hmc
1548 2050 1701 2105 nobis
1729 2066 1837 2105 uno

257 2156 366 2201 acta
409 2147 465 2199 in
494 2144 581 2199 die
608 2142 863 2214 mysteria
891 2140 1269 2211 praedicantur,
1299 2140 1390 2209 qui
1418 2138 1697 2194 inelfabilis
1724 2137 1839 2193 Tri-

258 2236 437 2290 nitatis
468 2248 726 2288 arcanum
749 2247 857 2286 uno
886 2231 980 2284 Dei
1005 2230 1103 2284 sub
1130 2229 1349 2285 nomine
1377 2227 1713 2283 confitemur.
1738 2227 1839 2283 Per

258 2327 360 2381 haec
390 2339 522 2393 ergo
552 2323 809 2377 miracula
831 2320 1071 2375 Christus
1098 2320 1368 2384 Dominus,
1389 2318 1715 2387 Redemptor
1739 2333 1838 2372 n0-

256 2426 357 2473 ster
384 2418 501 2487 66
527 2416 696 2471 oculis
723 2429 781 2469 se
808 2413 977 2467 voluit
1004 2412 1245 2467 revelare
1288 2411 1614 2474 mortalium,
1643 2417 1835 2479 quate-

256 2524 347 2566 nus
374 2505 659 2561 invisibilis
696 2504 813 2573 ejus
841 2503 1109 2568 divinitas,
1140 2517 1259 2570 qua:
1288 2502 1490 2555 latebat
1516 2501 1570 2554 in
1597 2501 1835 2566 homine,

258 2598 305 2653 in
333 2613 502 2669 opere
530 2613 639 2651 non
680 2596 873 2650 lateret
903 2613 917 2649 :
946 2602 1023 2660 ut,
1054 2594 1181 2648 dum
1216 2601 1452 2648 tentator
1471 2592 1705 2647 Verbum
1732 2591 1837 2647 Pa-

255 2689 344 2743 tris
373 2686 763 2756 omnipotentis
791 2701 897 2740 non
924 2683 1276 2753 deprehendit
1322 2684 1376 2738 in
1421 2698 1613 2749 carne,
1651 2698 1838 2738 omnes

257 2780 467 2851 ubique,
493 2779 587 2848 qui
610 2779 664 2832 in
684 2778 778 2832 Dei
802 2776 937 2832 Filio
964 2777 1198 2831 Verbum
1224 2784 1279 2832 et
1298 2793 1513 2832 carnem
1535 2777 1833 2842 crederent,

255 2873 607 2927 salvarentur.
656 2869 724 2924 Et
768 2870 984 2939 quidem
1030 2869 1245 2923 videbat
1287 2869 1532 2925 diabolus
1580 2869 1835 2925 infantem

254 2963 436 3034 pannis
478 2961 744 3028 obsitum;
790 2959 885 3016 sed
931 2960 1212 3028 ignorabat
1260 2960 1433 3030 ipsum
1463 2976 1579 3017 esse
1604 2961 1716 3029 qui,
1746 2976 1837 3015 re-

253 3056 403 3110 motis
431 3055 591 3108 initio
621 3054 875 3122 tenebris,
899 3053 1155 3107 mundum
1198 3054 1316 3108 luce
1346 3054 1577 3108 vestivit.
1606 3053 1837 3109 Videbat

253 3158 366 3199 eum
396 3142 648 3200 mortalis
673 3144 861 3197 matris
898 3143 1064 3199 ubera
1102 3151 1410 3211 sugentem;
1439 3143 1532 3198 sed
1564 3144 1835 3198 nesciebat

254 3234 415 3304 ipsum
456 3250 581 3289 esse
608 3234 699 3303 qui
728 3234 1050 3289 esurientem
1085 3233 1366 3288 Hebraeum
1390 3234 1642 3303 pupulum
1672 3247 1836 3301 ange—
1861 3221 1904 3280 C

255 3325 347 3380 lico
375 3326 503 3380 fecit
531 3341 693 3395 pane,
724 3324 887 3380 veluti
926 3324 1132 3379 cmlesti
1159 3324 1317 3391 lacte,
1349 3324 1714 3393 pinguescere.
1744 3324 1833 3378 Vi-

252 3414 402 3469 debat
429 3415 714 3484 parvulum
750 3415 991 3483 angustis
1037 3415 1090 3468 in
1129 3415 1406 3470 cunabulis
1433 3415 1825 3484 quiescentem;

253 3506 336 3560 sed
368 3508 558 3561 videre
598 3521 704 3561 non
744 3514 959 3576 poterat
986 3506 1157 3575 ipsum
1202 3520 1323 3561 esse
1362 3521 1523 3575 quem
1552 3522 1657 3561 non
1688 3509 1832 3577 capit

252 3597 496 3652 mundus.
540 3596 753 3663 Quanto
802 3598 961 3665 igitur
1001 3598 1247 3652 inimicus
1276 3598 1328 3651 in
1360 3598 1461 3652 hac
1485 3596 1682 3652 Christi
1725 3600 1829 3652 hu-

252 3687 494 3753 militate,
521 3703 620 3757 per
644 3690 847 3742 incerta
874 3688 1159 3743 distraetus
1185 3696 1403 3757 stupore
1432 3689 1672 3751 nutabat,
1704 3706 1825 3743 cum

250 3790 341 3845 per
364 3776 667 3842 Chaldaeos,
700 3779 993 3847 pnecipuos
1021 3780 1203 3847 utique
1245 3780 1535 3850 tyrannidis
1578 3795 1687 3833 sum
1727 3782 1827 3835 mi-

251 3865 461 3931 nistros,
491 3883 690 3922 novum
720 3868 923 3922 videret
960 3868 1297 3937 infantulum,
1327 3870 1473 3924 velut
1501 3872 1623 3925 novi
1655 3871 1825 3940 impe-

249 3955 307 4009 rii
332 3972 516 4027 regem
540 3958 701 4027 regiis
723 3959 1031 4013 muneribus
1056 3960 1347 4014 honorari?
1377 3960 1403 3998 b
1430 3962 1535 4015 Aut
1555 3962 1827 4031 quomodo

250 4062 349 4103 non
386 4059 650 4121 stuperet,
681 4067 805 4106 cum
844 4053 1088 4108 turbatus
1132 4053 1422 4122 inspiceret
1459 4070 1489 4108 a
1518 4056 1690 4125 magis
1718 4058 1828 4111 suis

312 4216 338 4290 ξ
521 4209 780 4290 Lauregt.
806 4206 857 4290 2,
882 4209 975 4290 ξφα
992 4210 1235 4290 praesumi
1257 4211 1450 4290 factum
1469 4212 1537 4290 sit
1561 4211 1825 4290 die._ltem

249 4278 397 4331 codd.
432 4279 601 4362 Vatia.
638 4276 767 4362 9451
804 4287 857 4332 et
884 4276 1062 4362 Casin.
1096 4278 1218 4343 106,
1241 4276 1330 4333 sed
1359 4281 1480 4351 quid
1508 4283 1829 4350 potissimum

248 4350 485 4417 presenti
506 4350 601 4402 hoc
631 4351 824 4419 factum
852 4350 919 4401 sit
946 4349 1047 4402 die.
1372 4349 1379 4351 “
1510 4349 1515 4350 “

254 4484 266 4500 ρ
310 4418 338 4500 if
376 4419 513 4473 Cod.
543 4419 665 4500 Vat.
696 4417 821 4500 257,
848 4418 948 4500 Aut
976 4419 1227 4500 quomodo
1258 4437 1362 4474 non
1392 4430 1596 4492 stupore
1614 4432 1825 4478 contur-

250 4484 407 4553 batus,
440 4506 553 4543 cum
596 4490 868 4559 inspiceret
896 4507 928 4541 a
956 4484 1141 4559 magis.

318 4570 339 4664 ς
380 4558 511 4614 Cod.
546 4556 825 4641 Vatiﬁz‘ﬁ2
856 4556 1088 4682 di/gerrét
1114 4560 1325 4614 indicia.

378 4628 547 4682 Codd.
581 4629 827 4682 Vaticani
853 4628 921 4681 49
966 4628 986 4681 1
1021 4635 1075 4682 et
1103 4628 1226 4682 257.
1250 4631 1325 4682 tat

313 4626 338 4664 ἀ
378 4628 547 4685 Codd.
581 4629 827 4683 Vaticani
853 4626 986 4682 4951
1021 4635 1075 4683 et
1103 4628 1226 4693 257,
1250 4630 1441 4684 latebat
1470 4632 1522 4685 in
1565 4635 1825 4702 praesenti.

1939 1949 2115 2019 potuit
2169 1950 2421 2004 columna
2476 1957 2813 2005 convertere.
2861 1949 2969 2002 Nec
3020 1962 3150 2003 sane
3200 1960 3524 2015 quemquam

1939 2048 2156 2095 moveat
2197 2048 2347 2093 tanta
2389 2040 2503 2095 haec
2531 2039 2753 2107 perfidia
2785 2038 3115 2101 Judzeorum,
3144 2035 3289 2102 quod
3328 2032 3524 2087 Christi

1940 2131 2060 2197 illos
2084 2130 2242 2184 fidem
2269 2131 2560 2199 suscipere,
2593 2144 2767 2197 neque
2808 2128 2932 2183 novi
2972 2127 3125 2181 stella
3156 2125 3392 2193 fulgoris,
3427 2138 3525 2177 nec

1940 2222 2240 2291 parturiens
2268 2222 2419 2290 virgo
2454 2220 2472 2259 ί
2505 2221 2861 2291 compulerit;
2894 2220 2984 2290 qui
3016 2235 3115 2273 nec
3156 2228 3281 2273 tunc
3309 2216 3524 2286 quidem

1940 2313 2051 2368 Deo
2080 2313 2356 2369 credidere
2402 2328 2518 2378 suo,
2569 2328 2688 2366 cum
2738 2312 2857 2366 illos
2903 2326 2999 2381 per
3037 2311 3241 2364 arentia
3290 2307 3523 2369 deserta,

1939 2404 2056 2473 ipso
2085 2404 2380 2457 comitante
2416 2404 2547 2467 Deo,
2579 2402 2773 2458 caelum
2816 2408 3080 2471 pasceret,
3116 2407 3269 2470 petra
3294 2406 3524 2468 putaret.

1939 2495 2044 2550 Sed
2068 2495 2182 2565 jam
2219 2495 2285 2549 ad
2324 2494 2452 2550 illud
2494 2494 2821 2565 praecipuum
2858 2490 3057 2546 Christi
3096 2490 3407 2545 miraculum
3438 2504 3525 2542 ve-

1941 2585 2174 2654 niamus,
2200 2600 2305 2657 quo
2326 2600 2426 2655 pro
2452 2584 2777 2640 documento
2797 2581 3011 2637 deitatis
3036 2596 3145 2635 suae
3174 2595 3341 2649 aquas
3370 2579 3525 2632 vertit

1940 2678 1993 2731 in
2040 2677 2244 2731 vinum.
2294 2676 2554 2731 Invitatus
2592 2684 2618 2722 κ
2654 2674 2854 2743 itaque,
2904 2681 2962 2726 ut
3007 2672 3220 2741 legitur,
3272 2669 3527 2724 Dominus

1941 2770 2180 2841 perrexit
2217 2768 2285 2823 ad
2329 2768 2576 2838 nuptias;
2607 2766 2723 2833 sed,
2754 2773 2812 2820 ut
2844 2764 3155 2833 dignaretur
3180 2763 3283 2816 hoc
3312 2760 3527 2829 virginis

1941 2863 2098 2929 filius,
2112 2870 2307 2917 nostra:
2323 2860 2638 2915 eruditionis
2658 2867 2740 2914 cst
2760 2858 2897 2913 ratio
2918 2875 2931 2910 :
2955 2864 3034 2923 ut,
3058 2857 3163 2911 hoc
3180 2852 3321 2909 docti
3346 2869 3524 2909 exem-

1940 2957 2049 3026 plo.
2083 2954 2440 3023 legitimarum
2482 2953 2630 3007 illum
2674 2952 2978 3021 nuptiarum
3010 2965 3117 3004 non
3149 2963 3403 3017 negemus
3431 2963 3526 3001 au-

1938 3064 2165 3110 ctorem.
2208 3053 2369 3108 Vadit
2407 3067 2536 3122 ergo
2574 3052 2641 3106 ad
2686 3051 2897 3120 nuptias
2934 3049 3031 3104 Dei
3071 3048 3253 3110 Filius,
3286 3053 3364 3112 ut,
3396 3060 3527 3115 quas

1939 3157 2138 3213 dudum
2182 3164 2452 3227 potestate
2497 3154 2804 3220 constituit,
2838 3152 2863 3192 ίι
2914 3163 3041 3209 tunc
3080 3150 3378 3223 praesentia:
3422 3162 3526 3203 sum

1938 3256 2311 3312 benedictione
2339 3253 2659 3310 sanctificet.
2690 3253 2847 3307 Vadit
2877 3252 2944 3307 ad
2983 3253 3199 3323 nuptias
3221 3250 3423 3306 veteris
3452 3250 3526 3302 in-

1936 3353 2136 3418 stituti,
2184 3368 2377 3409 novam
2427 3352 2526 3407 sibi
2578 3360 2850 3421 perpetuae
2898 3351 3220 3420 virginitatis
3272 3363 3525 3418 sponsam

1936 3454 2173 3522 gentium
2199 3452 2267 3509 de
2295 3452 2703 3507 conversatione
2734 3450 2993 3505 facturus.
3017 3448 3174 3502 Vadit
3200 3448 3267 3502 ad
3290 3448 3525 3516 nuptias,

1934 3570 2092 3626 quem
2136 3554 2336 3622 nuplize
2384 3568 2490 3607 non
2541 3558 2811 3607 crearunt.
2852 3549 3014 3604 Vadit
3052 3548 3118 3602 ad
3148 3548 3383 3617 nuptias,
3421 3563 3526 3601 non

1933 3656 2117 3725 utique
2162 3664 2221 3709 ut
2267 3654 2527 3711 conviviis
2565 3652 2882 3717 delectetur,
2920 3649 3015 3704 sed
3056 3658 3116 3703 ut
3162 3648 3175 3685 ί
3230 3648 3525 3703 mirabilius

1934 3758 2249 3813 innotescat.
2301 3755 2460 3810 Vadit
2508 3755 2574 3808 ad
2623 3752 2853 3822 nuptias,
2905 3767 3013 3806 non
3060 3758 3369 3820 sumpturus
3416 3750 3525 3819 63

1931 3858 2147 3930 pocula,
2180 3857 2274 3911 sed
2302 3855 2555 3920 daturus;
2589 3868 2713 3908 nam
2752 3867 2874 3907 eum
2905 3850 3189 3906 defecisset
3231 3849 3525 3919 nuptianti-

1933 3962 2033 4016 bus
2058 3959 2258 4022 vinum,
2292 3959 2366 4012 ait
2390 3957 2464 4011 illi
2486 3956 2796 4012 beatissima
2826 3954 2993 4008 Maria
3030 3971 3042 4006 :
3089 3952 3272 4006 Vinum
3300 3967 3402 4005 non
3428 3951 3521 4003 lm—

1935 4060 2071 4112 bent.
2102 4056 2200 4113 Cui
2229 4057 2377 4112 velut
2423 4056 2705 4124 indignans
2750 4054 3028 4141 respondit
3059 4053 3073 4104 i
3112 4051 3269 4108 Jesus
3302 4070 3315 4103 :
3342 4053 3359 4081 ‘
3391 4049 3525 4115 Quid

2012 4224 2034 4250 θ
2075 4214 2239 4269 Iidem
2269 4212 2425 4268 codd.
2456 4211 2716 4274 Vaticani,
2749 4212 2819 4263 ad
2844 4211 3220 4281 inquirendum.

2016 4284 2033 4321 τ
2074 4284 2207 4339 Cod.
2245 4283 2363 4337 Vat.
2386 4282 2510 4351 957,
2544 4297 2635 4351 nec
2660 4280 2951 4351 parturiens
2979 4280 3118 4349 virgo
3140 4280 3413 4348 copularit.

2010 4365 2036 4401 κ
2074 4355 2207 4409 Cod.
2238 4354 2356 4407 Vat.
2389 4350 2549 4414 4951,
2583 4349 2841 4403 Invitatus
2875 4350 3050 4420 igitur.

2006 4422 2035 4461 ιι
2075 4424 2207 4478 Cod.
2239 4424 2515 4485 Laurent.,
2538 4436 2673 4474 nunc
2692 4421 2981 4485 prmsentia:
2998 4433 3126 4472 sua'.

2016 4493 2030 4531 ί
2074 4493 2207 4548 Cod.
2240 4493 2492 4549 Laurent.
2523 4499 2580 4547 et
2615 4486 2734 4546 cod.
2764 4489 2888 4546 Vat.
2918 4487 3077 4555 4951,
3118 4496 3174 4541 ut
3202 4486 3521 4541 mirabilibus

1936 4567 2241 4618 innotescat.

2014 4634 2027 4683 i
2077 4633 2243 4689 Idem.
2266 4634 2387 4691 eod.
2410 4632 2555 4701 Vat.,
2578 4634 2849 4706 respondit
2874 4630 3146 4686 Dominus.

315 4767 329 4795 '
359 4764 523 4845 Ecce,
563 4767 770 4845 {ra-tres,
811 4765 880 4845 ad
916 4766 1244 4845 querendum
1287 4767 1476 4845 liegem
1517 4787 1691 4839 regum
1723 4789 1827 4827 una
1858 4776 1906 4836 Ι)
1931 4784 2187 4844 tanquam
2226 4774 2395 4845 Deum
2421 4776 2510 4845 pie
2537 4778 3152 4845 sanctequegveneratos
3182 4769 3362 4845 fuisse.
3407 4769 3523 4845 Iloc

245 4832 707 4911 Chaldwosustella
754 4832 1027 4906 perduxit,
1078 4846 1187 4911 etc.
1210 4869 1280 4878 —
1308 4832 1394 4911 De
1422 4832 1665 4911 tempore
1718 4858 1825 4911 quo

244 4918 435 4977 novum
488 4906 619 4977 illud
685 4915 886 4977 astrum
951 4907 1121 4975 magis
1175 4908 1424 4977 apparuit
1485 4906 1826 4967 Gravesonus

244 4974 451 5052 dissert.
571 4975 640 5052 d_e
691 4976 981 5052 Myst.__et_
1011 4974 1176 5052 Annis
1214 4974 1440 5043 Christi,
1496 4989 1552 5052 et
1609 4980 1825 5037 Monilia

244 5042 448 5119 dissert.
502 5044 653 5119 i__d_e
690 5042 807 5119 _An.
857 5046 1075 5119 Christi,
1111 5063 1232 5119 ‘pro
1277 5063 1374 5102 sua
1418 5051 1644 5119 quisque
1698 5068 1824 5106 sen-

241 5114 407 5192 tentia
434 5115 805 5192 eruditissime
830 5117 1063 5192 seripsit.
1111 5114 1220 5192 N_e_c
1246 5114 1471 5192 qumsito
1519 5114 1661 5176 nunc
1689 5138 1825 5192 opus

238 5191 321 5264 est
368 5192 543 5239 utrum
590 5187 733 5253 magi
778 5186 980 5264 {Arabes
1027 5186 1372 5264 an\_Cliald:e_i
1424 5192 1656 5264 iuerint,
1703 5186 1824 5247 eum

239 5254 401 5325 iidem
454 5265 705 5325 auctores
753 5258 802 5311 ei
857 5257 1135 5325 qumstioni
1189 5260 1608 5317 cumulatissime
1645 5254 1822 5317 satis-

236 5322 474 5378 fecerint.
509 5323 688 5379 Unum
716 5322 1083 5389 admouemus,
1115 5327 1404 5383 Maximum
1437 5341 1675 5387 nostrum
1705 5350 1821 5386 ma-

270 5393 905 5475 pstaldmogsemper,
937 5398 1138 5475 Arabes
1168 5415 1458 5475 nunquam,
1502 5404 1818 5475 appellasse.

282 5465 423 5537 ertio
451 5465 687 5521 occurrit
718 5465 893 5520 utrum
924 5468 1097 5522 cultus
1127 5465 1458 5537 quem'magi
1496 5465 1622 5526 Jésu
1652 5488 1821 5537 puero

232 5534 591 5606 exhibuerunt
618 5551 766 5591 mere
810 5537 980 5591 civilis
1010 5534 1169 5591 fuerit
1196 5554 1262 5591 an
1290 5534 1589 5606 religiosus.
1621 5534 1820 5597 Verum

234 5601 299 5655 de
322 5604 427 5657 hoc
445 5606 918 5674 locupletissimum
940 5606 1367 5663 dissertationem
1393 5601 1672 5665 Liberatus
1694 5611 1823 5666 Fas-

234 5674 669 5748 soniuscollega
707 5688 858 5748 meus
906 5676 1089 5731 Roma:
1132 5693 1219 5731 an.
1270 5678 1410 5731 I756
1443 5681 1651 5748 publici
1687 5680 1824 5746 juris

235 5742 384 5795 fecit.
438 5742 651 5814 Invictis
711 5746 925 5814 quidem
986 5748 1272 5799 momentis
1322 5764 1350 5800 a
1408 5742 1557 5803 Novo
1632 5742 1821 5805 Testa-

237 5820 421 5866 tnento
439 5824 490 5871 et
516 5832 545 5870 a
577 5813 823 5873 Patribus
854 5816 1097 5872 deductis
1130 5818 1322 5888 probat
1346 5832 1530 5889 magos
1549 5818 1822 5877 Christum

1932 4846 1984 4899 in
2015 4838 2180 4914 opere
2205 4838 2554 4914 proﬂigahtur
2578 4838 2814 4909 Grotius,
2839 4841 3132 4914 Basnagius
3153 4850 3209 4914 et_
3226 4838 3518 4914 Simonius,

1931 4917 2020 4985 qui
2054 4910 2334 4985 magorum
2362 4910 2566 4971 cultum
2594 4931 2743 4971 mere
2769 4914 2979 4970 civilem
3017 4910 3310 4967 obtrudere
3341 4912 3523 4967 conati

1930 4994 2074 5041 sunt.

2001 5060 2020 5087 ²
2052 5054 2189 5120 Quid
2208 5056 2333 5127 mihi
2355 5064 2405 5127 et
2427 5057 2516 5110 tibi
2537 5064 2629 5127 est,
2656 5051 2877 5127 mulier?
2898 5049 3029 5106 Htec
3056 5049 3208 5127 verba
3235 5054 3521 5127 indignan-

1932 5128 1995 5179 tis
2016 5143 2128 5180 esse
2142 5128 2254 5197 quis
2272 5124 2506 5197 dubitet?
2524 5125 2634 5179 Sed
2646 5125 2859 5197 idcirco,
2874 5131 3083 5197 utreor,
3100 5124 3221 5197 quia
3245 5124 3525 5180 tam'teme-

1928 5212 1984 5248 re
1999 5199 2046 5250 ei
2061 5193 2225 5249 mater
2245 5196 2309 5248 de
2324 5197 2523 5265 defectu
2539 5194 2767 5249 carnalis
2792 5193 2960 5265 poculi
2982 5194 3304 5265 suggerebat,
3332 5197 3419 5265 qui
3440 5213 3523 5249 ve-

1929 5276 2077 5319 nerat
2099 5268 2252 5319 totius
2272 5262 2409 5333 orbis
2432 5265 2663 5333 gentibus
2686 5280 2868 5318 novum
2880 5262 3060 5317 salutis
3087 5272 3293 5319 (eterna!
3305 5262 3521 5320 calicem

1965 5338 2225 5405 ropiuare.
2249 5366 2321 5377 —
2359 5333 2683 5389 Adverbium
2733 5344 2946 5399 temere,
2998 5347 3108 5401 quo
3144 5333 3231 5405 hic
3274 5351 3405 5389 usus
3442 5345 3524 5391 est

1960 5403 2213 5471 lauimus,
2235 5405 2279 5458 si
2304 5405 2471 5459 series
2500 5412 2611 5458 tota
2639 5413 3032 5471 contextusque
3057 5403 3319 5459 orationis
3340 5407 3523 5461 consi-

1929 5476 2165 5540 deretur,
2198 5474 2386 5529 eodem
2416 5482 2626 5543 spectat
2653 5483 2814 5543 atque
2837 5474 2962 5528 illud
2984 5489 3090 5526 non
3115 5488 3179 5524 ex
3200 5491 3288 5537 re;
3318 5492 3441 5529 neve
3461 5490 3525 5528 ea:

1931 5556 2175 5615 tempore,
2198 5560 2403 5615 senum:
2419 5542 2737 5614 opportune;
2764 5560 2868 5615 qua
2879 5543 3107 5615 quidem
3130 5542 3523 5615 significatione

1929 5611 2223 5670 adverbium
2244 5614 2383 5668 idem
2412 5611 2726 5684 usurpatum
2755 5611 3042 5684 haud_raro
3069 5611 3264 5684 fuitiab
3290 5612 3524 5684 antiquis

1970 5686 2163 5740 urioris
2193 5684 2495 5740 Latinitatis
2533 5680 2845 5748 cultoribus,
2878 5681 3133 5736 Terentio
3176 5682 3441 5747 imprimis
3470 5680 3521 5731 in

1982 5756 2268 5818 hormioue,
2313 5762 2417 5809 act.
2462 5753 2514 5817 5,
2548 5770 2629 5827 sc.
2656 5754 2708 5819 8,
2735 5750 2975 5827 vers._9,
3007 5758 3109 5827 etc.
3146 5749 3201 5827 Id
3247 5758 3426 5801 autem
3454 5762 3521 5825 eo

1926 5825 2070 5890 dico,
2115 5835 2173 5880 ut
2220 5842 2287 5882 ne
2329 5827 2449 5895 quis
2478 5834 2571 5881 aut
2602 5822 3002 5893 despiciendum
3028 5818 3336 5877 Maximum,
3368 5818 3517 5882 quasi
