4042 6192
466 386 566 443 275

1661 382 1715 439 s.
1755 368 2000 438 MAXIMI
2040 378 2491 440 TAURINENSIS

3640 383 3739 438 276

465 500 593 554 mihi
618 508 669 553 et
706 498 796 554 tibi
840 505 937 566 est,
973 498 1193 554 mulier?
1218 498 1342 554 Haec
1378 498 1539 553 verba
1576 496 1901 565 indignantis
1928 511 2047 551 esse
2076 504 2121 560 Α
2150 514 2282 568 pore
2312 517 2322 551 :
2348 498 2550 570 hydriis
2570 508 2764 568 praeter
2782 514 2976 570 aquam
3001 493 3131 556 nihil
3156 496 3426 569 adjectum
3451 517 3464 555 :
3488 516 3576 556 ars
3596 503 3739 559 nulla

463 591 585 658 quis
616 590 859 645 dubitet?
886 589 993 644 Sed
1021 590 1240 654 idcirco,
1272 598 1332 645 ut
1370 604 1512 654 reor,
1544 588 1667 657 quia
1705 595 1814 641 tam
1843 596 2050 641 temere

463 682 511 735 ei
545 688 719 735 mater
743 689 770 718 ι
796 680 863 736 de
885 680 1097 735 delectu
1126 682 1356 736 carnalis
1385 680 1566 750 poculi
1593 678 1930 747 suggerebat,
1956 679 2049 747 qui

432 772 685 892 jvenerat
716 772 881 826 totius
909 771 936 810 δ
965 772 1109 827 orbis
1131 773 1378 841 gentibus
1400 786 1598 827 novum
1626 770 1812 825 salutis
1837 776 2049 824 aeternae

463 862 682 892 ηηιςηηηι
706 864 989 892 η-Αηζηη-υ.
1036 861 1189 892 ηκιυῑ
1214 864 1352 892 ...νζ-..-
1376 864 1444 892 ..ξι
1505 861 1740 892 "null-Im
1762 862 1898 892 ..Μὴ
1922 861 2047 892 Ιιηαη

461 862 683 917 calicem
706 864 1010 933 propinare.
1036 861 1191 930 Quod
1211 864 1354 919 enim
1375 864 1468 926 ait,
1496 861 1743 916 Nondum
1762 862 1898 915 venit
1918 861 2047 914 liora

459 969 611 1019 mea;
654 954 800 1009 illam
842 955 1093 1010 nimirum
1134 956 1571 1025 gloriosissimam
1626 955 1891 1025 passionis
1936 969 2047 1010 sure

458 1042 673 1111 horam,
709 1056 730 1084 ε
757 1054 849 1100 aut
876 1046 1002 1100 illud
1027 1047 1414 1117 redemptionis
1441 1054 1638 1100 nostra:
1666 1046 1869 1109 vinum,
1900 1042 2046 1113 quod

457 1133 582 1187 vitte
608 1135 847 1188 omnium
869 1135 1177 1204 proliceret,
1219 1136 1583 1206 promittebat.
1616 1134 1749 1189 Nam
1776 1134 1920 1203 quod
1946 1149 2043 1202 pe-

458 1224 607 1278 tebat
641 1224 805 1279 Maria
851 1232 968 1280 erat
1013 1227 1199 1295 gratias
1245 1228 1587 1297 temporalis;
1627 1228 1771 1297 quod
1801 1225 2045 1281 Christus

456 1316 700 1385 parabat,
733 1316 912 1383 gaudii
959 1317 1289 1387 sempiterni.
1325 1317 1435 1372 Nec
1463 1325 1642 1371 tamen
1687 1316 1857 1386 piguit
1892 1315 2043 1370 beni-

455 1405 766 1472 gnissimum
813 1405 1125 1470 Dominum,
1172 1406 1299 1460 dum
1344 1421 1534 1473 magna
1584 1407 1828 1470 veniunt,
1879 1421 2042 1475 parva

455 1502 740 1563 przrstare;
791 1495 911 1549 ideo
958 1497 1280 1551 venerabilis
1335 1496 1500 1551 Maria
1556 1504 1611 1551 et
1658 1511 1784 1550 vere
1824 1504 1881 1551 ut
1926 1511 2041 1549 ma-

453 1592 536 1639 ter
579 1585 790 1640 Domini
838 1587 891 1640 in
940 1588 1126 1656 spiritu
1175 1584 1201 1624 ι¹
1244 1586 1420 1659 futura
1459 1602 1821 1657 prmnoscens,
1853 1602 1916 1641 ac
1943 1586 2040 1641 do-

455 1677 704 1732 minicam
746 1678 1044 1747 praevidens
1090 1680 1441 1742 voluntatem,
1486 1680 1715 1733 sollicite
1766 1679 2039 1732 ministros

453 1769 749 1832 admonuit,
798 1768 1024 1824 dicens:
1062 1767 1410 1840 Quodcunque
1452 1771 1642 1823 dixerit
1680 1768 1815 1823 vobis
1860 1772 2034 1839 facile.

2153 588 2418 644 conducta
2445 597 2527 644 est
2552 608 2564 641 :
2590 598 2646 644 et
2679 598 2786 644 tam
2814 591 3015 659 grande
3040 591 3356 646 miraculum
3385 590 3526 646 inter
3547 594 3739 662 pavida

2150 680 2611 735 circumstantium
2634 681 2866 747 silentia,
2894 681 3008 736 sola
3030 690 3237 735 tantum
3260 681 3507 736 voluntas
3527 682 3738 741 Domini

2152 771 2379 827 tacentis
2427 770 2621 826 eﬂ‘eeit.
2682 772 2792 828 Nec
2834 772 3215 836 dubitandum,
3268 774 3562 842 carissimi,
3612 777 3738 843 quia

2153 864 2266 934 ipse
2294 877 2465 933 aquas
2493 863 2727 917 traduxit
2768 864 2822 916 in
2852 864 3052 928 vinum,
3083 865 3174 932 qui
3203 878 3296 918 eas
3324 864 3392 918 ab
3420 864 3573 920 initio
3606 882 3737 920 con-

2150 954 2319 1008 crevit
2360 953 2414 1007 in
2458 953 2628 1019 nives,
2661 953 2873 1008 duravit
2914 953 2968 1008 in
3008 954 3252 1021 glaciem,
3284 954 3552 1025 IEgyptiis
3579 957 3736 1011 vertit

2151 1047 2202 1099 in
2227 1045 2561 1113 sanguinem,
2595 1052 2650 1098 et
2673 1043 2911 1099 Hebraeis
2944 1044 3248 1100 sitientibus
3284 1060 3504 1100 manare
3535 1049 3551 1096 t
3587 1046 3737 1102 arida

2144 1135 2213 1190 de
2241 1149 2375 1203 rupe
2402 1134 2674 1203 prtecepit,
2703 1148 2823 1202 qum
2849 1133 3314 1188 innumerabilium
3336 1134 3733 1189 multitudinem

2143 1226 2465 1297 populorum
2507 1225 2779 1280 stillicidio
2819 1224 2945 1279 novi
2992 1224 3172 1289 fontis,
3203 1225 3320 1279 vice
3360 1228 3733 1280 "maternorum

2144 1318 2388 1382 uberum,
2415 1317 2703 1371 nutriebat.
2738 1314 2873 1381 Quid
2900 1315 3131 1384 primum
3162 1313 3185 1352 ¹ί
3219 1323 3456 1385 stupeas,
3478 1316 3587 1386 7o
3606 1316 3732 1385 quid

2146 1409 2376 1475 mireris,
2408 1407 2589 1461 vinum
2637 1407 2705 1462 de
2752 1421 2911 1476 aqua,
2953 1422 3021 1460 an
3069 1421 3263 1476 aquam
3303 1406 3370 1460 de
3400 1409 3586 1476 petra?
3628 1407 3734 1466 Stal

2147 1501 2291 1554 nulla
2335 1509 2406 1562 te,
2453 1500 2755 1569 quicunque
2800 1499 2942 1553 inter
2984 1499 3085 1552 ista
3131 1498 3419 1564 cunctaris,
3450 1497 3733 1553 inﬁdelitas

2144 1594 2342 1656 turbet,
2394 1591 2536 1660 quod
2587 1590 2809 1645 dubium
2855 1605 2963 1644 non
3003 1598 3086 1644 est
3134 1589 3201 1643 ad
3248 1598 3434 1644 nutum
3460 1589 3733 1645 Creatoris

2143 1689 2511 1737 creaturarum
2541 1680 2807 1736 elementa
2843 1678 2861 1718 ι
2895 1680 3129 1749 pendere
3162 1698 3174 1732 :
3207 1688 3300 1733 aut
3327 1694 3422 1734 cur
3462 1696 3571 1735 non
3610 1696 3733 1735 crc-

2142 1774 2329 1828 damus
2347 1773 2545 1826 virtute
2565 1771 2836 1825 dominica
2855 1772 3038 1824 vinum
3057 1769 3170 1824 ﬁeri
3194 1771 3432 1840 potuisse
3458 1771 3526 1825 de
3558 1786 3700 1840 aqua
3716 1812 3733 1840 ,

453 1858 666 1913 Sciebat
696 1861 938 1927 profecto
979 1870 1150 1915 mater
1190 1869 1373 1916 sancta
1424 1861 1850 1930 objurgationem
1892 1862 2036 1915 illam
2069 1874 2113 1932 Β
2141 1882 2262 1922 cum
2310 1866 2484 1932 nobis,
2525 1871 2785 1933 operante
2822 1863 2957 1929 Deo,
3001 1862 3249 1917 fomentis
3284 1862 3533 1917 imbrium
3573 1870 3734 1917 terrae

452 1949 661 2001 Domini
690 1948 892 2019 ﬁliique
931 1951 1011 2005 sui
1054 1967 1159 2003 non
1203 1952 1481 2007 irascentis
1510 1951 1767 2007 offensam
1812 1960 2040 2020 praeten-

452 2039 595 2103 dere,
630 2048 652 2075 °
684 2040 777 2093 sed
831 2041 1193 2095 miserationis
1246 2051 1466 2111 portare
1507 2044 1841 2114 mysterium.
1891 2042 2041 2097 Tunc

451 2127 703 2182 Dominus
752 2129 1041 2199 increpatze
1086 2132 1273 2185 matris
1302 2133 1549 2185 relevans
1578 2133 1744 2205 [Alias
1774 2132 2039 2204 revelatis]

446 2219 724 2288 pudorem,
756 2236 1018 2290 suamque
1046 2221 1156 2289 jam
1188 2224 1436 2293 aperiens
1466 2224 1819 2293 maiestatem,
1844 2239 2037 2295 exspe-

447 2311 717 2366 ctantibus
764 2313 841 2365 ait
877 2313 1174 2368 ministris:
1208 2313 1427 2385 Implete
1473 2317 1581 2385 69
1616 2316 1836 2387 'hydrias
1879 2333 2033 2387 aqua.

444 2400 555 2454 Nec
582 2416 733 2454 mora
761 2403 1079 2471 obsequium
1121 2418 1275 2457 suum
1316 2404 1573 2459 obediens
1610 2407 1856 2460 minister
1884 2407 2038 2461 exhi-

446 2487 560 2542 buit
593 2507 605 2541 ε
640 2499 695 2544 ct
723 2505 850 2545 ecce
876 2499 1098 2562 repente
1121 2507 1271 2561 aqum
1297 2494 1400 2547 illm
1422 2503 1703 2563 eruperunt
1722 2497 2039 2551 mirabiliter

446 2581 811 2637 fortitudinem
840 2598 1072 2649 sumere,
1101 2585 1299 2640 ducere
1336 2587 1594 2653 colorem,
1627 2589 1849 2644 odorem
1896 2605 2036 2659 pne-

443 2675 592 2741 bere,
642 2691 893 2746 saporem
940 2678 1244 2748 concipere,
1299 2687 1579 2748 totamque
1626 2680 1784 2735 simul
1828 2692 2038 2738 mutare

439 2775 707 2822 naturam.
741 2767 872 2834 Qua:
899 2772 1227 2840 permutatio
1267 2786 1524 2840 aquarum
1564 2788 1593 2826 a
1623 2788 1721 2828 sua
1762 2775 1818 2828 in
1850 2774 1871 2814 τ
1903 2776 2036 2831 alie-

443 2871 567 2913 nam
600 2871 923 2929 creaturam,
965 2864 1246 2933 praesentis
1272 2864 1547 2920 Creatoris
1577 2875 1661 2921 est
1691 2873 1888 2921 testata
1933 2868 2038 2923 vir-

448 2960 634 3006 tutem.
670 2963 695 3000 8
724 2953 909 3023 Neque
939 2971 1068 3011 vero
1095 2957 1379 3026 quisquam
1408 2965 1726 3014 convertere
1772 2974 1940 3028 aquas
1980 2960 2037 3015 in

444 3057 579 3098 usus
608 3052 793 3113 posset
837 3045 992 3111 alios,
1041 3047 1143 3101 nisi
1191 3047 1280 3103 ille
1319 3049 1411 3119 qui
1453 3063 1544 3104 eas
1582 3048 1711 3105 fecit
1739 3065 1805 3104 ex
1844 3051 2033 3107 nihilo.

441 3136 661 3205 Stupuit
687 3150 817 3206 ergo
857 3138 1102 3195 minister
1147 3142 1427 3208 attonitus,
1468 3144 1561 3211 qui
1607 3157 1774 3213 aquas
1818 3142 2037 3198 miserat

2141 1958 2209 2011 de
2236 1957 2441 2025 gremio
2486 1970 2584 2024 per
2617 1954 2969 2008 ministerium
2999 1953 3275 2007 vinearum
3304 1967 3441 2021 aqua
3466 1959 3651 2020 surgat
3682 1954 3735 2014 in

2139 2047 2358 2101 vinum?
2407 2044 2544 2108 Hoc,
2590 2044 2780 2111 inquit,
2820 2043 2939 2114 fecit
2970 2040 3122 2095 Iesus
3150 2041 3356 2095 initium
3383 2043 3650 2112 signorum
3679 2042 3735 2095 is

2141 2134 2287 2190 Cana
2320 2135 2572 2199 Galilww,
2605 2143 2654 2188 et
2688 2133 3039 2204 manifestavit
3065 2131 3285 2201 gloriam
3315 2147 3482 2195 suam,
3505 2140 3553 2183 et
3573 2130 3736 2184 credi.

2140 2230 2325 2282 derunt
2362 2228 2417 2281 in
2460 2243 2575 2281 eum
2619 2224 2857 2294 discipuli
2903 2224 3032 2293 ejus.
3085 2220 3440 2275 Crediderunt
3479 2221 3734 2289 discipuli

2142 2334 2247 2373 non
2275 2318 2460 2385 utique
2489 2316 2593 2369 hoc
2620 2312 2765 2383 quod
2793 2311 2910 2366 ﬁeri
2936 2310 3265 2375 cernebant,
3293 2310 3386 2364 sed
3426 2310 3557 2365 illud
3583 2310 3736 2380 quod

2140 2408 2369 2464 carnalis
2417 2406 2597 2460 videre
2638 2419 2745 2457 non
2787 2402 2957 2472 possit
2993 2409 3260 2470 aspectus.
3307 2400 3667 2456 Crediderunt
3696 2410 3736 2439 ιιι

2140 2514 2247 2553 non
2274 2497 2419 2566 quod
2461 2493 2704 2550 Christus
2748 2491 2902 2547 Jesus
2953 2490 3092 2545 ﬁlius
3137 2499 3280 2545 esset
3316 2490 3552 2559 virginis,
3584 2491 3738 2559 quod

2138 2590 2440 2653 sciebatur;
2473 2586 2565 2642 sed
2593 2583 2736 2654 quod
2768 2583 2909 2637 idem
2937 2581 3252 2651 Unigenitus
3281 2592 3425 2636 esset
3452 2580 3733 2648 Altissimi,

2139 2680 2284 2751 quod
2311 2680 2365 2733 in
2395 2691 2561 2747 opere
2586 2674 2932 2746 probabatur.
2965 2670 3118 2727 Unde
3146 2681 3202 2727 et
3231 2687 3347 2737 nos,
3372 2670 3585 2737 fratres,
3614 2680 3737 2726 toto

2138 2771 2302 2830 corde
2329 2769 2610 2826 credamus
2637 2768 2810 2836 ipsum
2846 2779 2966 2820 esse
3007 2763 3104 2819 Dei
3133 2762 3346 2830 Filium,
3369 2777 3528 2832 quem
3560 2760 3736 2817 ﬁlium

2137 2861 2372 2918 hominis
2400 2858 2741 2916 conﬁtemur.
2770 2854 3066 2911 Credamus
3096 2853 3243 2907 illum
3274 2860 3331 2908 et
3368 2860 3566 2909 nostras
3594 2869 3738 2909 con-

2138 2960 2340 3009 sortem
2368 2957 2594 3014 naturas,
2635 2955 2689 3002 et
2727 2954 2966 3016 paternae
3003 2943 3313 2998 substantiae
3348 2942 3685 3011 coaequalem
3720 2960 3736 2995 :

2138 3045 2394 3117 quoniam
2440 3050 2495 3098 et
2542 3041 2743 3112 nuptiis
2789 3037 3031 3093 interluit
3073 3042 3134 3089 ut
3172 3036 3353 3100 homo,
3395 3040 3451 3088 et
3478 3043 3651 3104 aquas
3682 3035 3739 3088 in

2139 3137 2263 3191 vina
2300 3134 2525 3189 mutavit
2563 3141 2622 3187 ut
2661 3132 2835 3195 Deus;
2864 3135 3131 3199 quatenus
3178 3125 3300 3185 ﬁdei
3338 3123 3497 3194 hujus
3531 3124 3739 3183 merito

439 3233 492 3278 οι
528 3226 651 3282 Vina
698 3230 962 3293 sumebat,
1008 3231 1324 3301 iactatusque
1351 3233 1379 3269 ιι
1409 3233 1633 3287 nimium
1676 3234 1766 3288 illa
1808 3248 1870 3290 se
1914 3234 2026 3290 suis
2055 3229 2099 3292 C
2132 3244 2231 3284 nos
2252 3226 2416 3282 etiam
2445 3223 2702 3279 Dominus
2730 3228 2912 3275 noster
2939 3217 3123 3274 sobrio
3148 3217 3240 3271 illo
3260 3215 3445 3286 gratia:
3466 3230 3577 3272 sua:
3600 3215 3735 3272 vino

442 3318 679 3375 numeris
719 3319 917 3377 ﬂuenta
954 3330 1219 3392 portasse,
1266 3339 1366 3394 per
1391 3339 1509 3393 qua:
1548 3325 1644 3380 Dei
1686 3334 1831 3381 esset
1857 3326 2029 3395 gloria

445 3408 696 3466 revelata.
736 3409 752 3449 ί
785 3411 955 3468 Nemo
982 3413 1126 3468 enim
1154 3414 1445 3484 quidquam
1486 3415 1697 3470 locutus
1726 3425 1807 3471 est
1829 3416 1881 3471 in
1906 3424 2035 3470 tem-

2139 3320 2403 3392 propitius
2429 3325 2620 3388 potare
2647 3314 2899 3383 dignetur
2918 3319 2967 3365 υ.

1689 3547 1693 3550 '
1756 3528 2104 3590 HOMILIA
2163 3524 2394 3586 XXIV.

1668 3629 1747 3683 De
1775 3628 2073 3701 Epiphania
2101 3625 2313 3680 Domini
2350 3620 2519 3676 VIII.

1901 3739 2295 3796 ADMONITIO.

513 3833 670 3900 Quod
697 3833 1030 3890 Benedictini
1059 3836 1308 3890 monachi
1342 3849 1527 3903 eongr.
1560 3835 1618 3890 S.
1652 3835 1822 3888 Mauri
1851 3835 1903 3887 in
1933 3833 2230 3903 appendice
2260 3829 2414 3903 adﬁ.
2448 3825 2715 3903 Ambrosii
2747 3822 3016 3903 operade
3047 3817 3374 3903 sermoneuil,
3406 3817 3737 3903 qui_eat_se~

445 3886 1319 3976 calidqudeEpipltaiiiaﬁDomini
1350 3886 1789 3976 iVenet.
1806 3886 1908 3957 an.
1944 3886 2101 3976 1'7'5l‘,
2132 3914 2254 3976 pag.
2287 3897 2409 3961 499,
2444 3886 3131 3976 εηίιῃξιὰνᾳτῑὸῐυηιηὶιᾳηε
3156 3886 3533 3976 Ιλοῐρῇιίεξιιῐίξξὲ
3559 3886 3734 3976 aliain

441 3957 746 4044 quampiam
776 3957 1054 4042 sc'ri'ptoris
1079 3957 1325 4041 alicujus,
1358 3974 1414 4028 S.
1443 3957 1666 4027 Maximi
1692 3974 1923 4027 fortasse
1942 4014 1955 4034 ,
2001 3957 2186 4026 refcr'ri
2204 3957 2251 4025 Vo
2291 3957 2471 4023 ortere
2497 3984 2511 4031 ;
2556 3966 2608 4020 id
2636 3965 2769 4019 satis
2796 3957 3085 4018 nunc‘tuto
3113 3977 3145 4016 a
3173 3960 3331 4015 nobis
3358 3957 3536 4014 eﬁerri
3566 3971 3738 4037 posse

444 4042 786 4093 arbitramur.
828 4041 963 4093 Nam
1001 4043 1093 4093 aui
1118 4043 1259 4093 hanc
1284 4059 1406 4093 cum
1448 4044 1726 4093 superiore
1766 4042 2056 4093 contulerit
2078 4081 2093 4093 .
2139 4041 2184 4093 is
2222 3985 2381 4093 plane
2409 4038 2478 4093 ab
2505 4035 2697 4093 eodem
2726 4041 2947 4090 auctore
2977 4031 3043 4087 de
3071 4037 3390 4093 argumento
3437 4025 3633 4083 eodem
3680 4042 3738 4080 tu

444 4041 786 4097 arbitramur.
828 4041 963 4096 Nam
1001 4043 1093 4111 qui
1118 4043 1259 4099 hanc
1284 4059 1406 4099 cum
1448 4044 1726 4115 superiore
1766 4042 2093 4107 contulerit,
2139 4041 2184 4096 is
2222 4056 2256 4110 p

522 4198 547 4230 ⁸
580 4192 714 4247 Cod.
750 4192 868 4247 Vat.
898 4189 1063 4257 495i,
1091 4192 1343 4257 defectum
1363 4195 1609 4249 carnalis.

519 4261 551 4301 1⁵
580 4262 875 4336 Idemcod.
911 4262 1031 4318 Vat.
1062 4261 1223 4332 4951,
1246 4266 1384 4318 orbis
1410 4264 1641 4336 gentibus
1668 4264 1851 4319 salutis
1880 4271 2033 4318 mter-

444 4344 526 4391 πω
553 4334 784 4398 calicem,
809 4341 912 4388 etc.

516 4417 538 4445 ο
570 4403 739 4461 Codd.
764 4404 1045 4471 Laurent.,
1074 4402 1248 4460 Vatic.
1273 4404 1382 4459 257
1405 4413 1461 4460 et
1486 4403 1692 4471 Casin.,
1726 4403 1850 4468 106,
1882 4412 2034 4475 atque

447 4476 594 4531 illud.

515 4545 543 4584 ά
581 4544 715 4600 Cod.
747 4544 873 4600 Vat.
897 4543 1024 4608 957,
1054 4553 1269 4598 ventura
1298 4560 1646 4608 pramoscens.

519 4627 543 4654 ε
580 4616 726 4671 Idem
752 4615 875 4672 cod.
908 4612 1185 4679 Laurent.,
1216 4612 1307 4669 sed
1334 4617 1631 4670 miserantis
1674 4624 1883 4685 portare
1921 4632 2031 4684 my—

448 4688 676 4741 uarium.

522 4757 541 4795 τ
590 4756 734 4810 Idem
765 4755 885 4811 eod.
920 4754 1199 4822 Laurent.,
1228 4756 1284 4808 in
1324 4756 1488 4809 aliam
1529 4765 1843 4810 creaturam.
1893 4753 2026 4809 Cod.

398 4888 405 4892 _
450 4824 568 4879 Vat.
602 4824 760 4894 4951,
787 4844 821 4880 a
847 4842 943 4880 sua
968 4827 1022 4879 in
1050 4827 1213 4879 aliam
1242 4834 1504 4894 naturam.

428 4922 438 4930 ι
520 4905 545 4967 β
572 4895 717 4967 idem
741 4893 860 4951 eod.
886 4895 1007 4950 Vat.
1041 4894 1199 4967 £9517,
1234 4893 1417 4967 Neque,
1436 4897 1579 4949 enim
1603 4897 1895 4967 quisquam,
1924 4903 2026 4948 etc.

449 4964 535 5018 cui
567 4962 675 5017 fere
705 4965 757 5017 in
786 4966 1035 5021 omnibus
1063 4962 1344 5021 uniformis
1373 4966 1510 5019 alter
1534 4962 1652 5020 cod.
1689 4962 1813 5018 Q57.

520 5031 549 5070 ιι
582 5030 817 5101 Uterque
845 5036 965 5090 cod.
997 5037 1090 5106 qui
1118 5051 1279 5107 supra
1299 5077 1313 5102 ,
1355 5036 1660 5107 laztatusque
1687 5044 1764 5089 est
1794 5036 2031 5087 nimium.

450 5191 705 5246 aliorsum
743 5189 795 5245 id
824 5191 972 5244 vocis
1009 5206 1074 5246 ac
1107 5208 1139 5245 a
1166 5194 1436 5248 veteribus
1473 5190 1671 5246 factum
1713 5196 1856 5244 esset
1884 5203 2038 5243 acce-

449 5262 622 5332 perit;
655 5268 756 5332 aut
788 5274 887 5313 nos
914 5260 1173 5332 arbitratu
1202 5264 1253 5316 id
1288 5272 1474 5318 nostro
1501 5268 1836 5332 commentos
1862 5266 2038 5332 putet,

451 5328 616 5402 purga
625 5329 1069 5403 ndi.S._antistitis
1085 5345 1272 5403 causa.
1288 5334 1465 5403 Atque
1484 5332 1563 5387 sic
1579 5330 1853 5403 accepisse
1872 5328 2039 5382 Maxi—

449 5398 723 5470 inum,ex
777 5400 842 5470 iis
892 5414 1019 5470 quae
1056 5415 1181 5452 mox
1210 5398 1477 5470 adjungit,
1509 5398 1732 5467 intelligi
1758 5398 1915 5468 plane
1944 5413 2042 5466 po-

452 5478 577 5526 test.
596 5469 725 5522 Nam
748 5469 950 5524 idcirco
963 5468 1233 5522 Christum
1251 5468 1319 5524 ita
1334 5468 1495 5527 fuisse
1510 5473 1801 5525 allocutum
1814 5476 2039 5521 matrem

453 5539 848 5600 animadvertit,
881 5556 988 5593 non
1009 5539 1152 5608 quod
1176 5540 1263 5593 illa
1293 5544 1583 5609 quidquam
1611 5539 1851 5610 petiisset
1879 5538 2037 5610 male,

453 5612 547 5667 sed
575 5611 719 5679 quod
748 5611 988 5681 petiisset
1016 5624 1135 5662 cum
1166 5610 1395 5663 nondum
1422 5608 1621 5665 Christi
1636 5611 1797 5681 ipsius
1825 5608 2044 5681 venisset

453 5677 605 5745 hora,
629 5697 729 5750 qua
748 5677 1113 5750 redemptionis
1139 5689 1328 5750 nostra:
1356 5682 1545 5750 vinum,
1570 5677 1704 5750 quod
1734 5683 1848 5733 vita:
1877 5677 2039 5750 Itami-

454 5768 577 5807 num
601 5747 890 5821 proﬁceret,
920 5747 1313 5821 promittebat...
1364 5748 1475 5800 Nec
1508 5747 1674 5821 tamen
1704 5751 1865 5819 piguit
1894 5747 2038 5800 beni-

456 5819 758 5893 gnissimum
790 5820 1083 5883 Dominum,
1115 5819 1234 5872 dum
1256 5834 1445 5887 magna
1470 5819 1693 5882 veniunt,
1723 5834 1880 5884 parua
1914 5833 2043 5887 prtu-

2279 4054 2381 4094 ane
2409 4038 2478 4093 ab
2500 4025 2697 4093 eodem
2726 4041 2947 4090 auctore
2977 4031 3043 4087 de
3071 4037 3390 4099 argumento
3437 4025 3633 4103 eodem
3680 4026 3739 4080 in

2217 4188 2234 4227 ί
2268 4188 2416 4243 [dem
2450 4185 2568 4241 cod.
2603 4184 2725 4238 Vat.
2759 4181 2918 4245 495i,
2953 4179 3123 4234 Nemo
3151 4178 3243 4232 illa
3272 4178 3411 4231 enim
3433 4177 3737 4247 quisquam.

2138 4258 2271 4315 Cod.
2305 4258 2428 4312 Vat.
2473 4254 2628 4320 1267,
2660 4252 2773 4307 Nec
2814 4250 3264 4323 enimrquidquam
3287 4249 3501 4301 missum
3516 4256 3648 4323 erat
3682 4249 3741 4315 in

2138 4330 2340 4400 hydriis
2369 4335 2558 4399 prteter
2587 4315 2807 4396 aquam,
2837 4321 2969 4377 nihil
2996 4315 3276 4391 adjectum,
3318 4333 3407 4371 ars
3436 4315 3585 4370 nulla
3611 4332 3751 4371 con-

2138 4401 2312 4467 ducta,
2341 4407 2447 4454 etc.
3180 4459 3191 4469 .

2212 4470 2225 4521 i
2266 4468 2323 4523 In
2356 4467 2478 4523 cod.
2508 4464 2630 4519 Vat.
2663 4462 2768 4517 257
2797 4459 2947 4517 deest
2977 4476 3081 4517 vox
3112 4459 3283 4513 arula.

2210 4541 2234 4577 ¹ί
2265 4539 2398 4595 Cod.
2431 4537 2577 4599 Vat.,
2606 4533 2729 4598 quid
2755 4535 2977 4603 primum
3004 4531 3229 4585 mireris.

2212 4609 2230 4649 ι
2265 4609 2400 4664 Cod.
2432 4608 2553 4663 Vat.
2584 4603 2712 4672 257,
2745 4605 2998 4672 elementa
3028 4616 3230 4672 parere.

2206 4690 2245 4719 ω
2310 4679 2445 4734 Cod.
2505 4676 2629 4731 Vat.
2697 4666 2806 4728 Pal.
2873 4670 2979 4725 257
3007 4666 3038 4739 ,’
3085 4667 3425 4723 Crediderunt
3480 4666 3746 4736 discipuli

2133 4768 2259 4813 non,
2290 4758 2397 4805 etc.

2207 4805 2409 4875 n'Cod.
2453 4816 2622 4871 Valic.
2649 4853 2663 4875 ,
2716 4813 2799 4868 cui
2845 4828 2960 4865 cum
3015 4810 3176 4863 Patre
3216 4817 3265 4861 et
3305 4805 3507 4875 Spiritu
3543 4815 3749 4861 sancta

2137 4900 2362 4962 potestas
2401 4898 2451 4942 et
2496 4887 2768 4957 imperium
2806 4900 2896 4955 per
2942 4882 3119 4937 omnia
3158 4878 3352 4934 saecula
3399 4877 3748 4932 steculorum.

2138 4961 2323 5015 Amen.

2140 5194 2295 5240 stare.
2343 5183 2417 5235 Ac
2452 5182 2588 5244 ideo,
2639 5176 2828 5246 inquit,
2870 5171 3177 5229 venerabilis
3206 5169 3401 5234 Maria,
3446 5178 3495 5221 et
3535 5184 3661 5246 vere
3695 5184 3761 5225 ut

2140 5237 2304 5310 mater
2326 5252 2554 5313 Domini,
2574 5237 2627 5304 in
2649 5237 2835 5318 spiritu
2858 5247 3032 5317 futura
3052 5256 3396 5318 prcenoscens,
3420 5237 3767 5318 etc..Qti'are

2143 5306 2422 5395 Detavium
2462 5306 2868 5395 diligentiorem
2904 5306 3179 5395 cuperem,
3208 5310 3488 5395 multoque
3534 5308 3589 5395 in
3637 5306 3762 5395 P23.

2143 5377 2281 5448 trum
2313 5393 2445 5446 locis
2471 5377 2824 5455 diiddicandis
2852 5377 3149 5455 cautiorem
3178 5395 3342 5449 quam
3363 5377 3479 5455 _fui_t
3510 5394 3522 5428 :
3555 5379 3600 5431 is
3635 5379 3764 5434 sci-

2143 5447 2269 5520 licet
2293 5462 2464 5518 videri
2493 5447 2724 5513 Maximo
2754 5462 2961 5517 nostro,
2995 5454 3071 5506 ait
3097 5447 3312 5505 lib.‘xw
3338 5449 3402 5503 de
3431 5447 3764 5520 Incarnat.,

2144 5517 2263 5603 cap.
2298 5517 2347 5598 ί,
2383 5532 2492 5604 §6,
2536 5531 2590 5604 in
2635 5527 2791 5604 culpa
2836 5525 2999 5604 fuisse
3043 5523 3346 5604 Deiparam,
3398 5526 3568 5604 atque
3598 5517 3770 5604 huic

2143 5587 2368 5673 proinde
2384 5587 2855 5673 utemeritatis-esse
2882 5587 3198 5673 inurendum
3230 5598 3435 5670 notam.
3460 5587 3770 5673 luteume-

2145 5660 2315 5728 rantis
2372 5672 2516 5727 enim
2574 5667 2806 5723 hominis
2857 5673 2938 5718 est
3006 5678 3125 5732 quas
3178 5660 3407 5732 benigne
3465 5660 3771 5732 interpre-

2149 5727 2247 5797 tari
2266 5743 2386 5812 jure
2414 5741 2584 5811 possit
2623 5747 2677 5792 et
2714 5753 2841 5791 vero
2870 5727 3092 5799 debeat,
3123 5727 3422 5787 cavillando
3452 5741 3660 5796 rapere
3706 5731 3776 5786 in

2147 5814 2387 5885 pejorem
2416 5819 2646 5879 partem.
