4042 6192
248 343 341 399 977

1623 340 1897 397 flOMlLlA
1936 340 2116 398 XXIV.

3393 348 3495 404 278

248 462 464 529 utraque
492 450 1246 529 agi_compe_riet._Conﬁrmat
1274 453 1327 507 id
1353 453 1585 529 quidem,
1610 455 1759 529 quod
1789 466 1872 510 est
1897 457 1964 510 de
2004 454 2273 529 Maxime,
2321 454 2489 529 codex
2509 454 2969 529 _Tanr_inensis,g_in
2988 470 3103 529 quo
3122 465 3227 529 est
3252 462 3497 529 superior

248 523 380 595 inter
415 522 665 595 hoyiilias
694 522 1085 595 de_Epiph_ania
1130 538 1353 577 numero
1388 524 1743 595 tertia;_h;ee
1768 532 1978 594 quarta.
2028 523 2203 595 Atque
2238 525 2349 595 inec
2385 523 2619 595 Maximo
2655 526 2756 595 ipsi
2784 522 3090 595 attribuitur
3117 528 3169 581 in
3215 528 3283 581 99
3309 522 3498 584 codice

246 591 446 645 Sancta:
465 589 663 667 _C_rucis
693 593 745 667 in
768 589 1083 667 Jerusalem,
1115 600 1302 667 estque
1328 591 1665 667 nu_me_ro_lli.
1700 589 2057 667 Neqtteverq,
2087 589 2211 667 quia
2242 592 2295 647 in
2325 593 2507 667 multis
2530 589 2801 667 codicibus
2821 610 2883 649 ea
2907 594 3119 649 Maximi
3146 613 3255 667 non
3285 598 3498 667 pnelert

248 677 431 714 nomen
463 661 663 734 idcirco
703 660 1053 734 dubitandum
1092 661 1195 734 erit
1224 677 1350 734 num
1379 662 1495 734 ipsi
1532 662 1602 716 sit
1628 660 1957 716 ascrib’enda.
1989 660 2214 734 Etenim
2242 670 2304 734 ut
2330 663 2443 734 inec
2472 662 2599 734 item
2631 665 2810 734 (quam
2833 679 2952 719 esse
2979 666 3268 734 superioris
3286 660 3498 734 genua-'-

248 746 363 783 nam
395 730 631 804 constat)
663 739 935 804 auctorem
964 731 1212 804 habuisse
1252 729 1541 804 maximum
1567 739 1878 804 censeatur,
1890 732 2030 804 satis
2056 732 2181 804 erit,
2210 730 2256 785 si
2284 732 2523 804 omnium
2550 729 2811 790 fere'cum
2835 729 3177 804 scriptorum,
3209 729 3322 790 tum
3348 736 3496 791 cedis

247 815 359 854 cum
383 799 706 855 auctoritate
728 800 1063 870 superiorem
1090 799 1234 853 illam
1258 799 1433 853 eidem
1460 799 1693 855 Maximo
1721 799 2082 868 adjudicatam
2108 801 2290 867 fuisse,
2322 801 2539 870 liqueat.

247 927 629 1003 Aestimemus.
658 957 744 1003 _——_
787 925 1174 1003 Scripturarum
1195 927 1517 1003 auctoritas
1545 929 1821 1003 no_s__docet
1852 932 1895 988 Α
1925 930 2105 982 statim
2153 930 2381 985 Domino
2410 931 2769 998 crediderunt,
2810 948 2909 988 nos
2952 934 3188 1003 acceptis
3215 935 3387 991 adhuc
3416 943 3498 990 tot

309 997 444 1068 quod
471 998 698 1049 ocularis
724 997 973 1064 inspectio
1002 998 1252 1063 apostolis
1297 998 1559 1068 praestitit.
1595 996 1683 1050 Illi
1713 999 1820 1050 visa

309 1067 608 1136 portentosa
651 1082 800 1136 aqua:
837 1068 891 1117 in
919 1068 1091 1118 vinum
1129 1067 1459 1119 conversione
1486 1067 1556 1119 ad
1583 1083 1821 1136 magnum

306 1134 359 1188 in
389 1135 652 1189 Christum
682 1134 838 1197 fidem
872 1151 925 1186 se
952 1146 1259 1197 erexerunt;
1296 1150 1392 1187 nos
1421 1152 1453 1187 a
1475 1138 1638 1188 sacris
1669 1134 1826 1187 Litte-

310 1206 378 1258 ris
403 1205 675 1270 admoniti,
704 1203 935 1257 eamdem
962 1203 1204 1257 credendi
1224 1204 1519 1273 ﬁrmitatem
1548 1204 1822 1257 induantus

309 1283 356 1328 et
385 1274 620 1344 proﬁteri
645 1275 813 1343 parati
845 1275 1024 1326 simus.

308 1383 551 1440 Meminit
578 1385 839 1439 sanctitas
868 1393 1067 1449 vestra,
1091 1382 1301 1448 fratres,
1320 1383 1613 1453 superioris
1633 1383 1825 1453 pandi-

246 1475 468 1531 cationis
495 1483 724 1539 nostrai,
756 1489 864 1544 qua
902 1473 1280 1543 descripsimus
1318 1474 1509 1528 beatos
1553 1473 1843 1543 apostolos,

248 1575 346 1619 uno‘
376 1564 495 1618 viso
524 1563 783 1618 miraculo
806 1603 820 1628 ,
868 1562 974 1617 hoc
1002 1570 1080 1616 est
1112 1577 1250 1630 aqua
1283 1562 1334 1615 in
1365 1563 1545 1616 vinum
1575 1577 1604 1615 a
1633 1561 1822 1616 Salva-

248 1665 355 1711 tore
381 1670 669 1722 conversa,
699 1656 752 1708 in
780 1669 903 1709 eum
924 1656 1168 1724 protinus
1192 1663 1215 1692 ⁸
1238 1654 1549 1710 credidisse.
1578 1654 1655 1707 lta
1683 1654 1824 1707 enim

246 1746 314 1800 ait
338 1745 669 1812 evangelista
708 1744 775 1799 de
805 1743 1035 1799 Domino
1068 1762 1080 1796 :
1122 1742 1192 1796 Et
1232 1745 1585 1815 manifestavit
1610 1743 1826 1813 gloriam

247 1852 405 1901 suam,
440 1844 491 1887 at
523 1834 851 1888 crediderunt
886 1835 938 1886 in
973 1850 1089 1887 eum
1120 1834 1359 1904 discipuli
1389 1834 1501 1903 ejus
1534 1830 1707 1905 (Joan.
1742 1834 1821 1902 ιι).

247 1923 395 1991 Quod
420 1922 624 1977 factum
665 1939 771 1978 non
803 1922 923 1978 ideo
964 1931 1169 1977 tantum
1200 1924 1457 1993 scriptum
1488 1932 1571 1978 est
1612 1932 1670 1979 ut
1710 1924 1827 1977 illo—

251 2031 361 2069 rum
400 2015 502 2069 sub
545 2014 742 2083 quibus
776 2014 971 2069 lactum
998 2021 1083 2069 est
1109 2013 1233 2068 ﬁdei
1275 2014 1444 2082 gloria
1477 2021 1823 2078 monstretur,

248 2106 332 2160 sed
373 2115 432 2160 et
478 2111 702 2174 propter
751 2120 881 2172 nos,
924 2105 1018 2173 qui
1062 2103 1251 2159 eodem
1294 2104 1597 2159 devotionis
1645 2119 1827 2158 exem-

250 2196 330 2266 plo
370 2196 399 2234 δ
445 2196 783 2252 credulitatis
818 2196 987 2264 gloria
1028 2210 1402 2265 provocamur.
1448 2194 1691 2251 Christus
1720 2197 1822 2268 71

1928 1020 2307 1075 beneﬁciorum
2335 1023 2666 1078 mirabilibus
2694 1024 3017 1079 dubitamus.
3050 1024 3382 1093 Dubitamus,
3423 1028 3497 1081 in-

1926 1127 2109 1181 quam,
2132 1113 2256 1181 quia
2282 1113 2565 1182 prmsentia
2591 1113 2877 1181 diligimus,
2909 1114 3031 1168 dum
3053 1115 3226 1170 futura
3250 1132 3358 1172 non
3387 1132 3495 1172 cre-

1925 1205 2100 1259 dimus
2129 1222 2141 1255 :
2167 1203 2379 1258 divitias
2404 1219 2648 1258 amamus
2671 1204 2724 1258 in
2744 1205 2959 1268 smculo,
2985 1204 3112 1259 dum
3135 1221 3228 1261 cas
3254 1207 3495 1277 accipere

1926 1302 2244 1351 cunctamur
2271 1310 2299 1349 a
2328 1293 2562 1350 Christo.
2610 1295 2886 1351 Iracundia
2912 1297 3261 1353 immoderate
3290 1298 3496 1353 extolli-

1926 1400 2066 1449 mur,
2100 1383 2226 1439 dum
2256 1386 2629 1440 retributionis
2661 1385 2920 1454 judicium
2950 1402 3057 1441 non
3088 1387 3354 1442 timemus.
3385 1384 3498 1441 Ca»

1928 1482 2134 1549 terum,
2174 1474 2265 1543 qui
2314 1475 2466 1529 novit
2506 1476 2764 1545 scriptum
2804 1494 2924 1533 esse
2955 1476 3166 1545 (Matth.
3216 1476 3309 1549 vn)
3345 1495 3357 1529 :
3392 1491 3498 1545 quo

1922 1564 2126 1634 judicio
2167 1564 2534 1634 judicaveritis
2557 1604 2570 1629 ,
2623 1567 2811 1621 eodem
2851 1568 3175 1636 judicabitur
3214 1566 3281 1621 de
3309 1567 3459 1621 vobis
3482 1605 3496 1630 ,

1928 1656 2130 1724 absque
2158 1654 2322 1709 dubio
2349 1655 2484 1710 lenis
2507 1697 2520 1721 ,
2567 1656 2875 1713 moderatus
2902 1673 2957 1712 et
2992 1658 3138 1712 mitis
3165 1664 3271 1722 est,
3300 1665 3354 1711 et
3382 1657 3497 1727 plus

1926 1744 2169 1798 bonitate
2219 1744 2364 1813 cogit
2408 1759 2567 1813 quam
2613 1747 2900 1801 severitate
2928 1747 3202 1816 compellit
3244 1766 3258 1802 :
3293 1747 3496 1801 amicus

1929 1835 2272 1905 indulgentire
2314 1835 2587 1891 familiaris
2620 1847 2700 1893 est
2728 1838 2934 1904 veniae;
2976 1840 3083 1910 72
3112 1838 3133 1877 τ
3166 1847 3224 1893 ιιι
3249 1853 3367 1894 eam
3397 1837 3498 1893 fre-

1930 1934 2160 1995 quenter
2185 1926 2441 1996 impartit,
2475 1941 2504 1980 a
2549 1927 2771 1982 Domino
2811 1942 3023 1998 semper
3050 1927 3297 1998 accipiat.
3327 1926 3499 1995 Siqui~

1930 2018 2053 2073 dem
2081 2018 2360 2087 prudentis
2388 2017 2458 2071 sit
2486 2019 2711 2073 rectoris
2741 2018 2811 2071 ita
2846 2028 3086 2073 terrenos
3112 2017 3349 2073 honores
3377 2031 3499 2084 age-

1930 2123 2010 2171 re,
2054 2114 2111 2161 ut
2159 2106 2620 2162 honoriﬁcentiam
2661 2109 2894 2163 cmlestis
2930 2108 3199 2176 dignitatis
3239 2108 3497 2176 acquirat.

1932 2194 1999 2248 Et
2046 2196 2091 2252 si
2120 2196 2386 2250 interdum
2427 2197 2664 2264 vigorem
2707 2197 2914 2251 dicendi
2961 2198 3013 2252 in
3060 2198 3213 2252 nobis
3261 2197 3498 2265 corporis

249 2287 383 2340 enim
418 2287 566 2355 quod
607 2295 863 2355 operatus
903 2294 1015 2353 cst,
1050 2303 1156 2341 non
1193 2287 1297 2342 illis
1336 2295 1542 2341 tantum
1573 2295 1827 2356 operatus
1859 2291 1903 2350 Β
1929 2288 2191 2343 obtundat
2235 2289 2535 2353 inﬁrmitas,
2569 2296 2746 2343 tamen
2776 2289 2952 2344 studio
2980 2289 3282 2345 devotionis
3311 2296 3498 2342 vestrm

250 2385 323 2430 est
344 2391 483 2445 quos
517 2376 750 2430 habebat
775 2384 898 2430 tunc
923 2385 1232 2446 prmsentcs,
1257 2375 1353 2431 sed
1381 2385 1434 2431 et
1458 2377 1613 2432 nobis
1634 2386 1820 2447 postea

249 2467 508 2520 secuturis
531 2507 545 2531 ,
590 2474 646 2519 ut
675 2466 800 2520 licet
827 2466 1059 2535 majores
1089 2467 1255 2521 nostri
1286 2474 1530 2536 tempore
1558 2482 1659 2520 nos
1685 2481 1824 2536 pra:-

250 2559 534 2623 cederent,
581 2566 757 2613 tamen
800 2558 1073 2627 signorum
1126 2571 1147 2597 ε
1193 2559 1363 2627 gloria
1406 2575 1515 2615 non
1552 2561 1820 2630 praeirent.

254 2650 371 2716 Quae
399 2651 546 2705 enim
588 2650 826 2705 exhibita
876 2659 959 2706 est
997 2650 1280 2720 praesentia
1317 2667 1498 2706 rerum
1526 2651 1577 2705 in
1608 2652 1827 2706 mirabi-

253 2741 381 2796 libus
411 2743 608 2810 virtus,
646 2741 835 2796 eadem
864 2741 1034 2796 virtus
1063 2742 1219 2797 nobis
1246 2742 1544 2796 litterarum
1575 2742 1826 2798 thesauro

253 2843 589 2900 conservata,
620 2842 679 2887 ut
709 2834 864 2888 nobis
892 2842 1172 2903 praestaret
1209 2834 1401 2902 pagina
1430 2833 1574 2903 quod
1602 2834 1705 2889 illis
1735 2849 1827 2904 ge—

252 2924 395 2978 rebat
437 2923 693 2989 historia;
740 2924 847 2978 imo
896 2926 947 2977 in
989 2923 1143 2978 nobis
1184 2925 1387 2993 geritur
1428 2924 1684 2993 quidquid
1722 2940 1825 2979 no-

252 3014 324 3069 bis
350 3014 643 3082 ingeritur;
691 3010 716 3049 ά
758 3013 1012 3083 quidquid
1047 3015 1202 3070 nobis
1232 3015 1547 3084 insinuatur,
1580 3022 1640 3071 ut
1667 3016 1827 3086 scrip—

253 3115 482 3160 turarum
528 3105 750 3174 speculo
796 3103 1093 3160 dictaretur
1138 3114 1193 3161 et
1235 3107 1531 3176 potentiam
1575 3106 1824 3172 Domini,

251 3209 399 3262 quam
430 3196 508 3248 illi
552 3195 860 3249 carnalibus
882 3196 1069 3257 .oculis
1097 3204 1407 3260 cernerent,
1441 3211 1540 3250 nos
1568 3196 1826 3264 spirituali

251 3284 438 3341 lumine
475 3285 805 3341 videremus.
833 3285 904 3340 Et
943 3287 1273 3341 crediderunt
1312 3287 1365 3339 in
1408 3303 1544 3348 eum,
1574 3295 1624 3339 et
1668 3287 1831 3339 mani-

251 3377 440 3448 festavit
469 3377 690 3447 gloriam
726 3394 872 3430 suam
919 3377 1185 3447 discipulis
1228 3378 1336 3430 suis
1378 3375 1607 3448 (Ibid.).
1655 3376 1826 3442 Quam

252 3474 377 3523 bene
405 3468 709 3539 potentiam
736 3466 948 3521 Domini
972 3467 1317 3537 subsequitur
1344 3466 1558 3522 devotio
1587 3466 1823 3521 servulo-

251 3576 387 3627 rum,
420 3570 479 3616 et
514 3560 660 3631 quod
689 3559 945 3629 magister
969 3560 1129 3616 docet
1155 3574 1320 3629 opera
1339 3599 1354 3626 ,
1392 3558 1634 3628 discipuli
1662 3557 1829 3614 corde

1929 2380 2179 2436 fortiores
2207 2378 2486 2434 efﬁcimur.
2531 2379 2663 2433 Nam
2708 2396 2815 2448 quo
2842 2396 2936 2434 vos
2965 2379 3256 2435 studiosius
3284 2377 3497 2441 auditis,

1927 2479 1983 2526 et
2001 2487 2099 2525 nos
2122 2472 2377 2526 libentius
2400 2470 2783 2540 prmdicamus;
2809 2482 2864 2525 et
2885 2471 3052 2525 virtus
3075 2469 3230 2525 nobis
3251 2467 3500 2536 loquendi

1928 2560 2179 2624 additur,
2227 2576 2347 2615 cum
2375 2575 2476 2614 vos
2524 2559 2848 2627 intelligendi
2896 2558 3316 2615 accommodatis
3354 2556 3501 2612 audi-

1929 2659 2062 2705 tum.
2096 2649 2224 2717 Quis
2251 2667 2358 2704 non
2386 2659 2612 2729 conetur
2640 2651 2746 2706 illic
2774 2651 2924 2705 verbi
2952 2650 3183 2706 ccelestis
3210 2664 3392 2704 semen
3419 2647 3500 2716 ja-

1927 2758 2070 2807 cere,
2101 2743 2193 2797 ubi
2222 2740 2353 2795 illud
2396 2741 2515 2810 puri
2544 2741 2719 2796 cordis
2750 2741 2973 2796 fecunda
2999 2750 3141 2796 terra
3186 2748 3211 2788 8
3239 2738 3500 2808 suscipit?

1928 2833 2077 2899 Quis,
2108 2832 2345 2901 inquam,
2391 2847 2499 2897 non
2528 2832 2637 2886 illic
2662 2833 2888 2887 verbum
2920 2831 3213 2886 Salvatoris
3238 2831 3501 2886 collocare

1927 2925 2074 2989 velit,
2108 2924 2198 2977 ubi
2229 2922 2357 2976 illud
2388 2938 2491 2977 non
2521 2922 2854 2977 smcularium
2896 2921 3199 2976 sollicitudo
3226 2919 3498 2990 prmfocet,

1929 3014 2023 3069 sed
2070 3012 2472 3082 disciplinarum
2500 3011 2852 3081 spiritualium
2883 3012 3051 3066 virtus
3080 3010 3355 3065 enutriat?
3399 3008 3489 3063 Er-

1927 3119 2017 3173 go,
2050 3105 2261 3167 fratres,
2293 3104 2418 3174 quia
2449 3104 2502 3158 in
2542 3112 2725 3159 sancta
2751 3102 3049 3173 Epiphania
3096 3102 3499 3164 exsultavimus,

1928 3194 2171 3249 videntes
2197 3195 2452 3250 miracula
2485 3194 2814 3261 Salvatoris;
2862 3194 3119 3251 debemus
3144 3194 3320 3251 facere
3355 3197 3501 3264 quod

1928 3284 2069 3338 illius
2114 3286 2371 3354 temporis
2413 3285 2659 3354 discipuli
2690 3294 2815 3341 tunc
2843 3285 3106 3342 fecerunt.
3138 3285 3291 3353 Quod
3319 3295 3498 3342 autem

1927 3374 2058 3441 dixi,
2089 3376 2286 3430 vidisse
2313 3392 2411 3430 nos
2432 3375 2600 3431 modo
2635 3377 2778 3445 quod
2817 3378 2944 3431 olim
2972 3387 3179 3447 gestum
3208 3385 3320 3444 est,
3352 3379 3501 3435 vidc-

1927 3483 2047 3524 mus
2074 3468 2253 3538 plane,
2280 3468 2629 3537 videmusque
2654 3467 2913 3536 quotidie.
2946 3468 3021 3522 Ea
3045 3470 3191 3525 enim
3211 3478 3335 3526 sunt
3353 3470 3502 3526 Chri-

1928 3561 1998 3613 sti
2044 3559 2066 3595 ¹³
2094 3559 2351 3615 miracula
2377 3601 2394 3628 ,
2442 3567 2502 3614 ut
2541 3576 2648 3615 non
2677 3560 2957 3628 iniquitate
3004 3568 3356 3630 praetereant,
3406 3562 3501 3616 sed

250 3651 564 3708 describunt.
595 3652 739 3708 Ecce
769 3663 791 3691 ο
815 3653 902 3707 cui
929 3651 1305 3707 manifestatur
1330 3651 1500 3706 virtus
1526 3651 1818 3721 operantis,
1851 3645 1896 3708 C
1927 3649 2097 3719 gratia
2126 3649 2534 3716 convalescant;
2577 3664 2683 3704 non
2714 3649 2983 3705 oblivione
3010 3650 3358 3719 sepeliantur,
3406 3651 3501 3706 sed

250 3753 299 3799 et
342 3745 475 3800 ﬁdes
517 3745 839 3815 praedicatur
884 3743 1167 3799 manifesta
1216 3742 1568 3798 credentium.
1619 3739 1822 3796 Praedi-

250 3836 406 3891 canda
454 3836 617 3907 plane
644 3837 1017 3908 apostolorum
1048 3833 1201 3905 ﬁdes,
1244 3850 1364 3907 qua:
1390 3835 1507 3889 viso
1535 3849 1643 3889 uno
1671 3834 1824 3902 signo

252 3926 472 3981 credidit
499 3926 552 3980 in
593 3926 1042 3996 omnipotentiam
1070 3925 1388 3981 Salvatoris.
1428 3924 1671 3996 Apostoli
1698 3923 1824 3977 dum

250 4018 504 4072 mirantur
531 4032 727 4087 aquam
758 4016 813 4071 in
841 4017 1027 4072 vinum
1050 4030 1283 4082 versam,
1314 4016 1413 4086 ipsi
1437 4031 1504 4070 ex
1530 4015 1674 4071 omni
1698 4015 1826 4069 ltece

251 4118 587 4175 peccatorum
632 4108 880 4163 similiter
920 4116 1048 4163 sunt
1074 4106 1357 4172 conversi,
1405 4113 1460 4161 et
1502 4106 1672 4160 instar
1699 4104 1825 4159 facti

250 4198 497 4253 miraculo
519 4237 536 4263 ,
566 4213 636 4253 ex
662 4197 753 4251 vili
796 4196 1180 4267 superstitione
1214 4195 1492 4263 gentilium
1540 4195 1594 4248 in
1623 4193 1827 4264 pretio-

252 4302 352 4341 sam
397 4287 744 4343 devotionem
792 4287 1128 4343 credentium
1173 4294 1299 4343 sunt
1346 4285 1630 4352 translati,
1678 4293 1733 4339 et
1768 4293 1828 4339 ut

252 4392 377 4445 aqua
406 4379 465 4433 in
501 4379 688 4434 vinum
732 4393 888 4433 versa
914 4394 1128 4449 sapore,
1160 4378 1380 4444 rubore,
1413 4377 1598 4433 colore
1635 4374 1825 4431 condi-

254 4475 361 4531 tur,
394 4470 468 4523 ita
496 4469 738 4524 scientia:
781 4468 929 4538 quod
967 4476 1085 4523 erat
1112 4468 1166 4522 in
1206 4468 1291 4522 bis
1318 4467 1575 4523 insulsum
1618 4466 1827 4537 accepit

251 4572 528 4629 saporem;
576 4560 724 4630 quod
768 4561 975 4639 pallens
1019 4560 1202 4629 gratiae
1260 4560 1488 4630 sumpsit
1546 4561 1785 4616 colorem
1806 4602 1821 4629 ,

258 4651 387 4717 quod
413 4652 662 4721 frigidum
687 4652 909 4706 incaluit
936 4652 1354 4706 immortalitatis
1376 4651 1592 4706 ardore.
1626 4651 1827 4721 Magni-

257 4736 452 4794 ﬁcanda
480 4741 641 4809 igitur
681 4740 1051 4810 apostolorum
1084 4739 1216 4795 ﬁdes
1237 4781 1252 4806 ,
1292 4754 1412 4808 qua:
1442 4738 1565 4794 ideo
1593 4751 1817 4805 evange-

258 4827 352 4886 lico
378 4846 629 4888 sermone
678 4832 947 4902 descripta
976 4840 1060 4887 est
1082 4870 1096 4896 ,
1129 4839 1189 4887 ut
1231 4842 1286 4886 et
1313 4832 1418 4886 illis
1446 4839 1590 4887 esset
1617 4830 1685 4885 ad
1714 4830 1826 4883 lau-

259 4919 369 4976 dem
393 4964 410 4989 ,
457 4933 510 4979 et
538 4924 695 4979 nobis
720 4923 1009 4993 proﬁceret
1037 4924 1102 4978 ad
1150 4924 1476 4995 exemplum.
1527 4922 1634 4978 Sed
1680 4919 1825 4991 quod

1925 3746 1986 3794 ut
2008 3739 2295 3794 virtutibus
2336 3738 2676 3795 innovcntur.
2725 3738 2882 3809 Apud
2912 3739 3207 3809 potentiam
3235 3740 3377 3794 enim
3412 3741 3502 3795 Dei

1925 3831 2057 3886 nihil
2104 3840 2187 3886 est
2215 3832 2471 3886 abolitum
2497 3874 2513 3900 ,
2555 3831 2688 3885 nihil
2733 3831 3061 3901 pneteritum
3087 3873 3102 3899 ,
3150 3831 3243 3887 sed
3292 3848 3390 3902 pro
3418 3833 3502 3888 sui

1926 3920 2297 3990 magnitudine
2324 3921 2503 3975 omnia
2548 3920 2624 3974 illi
2651 3920 2704 3974 in
2736 3920 2986 3989 praesenti
3017 3927 3178 3987 sunt;
3228 3928 3399 3975 totum
3428 3922 3503 3976 illi

1929 4018 2139 4079 tempus
2167 4016 2250 4064 est
2277 4008 2455 4064 hodie.
2488 4006 2640 4063 Unde
2676 4016 2731 4063 et
2767 4008 2822 4063 S.
2858 4008 3120 4078 prOpheta
3148 4007 3279 4063 dicit
3311 4027 3323 4063 :
3356 4008 3504 4064 Mille

1927 4100 2053 4153 anni
2081 4109 2202 4153 ante
2228 4099 2404 4152 oculos
2432 4106 2563 4164 tuos,
2588 4107 2831 4170 tanquam
2851 4100 2959 4153 dies
2988 4117 3094 4153 una
3115 4098 3233 4167 (Ps.
3260 4102 3501 4163 Lxxxrx).

1926 4188 2084 4257 Quod
2114 4190 2158 4243 si
2198 4203 2357 4243 omne
2386 4189 2563 4243 saeculi
2597 4198 2806 4258 tempus
2853 4207 2960 4244 una
2992 4191 3105 4245 dies
3146 4200 3231 4245 est
3278 4192 3503 4247 Domino

1935 4279 1952 4318 ί
1985 4282 2174 4336 eadem
2216 4295 2345 4349 ergo
2374 4280 2460 4334 die
2483 4320 2497 4345 ,
2538 4295 2644 4348 qua
2675 4280 2937 4335 mirabilia
2976 4282 3225 4336 Salvator
3265 4284 3505 4351 patribus

1927 4381 2183 4443 operatus
2211 4379 2312 4437 est,
2358 4378 2610 4440 operatus
2650 4379 2707 4424 et
2748 4370 2901 4424 nobis
2945 4378 3047 4427 est.
3080 4371 3318 4425 Vidimus
3346 4373 3505 4439 igitur

1927 4473 1982 4520 et
2010 4481 2127 4528 nos,
2159 4466 2296 4519 sicut
2324 4462 2557 4531 majores
2587 4463 2787 4531 nostri,
2811 4462 3076 4516 mirabilia
3115 4462 3345 4528 Domini,
3382 4479 3502 4517 cum

1926 4556 2042 4626 pari
2071 4572 2133 4611 ea
2163 4570 2282 4610 cum
2313 4555 2416 4608 illis
2436 4566 2655 4624 stupore
2693 4553 3044 4624 suscepimus.
3082 4553 3426 4609 Gustavimus
3451 4563 3504 4607 ct

1930 4663 2045 4709 nos,
2077 4646 2214 4699 sicut
2254 4644 2357 4709 illi,
2390 4644 2457 4698 de
2502 4644 2633 4714 ipsis
2661 4644 2894 4715 hydriis,
2924 4643 3186 4713 siquidem
3217 4643 3291 4696 illi
3316 4642 3383 4697 de
3424 4643 3505 4697 his

1926 4738 2174 4807 poculum
2220 4734 2332 4788 vini
2389 4734 2677 4799 biberunt,
2730 4750 2829 4788 nos
2873 4749 3001 4788 vero
3050 4732 3235 4788 salutis
3283 4732 3505 4787 calicem

1928 4828 2272 4896 sumpsimus.
2300 4826 2565 4881 Debemus
2585 4839 2715 4894 ergo
2737 4825 2933 4893 facere,
2958 4824 3075 4879 viso
3095 4823 3248 4892 signo
3270 4822 3502 4888 Domini,

1927 4917 2071 4987 quod
2098 4916 2269 4971 nostri
2298 4916 2479 4972 iecere
2522 4916 2751 4984 priores.
2799 4913 2855 4969 Si
2883 4913 3026 4968 enim
3055 4912 3241 4968 eadem
3273 4913 3324 4967 in
3353 4913 3505 4969 nobis

258 5013 400 5082 pejus
428 5024 523 5081 est,
563 5015 671 5070 illis
701 5016 818 5070 laus
846 5030 941 5070 sua
970 5023 1271 5084 permanet,
1316 5031 1416 5070 nos
1444 5015 1689 5084 exempla
1715 5028 1821 5068 non
1851 5013 1903 5073 D
1927 5005 2227 5061 Divinitatis
2255 5006 2465 5060 refulsit
2509 5005 2680 5073 gratia
2705 5046 2721 5070 ,
2768 5002 2953 5057 eadem
2982 5013 3039 5057 ct
3068 5001 3189 5057 ﬁdei
3230 5003 3371 5073 apud
3406 5020 3505 5060 nos

259 5114 580 5172 permovent.
615 5105 748 5160 Nam
775 5114 981 5176 quanto
1003 5106 1332 5175 posteriores
1355 5121 1539 5160 sumus
1557 5113 1822 5174 tempore,

259 5201 399 5248 tanto
424 5203 478 5250 et
516 5194 798 5251 inferiores
825 5196 1037 5250 merito.
1090 5193 1169 5249 llli
1217 5195 1359 5249 enim
1386 5195 1503 5249 viso
1532 5210 1639 5249 uno
1669 5193 1824 5261 signo

322 5335 347 5397 ξ
375 5325 504 5397 Cod.
532 5326 619 5383 99.
651 5327 708 5383 S.
735 5327 944 5397 Crucis,
973 5328 1249 5396 discipulos
1277 5326 1387 5397 ejus
1416 5325 1714 5397 credidisse.

318 5394 346 5432 δ
366 5394 497 5451 Cod.
522 5400 662 5455 idem
691 5399 750 5453 S.
773 5394 979 5463 Crucis,
1010 5398 1080 5451 ad
1104 5394 1426 5450 credulitatis
1449 5396 1668 5466 gloriam
1694 5410 1820 5465 pro—

256 5478 503 5520 vocamur.

322 5544 343 5607 ξ
373 5533 515 5607 god.
535 5535 788 5607 Laurent.
824 5537 1172 5607 x,_signqrum
1200 5537 1389 5607 gratia.

319 5600 537 5674 {codd
569 5605 625 5660 S.
656 5605 845 5661 Crucis
873 5604 941 5657 99
957 5600 1013 5659 et
1038 5600 1288 5659 Laurent.
1324 5604 1543 5674 habent,
1574 5602 1819 5674 quidquid

257 5670 703 5744 nobisinsinuante
730 5675 1115 5744 Scripturarum
1136 5675 1339 5744 speculo
1371 5670 1668 5726 dictaretur.

323 5750 344 5777 ⁶
373 5742 503 5798 (10d.
534 5743 812 5815 Laurent.,
843 5742 978 5799 Ecce
1005 5746 1139 5800 enim
1165 5742 1545 5817 'nmnifcstatur.

1929 5097 2091 5153 debet
2135 5112 2253 5154 esse
2291 5097 2529 5152 devotio.
2580 5095 2719 5149 Dicit
2743 5093 2887 5147 enim
2914 5095 3242 5163 evangelista
3286 5095 3355 5151 de
3396 5096 3505 5151 Do-

1931 5189 2099 5255 mino,
2133 5187 2237 5242 hoc
2265 5187 2526 5242 miraculo
2556 5190 2888 5256 perpetrato,
2921 5182 2989 5238 Et
3012 5186 3360 5259 manifestavit
3388 5189 3504 5258 glo-

2007 5317 2027 5357 ί
2057 5316 2229 5391 Codd.
2261 5316 2317 5372 S.
2344 5318 2529 5391 Grecis
2556 5314 2625 5368 99
2653 5323 2708 5370 et
2731 5315 3010 5386 Laurent.,
3031 5327 3090 5372 ut
3111 5318 3229 5374 dum
3261 5336 3373 5374 eam
3396 5321 3503 5391 [rc-

1929 5399 2140 5459 quenter
2167 5389 2409 5459 impertit.

2002 5469 2027 5504 ε
2056 5457 2194 5510 Edit.
2226 5456 2393 5510 Paris.
2429 5456 2700 5521 Ambros,
2732 5459 2999 5521 suscipiat.

2000 5525 2025 5564 ιλ
2057 5526 2188 5580 Cod.
2217 5524 2285 5578 99
2306 5524 2361 5580 S.
2395 5525 2582 5581 Crucis
2607 5533 2661 5580 et
2691 5527 2818 5581 edit.
2855 5524 3044 5594 Paris,
3077 5528 3354 5585 amabilia.

2005 5600 2021 5634 ί
2065 5594 2250 5668 Codd:
2267 5594 2323 5668 S_.
2373 5595 2559 5651 Crucis
2604 5604 2659 5668 et
2698 5595 2948 5653 Laurent.
2978 5639 2992 5665 ,
3042 5600 3217 5655 eadem
3260 5600 3361 5663 die,
3403 5614 3511 5668 qua

1924 5666 2183 5721 mirabilia
2213 5664 2456 5721 Salvator
2480 5664 2730 5736 patribus,
2765 5674 2867 5722 etc.
