4042 6192
493 297 598 353 270

1704 292 1756 351 S.
1791 293 2032 351 MAXIM]
2071 295 2515 356 TAURINENSIS

3640 303 3745 359 280

489 411 623 465 riam
649 424 816 475 suam,
850 414 898 461 et
925 406 1252 461 crediderunt
1275 407 1513 477 discipuli
1541 407 1595 460 in
1623 423 1742 460 eum
1769 406 1948 478 (Joan.
1982 407 2063 476 ιι).
2097 411 2144 469 Α
2171 417 2253 462 est
2277 424 2464 477 opere,
2495 423 2602 464 non
2635 423 2884 464 sermone
2909 427 2924 474 ;
2957 425 3066 465 non
3095 409 3295 480 lingua,
3323 411 3416 466 sed
3444 413 3605 468 corde
3631 431 3644 466 :
3676 431 3746 468 ne

490 497 723 552 Credere
750 510 878 566 ergo
905 495 1182 560 debemus,
1214 495 1353 551 sicut
1381 502 1510 550 tunc
1550 496 1780 565 apostoli
1816 495 2062 552 credide-

489 597 632 642 runt.
665 588 802 643 Dicit
830 595 1008 641 autem
1035 593 1092 641 et
1114 586 1248 640 alius
1275 603 1287 638 :
1315 584 1383 638 Et
1411 601 1509 640 nos
1536 583 1824 640 Christiani
1851 600 2058 652 sumus,

488 687 544 733 ct
572 677 842 734 credimus
870 679 924 732 in
958 677 1126 732 Deum
1153 675 1510 732 Salvatorem.
1539 673 1649 730 Sed
1678 675 1898 732 credere
1925 689 2061 746 opus

2169 507 2226 552 et
2253 499 2462 554 dicatur
2497 501 2654 555 nobis
2686 518 2699 552 :
2735 491 2888 554 Plebs
2923 502 3030 555 haec
3068 501 3218 558 labiis
3246 519 3328 556 me
3357 504 3612 569 honorat,
3655 522 3746 558 car

2169 599 2338 644 autem
2367 606 2541 644 eorum
2581 591 2731 662 longe
2769 600 2846 645 est
2874 609 2905 645 a
2930 609 3010 646 me
3038 591 3194 662 (lsai.
3226 610 3373 661 XXIX,
3422 595 3520 660 l5;
3548 594 3738 648 Matth.

2169 696 2256 746 xv,
2286 679 2352 744 8;
2384 679 2552 734 Marc.
2585 697 2677 748 vn,
2707 680 2784 750 6).

1825 804 2167 868 HOMILIA
2208 809 2412 870 XXV.

1729 899 1810 954 De
1834 899 2132 972 Epiphania
2159 904 2369 961 Domini
2397 905 2501 961 IX.

1929 993 2300 1050 ADMONITIO

561 1091 666 1162 73
691 1086 994 1162 Genuinum
1016 1086 1074 1142 S.
1111 1086 1327 1162 Maximi
1355 1099 1496 1162 opus
1534 1084 1674 1138 hanc
1708 1084 1835 1138 item
1867 1099 1985 1162 esse
2020 1086 2298 1162 homiliam
2339 1103 2446 1144 non
2467 1090 2642 1144 solum
2665 1090 2788 1162 styli
2814 1091 3102 1147 similitudo
3131 1101 3291 1162 atque
3309 1096 3604 1152 constantia
3647 1099 3742 1154 de-

490 1154 780 1237 mo'ns'trat;
812 1160 905 1213 sed
934 1173 1141 1213 summa
1181 1157 1343 1211 etiam
1368 1154 2158 1237 Δ(εοᾰίίειιῐῐι.ιῐιιιπῐξιιεοιῖριομίιηι
2189 1157 2586 1237 doctorumque
2632 1154 2891 1237 virorum,
2941 1154 3559 1237 qui_ea_m'aut_publiri
3605 1168 3742 1237 juris

489 1230 751 1309 fecerunt,
768 1222 867 1309 aut
895 1222 1900 1309 commemoraruntconsensio.‘Upus
1925 1222 2231 1309 Casinepsis
2267 1227 2436 1309 codex
2467 1222 2588 1308 “)3,
2610 1244 2730 1309 pag.
2756 1222 3023 1309 128,95“.
3136 1222 3428 1299 Augustino
3451 1222 3740 1307 θεοτίιῖωῶ

489 1292 846 1372 ριψῖριηιξξεφᾱ
876 1305 1063 1372 contra
1091 1305 1252 1372 atque
1279 1295 1481 1348 veritas
1505 1294 1762 1372 postulat.
1784 1292 1921 1372 _Tam
1950 1295 2092 1372 enim
2116 1295 2228 1351 haec
2257 1297 2322 1351 ab
2353 1292 2632 1367 Augustini
2662 1292 2996 1355 scrmonibus
3022 1292 3417 1372 dilfertIquam
3462 1313 3546 1359 est
3593 1292 3742 1364 ratio

487 1361 754 1420 Scribendi
778 1365 1056 1434 Augustini
1081 1365 1148 1418 ab
1165 1361 1238 1418 ‘ea
1266 1378 1370 1433 qua
1397 1361 1526 1418 usus
1548 1369 1632 1416 est
1660 1361 1920 1418 Maximus
1939 1363 2270 1434 discrepans.

489 1480 877 1534 Ancuueu'wu.
911 1509 980 1518 —
1029 1477 1230 1531 luditis
1282 1477 1473 1530 acriter
1512 1474 1788 1544 exprobrat
1826 1475 2066 1530 duritiem

556 1558 605 1602 et
627 1550 909 1602 ciuitatem
928 1548 988 1602 S.
1013 1546 1274 1600 Maximus
1291 1589 1305 1612 ,
1323 1545 1456 1616 quod
1484 1545 1681 1616 fulgore
1705 1546 1900 1616 insoliti
1927 1547 2066 1599 side-

558 1620 631 1670 ris
669 1619 894 1688 votisque
938 1633 1207 1688 magorum
1249 1613 1492 1679 perculsi
1525 1613 1700 1668 natum
1741 1613 2064 1670 Salvatorem

556 1689 813 1758 inquirere
833 1687 1169 1756 despicerent.

557 1842 828 1906 Audistis,
880 1841 1099 1906 fratres,
1149 1840 1436 1896 lectionem
1485 1839 1759 1910 Evangelii
1809 1841 2064 1896 salutaria

487 1933 766 2003 pnescntis
787 1932 892 1986 diei
915 1939 1252 1986 sacramenta
1283 1932 1618 1985 recitantem.
1668 1930 1904 1985 Audistis
1926 1946 2062 1998 qua-

488 2023 610 2077 liter
636 2022 878 2076 Christus
921 2020 1208 2086 Dominus,
1239 2021 1406 2090 quiin
1451 2021 1596 2076 hunc
1642 2020 1896 2076 mundum
1931 2032 1954 2057 ιι
1985 2021 2065 2074 la-

488 2121 663 2167 tenter
690 2112 925 2178 advenit,
956 2113 1214 2182 paulatim
1263 2113 1522 2181 dignatus‘
1557 2119 1642 2167 est
1675 2128 1827 2166 suam
1853 2111 2063 2180 aperire

486 2203 802 2257 mortalibus
844 2203 1209 2272 majestatcm;
1248 2219 1574 2274 quanquam,
1597 2203 1877 2269 carissimi,
1897 2203 2064 2258 latere

487 2297 627 2350 inter
655 2296 882 2350 obscura
903 2296 1081 2350 szeculi
1106 2296 1286 2350 lumen
1311 2295 1534 2350 ccelcste
1562 2311 1669 2349 non
1692 2302 1927 2365 poterat.
1954 2294 2062 2349 Dc-

486 2387 646 2454 nique
671 2401 793 2439 cum
817 2386 1182 2439 visitationem
1205 2401 1357 2439 suam
1387 2384 1612 2439 necdum
1662 2391 1804 2439 terra
1846 2385 2062 2453 dignos-

486 2485 654 2541 ceret,
688 2477 880 2531 emtum
907 2491 1000 2529 sua
1030 2475 1223 2543 gaudia
1265 2490 1330 2530 ac
1373 2474 1538 2528 totius
1577 2474 1760 2528 mundi
1801 2475 2060 2541 ltetitiam,

485 2566 750 2620 Chaldiris
772 2565 1131 2634 stupentibus,
1159 2565 1322 2619 tacito
1347 2563 1398 2618 in
1423 2563 1599 2618 sidere
1621 2564 1955 2632 loquebatur.
1996 2564 2064 2618 Et

486 2656 740 2726 cumqnis
769 2662 1107 2724 quantusque
1155 2660 1299 2709 esset
1355 2653 1581 2708 necdum
1612 2652 1836 2707 inﬁdelis
1878 2660 2065 2722 posset

487 2747 669 2802 videre
697 2745 876 2800 Judaea
895 2762 908 2810 ;
929 2745 1039 2814 jam
1067 2754 1193 2799 tunc
1231 2745 1456 2813 gloriam
1485 2743 1602 2812 ejus
1625 2742 2062 2797 indiciisbexcita

487 2838 553 2890 de
581 2836 890 2891 coelestibus
919 2835 1192 2904 gentilitas
1220 2834 1507 2888 sentiebat.
1539 2833 1682 2887 Nova
1707 2833 1851 2887 enim
1908 2833 2062 2886 stella

487 2941 680 2978 novum
710 2924 1026 2978 adventasse
1055 2924 1328 2977 hominem
1351 2923 1627 2977 revel'abat
1646 2964 1660 2986 ,
1694 2931 1749 2976 et
1770 2925 1844 2977 ita
1877 2937 2061 2977 revera

487 3029 680 3067 novum
703 3055 717 3076 ,
745 3023 833 3077 ut,
867 3030 988 3069 cum
1009 3022 1153 3068 esset
1201 3013 1295 3070 Dei
1336 3013 1524 3078 Filius,
1551 3014 1796 3068 indueret
1845 3030 2063 3069 carnem

486 3103 601 3156 sine
629 3104 975 3171 generatione
1005 3103 1234 3168 carnali,
1267 3111 1322 3156 ct
1349 3102 1574 3157 haberet
1629 3103 1919 3158 secundum
1974 3103 2066 3157 ho-

488 3193 682 3247 minem
715 3201 924 3262 tempus
945 3193 1228 3255 nascendi,
1260 3193 1348 3262 qui
1391 3191 1684 3246 secundum
1729 3191 1895 3246 Deum
1927 3194 2063 3246 nati-

487 3284 668 3337 vitatis
690 3284 900 3338 initium
951 3299 1056 3337 non
1086 3283 1339 3336 habebat.
1366 3281 1568 3336 Novum
1627 3278 1875 3334 nimirum
1924 3291 2060 3348 erat,

489 3383 546 3427 ut
571 3373 860 3442 [linigenito
890 3373 1166 3438 Altissimi,
1191 3388 1350 3442 quem
1383 3388 1488 3427 non
1512 3373 1655 3441 capit
1685 3373 1905 3439 cmlum,
1936 3388 2062 3442 par-

488 3465 685 3518 vissimi
713 3465 904 3531 tugurii
935 3466 1210 3519 minimum
1264 3478 1502 3533 prmscpe
1531 3461 1819 3517 sumceret.
1856 3461 2064 3516 Novum

487 3565 623 3621 crat,
661 3569 682 3596 ι’
707 3559 800 3628 qui
835 3559 887 3613 in
938 3558 1247 3614 cmlestibus
1267 3573 1388 3611 cum
1439 3555 1549 3610 Deo
1578 3554 1737 3610 Patre
1784 3556 2061 3624 regnabat,

486 3659 698 3705 terrena
744 3659 912 3704 matre
951 3657 1264 3716 contentus,
1300 3648 1506 3716 vagitus
1563 3645 1801 3700 infantim
1827 3645 1980 3699 daret
2008 3645 2062 3699 in

486 3740 697 3811 pannis.
749 3739 1018 3794 Laetemur
1059 3741 1272 3807 itaque,
1315 3737 1533 3800 fratres,
1583 3737 1818 3806 totisque
1859 3735 2064 3804 gaudiis

486 3832 838 3897 exsultemus,
869 3831 993 3898 quia
1019 3829 1170 3883 nobis
1199 3837 1355 3881 natus
1383 3835 1466 3880 est
1485 3826 1730 3879 Christus
1757 3841 1823 3879 ex
1846 3824 2058 3888 femina,

487 3921 640 3974 nobis
660 3919 828 3987 jacuit
878 3919 928 3971 in
981 3918 1238 3987 prlesepi,
1285 3915 1438 3969 nobis
1489 3914 1736 3982 vagiebat
1786 3915 1840 3967 in
1887 3914 2059 3978 cunis,

487 4008 640 4062 nobis
663 4006 933 4060 arridebat
960 4007 1010 4059 in
1042 4005 1216 4059 stella.
1250 4003 1445 4058 Totum
1469 4003 1610 4058 enim
1635 4004 1788 4057 nobis
1815 4002 2062 4073 prolicie-

487 4099 611 4164 bat,
640 4097 895 4167 quidquid
930 4095 954 4134 ἀ
988 4097 1236 4152 Salvator
1275 4095 1584 4151 hominibus
1613 4094 1806 4163 agebat
1859 4093 1915 4147 in
1959 4094 2062 4147 ho-

487 4189 649 4242 mine.
681 4187 770 4240 Ait
793 4187 971 4256 itaque
993 4186 1331 4254 evangelicus
1378 4199 1557 4239 sermo
1588 4201 1600 4236 :
1635 4181 1768 4238 Ecce
1809 4184 1950 4254 magi
1998 4182 2062 4235 ab

489 4278 699 4332 Oriente
727 4279 1038 4332 advenerunt
1064 4277 1168 4347 7!;
1198 4277 1634 4346 Hierosolymam,
1667 4275 1894 4329 dicentes
1919 4292 1935 4328 :
1964 4273 2062 4328 Ubi

484 4380 559 4424 est
588 4370 675 4440 qui
699 4377 852 4422 natus
881 4376 956 4422 est
978 4385 1068 4422 rea:
1091 4367 1414 4422 Judworum.
1448 4366 1682 4419 Vidimus
1702 4365 1905 4419 stellam
1951 4365 2060 4435 ejus

485 4463 534 4514 in
563 4459 792 4524 Oriente,
824 4469 873 4512 et
898 4460 1124 4513 venimus
1165 4459 1388 4511 adorare
1433 4473 1547 4510 eum
1573 4455 1797 4525 (Matth.
1829 4457 1918 4524 ιι).
1942 4455 2060 4521 Quo

484 4566 670 4620 usque,
701 4547 884 4602 «Ιυόωο
905 4547 1205 4611 durissimo,
1235 4555 1258 4583 ο
1281 4547 1471 4600 obtusa
1491 4561 1638 4612 aure,
1659 4546 1853 4600 clausis
1869 4546 2057 4610 oculis,

2166 1478 2453 1534 adventum
2485 1480 2776 1535 innumeris
2803 1481 3135 1550 sacratisque
3157 1483 3377 1538 vocibus
3403 1484 3741 1555 cecinerunt,

2165 1568 2324 1624 crede
2346 1569 2430 1624 vel
2460 1569 2525 1624 iis
2565 1569 2779 1624 tandem
2813 1571 2904 1638 qui
2942 1585 3062 1625 eum
3105 1586 3212 1625 non
3235 1573 3408 1628 adhuc
3450 1586 3575 1643 post
3602 1584 3741 1630 tem-

2163 1672 2297 1728 pora
2318 1660 2669 1727 nasciturum,
2691 1661 2783 1715 sed
2800 1661 2912 1730 jam
2955 1669 3011 1715 et
3037 1662 3176 1731 apud
3201 1671 3280 1727 te,
3307 1671 3364 1717 et
3412 1665 3503 1719 tibi
3547 1674 3736 1721 natum

2165 1763 2285 1804 esse
2315 1758 2599 1804 testantur.
2629 1749 2759 1817 Quae
2788 1758 2934 1804 tanta
2956 1758 3039 1806 est
3059 1751 3111 1804 in
3135 1759 3354 1820 pectore
3408 1761 3500 1808 tuo
3547 1757 3737 1810 morti-

2166 1836 2291 1893 ferre
2343 1839 2721 1894 obstinationis
2752 1845 2773 1886 f
2803 1838 3081 1904 adversio,
3115 1849 3174 1894 ut
3217 1841 3363 1897 solus
3401 1859 3508 1898 non
3555 1846 3741 1903 audias

2165 1928 2308 1996 quod
2337 1945 2524 1983 omnes
2549 1930 2865 2000 loquuntur,
2897 1931 3042 1985 solus
3080 1931 3310 2001 relugias
3345 1933 3487 2004 quod
3519 1937 3737 1992 univer-

2164 2018 2296 2073 sitas
2339 2021 2536 2084 credit,
2578 2021 2726 2076 solus
2783 2030 2930 2077 certe
2987 2022 3169 2079 videre
3228 2034 3541 2081 contemnas
3593 2029 3741 2097 quod

2162 2108 2408 2176 splendet
2435 2125 2465 2163 e
2486 2111 2660 2165 cmlo?
2685 2111 2836 2181 Apud
2857 2119 2910 2166 te
2934 2112 3082 2180 virgo
3105 2115 3382 2182 concepit,
3407 2125 3462 2170 et
3510 2118 3732 2186 virginis

2166 2203 2269 2250 tua:
2291 2206 2501 2266 partum
2523 2200 2728 2255 alienus
2753 2201 3027 2270 agnoscit;
3059 2201 3154 2256 tibi
3184 2203 3409 2257 salutem
3461 2212 3606 2260 tuam
3635 2223 3738 2263 an-

2161 2287 2345 2354 gelica:
2369 2303 2526 2344 voces
2553 2291 2873 2359 persuadere
2902 2307 3007 2345 non
3034 2303 3275 2361 possunt,
3294 2303 3346 2348 et
3369 2296 3436 2350 ad
3463 2295 3737 2353 Christum

2164 2382 2313 2431 tuum
2342 2394 2447 2432 una
2473 2378 2750 2435 Chaldzeos
2770 2381 2922 2436 stella
2947 2383 3218 2452 perduxit.
3245 2384 3343 2438 Ubi
3362 2394 3460 2453 est,
3490 2386 3740 2455 inquiunt

2165 2466 2325 2533 magi,
2349 2469 2433 2537 qui
2457 2477 2611 2522 natus
2632 2479 2708 2523 est
2737 2486 2831 2523 rea:
2885 2469 3221 2526 Judteorum?
3258 2472 3488 2528 Vidimus
3533 2477 3738 2531 stellam

2163 2557 2276 2628 ejus
2326 2559 2382 2612 in
2437 2555 2679 2625 Oriente,
2728 2569 2777 2614 et
2829 2563 3056 2616 venimus
3093 2562 3311 2616 adorare
3350 2579 3466 2618 eum
3500 2565 3737 2636 (ΗΜΛ.

2166 2653 2192 2691 8
2224 2645 2280 2698 In
2326 2646 2408 2701 his
2458 2647 2735 2716 impletum
2786 2658 2899 2715 est,
2939 2650 3084 2720 quod
3122 2653 3438 2722 praphetico
3489 2670 3741 2711 sermone

2166 2736 2472 2803 praedictum
2502 2747 2584 2792 est
2614 2740 2631 2810 (
2656 2739 2784 2795 Isai.
2830 2740 2927 2810 v);
2953 2755 3082 2796 ecce
3135 2743 3277 2796 enim
3306 2742 3614 2808 Chaldieus,
3648 2749 3738 2801 cui

2166 2837 2338 2890 neque
2361 2825 2735 2880 annuntiatum
2757 2826 2825 2882 de
2851 2825 3064 2883 Christo
3087 2828 3259 2884 fuerat
3278 2846 3451 2901 neque
3471 2833 3738 2900 audierat,

2165 2919 2222 2967 et
2245 2913 2376 2967 vidit
2429 2916 2640 2969 stellam
2678 2915 2907 2981 Christi,
2933 2925 2988 2972 et
3011 2919 3196 2974 adesse
3243 2936 3364 2974 eum
3395 2923 3655 2977 intellexit
3687 2925 3741 2980 in

2164 3005 2338 3059 stella.
2371 3003 2610 3060 Aderant
2649 3005 2829 3076 itaque
2876 3007 3016 3080 magi
3064 3008 3376 3075 Dominum,
3411 3020 3466 3067 et
3505 3012 3739 3070 oderunt

2167 3111 2415 3163 munera,
2448 3106 2507 3153 ut
2558 3099 2874 3169 impleretur
2919 3099 2946 3138 ιι
2999 3102 3144 3171 quod
3180 3105 3256 3158 ait
3301 3105 3391 3160 ille
3440 3108 3738 3176 przccipuns

2167 3189 2544 3256 prophetarum
2567 3190 2761 3244 David:
2789 3193 2982 3260 Alfene
3010 3193 3249 3259 Domino,
3279 3198 3462 3266 patria:
3488 3201 3737 3268 gentium,

2166 3277 2349 3346 a/ferte
2373 3278 2594 3334 Domino
2634 3281 2852 3352 gloriam
2896 3293 2946 3336 et
2996 3284 3234 3338 honorem
3264 3285 3446 3354 (Psal.
3505 3291 3732 3359 xxvm).

2166 3365 2393 3422 Domino
2423 3377 2478 3424 et
2520 3369 2780 3434 Domino,
2812 3373 2955 3440 quod
2993 3374 3098 3440 ait,
3133 3375 3413 3429 Dominum
3436 3377 3580 3430 illum
3610 3394 3735 3432 esse

2163 3459 2456 3513 secundum
2482 3460 2646 3514 Deum
2667 3501 2681 3526 ,
2705 3461 2990 3516 Dominum
3020 3471 3076 3518 et
3128 3465 3421 3519 secundum
3465 3467 3737 3522 hominem

2165 3550 2391 3619 mystico
2445 3565 2694 3605 sermone
2743 3552 3015 3618 declarat;
3067 3554 3212 3622 quod
3258 3556 3399 3609 enim
3443 3557 3584 3612 Deus
3632 3568 3740 3625 est,

2163 3648 2378 3696 creator
2405 3649 2488 3695 est
2514 3642 2698 3696 mundi
2727 3641 2770 3697 ί.
2803 3643 2955 3709 Quod
2983 3645 3145 3700 homo
3173 3653 3274 3710 est,
3305 3647 3615 3717 redemptor
3654 3660 3738 3704 est

2163 3732 2366 3786 mundi.
2391 3731 2670 3798 Quomodo
2714 3749 2844 3803 ergo
2874 3751 2981 3790 non
3023 3737 3299 3805 privilegio
3329 3739 3431 3808 75
3462 3740 3739 3808 utriusque

2163 3821 2473 3876 substantiae
2516 3821 2774 3878 Dominus
2801 3832 2882 3879 est
2924 3827 3160 3880 omnimn
3214 3825 3489 3894 Christus,
3514 3829 3603 3898 qui
3633 3831 3738 3886 sibi

2162 3911 2412 3964 universa
2456 3920 2546 3965 aut
2591 3914 2892 3978 creatione,
2925 3924 3018 3968 aut
3069 3916 3437 3986 redemptione
3489 3919 3740 3988 subegit?

2162 4001 2356 4070 Afferte
2386 4044 2400 4070 ,
2468 4003 2679 4072 inquit,
2751 4003 2973 4061 Domino
3055 4008 3274 4078 gloriam
3356 4018 3406 4062 et
3487 4010 3737 4064 honorem

2165 4093 2338 4166 (Ibid.
2365 4095 2403 4165 ).
2461 4093 2695 4152 Honoris
2755 4112 2884 4166 ergo
2941 4105 3050 4160 est,
3107 4099 3399 4164 carissimi,
3455 4101 3597 4167 quod
3654 4100 3738 4154 of-

2163 4183 2341 4240 ferunt
2393 4181 2620 4254 gentiles
2671 4202 2924 4252 munera;
2989 4188 3201 4257 glorise,
3250 4189 3392 4256 quod
3447 4189 3734 4266 .adorant:

2161 4291 2385 4331 munera
2413 4275 2646 4331 Chaldzei
2674 4276 2925 4344 oll‘erunt,
2957 4285 3013 4332 et
3038 4279 3283 4333 adorant.
3315 4277 3490 4333 Unum
3537 4279 3602 4333 ab
3632 4281 3736 4336 illis

2161 4366 2401 4422 defertur
2423 4375 2482 4420 ut
2504 4367 2638 4436 regi,
2670 4368 2812 4422 aliud
2851 4369 3138 4423 exhibetur
3160 4377 3218 4422 ut
3245 4353 3378 4424 Deo.
3423 4369 3490 4423 lli
3531 4371 3734 4439 itaque,

2162 4459 2387 4514 adorato
2409 4459 2624 4514 Christo
2651 4460 2953 4529 oblatisque
2983 4461 3311 4524 muneribus,
3344 4476 3441 4528 per
3459 4461 3617 4515 aliam
3637 4502 3651 4526 ,
3678 4472 3736 4515 ut

2162 4551 2357 4605 lectum
2395 4557 2498 4614 est,
2528 4550 2671 4604 viam
2719 4551 2921 4604 reversi
2975 4551 3175 4605 suntin
3228 4551 3502 4618 regionem
3557 4566 3732 4604 suam.

483 4647 536 4693 et
564 4605 768 4707 perﬁdo
821 4636 982 4691 corde
1031 4636 1302 4705 persistis?
1331 4633 1471 4689 Ecce
1493 4635 1603 4703 jam
1653 4642 1776 4704 post
1829 4635 1917 4688 illa
1963 4651 2058 4704 pa-
2089 4605 2139 4664 θ
2165 4639 2478 4696 Rectissime
2500 4656 2596 4711 per
2615 4641 2774 4695 aliam
2799 4642 2939 4696 viam
2968 4641 3224 4702 redeunt,
3253 4654 3320 4695 ne
3351 4649 3604 4695 cruentus
3624 4639 3736 4695 lle-

487 4731 838 4784 triarcharum
868 4729 1132 4800 preceonia
1151 4767 1165 4791 ,
1198 4736 1320 4798 post
1351 4729 1600 4782 vaticinia
1652 4729 2054 4798 prOphetarum,

481 4822 727 4877 Christus
751 4830 805 4877 et
832 4837 860 4876 a
885 4819 1132 4891 gentibus
1177 4819 1517 4889 praedicatur.
1563 4819 1620 4872 Si
1659 4820 1900 4889 patribus
1955 4820 2058 4874 tuis

486 4911 704 4964 credere
733 4913 1020 4977 dctrectas,
1045 4911 1135 4979 qui
1157 4911 1224 4965 ab
1265 4911 1416 4964 initio
1463 4909 1641 4964 saeculi
1685 4910 1871 4964 teterni
1917 4910 2059 4978 regis

557 5055 581 5081 η
610 5043 742 5098 Cod.
767 5044 888 5098 Vat.
921 5044 1076 5109 42.9.2,
1102 5044 1346 5098 latentem
1383 5042 1606 5096 advenit.

557 5115 582 5153 ι’
611 5113 743 5168 Cod.
775 5113 895 5165 Vat.
931 5113 1066 5166 1267
1116 5123 1172 5168 et
1215 5114 1380 5180 4951,
1425 5123 1481 5168 et
1512 5113 1668 5167 Laur.
1693 5128 1740 5174 ι,
1772 5109 1910 5166 Plut.
1945 5128 2051 5174 xw,

483 5184 688 5241 indiciis
715 5184 938 5236 excitata
967 5185 1271 5238 caelestibus.

559 5268 580 5294 ε
610 5252 777 5308 Codd.
796 5250 962 5322 iCass.
979 5291 999 5322 ε
1022 5263 1076 5322 ut
1103 5255 1208 5322 qui.

488 5395 500 5406 θ
553 5291 583 5443 tll
1103 5291 1338 5391 £2222,
1362 5322 1602 5378 Salvator
1631 5320 1850 5375 hominis
1871 5318 2055 5390 agebat

488 5411 536 5443 ΙΙΙ
576 5411 642 5443 ιω
765 5430 779 5443 α

481 5411 536 5449 ιη
559 5406 779 5446 nurnine.

558 5473 581 5499 ο
612 5461 742 5516 Cod.
771 5460 886 5515 Vat.
915 5459 1081 5527 4931,
1105 5458 1339 5518 obtunsa.

559 5530 578 5571 ί
610 5531 780 5586 Codd.
807 5531 924 5584 Vat.
958 5529 1098 5584 42%
1122 5537 1177 5584 et
1215 5529 1418 5592 Casin.,
1442 5530 1797 5585 obstinationis
1830 5528 2046 5582 aversio.

556 5612 582 5650 κ
612 5599 781 5656 Codd.
815 5599 1092 5669 Laurent.,
1120 5597 1480 5664 Vatic..495|,
1501 5609 1554 5652 et
1573 5600 1780 5665 Casin.,
1813 5597 2047 5669 Pragdic-

489 5687 591 5728 tum
613 5681 685 5728 est
717 5688 730 5725 .·
758 5671 948 5737 Quibus
978 5667 1178 5727 non-cst
1229 5669 1535 5733 nuntiatum,
1566 5669 1628 5722 de
1681 5685 1739 5723 eo
1793 5667 2043 5733 ridebunt,

2162 4730 2338 4796 rodes,
2371 4733 2478 4801 76
2503 4731 2594 4800 qui
2623 4740 2851 4787 mortem
2881 4731 3106 4800 parabat
3151 4729 3370 4796 infanti,
3404 4731 3594 4785 itinere
3621 4747 3735 4783 ma-

2159 4834 2348 4888 gorum
2372 4820 2651 4889 pervenire
2679 4820 2851 4888 possit
2904 4819 2972 4873 ad
3017 4817 3318 4881 Christum;
3367 4834 3542 4886 neque
3589 4821 3735 4874 enim

2160 4910 2252 4978 qui
2282 4908 2510 4963 adorare
2539 4908 2822 4962 Dominum
2845 4914 3136 4975 venerant,
3166 4906 3377 4961 Domini
3431 4922 3551 4962 esse
3581 4916 3736 4977 pote-

2159 5051 2207 5093 et
2235 5041 2321 5111 qui
2359 5057 2463 5094 non
2487 5041 2799 5111 audierunt,
2851 5038 3166 5111 intelligent,
3203 5037 3354 5111 Ecce
3391 5037 3529 5111 enim
3575 5036 3736 5090 Chal-

2159 5107 2320 5174 dicas,
2345 5121 2448 5163 etc.
2472 5108 2654 5164 Codex
2685 5111 2925 5164 Vatican.
2952 5107 3110 5173 4222,
3138 5107 3213 5178 In
3233 5110 3311 5160 his
3340 5107 3602 5178 impletum
3656 5115 3733 5159 est

2156 5181 2286 5233 illud
2305 5180 2439 5250 quod
2484 5180 2806 5248 propheticus
2853 5194 3018 5250 sermo
3072 5175 3570 5250 prwdixit:Quibu_s
3627 5192 3730 5229 non

2156 5259 2232 5301 est
2252 5245 2610 5302 att-nuntiatum
2637 5250 2701 5302 de
2727 5266 2805 5313 eo,
2827 5245 3099 5318 ridebunt,
3129 5258 3178 5301 et
3206 5248 3289 5318 qui
3311 5262 3415 5298 non
3437 5245 3728 5309 audierunt,

2156 5318 2462 5388 intelligent.
2495 5318 2629 5388 Ecce
2646 5319 2782 5388 etiim
2807 5317 3108 5388 Chaldwus,
3135 5317 3238 5370 etc.

2191 5457 2201 5468 .
2228 5386 2256 5424 δ
2281 5382 2411 5468 God.
2447 5389 2562 5468 vat.
2605 5385 2765 5455 4951,
2796 5386 2924 5440 illud
2944 5389 3078 5458 quod
3105 5388 3178 5440 ait
3207 5382 3572 5454 prophetarum
3596 5399 3731 5452 pra:-

2157 5457 2332 5525 cipuus
2362 5457 2548 5511 David.
2958 5457 2963 5458 ⁷

2238 5526 2252 5562 ί
2286 5526 2364 5580 lla
2391 5526 2548 5583 codd.
2582 5525 2700 5581 Vat.
2737 5524 2895 5594 1267,
2915 5526 3055 5579 4222
3081 5534 3134 5583 et
3162 5521 3318 5589 4951,
3349 5529 3404 5577 et
3429 5521 3535 5577 duo
3580 5522 3730 5576 Casi-

2160 5611 2368 5652 nenscs.
