4042 6192
211 359 301 411 28!
1584 355 1868 415 IIOMILIA
1906 362 2087 421 XXVI.
2823 355 2843 365 ’
3384 363 3491 421 282

211 474 323 524 rant
346 465 665 537 proditores.
689 464 861 532 Quam
888 465 1045 532 bene,
1088 466 1302 531 fratres,
1329 480 1427 536 per
1454 467 1615 522 aliam
1642 470 1786 524 viam
1818 485 1862 538 Α
1892 492 2012 532 mus
2034 477 2175 531 hunc
2198 476 2368 543 diem,
2400 490 2680 546 magorum
2704 474 2965 547 obsequia
2990 482 3173 531 nostra
3198 474 3490 532 devotione

210 560 421 615 rediisse
448 557 733 612 dicuntur:
768 572 891 610 nam
912 558 1029 625 qui,
1052 558 1206 611 stella
1255 558 1414 623 duce,
1440 569 1701 614 venerant
1730 561 1783 615 in
1896 575 2213 636 superantes
2248 568 2571 635 :quoniam,
2603 568 2648 622 si
2675 567 2750 621 illi
2779 562 3054 623 Christum
3085 566 3111 607 ι’
3130 566 3399 637 jacentcm
3433 572 3487 624 in

208 649 451 713 Iudaeam,
476 647 530 700 in
553 647 786 717 patriam
815 661 967 700 suam
995 648 1183 701 πίει-ιιί
1206 646 1349 701 Solis
1378 648 1665 704 illuminati
1694 665 1784 705 ra—
1891 657 2177 711 cunabulis
2200 665 2553 726 repererunt,
2585 672 2683 713 nos
2702 673 2828 713 eum
2853 666 3169 726 regnantem
3225 659 3487 715 habemus

207 744 297 798 diis
315 747 679 797 revertuntur.
701 739 771 793 Et
794 740 919 797 ideo
944 750 970 779 ι
995 742 1143 797 οηιυὶ
1183 744 1492 799 reverentia
1539 746 1787 801 celebre-
1894 748 1949 801 in
1979 748 2151 803 ccclis.

1509 878 1853 940 HOMILIA
1918 881 2159 942 XXVI.

1459 974 1542 1029 De
1564 975 1865 1047 Epiphania
1886 978 2098 1035 Domini
2128 978 2201 1059 .

1648 1069 2044 1126 ADMONITIO.

267 1162 413 1230 Quod
439 1162 517 1245 de_
538 1162 974 1245 superiorehhoc
1002 1162 1145 1245 idem
1174 1164 1242 1245 de
1265 1164 1568 1245 insequenti
1597 1168 1819 1245 humilia
1850 1169 2621 1245 video_esse_constitueudum.
2653 1168 2770 1225 Non
2801 1170 2945 1224 enim
2970 1171 3207 1245 editores
3246 1183 3467 1245 tantum

204 1250 393 1305 omnes,
425 1234 521 1288 sed
550 1232 769 1305 codices
794 1234 957 1288 etiam
978 1242 1248 1305 quotquot
1275 1236 1327 1289 in
1360 1232 1785 1305 phecedcntibus
1814 1239 2271 1295 admonitionibus
2323 1242 2741 1295 memoravimus
2799 1251 3076 1305 acceptam
3132 1242 3190 1296 S.
3244 1244 3478 1298 Maximo

206 1304 373 1381 referri
401 1303 1078 1381 oportere‘demp‘nstrant.
1112 1303 1405 1381 Inscriptio
1429 1306 1757 1381 ejuseadem
1780 1316 1864 1381 est
1890 1309 2001 1381 fere
2026 1310 2077 1362 in
2104 1310 2405 1379 quibusque
2432 1311 2710 1365 codicibus
2736 1328 2747 1362 :
2782 1308 2861 1364 De
2895 1303 3195 1381 Epiphania
3247 1312 3477 1378 Domini,

206 1375 275 1427 vel
297 1373 428 1451 beati
462 1373 688 1427 Maximi
710 1375 773 1426 de
803 1372 1216 1451 Epiplianiorum
1247 1372 1352 1444 die,
1380 1377 1434 1430 in
1458 1372 1647 1433 codice
1668 1378 1990 1433 Taurinensi
2015 1372 2241 1434 numero
2270 1372 2354 1435 est
2386 1381 2645 1442 vicesima,
2670 1395 2775 1448 qua
2799 1396 2864 1435 ex
2898 1372 3026 1435 nota
3071 1381 3296 1450 intelligi
3323 1372 3481 1451 plane

206 1451 365 1514 potest
391 1444 584 1499 deesse
612 1460 806 1498 nonam
836 1460 901 1500 ac
927 1444 1202 1498 decimam.

207 1559 581 1630 Attenuatum.
619 1589 691 1598 —
724 1555 1010 1611 Humilitas
1060 1558 1113 1610 in
1149 1575 1250 1629 qua
1296 1560 1488 1613 mundo
1540 1563 1783 1630 apparuit

272 1628 641 1699 Verbumrcaro
671 1630 864 1699 factum
894 1630 1049 1699 tantis
1080 1630 1179 1699 fuit
1220 1630 1479 1682 irradiata
1528 1628 1783 1699 portentis

261 1710 400 1767 atque
425 1696 891 1768 splendoribus,t_tt
919 1698 963 1750 si
1014 1696 1190 1751 in'illa
1242 1699 1463 1768 prwbuit
1513 1696 1568 1753 se
1607 1718 1781 1755 verum

264 1769 534 1832 hominem,
559 1767 613 1818 in
636 1768 748 1820 istis
774 1766 931 1821 voluit
959 1769 1171 1838 agnosci
1192 1766 1248 1821 ut
1276 1786 1425 1823 verus
1459 1769 1616 1824 Deus.

1890 1562 2022 1617 lare.
2051 1562 2287 1618 Veniunt
2316 1565 2520 1634 itaque,
2545 1572 2604 1619 ut
2625 1565 2822 1619 lectum
2852 1573 2955 1631 est,
2980 1566 3048 1619 ab
3073 1563 3293 1621 Oriente
3318 1566 3478 1621 Chal-

1886 1654 1987 1708 daei
2010 1694 2025 1720 ,
2058 1663 2357 1723 sequuntur
2379 1655 2631 1723 pneviam
2681 1654 2925 1719 stellam,
2948 1671 3055 1709 non
3108 1657 3313 1725 magica
3360 1666 3476 1711 arte

1888 1748 2244 1817 recognitum,
2276 1748 2372 1802 sed
2400 1748 2481 1801 sui
2514 1748 2754 1802 novitate
2784 1747 3106 1802 mirabilem.
3155 1747 3359 1803 Idcirco
3380 1764 3476 1803 au-

1883 1849 1991 1895 tem
2020 1842 2161 1909 magi
2192 1842 2331 1910 apud
2364 1840 2525 1896 Israel
2552 1843 2820 1910 prmeipue
2849 1852 3035 1894 natum
3082 1854 3264 1908 regem
3294 1840 3475 1908 requi-

1880 1939 2025 1996 runt,
2057 1931 2181 1999 quia
2212 1930 2428 1984 Balaam
2461 1931 2550 1984 ille
2580 1931 2801 1993 ariolus,
2832 1939 2886 1984 ct
2913 1931 3168 1985 sacerdos
3202 1930 3474 1999 quondam

1882 2024 2141 2091 gentium,
2172 2024 2325 2092 cujus
2354 2024 2501 2076 asina
2535 2022 2548 2073 i
2584 2024 2762 2077 locuta
2792 2023 3135 2091 perhibetur,
3167 2023 3375 2076 stellam
3406 2039 3473 2077 ex

1878 2111 2046 2167 Jacob
2075 2110 2100 2148 ¹¹
2130 2113 2442 2175 oriundam,
2475 2119 2529 2165 et
2559 2112 2831 2164 hominem
2875 2126 2939 2164 ex
2970 2110 3136 2164 Israel
3181 2111 3472 2178 propheta-

263 1921 544 1988 Quamvis,
601 1920 936 1975 dilectissimi
985 1919 1204 1986 fratres,
1261 1922 1531 1990 Christus,
1587 1925 1777 1980 salutis

208 2022 379 2068 nostra:
408 2012 696 2077 Dominus,
720 2012 1111 2081 omnipotentis
1142 2011 1314 2067 Patris
1343 2014 1772 2078 Filius,co:etcr-

208 2122 315 2167 nus,
344 2102 617 2157 velamine
647 2102 824 2156 carnis
864 2102 1157 2171 adopertus
1198 2113 1254 2159 et
1283 2106 1497 2160 humilis
1526 2108 1776 2175 dignatus

1807 1974 1853 2034 B

206 2196 262 2247 sit
286 2195 495 2247 visitare
524 2194 801 2257 mortales,
855 2192 1003 2247 dedit
1033 2204 1211 2249 tamen
1264 2207 1285 2235 ε
1342 2205 1450 2250 tam
1501 2200 1664 2253 multa
1720 2209 1776 2254 et

204 2284 411 2339 maxima
430 2297 547 2339 suae
572 2282 871 2350 majestatis
898 2282 1113 2347 indicia,
1139 2285 1333 2352 quibus
1362 2302 1517 2340 meus
1540 2287 1773 2343 humana

204 2378 399 2431 sentiret
427 2384 489 2430 et
512 2391 714 2431 novum
740 2375 1013 2430 hominem
1043 2384 1228 2429 natum
1245 2416 1260 2439 ,
1286 2384 1341 2430 et
1369 2376 1535 2431 Deum
1566 2379 1772 2433 adven-

205 2476 323 2522 tasse
347 2468 409 2522 de
440 2468 606 2522 emlo.
647 2465 781 2520 Nam
821 2482 941 2521 cum
970 2468 1084 2536 ipse
1114 2467 1374 2523 Dominus
1430 2479 1614 2524 noster
1657 2472 1774 2540 lege

204 2560 475 2613 nativitatis
497 2561 746 2613 humanae
774 2558 1031 2627 parvulus
1053 2566 1107 2613 et
1129 2558 1303 2615 infans
1343 2560 1483 2629 apud
1531 2560 1772 2619 Judteam

204 2654 380 2721 vagiret
401 2655 455 2708 in
483 2655 670 2719 cuuis,
702 2651 730 2690 ά
760 2654 953 2709 lateret
990 2655 1044 2709 in
1074 2656 1285 2725 pannis,
1318 2656 1772 2725 magnificentiam

204 2753 357 2799 tamen
401 2744 524 2813 ejus
571 2746 824 2801 universo
879 2747 997 2801 orbi
1044 2747 1303 2802 mirabilis
1350 2749 1419 2803 ab
1464 2750 1573 2803 alto
1617 2749 1771 2803 stella

206 2836 462 2903 prodebat.
495 2836 626 2902 Quis
654 2837 802 2891 enim
847 2836 1055 2891 dubitet
1110 2838 1281 2907 ipsam
1325 2840 1536 2894 stellam
1578 2840 1771 2895 Imtiori

207 2922 303 2978 luce
342 2934 395 2979 et
427 2925 848 2993 fulgentioribus
902 2927 1064 2981 radiis
1110 2944 1458 2995 eoruscasse,
1490 2945 1609 2998 qua:
1648 2930 1769 2985 εαξΙὶ

207 3024 438 3086 terraeque
463 3019 647 3072 lumen
694 3018 946 3072 humanis
992 3019 1164 3073 oculis
1214 3020 1536 3089 ingerebat?
1565 3020 1631 3074 Et
1673 3036 1772 3075 ne~

206 3123 330 3164 cesse
368 3117 490 3165 erat
542 3119 601 3164 ut
648 3110 802 3164 stella
845 3110 959 3164 haec
1011 3126 1041 3164 a
1084 3112 1292 3165 caeteris
1344 3113 1610 3167 sideribus
1638 3113 1771 3167 orbe

206 3199 403 3256 clariore
462 3202 706 3265 distaret,
733 3216 852 3271 qua:
902 3202 1257 3256 annuntiabat
1282 3200 1590 3271 Christum,
1619 3203 1771 3272 cujus

207 3293 423 3348 nativitas
452 3293 524 3347 ab
552 3293 815 3346 universis
843 3292 1160 3347 mortalibus
1188 3291 1496 3355 differebat;
1528 3302 1584 3347 et
1627 3310 1770 3350 novo

205 3384 388 3451 quidem
410 3384 594 3440 sidere
625 3393 753 3439 tunc
775 3386 1011 3440 micabat
1048 3386 1246 3441 cmlum
1269 3404 1283 3451 ;
1308 3386 1403 3440 sed
1429 3387 1599 3453 magis
1627 3402 1767 3442 novo

206 3476 402 3529 mundus
452 3476 659 3529 lumine
690 3474 1008 3544 refulgebat.
1068 3474 1198 3541 Quis
1250 3476 1389 3529 hanc
1444 3476 1769 3544 investigare

205 3563 561 3618 miraculorum
590 3564 816 3632 gloriam
840 3572 1042 3633 posset,
1073 3564 1217 3633 quod
1270 3580 1367 3634 pro
1406 3565 1644 3619 remedio
1680 3580 1765 3619 sa-

204 3653 306 3709 lutis
332 3666 553 3722 nostr-.2,
577 3671 687 3709 uno
715 3654 1012 3725 eodemque
1050 3664 1326 3709 momento
1356 3667 1604 3710 creatura
1635 3666 1656 3692 ε
1686 3656 1767 3708 Iu-

204 3746 336 3799 cebat
361 3746 410 3799 in
442 3746 606 3808 caelo,
640 3754 693 3799 et
719 3742 947 3800 Creator
973 3747 1291 3816 splendebat
1340 3747 1395 3800 in
1444 3748 1635 3800 terris?
1657 3746 1768 3801 Nec

203 3837 385 3902 mirum,
416 3837 706 3901 carissimi,
742 3837 759 3875 ί
792 3838 1049 3892 caelorum
1081 3838 1363 3893 Dominum
1395 3840 1762 3894 testimonium

206 3927 400 3983 cceleste
426 3928 816 3999 prosequitur;
847 3937 939 3982 aut
972 3945 1069 3983 cur
1089 3930 1245 3985 nobis
1301 3930 1633 3985 iucredulum
1689 3931 1769 3985 vi-

204 4016 379 4085 deatur,
406 4021 455 4074 si
488 4019 828 4075 conditorem
869 4037 1025 4075 suum
1075 4023 1377 4090 obsequens
1424 4022 1627 4077 factura
1660 4032 1767 4077 tes-

205 4114 358 4166 tatur?
410 4113 477 4166 Et
526 4114 826 4167 mirabatur
866 4114 1081 4182 quidem
1152 4120 1292 4167 terra
1357 4114 1502 4182 quod
1572 4129 1765 4167 novam

206 4207 387 4260 stellam
436 4208 653 4262 videret
702 4208 757 4262 in
807 4208 944 4262 coelo
978 4224 989 4259 :
1025 4215 1049 4253 8
1080 4206 1173 4261 sed
1226 4206 1523 4261 mirabatur
1569 4208 1765 4261 cmlum

206 4298 323 4364 quod
364 4316 565 4355 novum
605 4299 788 4353 Solem
834 4300 1053 4353 videbat
1102 4299 1155 4352 in
1209 4299 1385 4354 terris.
1438 4300 1609 4364 Quam
1639 4314 1765 4368 pro-

205 4386 351 4443 funda:
379 4392 741 4460 cogitationes
786 4391 1029 4456 Domini,
1060 4399 1115 4446 et
1142 4388 1169 4427 ιι
1214 4392 1613 4459 investigabiles
1665 4392 1764 4446 via:

205 4477 324 4544 ejus!
362 4480 376 4518 ί
402 4483 493 4551 qui
522 4498 593 4536 ne
621 4481 840 4551 perﬁdia
862 4482 1137 4536 hominum
1161 4490 1371 4550 partum
1393 4481 1625 4550 Virginis
1662 4482 1763 4535 im-

204 4580 464 4637 pugnaret,
517 4571 666 4626 dedit
714 4572 781 4625 ab
834 4572 1051 4626 excelso
1104 4571 1460 4625 clarissimum
1533 4572 1762 4639 signum,

206 4660 327 4725 quod
352 4678 449 4717 nec
470 4663 746 4731 gentilitas
790 4662 1024 4716 refutare
1055 4669 1269 4731 posset,
1296 4677 1399 4717 nec
1445 4660 1626 4717 Iudaea
1674 4678 1766 4717 ee-

265 4804 287 4865 ?
312 4796 439 4853 Cod.
471 4799 597 4854 Vat.
620 4796 782 4865 4951,
811 4801 949 4852 omni
970 4816 1085 4853 cum
1106 4801 1409 4855 reverentia.

263 4864 288 4903 δ
312 4866 475 4940 (Eadd.
507 4870 660 4923 Cass.
689 4869 869 4940 legunt
897 4870 1175 4923 luctantem
1198 4887 1293 4938 pro
1316 4871 1595 4940 jacentem.

266 4947 286 4973 ⁶
313 4936 442 4992 Cod.
466 4940 711 4994 Vallicel.
740 4940 779 4990 A
808 4937 892 5001 I0,
911 4936 1232 4993 dedittumen
1254 4936 1415 4994 multa
1431 4959 1491 4994 ac
1513 4945 1764 5000 maxima.

266 5003 287 5041 ά
310 5008 438 5081 Cod.
470 5011 592 5081 Vat.
627 5010 758 5078 Reg.
790 5006 893 5059 125
914 5010 1042 5076 legit
1071 5011 1350 5065 laetaretur
1377 5014 1431 5065 in
1462 5014 1670 5081 pannis.

267 5078 436 5151 mel.
468 5079 713 5151 Regium,
727 5088 966 5151 creatura
999 5082 1223 5151 fulgebat
1245 5084 1296 5135 in
1321 5078 1465 5137 coelo.

268 5143 285 5225 ξ
311 5147 440 5203 Cod.
465 5143 585 5205 Vat.
611 5149 774 5215 4951,
800 5148 847 5202 si
873 5143 1153 5204 Dominum
1180 5154 1423 5209 calorum
1470 5153 1767 5225 obsequium

202 5215 379 5293 sceleste
404 5238 613 5293 prosequ
621 5224 743 5276 itur.

267 5297 289 5332 ε
316 5290 449 5345 Cod.
478 5290 730 5347 Laurent.
776 5310 824 5364 t,
870 5296 961 5349 sed
1002 5292 1427 5364 plus__mirabatur
1468 5294 1680 5358 caelum;
1712 5295 1765 5350 in

368 5364 723 5483 {cnveniuut
764 5362 1052 5421 lectionem
1089 5362 1269 5445 _Vatic.
1318 5365 1472 5420 codd.
1527 5366 1665 5419 1267
1711 5374 1769 5421 et

264 5461 276 5473 ο
332 5471 346 5490 ,
418 5431 503 5483 all.
527 5434 572 5485 Α
598 5432 685 5490 19.
715 5444 772 5489 et
798 5437 955 5490 codd.
980 5433 1157 5488 Casm.

264 5450 346 5500 φιν
380 5450 503 5483 1311.
527 5450 572 5485 Α
598 5450 685 5500 ιυ,
715 5450 772 5489 ει
798 5450 955 5492 0000.
980 5450 1157 5488 ωιδιιι.

263 5496 289 5573 ¹ξ
313 5499 427 5575 ροό
458 5500 573 5575 Vat.
600 5496 758 5575 4931,
788 5515 838 5559 et
865 5521 1025 5575 quam
1048 5504 1456 5575 inuestigabiles,
1484 5514 1591 5560 etc.

228 5637 237 5644 ε
268 5568 284 5644 ἦ
312 5568 390 5624 Ex
419 5573 573 5644 codd.
605 5568 961 5630 Laurentfet
982 5572 1105 5628 Vati
1137 5568 1395 5630 Galesinii
1434 5586 1611 5633 textus
1638 5591 1761 5632 cor-

205 5640 395 5716 n'gitur,
423 5641 473 5694 in
498 5657 606 5716 quo
632 5647 889 5716 mendose
918 5646 1111 5713 legitur
1138 5662 1271 5716 quia.

268 5722 279 5784 ξ
318 5708 458 5784 Idem
484 5708 602 5768 cod.
631 5713 786 5783 Reg,
819 5708 995 5769 locuta
1010 5732 1119 5768 esse
1143 5708 1452 5784 perhibetur.

265 5781 291 5820 ι
318 5777 459 5836 Idem
486 5784 603 5839 cod.
634 5777 751 5840 Vat.
776 5777 945 5855 1267,
975 5777 1177 5841 stellam
1200 5805 1261 5841 ex
1297 5787 1458 5842 Jacob
1486 5790 1754 5843 oriturum.

1877 2210 2030 2256 verat
2058 2216 2177 2255 esse
2206 2210 2489 2254 venturum
2520 2218 2532 2252 :
2566 2200 2641 2252 ait
2692 2200 2835 2253 enim
2885 2200 3025 2253 inter
3074 2207 3267 2252 caetera
3288 2238 3303 2262 ,
3326 2200 3464 2252 sicut

1878 2292 2070 2359 legitur
2103 2310 2115 2343 :
2150 2290 2358 2345 Orietur
2378 2292 2527 2345 stella
2548 2308 2613 2345 ea:
2633 2290 2796 2344 Jacob
2819 2332 2835 2358 ,
2864 2299 2911 2344 et
2940 2300 3180 2361 exsurget
3228 2291 3376 2344 homo
3406 2306 3469 2344 ex

1879 2382 2053 2436 Israel
2120 2381 2317 2452 (Num.
2377 2382 2559 2451 xnv).
2632 2383 2799 2436 Nemo
2856 2396 2984 2449 ergo
3043 2398 3187 2437 nunc
3240 2384 3467 2436 miretur

1877 2477 1981 2545 77
2030 2471 2367 2527 nativitatem
2424 2472 2747 2526 dominicam
2805 2473 3087 2541 agnovisse
3142 2470 3461 2538 Chaldmos,

1876 2582 2040 2635 quam
2069 2564 2273 2632 utique,
2303 2563 2369 2628 si,
2395 2562 2671 2617 revelante
2704 2560 2841 2631 Deo,
2873 2562 3229 2631 prtenuntiare
3259 2562 3465 2631 potuit;

1876 2658 2051 2726 potuit
2079 2656 2295 2725 gentilis
2345 2669 2676 2723 agnoscere;
2708 2654 2808 2709 fuit
2854 2654 2995 2708 enim
3045 2653 3173 2721 hoc,
3202 2662 3460 2723 quantum

1874 2749 2127 2802 testimari
2154 2747 2335 2816 datur,
2360 2743 2379 2783 ι
2413 2761 2659 2815 supemie
2679 2745 3048 2815 dispositionis
3077 2744 3355 2798 arbitrium
3378 2745 3462 2797 in-

1875 2848 1958 2894 ter
1984 2839 2371 2894 sacratissimas
2399 2838 2785 2906 prophetarum
2812 2850 2999 2903 voces,
3031 2844 3070 2870 m
3099 2836 3259 2890 etiam
3292 2834 3359 2888 ah
3385 2834 3466 2887 iu-

1876 2929 2023 2984 tideli
2054 2929 2273 2983 homine
2302 2927 2420 2995 ejus
2449 2926 2831 2996 praediceretur
2870 2933 2897 2960 ιι
2929 2923 3213 2987 adventus,
3245 2923 3335 2991 qui
3366 2938 3465 2992 pro

1876 3021 2111 3075 ﬁdelium
2163 3019 2564 3088 inﬁdeliumque
2610 3026 2729 3072 erat
2782 3016 3156 3085 redemptione
3184 3024 3460 3071 venturus.

1875 3110 1943 3164 Et
1968 3127 2032 3166 ea
2056 3112 2306 3165 nimirum
2334 3112 2545 3165 ratione
2571 3108 2862 3179 prophetat
2891 3108 3158 3162 idolorum
3190 3106 3462 3171 sacerdos,

1875 3210 1935 3256 ut
1962 3202 2007 3255 si
2053 3201 2250 3255 .Iudaeis
2279 3200 2697 3271 prtedicantibus
2730 3198 2799 3254 de
2841 3198 3079 3253 adventu
3106 3197 3305 3252 Christi
3348 3213 3466 3251 cre—

1876 3295 2005 3349 dere
2028 3293 2167 3348 forte
2195 3292 2467 3361 gentilitas
2495 3292 2795 3358 reuuisset,
2824 3306 3044 3345 suorum
3075 3290 3265 3343 saltem
3310 3289 3464 3343 testi-

1873 3384 2114 3440 monium
2136 3391 2457 3452 sequeretur
2485 3390 2787 3436 auctorum.
2823 3380 2933 3434 Nec
2960 3380 3266 3434 dubitemus
3295 3380 3464 3433 omni-

1874 3485 2151 3545 potentem
2182 3490 2245 3529 ac
2274 3474 2714 3542 benignissimum
2740 3471 2906 3526 Deum
2930 3471 3151 3524 Balaam
3178 3471 3253 3523 illi
3276 3470 3465 3524 alieni-

1871 3580 2025 3636 gena:
2072 3565 2423 3636 prfescientitn
2469 3564 2597 3617 dare
2646 3563 2890 3633 potuisse
2938 3576 3283 3622 sermonem,
3317 3572 3340 3594 υ
3368 3560 3464 3629 qui

1871 3661 2034 3714 asinae
2065 3660 2232 3728 ipsius
2256 3660 2491 3727 linguam
2516 3659 2577 3734 in
2597 3658 2759 3712 verba
2790 3656 2969 3725 potuit
2997 3655 3227 3708 humana
3253 3645 3463 3707 Iax’are.

1873 3750 2219 3820 Loquebatur
2276 3750 2437 3818 igitur
2490 3748 2716 3803 sessoris
2784 3747 2939 3801 arioli
2994 3746 3186 3812 asina,
3232 3760 3469 3813 pronum

1870 3846 2071 3914 quippe
2100 3844 2317 3908 animal,
2348 3850 2404 3896 et
2422 3840 2735 3895 naturaliter
2766 3850 2792 3889 P
2818 3839 3108 3908 inspiciens
3153 3846 3369 3901 terram,
3404 3843 3466 3889 ut

1870 3934 2156 3989 manifesto
2183 3934 2420 4002 signaret
2461 3932 2659 3986 indicio
2698 3931 2842 3999 quod
2871 3931 3123 3984 universa
3155 3929 3462 3997 gentilitas,

1870 4040 1991 4095 qua:
2020 4026 2128 4079 aris
2174 4025 2377 4090 dedita,
2409 4032 2464 4077 ct
2507 4024 2559 4076 in
2591 4031 2789 4076 terram
2833 4036 3047 4090 semper
3093 4019 3327 4089 perﬁdiae
3354 4032 3465 4072 sua:

1871 4116 2113 4186 pondere
2142 4130 2347 4184 pressa,
2376 4114 2680 4183 despiciens
2709 4112 3098 4181 omnipotentis
3120 4111 3212 4164 Dei
3236 4111 3463 4177 cultum,

1866 4210 2032 4262 tacita
2062 4213 2179 4260 erat
2206 4214 2262 4259 et
2308 4212 2487 4269 muta;
2534 4202 2862 4256 adventante
2911 4202 3065 4256 stella
3095 4217 3162 4256 ex
3190 4200 3379 4264 Iacob,
3409 4207 3465 4254 ct

1868 4297 2089 4353 homine
2131 4311 2197 4350 ex
2246 4294 2430 4361 Israel,
2456 4293 2651 4348 erectis
2678 4291 2744 4345 ad
2774 4292 2971 4345 coelum
3002 4291 3194 4356 oculis,
3226 4301 3253 4339 (1
3275 4290 3465 4344 aeterni

1870 4388 1964 4442 Dei
1986 4388 2211 4455 gloriam
2228 4384 2555 4453 quotidianis
2576 4391 2721 4438 esset
2742 4380 3172 4436 confessionibus
3194 4380 3462 4433 locutura.

1870 4478 2031 4533 Venit
2057 4480 2256 4545 itaque,
2279 4474 2491 4543 fratres,
2514 4475 2580 4528 ab
2604 4472 2823 4528 Oriente
2847 4473 3145 4527 illuminata
3168 4470 3458 4538 gentilitas,

1868 4571 2049 4626 Judma
2079 4588 2230 4635 vero,
2267 4582 2288 4609 ι’
2320 4570 2590 4625 durissimi
2638 4569 2817 4625 cordis
2863 4569 2945 4623 sui
2988 4567 3305 4622 inlidelitate
3350 4578 3460 4618 ete-

1872 4673 2013 4730 cata,
2046 4673 2291 4719 remanet
2338 4664 2392 4718 in
2423 4678 2641 4719 occasu.
2673 4661 2961 4729 Quomodo
2989 4669 3166 4716 autem
3197 4674 3303 4713 non
3331 4671 3461 4712 vere

1800 4808 1851 4867 Ι)
1950 4799 1965 4839 ³
2003 4802 2147 4856 Idem
2179 4802 2301 4858 cod.
2349 4802 2483 4872 Reg.
2542 4810 2597 4857 et
2625 4802 2745 4857 cod.
2795 4800 2914 4853 Vat.
2942 4797 3098 4865 4951,
3131 4798 3317 4850 divina:
3344 4795 3457 4849 dis-

1874 4874 2215 4941 pensationis,
2244 4880 2353 4929 etc.
2874 4939 2927 4941 ίλ
2988 4938 2996 4941 _
3103 4938 3114 4941 _
3186 4904 3187 4907 ‘

1948 4943 1985 4964 ¹¹¹
2013 4941 2151 5018 90d.
2199 4943 2529 5018 Laurentii,
2561 4953 2617 4996 ut
2644 4942 2707 5018 ab
2747 4939 2955 5018 infideli
2977 4938 3200 5018 homine.

1946 5023 1973 5051 ιι
2004 5014 2139 5069 Cod.
2190 5013 2371 5068 Casin.
2425 5005 2560 5075 106,
2591 5005 2869 5073 adventus;
2908 5017 2956 5061 et
3008 5009 3302 5061 animarum
3354 5005 3458 5059 Re-

1873 5085 2191 5155 demptorem
2244 5085 2563 5155 prophetarit
2611 5082 2874 5155 idolorum
2905 5079 3168 5155 sacerdos,
3198 5086 3253 5130 ut
3280 5079 3325 5131 si
3350 5075 3455 5155 διας

1873 5147 2001 5208 dazis
2021 5147 2447 5225 pradicatoribus
2473 5154 2536 5206 de
2563 5152 2783 5205 adventu
2813 5147 3034 5215 Christi,
3065 5158 3170 5204 etc.
3210 5166 3222 5202 :
3256 5147 3459 5201 omittit

1872 5226 2013 5279 inter
2034 5226 2233 5280 media.

1948 5305 1972 5330 ο
2022 5295 2195 5349 Codd.
2250 5294 2365 5348 Vat.
2402 5290 2537 5345 1267
2586 5298 2641 5345 et
2687 5288 2860 5360 4951,
2915 5306 2979 5346 ac
3027 5290 3282 5360 Laurent.
3309 5326 3325 5345 .
3368 5290 3458 5357 qui

1874 5367 2039 5489 psina:
2094 5367 2297 5438 ipsius;
2336 5364 2457 5419 cod.
2506 5376 2636 5416 vero
2690 5358 2852 5416 4951
2885 5363 3130 5417 relaxare
3184 5358 3312 5427 legit
3358 5372 3456 5427 pro

1896 5454 2076 5489 natare.

1896 5454 2076 5490 nature.

1946 5517 1971 5555 P
2172 5504 2334 5580 βεεν
2366 5503 2646 5580 respiciens
2676 5511 2907 5580 terl‘npt._
2978 5572 2989 5580 -
3274 5567 3309 5580 Π

1944 5587 1970 5625 (ι
1996 5577 2129 5631 Cod.
2173 5566 2387 5643 Regim,
2434 5566 2589 5628 etiam
2630 5574 2683 5627 in
2730 5573 2827 5626 Dei
2856 5572 3097 5643 gloriam.
3131 5579 3239 5624 ctc.
3270 5566 3456 5621 Codex

1868 5662 1999 5701 vero
2030 5648 2149 5700 Vat.
2180 5645 2338 5704 4941,
2373 5655 2618 5700 wternam
2640 5643 2738 5697 Dei
2767 5644 3004 5705 gloriam,
3037 5650 3142 5695 ctc.

1946 5728 1963 5753 τ
2000 5717 2160 5772 Iidem
2212 5717 2364 5775 codd.
2428 5716 2557 5785 Reg.
2614 5706 2954 5771 ctValliccll.
3016 5713 3078 5764 A.
3138 5708 3231 5770 10,
3284 5706 3455 5757 (Ιιιω-

1867 5788 2019 5841 sima.
