4042 6192
1148 332 1175 355 ο

551 355 654 410 985

1758 351 1814 407 S.
1854 351 2096 406 MAXIMI
2133 351 2580 409 TAURINENSIS

3699 359 3806 413 28$

552 464 606 517 in
652 475 846 517 occasu
883 467 938 516 et
977 460 1029 515 in
1056 459 1290 515 tenebris
1316 460 1540 515 tabescit
1568 461 1742 514 omnis
1787 461 2121 515 contumacia
2151 478 2196 532 Α
2228 464 2342 516 tunc
2370 463 2607 531 inspecta
2630 461 2918 516 carnaliter
2949 461 3213 531 majestati
3234 462 3351 532 ejus
3380 465 3705 521 omnimodis
3719 469 3804 523 VI?

554 552 876 615 Judieorum,
898 550 989 620 qui
1009 548 1258 605 indefessi
1281 548 1424 604 Solis
1450 550 1786 618 praesentiam
1814 559 2127 619 respuentes

553 641 695 696 diem
743 647 1059 710 perpetuum
1108 638 1493 708 perdiderunt?
1539 638 1606 692 Et
1640 640 1810 704 bene,
1841 641 2127 707 carissimi,

554 747 660 785 uno
691 732 883 785 itinere
909 738 934 766 ι
964 738 1075 786 tres
1124 730 1283 783 simul
1334 730 1607 785 adoraturi
1654 739 1917 784 venerunt
1945 732 2086 798 magi
2111 750 2124 784 :

552 822 676 889 quia
699 821 753 875 in
774 836 880 874 uno
892 819 1106 873 Christo
1124 818 1270 883 Iesu,
1292 820 1383 887 qui
1405 819 1645 874 omnium
1664 818 1998 875 credentium
2019 823 2128 892 78

553 912 640 964 via
668 918 767 975 est,
801 911 1106 978 inseparata
1148 910 1216 963 ab
1258 910 1339 964 eis
1385 916 1503 964 erat
1556 909 1790 965 Trinitas
1831 911 2122 966 adoranda.

553 1001 808 1056 Deferunt
834 1008 1013 1055 autem
1043 1008 1098 1055 et
1125 1015 1367 1065 munera,
1396 999 1423 1038 δ
1452 1016 1573 1070 qua:
1613 1016 1718 1055 non
1751 1010 1860 1054 tam
1904 1017 2127 1056 munera

554 1107 715 1159 quam
764 1092 1016 1163 mysteria
1062 1092 1437 1161 probarentur.
1469 1102 1493 1132 ο
1524 1090 1765 1146 Oﬂ'erunt
1801 1093 1851 1147 ei
1896 1108 2083 1148 aurum
2108 1132 2125 1161 ,

558 1183 683 1239 thus
708 1190 765 1238 et
793 1183 1085 1254 myrrham.
1108 1182 1164 1235 In
1196 1197 1350 1249 auro,
1380 1179 1570 1237 fratres
1588 1223 1603 1249 ,
1629 1182 1932 1237 ostenditur
1958 1183 2128 1252 capti-

558 1278 736 1329 vitatis
788 1288 981 1329 nosme
1011 1273 1242 1341 pretiosa
1274 1271 1602 1341 redemptio;
1654 1272 1706 1325 in
1738 1273 1894 1327 thure
1923 1281 2123 1338 autem,

561 1374 617 1419 et
637 1364 1018 1419 dmmoniorum
1043 1362 1350 1432 superstitio
1372 1371 1664 1428 cessatura,
1686 1372 1740 1418 et
1762 1363 1968 1419 iuturus
1985 1378 2128 1419 vera:

559 1454 833 1522 religionis
859 1454 1035 1509 cultus
1062 1453 1328 1523 aperitur;
1362 1453 1413 1505 in
1437 1454 1648 1523 myrrha
1680 1469 1835 1523 vero,
1863 1469 1967 1523 qua
1996 1470 2126 1510 exa-

554 1545 754 1598 nimata
783 1544 960 1599 solent
986 1558 1212 1612 corpora
1241 1544 1581 1609 conservari,
1612 1542 1979 1613 pneliguratur
2005 1560 2127 1599 ear-

553 1637 635 1691 nis
663 1645 861 1691 nostra:
890 1636 1160 1704 reparatio
1186 1643 1241 1688 et
1270 1637 1593 1690 resurrectio
1621 1645 1977 1692 mortuorum.
2004 1637 2129 1694 Ilaec

550 1734 731 1780 autem
771 1725 951 1781 offerri
992 1724 1205 1780 Christo
1236 1735 1342 1778 tam
1372 1734 1580 1780 sacrata
1600 1727 1845 1794 donaria,
1877 1744 1982 1782 non
2013 1744 2127 1782 ma-

2229 551 2423 604 dcntur
2449 550 2685 618 indigna.
2716 550 2848 604 Nam
2876 566 2984 618 quo
3013 551 3241 606 Domino
3269 553 3559 608 immortali
3588 572 3806 626 aurum,

2228 641 2373 709 quod
2396 642 2583 709 utique
2607 640 2735 694 solis
2763 649 2844 695 est
2872 642 3189 696 mortalibus
3235 650 3291 696 et
3330 644 3450 697 usui
3484 653 3541 700 et
3586 648 3757 701 amori
3781 650 3805 702 ἲ

2233 742 2256 770 ι’
2275 730 2393 797 Quo
2417 731 2773 797 omnipotenti
2794 730 2902 784 Deo
2924 730 3069 799 thus,
3091 731 3245 800 cujus
3265 732 3455 788 nidore
3469 735 3630 790 etiam
3645 738 3807 791 simu.

2228 822 2372 876 lacra
2398 836 2427 873 a
2452 821 2700 888 gentibus
2726 821 3098 876 honorantur?
3121 821 3228 877 Aut
3253 837 3363 890 quo
3388 824 3438 878 ei
3463 826 3680 895 myrrha
3727 825 3805 881 fc-

2231 914 2461 968 tidorum
2483 924 2768 981 corporum
2796 911 3219 983 condimentum,
3252 912 3273 952 ί
3305 913 3459 983 cujus
3480 918 3627 971 carni
3658 917 3805 972 nulla

2228 1005 2418 1058 mortis
2442 1011 2557 1057 erat
2585 1003 2922 1057 dominatura
2952 1004 3262 1072 corruptio?
3287 1014 3311 1052 ι
3342 1003 3471 1071 Qua:
3492 1006 3673 1060 omnia
3689 1049 3704 1073 ,
3728 1006 3805 1060 di-

2228 1094 2541 1162 lectissimi,
2566 1092 2709 1163 apud
2738 1093 2834 1147 Dei
2865 1091 3055 1146 Filium
3084 1092 3354 1162 superflua
3380 1094 3703 1148 videbuntur
3749 1103 3805 1149 et

2226 1197 2419 1249 vacua,
2436 1182 2537 1235 nisi
2558 1181 2873 1235 adumbrata
2902 1181 2956 1233 in
2979 1179 3084 1234 illis
3105 1181 3235 1234 vita:
3256 1188 3450 1234 nostra:
3468 1190 3804 1234 sacramenta

2228 1272 2530 1328 credantur.
2591 1270 2819 1340 Propter
2845 1269 3008 1338 quod,
3042 1268 3252 1335 fratres,
3285 1285 3563 1339 Speremus
3592 1271 3646 1324 in
3693 1270 3804 1325 Do-

2227 1366 2395 1432 mino,
2418 1374 2474 1420 et
2499 1363 2832 1419 confortetur
2858 1379 2953 1418 cor
2980 1371 3223 1418 nostrum
3242 1405 3257 1428 ,
3291 1374 3349 1419 ut
3376 1365 3429 1418 in
3474 1365 3630 1420 nobis
3668 1380 3807 1433 quo-

2226 1470 2332 1524 que
2358 1454 2510 1509 stella
2536 1452 2657 1507 ﬁdei
2682 1455 2969 1518 elucescat,
2999 1466 3119 1520 quas
3162 1469 3262 1508 nos
3288 1455 3372 1508 via
3402 1461 3549 1510 recta
3585 1462 3640 1508 et
3687 1457 3805 1510 sine

2228 1562 2412 1602 errore
2440 1546 2700 1615 perducat
2727 1545 2797 1599 ad
2825 1543 3130 1610 Christum;
3159 1544 3444 1599 oil‘eramus
3486 1554 3544 1599 et
3589 1560 3689 1599 nos
3716 1560 3805 1599 ac-

2228 1646 2377 1692 tuum
2407 1645 2711 1692 nostrorum
2745 1635 3152 1703 devotionisque
3186 1635 3519 1700 munuscula,
3548 1650 3670 1703 quae
3690 1635 3803 1703 jam

2228 1745 2337 1785 non
2371 1731 2424 1783 in
2449 1728 2605 1784 terris
2632 1737 2686 1781 et
2731 1727 2783 1781 in
2811 1743 2948 1781 cuna
2992 1725 3177 1795 jacens
3222 1726 3478 1796 suscipiat
3523 1726 3801 1788 Christus,

548 1829 738 1883 gorum
768 1814 1064 1876 arbitrium,
1096 1814 1188 1867 sed
1220 1814 1498 1883 inspiratio
1522 1813 1914 1883 Omnipotcntis
1942 1819 2122 1885 elegit.
2159 1832 2201 1890 Β
2228 1819 2323 1875 sed
2361 1835 2481 1889 qua:
2505 1818 2701 1874 sedens
2743 1817 2809 1872 ad
2851 1817 3127 1873 dexteram
3165 1816 3341 1872 Patris
3367 1818 3723 1886 amplectatur
3753 1818 3802 1870 in

549 1902 575 1941 δ
598 1903 867 1972 Quantum
890 1905 1029 1960 enim
1052 1904 1119 1958 ad
1142 1904 1366 1973 gloriam
1395 1904 1627 1973 pertinet
1654 1905 1872 1972 Christi,
1897 1923 2119 1963 nmnera

2225 1910 2362 1965 cmlo
2380 1909 2425 1963 δ.

1842 2016 2186 2077 HOMILIA
2243 2017 2509 2076 XXVII.

1775 2113 1855 2167 De
1884 2112 2180 2183 Epiphania
2218 2113 2425 2168 Domini
2449 2112 2553 2166 XI.

1990 2201 2377 2256 ADMONITIO.

615 2296 725 2367 79
765 2294 919 2367 Quod
966 2294 1097 2367 alias
1138 2293 1501 2367 docuerimus,
1526 2292 1787 2367 quidquid
1818 2293 1920 2348 hac
1946 2294 1998 2367 in
2046 2294 2428 2367 collectionea
2457 2292 2611 2367 nobis
2650 2292 2965 2367 producitur
2978 2307 3054 2367 ,ιι
3085 2292 3394 2367 melioribus
3419 2291 3657 2349 fontibus
3684 2309 3805 2351 esse

548 2366 795 2420 haustum
811 2406 825 2431 ,
858 2366 910 2419 id

979 2365 1149 2418 lanius
1172 2365 1332 2434 etiam
1357 2381 1423 2418 ex
1454 2334 1695 2418 dictandi:
1717 2365 1791 2434 de
1816 2367 1917 2419 hac
1946 2364 2162 2418 homilia
2187 2364 2473 2419 constabit.
2500 2334 2875 2418 Pmm'ittimus
2894 2334 3105 2434 codices
3127 2363 3410 2434 Vaticanos
3440 2373 3573 2429 tres;
3609 2380 3805 2434 nempe

548 2434 705 2495 15222,
735 2424 987 2504 pag.__86,
1019 2450 1047 2504 a
1091 2433 1503 2504 t.;7fi9§il,_pag.
1536 2433 1635 2504 41,
1658 2432 1825 2504 1267,
1858 2450 1993 2504 quos
2023 2444 2131 2488 tres
2152 2433 2481 2504 Vallicellani
2513 2439 2811 2504 sequuntur
2840 2424 2899 2485 A'
2920 2432 3005 2495 10,
3031 2448 3150 2504 pag.
3178 2434 3246 2504 fi;
3266 2433 3318 2504 Α
3351 2433 3434 2498 16,
3469 2424 3716 2504 pag._89;
3740 2424 3803 2489 'et

548 2521 637 2583 xx,
661 2502 902 2583 pag._75,
934 2510 987 2583 et
1013 2503 1119 2583 duo
1141 2503 1230 2583 alii
1250 2502 1588 2583 Casinenses,
1613 2502 1747 2583 105,
1757 2517 1828 2583 pa

548 2570 747 2625 Montis
778 2573 1019 2636 Amiatae,
1051 2570 1331 2638 Augiensis
1355 2586 1460 2634 xw,
1495 2570 1693 2625 Lucen.
1716 2571 1807 2639 85,

1919 2503 2047 2568 123;
2072 2513 2125 2556 et
2149 2503 2267 2568 106,
2295 2517 2413 2573 pag.
2446 2501 2576 2573 254A.
2601 2502 2693 2557 llis
2722 2512 3027 2573 _consonant
3056 2502 3215 2573 c_odd.
3260 2501 3796 2573 Larnbac.,Cisterc.

1880 2587 2027 2625 ovar.
2059 2573 2149 2640 27,
2180 2570 2503 2627 Μοίῐοειίθη.
2537 2571 2579 2624 Ε
2618 2589 2694 2636 ιιι,
2720 2570 2970 2627 Laurent.
3004 2588 3041 2635 ι,
3071 2571 3212 2625 Plut.
3244 2588 3353 2639 xiv,
3381 2586 3502 2641 pag.
3550 2572 3637 2636 10,
3663 2572 3800 2625 Ver-

544 2642 664 2696 cell.
699 2641 788 2709 81,
810 2650 865 2695 et
884 2641 1102 2694 ’l‘aurin.
1131 2641 1230 2693 sub
1255 2656 1401 2694 num.
1434 2641 1619 2694 homil.
1645 2639 1733 2703 21,
1756 2641 1847 2709 qui
1876 2656 2064 2696 omnes
2088 2641 2143 2695 S.
2178 2641 2466 2695 Maximum
2487 2641 2602 2709 ejus
2628 2650 2906 2761 parentem
2934 2649 3247 2709 agnoscunt.
3280 2639 3420 2695 Idem
3445 2643 3663 2761 insigier
3682 2641 3801 2695 edi-

545 2719 689 2761 tores
710 2710 1071 2761 testimonium
1102 2708 1439 2761 conﬁrmant.
1467 2708 1757 2761 vanicus
1797 2725 1920 2761 nae.
1953 2708 2038 2761 50.
2071 2709 2371 2761 Galesinius
2399 2724 2518 2761 natt.
2554 2710 2620 2761 10
2673 2751 2688 2761 .
2719 2708 3070 2761 Combeﬁsins
3098 2719 3230 2761 tom.
3261 2709 3328 2761 II.
3358 2724 3478 2761 nae.
3512 2710 3542 2761 7
3582 2752 3596 2761 .
3629 2710 3800 2761 Cum-

2673 2751 2688 2775 ν

545 2719 689 2765 tores
710 2708 1439 2780 testimonio:nuconfirmant,
1467 2708 1757 2780 Gymnicus
1797 2725 1928 2780 pag.
1953 2708 2038 2775 50,
2065 2709 2371 2780 Calesinius
2398 2708 2528 2780 pag.
2554 2710 2620 2762 10

2719 2708 3070 2781 Combeﬁsius
3098 2719 3230 2765 tom.
3258 2709 3328 2781 _ll,
3358 2724 3478 2781 pag.
3512 2708 3596 2777 73,
3629 2710 3800 2765 Cum-

543 2780 662 2835 dius
684 2789 812 2835 tom.
847 2779 882 2845 Ι,
914 2795 1034 2849 pag.
1066 2777 1187 2841 507,
1212 2777 1536 2850 Raynaudus
1564 2780 1658 2834 cit.
1685 2777 1812 2848 pag.“
1839 2778 1960 2846 201,
1984 2788 2038 2833 et
2062 2777 2473 2848 Margarinus’in
2498 2779 2633 2833 Bibl.
2654 2779 2794 2833 Max.
2825 2788 2956 2834 tom.
2986 2780 3073 2846 Vl,
3102 2794 3224 2848 pag.
3250 2778 3333 2833 10.

544 2913 1200 2968 Αιιαυιιειητωιμ-Ιεειιδ
1241 2912 1473 2967 Christus
1523 2915 1577 2966 in
1624 2916 1770 2968 cunis
1819 2922 2117 2983 portentosa

613 2984 1029 3051 manifestatione
1049 2984 1279 3036 homines
1307 2983 1375 3035 ad
1404 2999 1458 3036 se
1479 2984 1671 3047 allicit;
1701 2986 1749 3037 ei
1771 2985 2118 3037 testimonium

613 3052 780 3174 regdit
818 3052 1024 3116 acetum;
1066 3068 1207 3123 reges
1248 3060 1401 3107 terra:
1427 3052 1496 3105 ad
1524 3070 1638 3106 eam
1680 3053 1999 3107 adorandum
2026 3070 2117 3106 uc-

613 3136 666 3174 ce
704 3130 811 3174 unt.

613 3136 811 3175 σεαωιῑ.

612 3277 697 3332 Ait
725 3277 1107 3347 prophetarum
1130 3278 1431 3348 przccipuus
1449 3277 1615 3333 Isaias
1640 3277 1791 3348 (Cap.
1815 3276 1892 3347 ι),
1924 3276 2117 3332 fratres

538 3369 800 3425 carissimi
832 3386 845 3421 :
880 3367 1187 3421 Illuminare
1211 3408 1226 3433 ,
1256 3369 1551 3422 illuminare
1594 3367 1919 3432 Jerusalem;
1968 3368 2114 3421 adest

538 3462 675 3514 enim
699 3460 871 3514 lumen
911 3469 1051 3513 tuum
1078 3469 1129 3515 et
1155 3462 1404 3532 majestas
1429 3461 1640 3515 Domini
1669 3462 1724 3514 in
1748 3472 1793 3514 te
1822 3464 1837 3497 ί
1872 3471 1986 3515 orta
2012 3468 2108 3515 est.

536 3549 837 3606 Jerusalem
884 3564 1014 3606 vero
1042 3550 1384 3605 manifestum
1413 3558 1497 3605 est
1523 3564 1641 3605 esse
1663 3550 1897 3605 ﬁdelium
1922 3551 2109 3604 civita-

536 3634 665 3696 tein.
699 3639 852 3695 Unde
897 3656 1019 3704 nos,
1047 3640 1262 3707 fratres,
1294 3641 1386 3709 qui
1393 3649 1602 3730 .portas
1630 3640 1868 3696 caelestis
1890 3638 2108 3694 Jerusa-

533 3728 639 3785 lem
667 3729 681 3780 i
719 3730 982 3798 cmpimus
1010 3731 1252 3793 introire,
1285 3728 1568 3789 illuminati
1596 3730 1919 3785 salutaribus
1937 3745 2110 3785 sacra-

534 3819 732 3873 mentis
754 3819 809 3872 in
834 3826 1127 3887 conspectu
1162 3819 1257 3873 Dei
1279 3819 1450 3873 nostri
1479 3834 1621 3874 novo
1649 3819 1843 3887 gaudio
1889 3833 2111 3873 necesse

514 3916 618 3965 .est
647 3908 996 3969 exsultemus,
1020 3908 1145 3975 quia
1168 3922 1304 3961 nova
1325 3907 1485 3961 hodie
1518 3908 1673 3961 stella
1696 3924 1891 3962 novum
1909 3908 2111 3963 mundo

532 3996 806 4050 hominem
836 3995 1114 4050 revelavit.
1137 3995 1252 4050 Hoc
1278 3995 1523 4065 profecto
1551 3996 1637 4051 die
1662 3995 1908 4052 Christus
1930 3996 2105 4062 Iesus,

533 4102 562 4140 a
594 4084 752 4139 Patre
798 4085 1015 4140 veniens
1037 4126 1052 4151 ,
1082 4086 1224 4140 Deus
1250 4094 1305 4141 et
1330 4087 1493 4141 homo
1521 4094 1680 4142 natus
1708 4103 1739 4142 e
1766 4087 1964 4143 femina
2010 4089 2109 4144 sub

530 4180 711 4250 specie
733 4179 1068 4234 adorantium
1107 4178 1479 4235 Chaldaeorum
1508 4179 1664 4236 ﬁdem
1693 4182 1928 4250 gentium
1957 4181 2106 4237 dedi-

531 4269 675 4324 cavit
699 4287 711 4321 :
735 4270 827 4339 qui
849 4270 1092 4337 quamvis
1121 4270 1452 4325 divinitatem
1482 4285 1634 4326 suam
1663 4272 1833 4326 nostri
1861 4271 2103 4341 corporis

528 4360 933 4416 adumbratione
956 4360 1188 4431 velaret,
1221 4359 1249 4399 ¹ι
1278 4360 1446 4416 Deum
1475 4369 1654 4417 tamen
1675 4379 1792 4418 esse
1821 4362 1969 4417 illum
1991 4378 2101 4418 cce-

597 4554 622 4582 ⁴¹
642 4544 777 4599 Cod.
810 4543 932 4597 Vat.
962 4541 1119 4610 4951,
1144 4550 1247 4597 tres
1286 4542 1441 4597 simul
1493 4558 1596 4597 uno
1625 4543 1808 4597 itinere
1833 4542 2100 4598 adoraturi

526 4616 734 4672 veniunt
761 4613 920 4681 magi.

596 4685 622 4723 ιι
661 4682 793 4738 Cod.
839 4670 1038 4754 Regin.
1073 4681 1204 4750 legit
1249 4680 1504 4754 Deferant
1549 4690 1721 4737 autem
1754 4690 1805 4736 et
1853 4697 2092 4747 munera,

524 4771 637 4824 qua:
658 4755 899 4824 mysteria
925 4750 1284 4824 probarentur.

597 4835 619 4863 ο
648 4821 783 4892 God,
816 4821 1092 4887 Laurent”
1122 4824 1174 4874 in
1199 4838 1348 4892 auro,
1382 4823 1590 4892 fratres,
1618 4823 1902 4892 ostenditur
1931 4821 2095 4891 capti-

524 4893 694 4946 vitatis
735 4886 929 4947 nbstrte
964 4893 1188 4962 pretiosa
1225 4886 1526 4960 redemptio.
1561 4890 1625 4944 In
1661 4891 1810 4945 thure
1849 4886 2019 4944 autem
2046 4900 2095 4943 et

524 4963 889 5032 dwmoniOrum
917 4961 1210 5031 superstitio
1239 4971 1520 5032 cessatura,
1545 4969 1595 5013 et
1618 4964 1819 5032 futurus
1848 4976 1980 5014 verae
1999 4976 2092 5032 rre-

524 5030 729 5102 ligionis
754 5033 915 5085 cultus
944 5028 1212 5085 asseritur.
1238 5028 1314 5102 In
1332 5030 1543 5102 myrrha
1562 5028 1676 5085 vero
1697 5033 1817 5102 quia
1836 5046 1902 5102 ea:
1919 5031 2092 5083 animo

523 5100 686 5152 solent
713 5114 926 5170 corpora
954 5101 1266 5162 conservari,
1295 5100 1660 5170 prteﬁguratur
1703 5100 1877 5153 carnis
1902 5110 2093 5154 nostrae

523 5169 779 5237 reparatio
808 5177 856 5220 et
894 5173 1195 5224 resurrectio
1223 5179 1559 5223 mortuorum.

589 5236 615 5274 (³
645 5236 775 5290 C'oi.
831 5234 965 5287 1267
994 5235 1139 5293 Vat..
1170 5249 1417 5293 auantam
1443 5242 1581 5293 enim
1627 5239 1697 5293 ad
1729 5238 1863 5293 alori

589 5247 615 5274 α
645 5247 775 5290 C'ol.
831 5247 961 5287 1207
1000 5247 1139 5306 Vat.,
1170 5249 1417 5310 quantum
1443 5247 1581 5293 enim
1627 5247 1697 5293 ad
1728 5247 1948 5309 gloriam
1982 5254 2062 5309 per

521 5307 646 5361 tinet
673 5304 899 5369 Christi;
929 5321 1140 5360 munera
1161 5312 1290 5371 IttL’C,
1322 5317 1425 5362 etc.

593 5387 617 5448 ὲ
646 5376 780 5448 Cod.
832 5375 967 5448 Vall.
1003 5374 1049 5448 ᾼ
1076 5376 1159 5448 10,
1183 5379 1438 5448 quomodo
1462 5382 1776 5447 omnipoten.
1814 5376 1921 5431 Deo
1953 5377 2085 5441 thas,

520 5446 618 5516 cui,
650 5446 758 5516 nid.
782 5447 935 5516 etiam
969 5444 1204 5498 simulac.
1234 5463 1266 5498 a
1292 5447 1563 5516 gentilibus
1591 5444 1915 5503 adorantur?

596 5514 615 5553 ί
647 5513 778 5569 Cod.
813 5512 1089 5575 Laurcnl.,
1124 5515 1206 5566 cui
1233 5512 1401 5569 carni.
1793 5534 1796 5536 ‘

589 5594 613 5632 ε
643 5582 774 5639 Cod.
811 5581 942 5653 Vall.
973 5582 1014 5635 A
1050 5583 1158 5653 _IO,
1204 5599 1318 5653 qua:
1363 5587 1567 5653 omnia,
1597 5586 1852 5651 dilectis.,
1889 5586 1944 5638 in
1987 5583 2087 5638 Dei

517 5653 674 5721 Filio,
702 5663 805 5709 etc.
837 5652 1004 5707 Codd.
1036 5651 1336 5721 Cass.,'Dei
1362 5651 1519 5719 Filio,
1550 5665 1656 5710 etc.

588 5724 614 5764 ιι
636 5720 768 5780 Cod.
805 5722 921 5777 Vat.
956 5720 1113 5787 1051,
1135 5724 1187 5775 in
1219 5722 1374 5786 caelo;
1399 5738 1511 5778 cum
1556 5741 1653 5789 quo
1695 5725 1811 5780 vivit
1832 5736 1880 5780 et
1903 5734 2085 5794 regnat

2222 2915 2330 2969 lum
2350 2913 2602 2984 prodidit,
2630 2921 2687 2968 et
2708 2922 2849 2968 terra
2870 2914 3137 2983 cognovit.
3179 2912 3404 2969 Humilis
3437 2913 3678 2983 quidem,
3701 2915 3799 2970 sed

2222 3005 2485 3060 mirabilis
2514 3005 2662 3059 venit
2694 3023 2706 3057 :
2740 3019 2798 3058 ut
2825 3005 3026 3073 pariter
3053 3005 3108 3059 in
3131 3020 3198 3060 eo
3225 3013 3280 3060 et
3306 3014 3593 3074 asSumpta:
3619 3007 3801 3062 carnis

2220 3097 2443 3163 veritas,
2473 3104 2527 3149 et
2577 3093 2859 3149 ineﬁabilis
2904 3094 3130 3150 Deitatis
3183 3102 3373 3149 natura
3425 3093 3674 3164 fulgeret.
3727 3096 3801 3152 Et

2219 3200 2526 3255 quanquam
2566 3191 2871 3238 nascentem
2911 3183 3061 3236 illum
3080 3184 3345 3239 cunabula
3367 3191 3581 3239 terrena
3619 3183 3633 3222 ¹
3669 3200 3797 3240 sus-

2219 3275 2476 3344 ceperint,
2510 3289 2615 3327 non
2645 3281 2823 3327 tamen
2851 3288 2971 3328 esse
3001 3282 3269 3329 terrenum
3290 3274 3512 3330 cmleste
3540 3283 3582 3312 ιιι
3607 3275 3795 3343 signa-

2220 3366 2394 3422 culhm
2426 3365 2738 3419 testabatur.
2786 3363 2843 3418 In
2874 3364 3025 3418 cunis
3053 3379 3281 3435 namque
3321 3364 3553 3433 jacebat,
3578 3366 3671 3419 sed
3701 3381 3797 3419 ra-

2218 3460 2402 3514 diabat
2440 3467 2466 3494 η
2497 3456 2550 3511 in
2604 3456 2772 3520 cmlo;
2812 3455 3059 3522 vagicbat
3106 3456 3247 3525 apud
3291 3454 3537 3520 Judaeos,
3568 3465 3625 3510 et
3652 3457 3798 3525 apud

2213 3548 2443 3616 gentiles
2496 3548 2784 3615 regnabat;
2825 3546 2881 3600 in
2919 3544 3232 3600 Bethlehem
3274 3546 3571 3600 laetabatur
3610 3562 3644 3601 a
3685 3562 3796 3601 ma-

2214 3644 2317 3702 tre,
2348 3644 2404 3690 et
2448 3636 2502 3689 in
2529 3634 2773 3689 Chaldzea
2801 3635 3122 3690 adorabatur
3149 3650 3180 3689 a
3209 3635 3396 3704 magis.
3439 3634 3528 3690 Ait
3570 3644 3594 3672 ο
3639 3651 3797 3690 nam-

2214 3741 2321 3796 que
2366 3726 2703 3781 beatissimus
2746 3724 3028 3779 Matthaeus
3072 3726 3398 3794 evangelista
3448 3745 3461 3779 :
3506 3727 3617 3797 εί)
3654 3725 3796 3781 Ecce

2210 3817 2351 3886 magi
2397 3813 2461 3868 ab
2490 3813 2702 3870 Oriente
2746 3815 3059 3868 adseuerarat
3101 3815 3325 3869 dicentes
3366 3832 3383 3870 :
3437 3815 3534 3870 Ubi
3581 3828 3660 3871 est
3703 3820 3796 3888 qui

2212 3917 2365 3961 natas
2390 3914 2467 3961 est
2506 3924 2601 3961 rea:
2634 3905 2946 3960 Judazoram
2989 3905 3203 3978 (Matth.
3236 3906 3527 3978 u)?Quam
3555 3909 3693 3964 bene
3723 3911 3794 3964 ab

2210 3994 2426 4052 Oriente
2454 4011 2744 4067 properare
2772 4006 2800 4046 ιι
2825 3996 3100 4066 dicuntur,
3127 3998 3219 4065 qui
3260 3998 3535 4053 adoraturi
3584 4001 3793 4067 sempi-

2212 4094 2421 4142 ternum
2442 4088 2665 4142 veniunt
2688 4084 2981 4155 Orientem,
3011 4086 3078 4141 de
3106 4101 3213 4155 quo
3236 4086 3437 4141 dictum
3465 4096 3548 4142 est
3573 4105 3585 4140 :
3618 4088 3689 4141 Et
3712 4091 3794 4143 vi-

2210 4181 2386 4234 sitavit
2411 4196 2505 4234 nos
2542 4177 2730 4232 Oriens
2757 4195 2821 4232 ea:
2840 4178 2945 4231 alto
2972 4194 2989 4231 :
3019 4177 3314 4232 illuminare
3340 4178 3421 4233 his
3452 4190 3479 4230 (ι
3507 4182 3593 4250 qui
3622 4183 3677 4234 in
3707 4189 3792 4235 te-

2209 4272 2381 4326 nebris
2418 4271 2595 4325 sedent
2625 4268 2773 4341 (Luc.
2803 4270 2863 4338 ι).
2896 4267 3099 4323 Deinde
3126 4268 3455 4338 subjungunt
3497 4269 3739 4325 Chaldzei
3774 4289 3789 4325 :

2216 4361 2450 4415 Vidimus
2472 4359 2675 4414 stellam
2701 4359 2832 4429 ejus,
2850 4366 2896 4412 et
2927 4359 3151 4413 venimus
3179 4359 3399 4415 adorare
3422 4371 3443 4398 ι’
3471 4377 3606 4415 eum.
3631 4361 3790 4431 Ejus,

2206 4542 2262 4596 in
2285 4541 2487 4593 unitate
2515 4538 2742 4607 Spiritus
2762 4539 2931 4592 sancti
2957 4538 3098 4594 Deus
3126 4541 3179 4593 in
3203 4541 3409 4595 sazcala.
3442 4541 3625 4595 Amen.

2282 4610 2298 4647 ί
2331 4609 2463 4663 Cod.
2498 4608 2617 4675 Vat.
2649 4608 2783 4662 1267
2829 4617 2885 4663 et
2935 4609 3066 4663 Vall.
3098 4610 3144 4662 A
3173 4610 3260 4677 I0,
3286 4620 3466 4663 exorta
3485 4619 3580 4664 est.

2277 4681 2291 4729 i
2324 4678 2458 4749 Cod.
2491 4677 2625 4749 veli.
2662 4679 2980 4749 sign._iium.
3010 4695 3100 4744 xx,
3132 4681 3371 4749 capimus
3392 4680 3626 4734 introire.

2271 4755 2300 4794 ιι
2348 4748 2500 4819 Cod._
2528 4747 2648 4819 vat.
2700 4746 2856 4812 422⁸2,
2889 4746 3054 4819 Deum
3096 4746 3264 4803 tamen
3314 4748 3460 4802 illum
3505 4751 3784 4819 prodidit;

2204 4818 2343 4889 Va_ll._
2363 4818 2409 4889 Α
2438 4817 2527 4884 16,
2558 4817 2732 4889 Deum
2753 4824 2924 4889 tamen
2951 4817 3100 4872 illam
3127 4819 3308 4873 cazlam
3334 4819 3548 4889 prodiit.

2271 4886 2290 4925 ι
2322 4886 2466 4941 Idem
2496 4886 2615 4941 cod.
2672 4884 2833 4953 4222,
2864 4890 3198 4953 susciperent.

2225 5028 2236 5039 .
2267 4967 2307 4994 ω
2334 4956 2559 5037 Codices
2587 4956 2758 5012 Vatic.
2790 4954 2950 5023 4222,
2980 4954 3172 5012 Vallic.
3197 4956 3244 5010 A
3272 4955 3356 5024 10,
3385 4954 3432 5010 Α
3477 4955 3562 5022 16,
3590 4967 3647 5015 et
3684 4959 3785 5016 Ca-

2194 5041 2842 5178 “"5"§S?§'€333’3’Xa£
2861 5094 3081 5178 tegas}
3108 5094 3267 5178 495:1,
3288 5112 3326 5178 ρ
3352 5083 3495 5151 creto.

2264 5176 2289 5203 ο
2330 5164 2500 5220 Codd.
2550 5164 2674 5219 Vat.
2706 5165 2842 5220 1267
2864 5174 2920 5222 et
2937 5164 3080 5219 1222
3104 5172 3161 5220 et
3181 5164 3498 5221 Casinenses
3521 5167 3779 5223 omittunt

2197 5251 2391 5307 vocem,
2415 5251 2651 5307 namque.
2703 5302 2821 5307 ____
2902 5304 2931 5307 __
3030 5300 3035 5305 _

2265 5323 2295 5360 ι»
2340 5304 2486 5375 Idem
2511 5302 2633 5375 cod.
2670 5302 2847 5375 1222,
2877 5302 3268 5375 dignoscantur.
3298 5302 3431 5358 Cod.
3456 5303 3646 5360 Vallic.
3680 5323 3776 5375 xx,

2192 5392 2343 5446 quam
2366 5373 2492 5427 bene
2514 5372 2579 5426 ab
2601 5373 2796 5427 oriente
2815 5372 3119 5444 prophetare
3136 5373 3531 5443 dignoscantur.
3766 5372 3770 5375 ’

2262 5456 2292 5495 ιι
2341 5444 2486 5497 Idem
2536 5443 2709 5514 codex
2726 5442 2915 5514 __4222,
2946 5444 3034 5514 qui
3061 5444 3114 5514 in
3162 5441 3385 5514 tenebris
3432 5451 3489 5514 et_
3503 5444 3557 5497 in
3586 5442 3781 5498 umbra

2190 5515 2369 5569 mortis
2399 5513 2599 5581 sedent.
2641 5511 2779 5565 Vall.
2812 5527 2899 5581 xx,
2932 5511 2982 5565 et
3008 5511 3191 5581 umbra
3209 5513 3411 5566 mortis.
3470 5511 3603 5581 Item
3646 5515 3777 5567 cod.

2188 5584 2450 5638 Laurent.
2484 5598 2520 5645 ι,
2552 5579 2693 5635 Plut.
2723 5597 2831 5648 xxv,
2861 5579 2919 5636 et
2966 5580 3120 5636 codd.
3153 5579 3404 5636 Casinen.
3435 5589 3491 5635 et
3531 5580 3777 5637 Modoet.

2264 5663 2284 5689 ι’
2316 5652 2447 5706 Cod.
2482 5650 2721 5705 Valliccl.
2753 5667 2823 5705 xx
2876 5658 2929 5705 et
2958 5651 3114 5707 codd.
3164 5650 3368 5715 Casin.,
3394 5650 3619 5706 adorare
3665 5650 3784 5707 Do-

2187 5738 2405 5777 nimum.
