4042 6192
202 389 292 446 235
1537 378 1819 436 IIO‘MILIA
1860 379 2089 439 XXVIII.

3343 394 3447 450 286

201 498 445 569 inquiunt,
470 493 672 548 stellam
695 478 938 546 vidimus.
971 487 1119 546 Bene
1165 488 1281 559 ejus
1310 506 1322 542 :
1354 489 1479 559 quia
1507 490 1752 559 quamvis
1780 497 1825 551 Α
1856 494 2059 549 reversi
2090 502 2215 550 sunt
2245 495 2296 550 in
2342 497 2623 566 regionem
2653 515 2825 555 suam.
2863 502 2877 551 l
2913 501 3097 573 Neque
3134 518 3263 559 vere
3291 515 3448 574 pote-

203 602 368 645 omnes
394 584 459 639 ab
478 585 670 638 eodem
700 590 895 637 creatae
923 580 1088 636 stellae
1119 580 1283 650 ipsius
1306 588 1330 616 ιι
1353 588 1496 644 sunt,
1527 580 1642 635 haec
1670 589 1754 635 ta-

203 694 308 735 men
348 674 557 745 proprie
586 671 784 727 Christi
814 681 950 733 erat,
981 685 1103 739 quae
1137 668 1443 738 specialiter
1469 668 1586 737 ejus
1613 685 1755 723 nun-

204 769 349 824 tiabat
367 764 671 819 adventuum.
699 760 766 817 Et
786 771 992 816 cetera:
1011 759 1227 829 quidem
1247 757 1402 813 facta:
1417 766 1543 814 sunt
1562 760 1750 823 stellae,

203 857 430 915 utmundi
450 856 601 910 istius
622 862 867 924 tempora
886 865 1178 920 cursusque
1196 849 1614 919 distinguerent;
1638 851 1755 907 haec

204 969 309 1009 vero
333 950 540 1022 prodire
559 947 711 1017 jussa
749 954 831 1002 est
860 952 919 1000 ut
956 945 1131 1015 ipsum
1161 943 1349 999 mundi
1378 944 1661 1000 Dominum
1701 952 1757 999 et

202 1042 328 1110 regni
352 1039 580 1096 cmlestis
621 1038 811 1092 adesse
850 1044 1064 1105 tempus
1091 1035 1418 1091 ostenderet.
1452 1035 1613 1090 Aiunt
1652 1035 1755 1089 ita-

203 1149 288 1203 que
311 1131 443 1199 magi
472 1147 485 1181 :
524 1127 763 1182 Vidimus
811 1125 1013 1180 stellam
1040 1126 1172 1196 ejus,
1197 1133 1247 1179 et
1275 1126 1504 1181 venimus
1532 1125 1755 1181 adorare

200 1241 313 1280 eum.
340 1220 472 1278 Ecce
508 1218 784 1275 Christum
820 1218 912 1288 qui
936 1233 1043 1273 non
1072 1216 1276 1272 habent
1314 1217 1512 1272 habere
1534 1217 1751 1280 volunt,

202 1325 246 1370 et
262 1314 482 1368 invenire
508 1306 862 1365 contendunt.
895 1306 1110 1363 Judzeus
1136 1307 1309 1363 Deum
1335 1323 1491 1362 suum
1536 1306 1752 1376 refugit,

202 1408 459 1478 hpaganus
504 1403 729 1472 inquirit
761 1420 773 1455 :
805 1400 952 1471 quod
1000 1402 1279 1472 proximus
1329 1417 1436 1456 non
1489 1400 1751 1468 agnoscit,

202 1502 376 1555 alienus
411 1496 660 1564 intelligit
693 1513 705 1548 :
738 1506 761 1534 ο
785 1494 1001 1564 gentilis
1045 1493 1258 1548 stellam
1296 1493 1465 1561 videt,
1493 1500 1548 1547 et
1571 1492 1747 1559 venit;

201 1590 380 1645 Judmus
405 1588 683 1643 Christum
702 1584 872 1651 videt,
903 1592 959 1639 et
986 1583 1212 1651 invidet,
1242 1584 1381 1639 sicut
1408 1584 1604 1639 lectum
1628 1594 1711 1638 est
1735 1601 1747 1635 :

203 1680 253 1735 In
274 1697 357 1736 sua
381 1679 534 1743 venit,
556 1684 607 1730 et
624 1678 704 1730 sui
732 1692 848 1729 eum
869 1691 970 1729 non
996 1682 1292 1744 receperunt
1318 1673 1496 1745 (Joan.
1530 1674 1590 1743 ι).
1611 1673 1752 1728 Vere

200 1771 349 1827 Iudaea
377 1769 681 1833 durissima,
712 1782 915 1836 suaque
940 1764 1253 1821 inﬁdelitate
1281 1773 1501 1833 caecata,
1528 1781 1638 1820 non
1666 1764 1751 1818 vi-

1857 583 2031 638 rantk
2060 600 2159 655 per
2208 585 2471 642 llcrodcm
2498 628 2514 654 ,
2562 590 2614 644 id
2663 600 2747 646 est
2791 592 2984 648 itinere
3030 595 3218 649 mortis
3246 596 3443 663 redire,

1855 675 1945 743 qui
1975 675 2028 729 in
2056 676 2285 745 patriam
2308 680 2724 746 suam,adorato
2753 681 2849 737 Dei
2878 684 3034 750 Filio,
3059 686 3296 741 caelestis
3324 687 3446 742 vita:

1857 781 2081 821 munera
2120 770 2495 839 reportabant.
2553 770 2746 829 Elusus
2774 789 2902 843 ergo
2931 774 3203 840 Herodes,
3237 787 3294 832 et
3314 794 3446 832 con—

1857 863 2091 927 temptus
2118 875 2148 913 a
2178 860 2347 928 magis
2373 862 2454 931 (ut
2482 862 2557 917 ait
2582 867 2910 933 evangelista
2940 868 3153 940 [Matt/1.
3184 868 3243 940 ιι]
3275 871 3445 926 iratus

1855 955 1937 1004 est
1965 949 2140 1015 valde,
2162 958 2219 1005 et
2241 952 2410 1018 misit,
2441 960 2496 1007 et
2518 954 2715 1010 occidit
2734 973 2922 1012 omnes
2946 961 3259 1029 pueros,qui
3286 968 3445 1016 erant

1855 1039 1907 1093 in
1936 1038 2282 1111 Bethlehem,
2333 1041 2352 1081 ι
2402 1059 2434 1097 a
2479 1044 2713 1113 bimatu,
2761 1048 2963 1119 inquit,
3005 1057 3059 1105 et
3094 1051 3231 1105 infra
3265 1069 3278 1105 :
3310 1060 3444 1107 mtas
3524 1068 3526 1071 '

1854 1130 2108 1185 scribitur
2152 1133 2456 1188 occisorum
2482 1177 2497 1200 ,
2544 1144 2605 1191 ut
2632 1136 2928 1193 occidentis
2958 1140 3259 1196 innotescat
3285 1158 3442 1199 acer-

1853 1219 2009 1275 bitas.
2054 1219 2098 1275 Ο
2126 1223 2204 1277 ira
2243 1239 2497 1293 perversa
2544 1226 2954 1297 inconsultaque
2996 1230 3264 1285 saevientis
3301 1231 3441 1286 indi-

1853 1312 2065 1379 gnatio!
2118 1312 2381 1369 Chaldaeis
2421 1315 2686 1379 irascitur,
2732 1317 3046 1373 innocentes
3074 1317 3359 1385 interﬁcit;
3389 1327 3443 1374 et

1854 1401 1979 1456 dum
2000 1403 2055 1456 in
2078 1412 2305 1459 mortem
2320 1405 2650 1460 immaculati
2670 1405 2842 1462 fertur
2863 1407 3100 1476 infantis,
3115 1410 3224 1480 82
3247 1409 3443 1464 lacten-

1855 1492 1987 1547 tium
2015 1495 2230 1563 perimit
2261 1497 2447 1551 turbas
2473 1515 2483 1549 :
2517 1504 2784 1566 quatenus
2813 1499 3204 1568 iniquissimum
3238 1515 3442 1569 regem,

1853 1584 1944 1654 qui
1960 1584 2252 1640 indebitum
2265 1589 2540 1656 qumrebat
2552 1589 2887 1655 sanguinem,
2906 1596 3193 1657 prostratae
3205 1590 3444 1644 multitu~

1853 1675 1992 1729 diuis
2020 1675 2299 1746 multiplex
2324 1685 2507 1732 reatus
2527 1679 2854 1743 involveret;
2879 1693 2981 1733 nec
2992 1678 3273 1733 advertere
3298 1688 3444 1749 pote-

1853 1773 1937 1819 rat
1977 1765 2203 1820 furentis
2234 1767 2442 1821 insania
2475 1768 2621 1837 quod
2649 1768 2738 1822 ille
2776 1769 2866 1838 qui
2897 1777 3140 1823 mortuos
3174 1767 3444 1824 viviﬁcare

201 1862 332 1917 debat
355 1859 497 1931 quod
519 1858 676 1913 stella
710 1856 970 1924 radiabat,
1018 1871 1119 1911 nec
1157 1856 1341 1910 audire
1368 1862 1581 1926 poterat
1600 1853 1742 1923 quod
1775 1850 1822 1910 B
1850 1858 2100 1913 veniebat
2138 1859 2258 1927 cogi
2296 1860 2348 1912 in
2386 1866 2617 1913 mortem
2648 1854 2763 1913 non
2790 1868 2832 1896 ω
2867 1859 3036 1929 possit
3076 1858 3293 1915 invitus.
3326 1856 3445 1914 nEt

201 1954 339 2022 angeli
367 1949 799 2007 conclamabant.
840 1948 1026 2017 Igitur,
1067 1939 1459 2018 inquirentibus
1500 1947 1671 2016 magis
1698 1954 1753 2000 et

205 2043 469 2099 dicentibus
504 2060 516 2094 :
553 2040 653 2095 Ubi
691 2049 767 2094 est
801 2042 886 2111 qui
916 2048 1067 2093 natus
1097 2049 1175 2093 est
1200 2057 1293 2093 rea;
1316 2038 1656 2093 Judworum?
1681 2036 1754 2091 Et

202 2133 402 2187 turbatus
420 2142 501 2187 est
538 2131 796 2194 Herodes,
820 2140 869 2185 et
892 2133 1060 2185 omnis
1090 2131 1453 2202 Hierosolyma
1481 2147 1595 2185 cum
1638 2131 1747 2185 illo.

199 2223 220 2262 δ
243 2224 491 2278 Turbatur
517 2236 616 2277 rex
645 2236 844 2290 regno,
884 2221 1066 2286 credo,
1095 2229 1339 2276 metuens
1382 2236 1509 2288 suo;
1541 2220 1754 2275 nescius

199 2314 297 2382 quia
321 2311 560 2367 Christus
580 2326 688 2365 non
710 2311 961 2363 veniebat
981 2324 1203 2378 regnum
1226 2310 1341 2378 ejus
1362 2310 1638 2376 invadere,
1655 2308 1753 2362 sed
1767 2330 1783 2339 -

198 2404 397 2469 salvare;
445 2406 553 2475 81
602 2411 660 2457 et
705 2402 850 2472 quod
898 2402 1031 2455 nulli
1061 2402 1284 2456 inferret
1327 2409 1576 2463 mortem,
1609 2411 1632 2438 θ
1661 2402 1753 2471 qui

197 2502 264 2549 est
301 2494 398 2547 vita
447 2500 788 2548 cunctorum.
840 2490 908 2544 Et
956 2506 1076 2545 cum
1123 2491 1559 2561 perambularent
1587 2490 1748 2558 magi,

198 2584 350 2647 Stella,
379 2585 517 2638 sicut
542 2584 741 2638 lectum
769 2590 872 2647 est,
901 2599 1053 2653 quam
1081 2581 1315 2635 viderant
1341 2583 1395 2633 in
1420 2580 1633 2633 Oriente
1651 2596 1751 2632 an-

200 2672 423 2727 tecedebat
456 2689 542 2726 eos
568 2714 584 2740 ,
635 2672 796 2725 donec
836 2671 1001 2737 venit,
1050 2678 1097 2723 et
1144 2671 1285 2723 stetit
1324 2686 1480 2739 supra
1515 2667 1601 2721 ubi
1642 2676 1755 2721 erat

199 2762 361 2833 pueri.
403 2762 659 2833 Nunquid
702 2778 810 2816 non
858 2761 1039 2815 dicere
1088 2769 1143 2816 et
1189 2760 1422 2814 clamare
1448 2759 1751 2826 videbatur,

200 2850 276 2908 lIic
297 2862 372 2908 est
399 2868 536 2923 puer
560 2867 722 2923 quem
752 2860 937 2905 natum
968 2860 993 2898 8
1026 2850 1262 2905 lcstabar
1286 2866 1317 2905 e
1342 2850 1525 2906 ςαξιοῖ
1554 2849 1653 2905 Hic
1671 2858 1757 2906 est

201 2958 273 2997 rex
300 2945 378 2999 ille
412 2956 643 3011 magnus
690 2943 781 3012 qui
827 2943 979 2998 venit
1015 2943 1220 2997 caelesti
1264 2942 1492 3011 imperio
1528 2955 1753 3009 regnum

202 3039 374 3093 sociare
414 3047 706 3092 terrarum.
759 3036 900 3091 Vere
928 3036 1082 3091 stella
1112 3037 1226 3089 lucc
1253 3036 1535 3091 dominica:
1554 3033 1583 3072 δ
1611 3037 1753 3090 nati-

203 3127 350 3182 vitatis
372 3128 636 3190 ministra,
669 3141 789 3197 quae
819 3134 971 3182 tanto
995 3135 1077 3182 est
1103 3125 1367 3180 Chaldmis
1396 3126 1654 3182 obsecuta
1683 3126 1758 3180 fa-

1854 1949 1969 2003 Iucc
1995 1949 2198 2017 omnia,
2223 1948 2507 2014 carissimi,
2531 1949 2724 2017 agebat
2751 1964 2850 2019 per
2878 1948 3149 2005 Herodem
3177 1948 3446 2016 diabolus,

1854 2047 1913 2092 ut
1941 2054 2039 2108 per
2057 2039 2350 2093 voluntatis
2377 2054 2488 2092 suae
2515 2038 2888 2104 ministerium,
2908 2046 3001 2093 aut
3025 2038 3297 2093 Christum
3321 2052 3446 2106 per-

1854 2130 2080 2194 imeret,
2109 2136 2204 2182 aut
2252 2129 2595 2197 parvulorum
2638 2144 2799 2194 nece,
2834 2138 2857 2165 ο
2889 2130 3218 2183 lmtissimum
3247 2127 3446 2182 Christi

1852 2209 2201 2274 contristaret
2227 2222 2549 2287 ingressum.
2582 2230 2609 2269 Ρ
2657 2218 2764 2273 Sed
2806 2220 2949 2273 nulla
2971 2219 3043 2274 sit
3080 2219 3220 2289 apud
3264 2216 3447 2274 ﬁdeles

1856 2309 2224 2363 innocentium
2263 2310 2331 2363 de
2358 2317 2533 2363 morte
2562 2309 2774 2363 tristitia
2803 2327 2815 2361 :
2848 2309 2973 2377 quia
2999 2308 3244 2363 Christus
3263 2308 3448 2378 justis-

1855 2400 2022 2453 simus
2051 2399 2367 2463 retributor,
2415 2406 2639 2468 propter
2677 2413 2736 2453 se
2765 2414 2955 2468 passos
2989 2415 3099 2453 sua:
3128 2398 3254 2454 fecit
3280 2400 3448 2468 parti-

1856 2490 2004 2558 cipes
2028 2489 2296 2558 passionis
2313 2528 2328 2553 ,
2358 2496 2520 2556 atque
2559 2503 2654 2543 eos
2680 2489 2873 2557 quibus
2906 2489 3134 2544 libenter
3157 2490 3321 2544 vitam
3348 2505 3449 2559 pa-

1855 2580 2011 2632 rabat
2039 2585 2297 2632 mternam
2322 2619 2336 2643 ,
2378 2577 2651 2646 patienter
2689 2577 2934 2653 permisit
2969 2578 3160 2633 occidi.
3218 2578 3449 2634 Proinde

1857 2687 1958 2726 nos
1981 2713 1996 2735 ,
2050 2669 2382 2725 dilectissimi
2407 2710 2421 2734 ,
2452 2668 2736 2723 venientes
2766 2684 2834 2723 ex
2859 2669 3143 2737 gentibus,
3174 2670 3368 2738 quibus
3397 2669 3449 2725 in

1858 2763 2013 2817 stella
2042 2762 2312 2817 dominica
2334 2762 2580 2839 salutare
2608 2762 2788 2815 lumen
2811 2761 3040 2815 radiavit
3067 2776 3099 2815 e
3127 2761 3289 2827 coelo,
3312 2758 3450 2829 apud

1858 2869 1995 2923 quos
2020 2853 2249 2922 Virginis
2278 2853 2448 2908 fidelis
2475 2861 2556 2907 est
2584 2861 2794 2923 partus,
2823 2854 3017 2922 quibus
3044 2851 3290 2908 Christus
3313 2862 3369 2907 et
3397 2852 3450 2908 in

1861 2946 2145 3001 cunabulis
2174 2956 2202 2995 τι
2233 2946 2375 3001 Deus
2404 2954 2507 3010 est,
2538 2944 2841 2999 devotionis
2871 2959 2934 2999 ac
2962 2944 3085 2999 fidei
3114 2952 3313 2999 nostra:
3342 2959 3451 2999 mu-

1860 3052 1992 3091 nera
2040 3036 2370 3101 deferentes,
2423 3034 2655 3090 Herodis
2701 3034 2982 3104 perfidiam
3027 3034 3361 3090 declinemus
3399 3041 3451 3090 et

1861 3128 2197 3183 sanetilieato
2226 3141 2457 3197 corpore
2486 3140 2550 3181 ac
2581 3136 2602 3163 τ
2635 3125 2850 3194 spiritu,
2883 3132 3122 3180 nostram
3150 3124 3452 3181 misericor-

203 3222 391 3286 tnulatu,
428 3220 445 3259 ί
482 3230 543 3276 ut
582 3221 636 3275 in
684 3219 1003 3290 inquirendo
1048 3218 1263 3274 Christo
1305 3236 1415 3274 non
1460 3221 1635 3275 solum
1665 3237 1761 3277 eos
1787 3214 1832 3275 C
1863 3220 2005 3274 diam
2034 3220 2318 3287 diligentes
2340 3257 2355 3282 ,
2405 3215 2829 3273 sacratissimum
2874 3229 3089 3286 semper
3115 3214 3329 3270 Domini
3358 3214 3452 3271 ho-

204 3322 415 3370 moneret
442 3329 476 3369 e
512 3313 651 3369 caelo
674 3355 688 3378 ,
737 3312 830 3368 sed
875 3320 930 3366 et
975 3311 1228 3367 ducatum
1268 3312 1373 3366 illis
1413 3314 1677 3381 przeberet
1705 3315 1758 3368 in

206 3407 350 3461 terris.
389 3407 632 3463 Adorato
661 3406 842 3475 itaque
870 3405 1099 3459 Domino
1126 3405 1267 3473 magi
1307 3405 1609 3474 oblatisque
1637 3423 1782 3462 mu-.

206 3496 425 3565 aeribus,
475 3504 866 3568 praetereuntes
920 3494 1186 3550 Herodem
1211 3534 1227 3561 ,
1274 3510 1372 3566 per
1412 3495 1572 3550 aliam
1617 3498 1758 3552 viam

1868 3325 2120 3367 noremus
2166 3309 2493 3364 adventum:
2544 3314 2604 3360 ut
2646 3307 2783 3361 sicut
2827 3305 2896 3360 de
2924 3304 3458 3372 ejusilluminatione

1866 3402 2180 3472 gaudemus,
2206 3400 2280 3454 ita
2311 3399 2378 3453 de
2408 3403 2592 3452 nostra
2621 3395 2983 3451 retributione
3013 3397 3272 3465 laetemur,
3300 3395 3452 3466 adju-

1868 3503 2030 3551 vante
2049 3492 2278 3549 Domino
2308 3497 2494 3545 nostro
2522 3486 2649 3543 Jesu
2677 3484 2894 3542 Christo
2926 3498 2973 3542 ο.

1454 3611 1799 3680 HOMILIA
1858 3609 2159 3671 XXVIII.

1403 3731 1484 3787 De
1509 3731 1811 3805 Epiphania
1834 3733 2048 3802 Domini
2077 3731 2218 3787 XII.

1617 3817 2008 3902 ADMONITIO.

378 3934 496 4019 Nnon
536 3935 716 4019 mipus
751 3934 854 3990 hac
880 3950 950 3991 ex
978 3936 1218 4019 homilia.
1250 3951 1407 4019 quam
1436 3951 1503 3991 ex
1527 3936 1647 3992 aliis
1673 3939 1857 3995 multis
1885 3939 2044 4019 plane
2064 3939 2348 4019 θχίροιῐιιτ,
2379 3936 2617 3993 editores
2638 3936 2913 4019 Romanos
2941 3937 2995 3991 in
3021 3935 3365 4019 recensendis
3391 3935 3449 3991 S.

206 4004 439 4078 audii-esu
459 4004 716 4078 operibus
735 4020 911 4078 neque
929 4014 1145 4062 veteres
1168 4004 1381 4062 codices
1394 4024 1563 4078 rmss.,
1585 4024 1761 4078 neque
1771 4004 2072 4064 anteriores
2098 4007 2202 4062 PP.
2220 4008 2484 4063 editiones
2496 4009 2861 4074 consuluisse;
2890 4023 3012 4063 cum
3027 4008 3167 4062 hanc
3180 4007 3454 4078 homiliam

205 4073 248 4126 in
272 4073 513 4143 eiusdemi
546 4074 617 4148 S_._
655 4073 896 4131 doctoris
940 4091 1223 4148 sermones
1267 4077 1573 4148 retulerim.
1601 4073 1812 4148 pNeque
1858 4094 1989 4133 vero
2030 4080 2085 4132 in
2114 4087 2335 4132 auctore
2364 4078 2647 4133 indicando
2676 4079 2870 4141 solum,
2898 4077 2992 4132 sed
3022 4078 3184 4131 etiam
3212 4078 3265 4148 in
3296 4077 3454 4148 titulo

204 4153 510 4216 erraverunt.
557 4143 870 4216 Utrumque
916 4154 1001 4202 est
1038 4147 1535 4216 demonstrandum.
1596 4146 1667 4200 Et

203 4214 384 4270 codices
430 4214 635 4282 pluries
680 4214 1106 4282 commendatos,
1157 4217 1214 4269 ὅ.
1265 4215 1499 4271 Maximo
1542 4216 1687 4272 hanc

1752 4149 1928 4204 uidem
1975 4149 2119 4219 quod
2151 4152 2389 4218 pertinet
2417 4148 2484 4202 ad
2513 4150 2763 4219 primum,
2795 4148 3077 4202 duodecim
3107 4146 3455 4219 producimus

1774 4216 2010 4273 omiliani
2056 4216 2392 4282 asserentes,
2441 4216 2727 4285 exquibus
2753 4224 2989 4286 quatuor
3014 4224 3140 4270 sunt
3165 4216 3408 4286 vaticani
3436 4234 3449 4269 :

204 4297 368 4353 nempe
410 4284 578 4367 4951,
608 4282 769 4349 4222,
818 4283 985 4340 Palat.
1018 4285 1143 4350 455,
1190 4299 1310 4355 pag.
1358 4284 1488 4368 256ζ
1536 4286 1754 4369 Regium

203 4349 565 4433 bam-emimus
592 4353 801 4433 I,_Plut.
834 4370 1095 4433 x1x,_pag.
1108 4356 1211 4433 _70,
1227 4365 1520 4433 _COP_CCPI.IS
1540 4358 1754 4433 verbis]

1856 4287 1918 4353 £5,
1961 4302 2082 4358 pag.
2125 4287 2258 4353 I20;
2297 4301 2366 4341 ex
2400 4282 2626 4368 diversis
2661 4282 3005 4368 bibliothecis
3028 4284 3454 4407 relirgii..Code.x

1856 4365 1941 4433 e_t_:
1974 4358 2156 4433 sermo
2178 4357 2238 4433 S_.
2266 4356 2743 4433 Maximtne‘piseom
2772 4355 2907 4433 unde
2935 4371 3117 4433 supra,
3174 4369 3453 4433 _asnncnsis

204 4422 309 4506 item
336 4424 455 4506 I_06,
482 4439 607 4506 pag.
637 4423 727 4506 b0,
746 4441 806 4506 ‘a.
832 4433 897 4506 t_.,
926 4422 1386 4506 Novariens’i‘sﬁ'l“,
1407 4422 2180 4506 pag.I§5,_Ver_cellensis_8t,
2214 4426 2470 4506 Lucensis
2498 4422 2891 4506 S_SAAugiensis
2918 4422 3005 4478 xvi
3023 4464 3038 4488 ,
3070 4422 3453 4506 bio'doetiensis

204 4488 321 4575 Elin,
348 4488 692 4575 Taurinensis
712 4488 720 4491 ’
741 4488 953 4575 tandem
998 4495 1185 4575 humi].
1333 4488 1423 4575 De"
1442 4488 1779 4575 Epiphania“
1794 4496 2028 4575 Domini.
2067 4488 2358 4575 Gymnicus
2380 4488 2627 4575 ,__q.uil_25
2656 4488 2810 4575 annis
2836 4493 3109 4575 prmcessit
3152 4491 3453 4575 Itomapam

204 4557 793 4641 Ambrosiieditiopem‘,
824 4565 994 4641 _in_ter_
1016 4564 1366 4641 Maximianas
1384 4557 2138 4641 homiliascollocavitnum:
2169 4568 2236 4641 ξ,
2255 4557 2499 4641 ριιςί
2530 4557 2854 4641 Gymnicuni
2879 4565 3203 4641 secutisupt
3247 4558 3451 4641 Galesi-

201 4633 538 4715 eiushomilia
568 4633 603 4688 5
626 4633 706 4687 De
732 4633 1049 4704 Epiphania,
1078 4649 1198 4758 pag.
1232 4635 1352 4700 I02,
1375 4635 1750 4704 Combeiisius,
1779 4645 1911 4693 tom.
1934 4637 2142 4758 “apag.
2175 4633 2273 4701 79,-
2296 4633 2552 4692 Cumdius
2577 4633 2716 4718 tom,
2743 4636 2785 4700 I,
2808 4649 2931 4707 pag.
2966 4633 3090 4699 508,
3122 4633 3452 4713 Margarimis

201 4714 248 4754 in
270 4700 513 4758 Btbhuth.
542 4703 683 4758 Max.
717 4712 849 4758 tom.
875 4703 963 4758 VI.
994 4719 1118 4758 pag.
1180 4704 1232 4758 2.
1264 4714 1321 4758 et
1341 4705 1668 4758 Ravnaudus
1696 4720 1819 4758 naa.
1852 4707 1977 4758 202.
2051 4707 2216 4758 llulllS
2240 4723 2370 4758 vero
2398 4722 2623 4758 prorsus
2650 4708 2857 4758 ahenus
2877 4714 2959 4758 est
2982 4705 3051 4758 ab
3079 4701 3317 4758 homilia.
3360 4698 3452 4755 Sic

201 4699 248 4754 in
270 4700 513 4759 Biblioth.
542 4703 683 4758 Max.
717 4699 849 4758 tum.
875 4703 963 4773 VI,
994 4699 1062 4775 pa

260 4892 282 4918 ³
308 4884 436 4939 Cod.
459 4884 605 4949 Vat.,
635 4885 798 4950 ipsius
828 4886 950 4938 sint.

258 4951 283 4990 δ
301 4953 428 5026 Cod.
452 4954 740 5026 vaarien.
769 4953 860 5020 27,
883 4971 1030 5026 quem
1059 4970 1292 5026 paganus
1323 4956 1558 5026 inquirit.

487 5022 1003 5107 Ifa‘urent_.t,ug_en'tilis
1051 5022 1252 5079 stellam
1308 5022 1502 5080 Christi
1528 5025 1679 5091 videt,
1712 5035 1761 5079 et

202 5093 350 5157 venit;
381 5094 451 5147 ita
478 5103 536 5148 et
560 5094 682 5147 Vat.
709 5092 867 5148 4951.

258 5158 281 5197 ⁴
301 5162 427 5217 Cod.
458 5163 584 5217 Vat.
610 5162 763 5227 I267,
792 5164 1045 5219 Turbatus
1065 5174 1141 5219 est
1169 5163 1425 5218 Herodes.

263 5241 284 5267 ο
305 5233 479 5315 Codd.
510 5233 634 5315 Vat.
668 5232 837 5302 4222,
869 5233 1122 5289 Laurent.
1155 5246 1210 5289 et
1236 5234 1522 5291 Novarien.
1555 5234 1641 5301 27,
1674 5237 1763 5307 qui

201 5311 315 5355 esset
341 5311 438 5358 vita
466 5311 789 5358 cunctorum.

261 5370 285 5458 ‘A
312 5371 445 5458 Cod.
475 5373 652 5458 Vati‘c.
681 5373 822 5426 4222
852 5382 916 5458 et
934 5372 1068 5458 4951
1095 5417 1107 5439 ,
1139 5373 1223 5428 ubi
1243 5377 1355 5458 erat
1381 5393 1525 5458 puer.
1584 5376 1756 5444 Venit,

200 5444 363 5508 inquit,
397 5452 441 5495 et
466 5445 611 5497 stetit
632 5459 691 5496 su
731 5461 807 5509 ra,
832 5445 916 5498 ubi
944 5452 1055 5497 erat
1077 5461 1223 5513 puer.
1252 5444 1522 5517 Nunquid.

260 5519 283 5555 ε
320 5510 457 5566 Idem
509 5512 631 5567 cod.
668 5461 791 5567 VIat.
840 5512 1009 5573 4222,
1060 5514 1345 5569 testabatur
1370 5534 1398 5570 e
1427 5516 1572 5570 cwlo.
1620 5517 1733 5573 Cod

267 5554 275 5555 κ
320 5554 457 5566 -.......
510 5554 631 5567 νυν.
687 5554 791 5567 η...
840 5554 981 5567 τ---
1060 5554 1332 5569 mum"...
1370 5554 1397 5570 υ
1427 5554 1572 5570 tu...“
1622 5554 1756 5573 νυ...

199 5574 486 5650 Nummum,
507 5599 658 5650 quem
684 5593 862 5638 natum
888 5554 1039 5638 stelia
1066 5586 1350 5639 testabatur
1369 5604 1397 5641 e
1417 5587 1560 5641 cwlo.

259 5644 286 5726 ξι
319 5644 482 5726 Codd;
517 5644 638 5726 vat.
679 5652 815 5726 1207
838 5653 1058 5726 ctVall.
1095 5656 1137 5708 Α
1179 5654 1246 5709 10
1275 5657 1477 5710 addunt
1522 5658 1607 5711 hic
1630 5659 1754 5726 fuit.

264 5716 279 5753 ί
320 5718 656 5795 Idcm_co_dex
693 5723 813 5778 Vat.
852 5724 1010 5788 4122,
1051 5726 1206 5795 utAad
1247 5728 1575 5795 qurereudum
1607 5716 1758 5781 Chri—

202 5794 341 5840 stum.
370 5788 497 5847 Cod.
528 5791 734 5862 Casin.,
760 5795 1062 5864 inquirendo
1093 5788 1369 5850 Christum.

1784 4886 1837 4946 D
1936 4882 1951 4956 ξ
2000 4883 2130 4956 Cod.
2165 4884 2304 4939 Vall.
2328 4885 2377 4956 Α
2409 4884 2495 4953 10,
2527 4883 2863 4956 Nequeenim

1264 4714 1321 4761 et
1341 4698 1668 4779 Raynaudus
1696 4698 1819 4778 pag.
1852 4698 2216 4764 202."I’itulus
2240 4698 2370 4763 vero
2398 4722 2623 4778 prorsus
2650 4698 2857 4763 alienus
2877 4698 2959 4762 est
2982 4705 3051 4759 ab
3079 4698 3317 4758 homilia.
3360 4698 3452 4755 Sic

2891 4886 3149 4952 poterant,
3173 4884 3279 4933 etc.

1936 4952 1963 4992 ιι
2002 4955 2148 5011 Idem
2172 4956 2293 5010 cod.
2326 4955 2449 5011 Vat.
2482 4948 2642 5022 4222,
2676 4948 2939 5008 Herodem
2964 4950 3144 5022 itinere
3170 4948 3374 5022 mortis.

1944 5022 1961 5063 ι
2004 5025 2150 5080 Idem
2173 5025 2293 5080 cod.
2328 5026 2474 5092 Vat.,
2526 5043 2559 5080 a
2607 5020 3046 5092 bimatu,inquit,
3088 5028 3138 5072 et
3165 5020 3454 5074 innotescat

1865 5097 2143 5151 acerbitas.
2170 5095 2303 5150 Cod.
2336 5095 2497 5161 4951,
2520 5112 2553 5148 a
2582 5091 3060 5162 bimatutinquam,
3092 5097 3198 5144 etc.

1938 5176 1977 5205 ιη
2017 5165 2163 5220 Idem
2194 5164 2319 5221 cod.
2349 5166 2470 5220 Vat.
2486 5159 2518 5217 'I
2530 5164 2632 5216 267
2652 5170 2708 5218 et
2735 5159 2909 5223 4951,
2929 5176 3033 5215 non
3053 5166 3225 5230 posset
3243 5159 3451 5214 invitus.

1936 5246 1963 5274 η
2003 5236 2147 5291 Idem
2173 5235 2295 5290 cod.
2338 5236 2456 5289 Vat.
2490 5232 2650 5301 4222,
2691 5231 2760 5284 Et
2788 5231 2899 5285 [nec
2929 5231 3140 5296 omnia,
3173 5230 3451 5293 carissimi,

1863 5322 1956 5376 per
1983 5306 2248 5360 Herodem
2276 5304 2509 5358 diabolus
2538 5301 2751 5374 agebat.

1940 5387 1964 5413 ο
2002 5376 2137 5431 Cod.
2166 5374 2284 5428 Vat.
2320 5374 2478 5431 1267.
2501 5374 2835 5427 lectissimum

1940 5458 1968 5497 ρ
2005 5416 2150 5500 filii]
2181 5416 2300 5499 ἔδᾶ
2325 5416 2948 5512 ἰῖὲιῖἲίἒὲὲῖὲἓᾶἷὶιιια
2977 5438 3116 5512 apud
3145 5437 3346 5512 fideles.

1938 5529 1965 5567 ει
2004 5516 2144 5572 Idem
2171 5514 2290 5569 cod.
2326 5514 2446 5567 Vat.
2488 5508 2647 5583 4222,
2676 5522 2725 5568 et
2752 5515 2807 5568 in
2838 5508 3125 5574 cunabulis,
3154 5516 3204 5564 et
3233 5509 3286 5562 in
3317 5508 3456 5564 caelis

1864 5586 2005 5641 Deus
2034 5596 2127 5648 est,
2153 5593 2201 5638 et
2229 5584 2530 5638 devotionis.

1940 5668 1961 5694 ν
2002 5656 2145 5710 Idem
2165 5654 2285 5725 cod.
2314 5654 2471 5725 4222,
2507 5655 2690 5725 spiritu
2718 5651 3123 5725 misericordiam
3156 5650 3448 5725 diligentes.

1941 5735 1961 5761 ³
2005 5725 2137 5779 Cod.
2166 5723 2286 5797 Vat.
2313 5712 2473 5793 4951,
2499 5712 2583 5797 qui
2611 5726 2733 5780 vivit
2752 5732 2800 5778 et
2828 5731 3008 5794 regnat
3028 5719 3167 5775 Deus
3186 5712 3451 5772 in'swcula

1863 5796 2190 5851 swculorum.
2224 5795 2408 5849 Amen.
