4042 6192
537 318 640 373 εδῖ

1752 309 1807 368 8.
1846 308 2093 366 MAXIMI
2128 305 2582 368 TAURJNENSIS

3708 308 3826 364 288

534 427 679 482 enim
706 425 761 480 in
788 424 919 482 edit.
945 424 1107 482 Rom.
1135 423 1355 495 Sixtina
1372 424 1484 495 lucc
1510 423 1728 479 homilia
1755 423 2011 495 inscripta
2026 430 2124 495 est
2146 439 2159 474 :
2184 422 2263 477 De
2281 422 2533 495 baptismo
2553 421 2776 495 Christi;
2797 436 2922 495 cum
2947 429 3129 495 nmen
3148 419 3364 495 nullum
3391 420 3557 495 deep
3579 422 3819 495 verbum

534 496 695 551 faciat
716 504 925 566 auctor,
949 503 1005 550 et
1032 511 1063 550 a
1089 495 1267 566 capite
1295 493 1363 549 ad
1398 493 1602 550 calcem
1629 508 1815 564 magos
1839 489 2041 549 Chi-isti
2082 501 2268 547 natum
2295 489 2626 563 inquirentes
2647 492 2945 560 collaudat,
2981 500 3040 549 et
3061 489 3278 548 Judteos
3304 492 3610 549 incredulos
3638 493 3821 548 vehe-

533 575 748 621 menter
772 565 1079 633 redarguat.

536 677 928 733 Ancnuanrmt.
967 708 1042 720 —
1085 676 1359 731 Rationem
1400 676 1572 731 reddit
1618 677 1682 733 S.
1724 675 1986 732 Maximus
2023 693 2115 730 cur
2141 682 2187 739 Α
2216 691 2334 731 rum
2366 675 2605 730 virorum
2637 675 2851 746 eloquia
2869 675 2937 731 ad
2965 675 3291 745 agnitionem
3324 674 3444 729 Filii
3466 673 3561 730 Dei
3586 673 3822 729 Iudaica

606 747 869 816 Dominus,
886 763 977 816 per
996 747 1307 816 inusitatum
1332 746 1477 816 sidus
1503 749 1671 816 fuerat
1698 747 1989 800 hominibus
2009 763 2116 799 mn-

607 814 952 888 nifestandus.
985 815 1137 888 Regis
1167 814 1818 888 Herodia__1udworumque
1846 815 2122 871 increduli-

610 885 765 939 tatem
784 885 1190 940 inexcusabilem
1213 886 1458 940 ostendit.

609 1036 855 1095 Salutare
902 1039 1057 1095 nobis
1102 1044 1209 1109 est,
1236 1038 1448 1104 fratres,
1488 1046 1649 1109 atque
1687 1039 2035 1105 conveniens,
2060 1048 2123 1095 ut

540 1138 924 1185 concurrentes
960 1129 1029 1184 ad
1067 1130 1200 1184 festa
1247 1129 1516 1185 dominica
1563 1138 1617 1185 et
1650 1130 1903 1202 mysteria
1931 1129 2120 1186 Salva-

539 1219 677 1275 toris
699 1220 867 1274 nostri
886 1260 900 1284 ,
932 1218 999 1273 de
1026 1218 1178 1288 cuius
1204 1220 1483 1275 nativitate
1509 1220 1678 1287 gavisi
1702 1235 1887 1276 sumus
1904 1260 1919 1287 ,
1951 1229 1977 1259 ι
2006 1220 2124 1291 eius

542 1308 973 1363 rnanifestatione
999 1309 1276 1364 lmtemur:
1307 1310 1430 1381 quia
1471 1311 1606 1367 sicut
1636 1311 1905 1367 nascendo
1925 1312 2127 1381 glorio-

542 1414 634 1455 sus
661 1406 743 1455 est
768 1400 864 1455 Dei
900 1400 1099 1464 Filius,
1141 1401 1215 1456 ita
1251 1402 1560 1472 apparcndo
1601 1403 1878 1458 mirabilis.
1934 1402 2125 1458 Mirum

544 1504 778 1558 namque
820 1490 968 1558 quod
1014 1489 1257 1546 Christus
1300 1493 1564 1561 processit
1615 1507 1683 1547 ex
1736 1492 1974 1561 virgine;
2026 1507 2128 1549 nec

544 1580 721 1634 minus
753 1580 1091 1649 magnificum
1130 1582 1273 1651 quod
1302 1590 1552 1638 ostensus
1579 1597 1611 1638 e
1637 1583 1776 1639 etelo
1800 1590 1904 1638 est.
1932 1582 2125 1637 Mirum

545 1670 700 1724 valde
728 1670 873 1739 quod
901 1685 1099 1725 novum
1126 1671 1397 1726 hominem
1443 1680 1588 1726 terra
1616 1673 1877 1742 suscepit;
1909 1680 2129 1743 stupen-

546 1758 671 1813 dum
700 1759 1045 1815 nihilominus
1078 1760 1225 1829 quod
1268 1776 1466 1816 novum
1510 1762 1651 1817 hunc
1679 1763 1950 1818 hominem
1989 1779 2127 1819 nova

545 1847 616 1903 de
644 1849 780 1903 ccelo
807 1849 963 1903 stella
984 1850 1298 1919 prodiderit.
1340 1850 1496 1921 Apud
1536 1850 1774 1907 Jndmam
1802 1851 2045 1910 Christus
2075 1855 2129 1910 in

548 1938 774 2007 przesepi
821 1938 1128 2007 pastoribus
1171 1940 1450 2009 vagicbat;
1482 1948 1538 1996 et
1581 1941 1634 1996 in
1662 1941 1911 1997 Chaldrea
1939 1957 2129 2013 mago-

2218 764 2381 820 corda
2409 780 2516 819 non
2548 765 2797 820 ﬂexerint
2818 804 2834 831 ,
2865 766 3023 819 unius
3057 764 3228 820 stellae
3263 764 3449 820 radius
3484 763 3644 819 ﬁdem
3675 777 3820 831 gen-

2219 854 2352 908 tium
2377 855 2671 910 suscitavit.
2697 853 2828 920 Quae
2848 860 2997 908 tanta
3016 853 3364 924 permutatio,
3383 851 3598 918 fratres,
3616 864 3820 921 quave

2217 944 2321 999 ista
2349 944 2635 1000 conversio
2663 944 2779 998 est?
2818 940 2977 1013 Apud
3022 941 3237 998 ludazos
3262 942 3525 1013 propheta
3546 942 3818 1011 loquitur,

2219 1050 2322 1090 nec
2349 1035 2595 1102 auditur;
2646 1033 2786 1104 apud
2828 1034 3056 1103 gentiles
3096 1034 3253 1089 stella
3299 1040 3442 1088 tacet
3462 1074 3480 1099 ,
3510 1040 3567 1088 et
3594 1031 3816 1087 suadet.

2220 1128 2363 1183 Vere
2406 1128 2548 1183 sicut
2584 1127 2840 1196 scriptum
2867 1133 2986 1182 est:
3045 1125 3238 1192 Quibus
3267 1141 3372 1180 non
3404 1132 3481 1179 est
3514 1123 3816 1178 nuntiatum

2223 1220 2288 1275 de
2305 1236 2365 1275 eo
2392 1219 2663 1283 videbunt;
2686 1227 2736 1273 et
2755 1220 2839 1291 qui
2867 1234 2971 1272 non
3003 1217 3304 1281 audierunt,
3334 1215 3626 1287 intelligent
3647 1211 3811 1285 (Isai.

2226 1327 2315 1377 Lu;
2348 1311 2499 1365 Rom.
2526 1311 2637 1381 xv).
2665 1309 2803 1365 Ecce
2830 1310 2972 1364 enim
2994 1307 3228 1364 Chaldtci
3252 1350 3269 1377 ,
3308 1308 3503 1377 quibus
3545 1307 3679 1361 nihil
3707 1322 3815 1360 un-

2223 1414 2386 1468 quam
2435 1398 2608 1453 fuerat
2651 1399 2719 1453 de
2766 1396 3066 1467 huiusmodi
3096 1397 3367 1469 mysteriis
3403 1394 3753 1466 praedicatum
3783 1392 3813 1432 ει

2227 1490 2611 1545 intellexerunt
2656 1489 2989 1544 nativitatem
3035 1485 3268 1553 Christi;
3323 1487 3602 1557 ipsumque
3643 1484 3811 1540 Chri—

2226 1586 2369 1636 stum
2426 1580 2656 1634 sollicite
2707 1588 2731 1617 θ
2779 1579 3153 1649 perquirentes
3175 1618 3191 1645 ,
3241 1577 3379 1633 coelo
3430 1574 3450 1614 ί
3494 1583 3813 1631 monstrata:

2227 1672 2396 1727 stella:
2421 1671 2615 1726 ducatu
2639 1713 2654 1737 ,
2685 1671 2926 1727 invenire
2964 1678 3296 1726 meruerunt.
3320 1669 3429 1724 Nec
3455 1684 3587 1724 sane
3630 1685 3661 1722 a
3690 1668 3813 1737 qui-

2228 1759 2543 1829 buscunque
2587 1760 2811 1827 vilibus,
2861 1760 3104 1815 obscuris
3150 1759 3478 1829 abiectisque
3505 1759 3813 1813 hominibus

2228 1851 2343 1906 haec
2362 1858 2487 1905 sunt
2512 1851 2598 1904 vel
2625 1850 2916 1915 intellecta,
2946 1851 3033 1905 vel
3063 1850 3175 1904 visa
3194 1891 3210 1916 ,
3241 1849 3341 1905 sed
3377 1865 3407 1903 a
3436 1847 3728 1912 Chaldmis,
3761 1847 3814 1902 id

2231 1949 2334 2007 est,
2362 1942 2471 2012 85
2500 1940 2641 2010 apud
2666 1954 2802 2009 quos
2832 1949 2858 1988 Β
2892 1941 3329 2011 superstitionum
3353 1939 3611 2008 regnabat
3638 1952 3812 1992 error.

549 2042 667 2081 rum
715 2028 885 2083 oculis
931 2028 1073 2083 inter
1115 2028 1291 2084 sidera
1339 2033 1673 2087 coruscahat.
1722 2032 1873 2103 Apud
1912 2033 2130 2091 Iudaeos
2161 2038 2207 2098 Β
2231 2029 2289 2084 In
2318 2031 2402 2086 his
2430 2032 2702 2099 ingressus
2739 2031 2994 2085 mundum
3018 2030 3263 2086 Christus
3287 2031 3553 2100 primitias
3582 2028 3817 2084 ﬁdeisa-

549 2116 803 2171 sordebat
826 2117 877 2170 in
905 2117 1134 2186 pannis;
1180 2119 1321 2188 apud
1344 2121 1572 2188 gentiles
1598 2120 1834 2190 fulgebat
1861 2124 1914 2177 in
1939 2124 2145 2191 gloria..

550 2200 618 2257 Et
640 2202 859 2274 quidem
885 2219 1107 2259 necesse
1133 2215 1251 2259 erat
1292 2214 1352 2259 ut
1377 2207 1636 2263 crelorum
1674 2207 1959 2264 Dominum
1984 2211 2137 2265 testi-

549 2295 791 2349 monium
839 2294 1058 2349 caeleste
1094 2296 1442 2364 prmcederet,
1491 2303 1548 2351 et
1590 2305 1867 2353 auctorem
1897 2299 2032 2354 lucis
2059 2300 2135 2355 si-

553 2396 714 2451 gnum
744 2383 774 2423 δ
815 2384 950 2438 lucis
997 2385 1282 2440 revelaret.
1341 2385 1590 2454 Magnum
1628 2388 1752 2455 hoc,
1781 2388 1994 2454 fratres,
2027 2399 2138 2447 tre-

555 2475 917 2543 mendumque
941 2478 1287 2547 mysterium,
1336 2492 1457 2532 cum
1487 2495 1626 2536 unus
1646 2481 1894 2552 idemque
1921 2500 2138 2540 annun-

556 2565 724 2619 tiatur
744 2565 812 2620 de
838 2564 999 2620 Patre
1024 2566 1182 2633 Deus,
1207 2574 1265 2621 et
1284 2566 1451 2623 homo
1479 2568 1547 2624 de
1573 2578 1779 2638 matre;
1811 2574 2141 2641 unusxidem-

555 2671 663 2727 que
693 2654 831 2711 ﬁlius
858 2655 1089 2721 feminae,
1121 2665 1178 2713 ct
1205 2657 1343 2714 (ilius
1366 2660 1702 2731 maiestatis;
1732 2681 1870 2721 unus
1891 2666 2141 2737 idemque

556 2747 837 2804 hominum
889 2751 1193 2821 particeps,
1243 2759 1300 2806 et
1345 2752 1603 2810 Dominus
1630 2757 1962 2825 angelorum.
2010 2758 2142 2827 Quis

557 2841 700 2896 enim
728 2841 908 2895 valeat
930 2841 1199 2897 aestimare
1223 2844 1411 2911 quanti
1452 2849 1796 2914 sacramenti,
1823 2858 2141 2921 quantaque

558 2930 630 2985 sit
655 2930 857 2998 gloriae,
887 2930 1036 3001 quod
1061 2932 1152 2987 ille
1177 2934 1317 3002 sugit
1341 2935 1525 3000 ubera,
1549 2937 1640 3005 qui
1664 2940 1837 3007 pascit
1849 2941 2048 3008 omnia,
2086 2951 2143 2999 et

561 3022 653 3092 qui
670 3022 929 3077 universis
956 3023 1315 3079 animantibus
1331 3026 1542 3081 vivendi
1561 3029 1914 3084 substantiam
1924 3040 2145 3102 prazstat

562 3129 595 3169 e
621 3116 779 3181 emlo,
797 3116 866 3170 ob
888 3117 1116 3171 salutem
1141 3118 1478 3173 terrestrium
1506 3128 1725 3177 terreno
1750 3121 1861 3194 34
1886 3123 2024 3179 lacte
2043 3140 2145 3179 nu-

565 3207 758 3263 tritur?
805 3207 993 3263 Nullus
1020 3223 1151 3279 ergo
1179 3210 1446 3280 ambigat,
1479 3227 1638 3268 nemo
1667 3222 1971 3283 cunctetur,
2001 3215 2146 3288 quod

565 3296 812 3352 Christus
860 3299 912 3352 in
960 3307 1106 3354 terra
1151 3300 1352 3370 degens
1382 3298 1618 3370 fulgebat
1645 3304 1699 3358 in
1727 3306 1886 3372 ccelo,
1917 3307 2041 3377 quia
2068 3306 2147 3363 sic

2239 2122 2426 2177 lutaris
2472 2121 2712 2176 invenit:
2763 2129 2819 2175 et
2862 2120 3060 2175 factum
3105 2128 3191 2176 est
3239 2120 3378 2175 inter
3416 2117 3630 2174 Iudaeos
3657 2127 3819 2187 atque

2238 2211 2465 2282 gentiles
2491 2210 2759 2280 quoddam
2786 2210 3026 2280 perfidia:
3063 2208 3297 2279 fideique
3324 2217 3620 2264 certamen.
3677 2207 3819 2261 Nato

2240 2300 2385 2355 enim
2421 2298 2636 2354 Christo
2672 2300 2974 2354 exsultabat
2999 2298 3245 2354 Chaldma
3270 2336 3287 2363 ,
3325 2305 3381 2352 et
3408 2304 3521 2352 tota
3557 2312 3679 2352 cum
3708 2296 3822 2351 suis

2239 2389 2570 2460 principibus
2607 2388 2977 2460 Hierosolyma
3017 2389 3387 2457 torquebatur.
3456 2387 3823 2442 lnsectabatur

2240 2481 2454 2536 Judaeus
2477 2522 2492 2548 ,
2552 2492 2741 2547 magus
2788 2477 2817 2516 ιι
2864 2478 3167 2545 adorabat;
3207 2486 3263 2532 et
3310 2477 3550 2533 Herodes
3594 2475 3823 2531 acuebat

2242 2573 2511 2641 gladium,
2549 2570 2829 2627 Chaldaeus
2878 2584 3102 2624 munera
3147 2568 3503 2639 praeparabat.
3557 2567 3663 2623 Sed
3692 2567 3822 2636 quid

2242 2666 2436 2720 mirum
2460 2664 2507 2719 si
2535 2662 2691 2718 turba
2728 2662 2819 2716 illa
2844 2660 3065 2717 Iudaica
3098 2659 3297 2716 Christi
3334 2674 3441 2714 non
3469 2658 3702 2728 suscepit
3740 2658 3825 2712 in-

2242 2757 2487 2827 fantiam,
2525 2754 2540 2794 ί
2567 2770 2686 2826 quae
2714 2755 2877 2809 etiam
2901 2761 3144 2810 mortuos
3179 2752 3525 2807 suscitantem
3552 2759 3828 2806 contuma-

2242 2849 2376 2903 citer
2414 2848 2429 2898 l
2466 2846 2632 2902 abusa
2677 2844 3038 2916 contempsit?
3077 2842 3215 2910 Quid
3266 2841 3459 2895 mirum
3497 2840 3545 2896 si
3584 2840 3638 2894 in
3674 2838 3827 2895 cunis

2238 2937 2509 3008 iacentem
2542 2936 2815 2992 Christum
2842 2949 3095 3005 sprevere
3118 2931 3308 2997 Judmi,
3356 2946 3516 3001 quem
3540 2973 3558 3000 ,
3584 2944 3703 2985 cum
3731 2943 3829 2984 cte-

2244 3028 2323 3085 cis
2339 3028 2425 3083 vel
2454 3042 2591 3082 nova
2619 3026 2774 3082 daret
2800 3025 3025 3093 lumina,
3047 3023 3131 3078 vel
3152 3029 3428 3093 repararet
3454 3021 3674 3089 amissa,
3702 3018 3832 3075 lan-

2244 3131 2546 3188 guoresque
2588 3116 2770 3172 varios
2816 3113 3093 3169 salutifero
3137 3126 3388 3168 sermone
3415 3109 3443 3150 κ
3474 3117 3691 3166 curaret
3711 3153 3728 3178 ,
3761 3110 3831 3165 ad

2247 3208 2427 3265 omnia
2446 3205 2704 3263 beneficia
2729 3203 2941 3261 Domini
2976 3202 3286 3258 redimentis
3314 3201 3527 3270 ingrati,
3557 3200 3833 3257 mendacia

2246 3300 2438 3370 linguae
2464 3300 2577 3371 83
2605 3296 2886 3354 calumniis
2915 3293 3271 3350 incusabant?
3299 3290 3439 3358 Quid
3465 3291 3660 3346 mirum
3689 3291 3737 3345 si
3779 3291 3834 3345 in

567 3388 713 3443 venit
740 3387 809 3443 ad
836 3388 1030 3457 terras,
1066 3402 1088 3429 π
1120 3398 1181 3446 ut
1208 3408 1320 3447 non
1332 3392 1662 3463 relinqueret
1689 3395 1905 3451 malum.
1934 3396 2002 3451 Et
2021 3397 2145 3454 inde
2172 3404 2218 3468 (ζ
2247 3392 2363 3462 eius
2389 3390 2666 3446 nativitate
2693 3389 2861 3445 stellre
2882 3385 3212 3458 splendentis
3239 3383 3431 3439 indicia
3454 3383 3836 3451 neglexerunt,

567 3488 653 3535 est
679 3481 824 3552 quod
867 3482 1183 3551 virginalem
1229 3484 1373 3538 hunc
1412 3499 1640 3555 puerum
1686 3485 1906 3542 laudant
1942 3489 2150 3557 angeli,

569 3571 833 3628 mirantur
855 3581 1104 3644 pastores
1123 3615 1140 3642 ,
1179 3575 1375 3631 coelum
1404 3583 1713 3645 attestatur,
1743 3587 2072 3634 venerantur
2098 3588 2157 3635 et

572 3664 747 3733 magi,
774 3664 897 3735 quia
936 3666 1159 3736 mystica
1184 3666 1303 3737 eius
1329 3667 1582 3723 nativitas
1608 3669 1940 3739 sempiterno
1958 3669 2153 3739 gaudio

570 3761 626 3809 et
664 3762 864 3808 terram
911 3752 1199 3808 lmtilicavit
1243 3763 1301 3810 et
1341 3757 1554 3811 cmlum.
1605 3755 1760 3813 Hunc
1804 3773 1934 3827 ergo
1974 3772 2156 3828 regem

571 3842 873 3899 cwlestium
892 3841 1279 3912 hominumque
1304 3850 1594 3910 rectorem,
1623 3845 1723 3899 sub
1749 3848 1925 3901 carnis
1952 3854 2159 3918 myste-

571 3935 655 3990 rio
681 3934 1004 3998 venientem,
1037 3932 1245 3988 invidus
1286 3934 1469 3989 tremit
1495 3934 1769 4003 Herodes,
1799 3935 1980 3993 Iudaea
2027 3938 2150 3993 inli-

571 4024 709 4080 delis
737 4023 967 4093 abierat.
1011 4020 1217 4079 Tremit
1243 4024 1486 4082 Herodes
1514 4024 1774 4082 infantem
1802 4029 1963 4098 regite
1990 4028 2158 4098 digni-

574 4114 735 4180 tatis,
784 4115 910 4183 quia
967 4114 1263 4169 bonitatem
1317 4115 1585 4171 nascentis
1631 4116 1844 4185 ignorat
1886 4136 1900 4171 :
1944 4119 2157 4189 ahjurat

574 4204 843 4260 Christum
884 4204 1096 4269 Iudaea,
1126 4222 1287 4277 quem
1315 4207 1601 4277 praedicat,
1641 4209 1766 4279 quia
1795 4210 2158 4281 impietatibus

575 4298 686 4354 suis
710 4305 953 4353 metuens
976 4297 1104 4367 iusti
1122 4297 1315 4366 indicis
1334 4296 1529 4367 refugit
1552 4301 1883 4368 aequitatem;
1905 4309 1962 4358 et
1987 4302 2158 4357 scele—

577 4402 692 4443 tum
721 4403 941 4444 suorum
968 4389 1236 4444 obctecata
1266 4389 1532 4452 tenebris,
1561 4390 1676 4445 sola
1704 4390 1891 4446 videre
1919 4406 2025 4446 non
2056 4407 2157 4462 po-

580 4489 689 4536 test
734 4481 878 4550 quod
924 4480 1170 4535 omnibus
1214 4480 1462 4549 splendet
1507 4496 1538 4537 e
1566 4482 1706 4538 caelo
1749 4491 1852 4538 :et
1879 4499 2002 4539 cum
2050 4500 2161 4539 om-

578 4568 724 4625 nium
748 4569 1176 4640 patriarcharum
1203 4569 1446 4626 doctrina
1468 4611 1484 4639 ,
1516 4587 1581 4628 ac
1605 4573 1918 4644 prophetica
1946 4583 2163 4631 sancto-

2249 3486 2305 3540 in
2345 3484 2498 3554 cuius
2524 3482 2799 3553 passione,
2845 3480 3009 3536 etiam
3052 3478 3170 3534 sole
3209 3477 3445 3546 lugente,
3483 3475 3646 3530 laetati
3672 3474 3838 3528 sunt?

2253 3574 2390 3643 Quid
2410 3575 2628 3642 mirum,
2656 3573 2703 3628 si
2730 3570 2994 3628 Chaldaeis
3021 3568 3454 3635 adventantibus,
3482 3568 3540 3621 hi
3564 3563 3585 3605 ι
3615 3565 3840 3621 credere

2253 3667 2544 3724 noluerunt
2568 3706 2585 3734 ,
2623 3678 2760 3733 quos
2782 3662 2849 3717 ad
2880 3661 3038 3716 tidem
3063 3658 3306 3715 veritatis
3326 3657 3590 3712 adducere
3617 3669 3841 3710 concur-

2254 3773 2346 3814 sus
2373 3772 2480 3812 non
2501 3754 2676 3825 potuit
2703 3751 3056 3822 angelorum?
3085 3749 3353 3805 Ltetemur
3375 3747 3557 3816 itaque
3581 3760 3699 3812 nos,
3729 3742 3841 3797 fra-

2256 3857 2394 3916 tres,
2422 3852 2479 3901 et
2503 3844 2832 3900 exsultemus
2860 3842 2915 3897 in
2936 3840 3187 3908 Domino,
3214 3836 3559 3893 festivitatem
3585 3832 3843 3904 perennis

2253 3935 2493 4009 mysterii
2516 3934 2664 3990 omni
2690 3948 2815 3990 cum
2846 3931 3043 4003 gaudio
3083 3928 3446 3993 celebrantes;
3476 3926 3569 3995 qui
3597 3924 3843 3979 nativita-

2256 4036 2366 4084 tem
2411 4026 2737 4082 dominicam
2793 4040 2905 4080 non
2950 4021 3278 4091 coniecturis
3321 4018 3629 4075 carnalibus
3676 4015 3843 4070 adne-

2256 4133 2466 4190 gamus,
2503 4116 2601 4172 sed
2633 4114 2738 4172 fide
2777 4113 3004 4185 simplici
3045 4110 3395 4175 conﬁtemur;
3429 4110 3522 4179 qui
3547 4104 3843 4163 Salvatoris

2258 4208 2543 4264 adventum
2564 4221 2673 4260 non
2701 4203 3069 4259 nuntiantibus
3097 4201 3289 4270 magis,
3316 4200 3411 4255 sed
3439 4205 3729 4254 attestante
3756 4195 3844 4252 de-

2261 4314 2424 4370 super
2465 4297 2625 4351 Patre
2669 4295 3049 4363 cognovimus;
3095 4292 3189 4362 qui
3228 4291 3501 4347 Christum
3530 4289 3842 4355 Dominum,

2262 4408 2369 4447 non
2394 4390 2506 4461 iam
2534 4389 2676 4444 inter
2696 4387 2959 4443 cunabula
2985 4386 3288 4454 vagientem
3313 4383 3620 4453 quaerimus,
3641 4380 3737 4437 sed
3766 4395 3846 4435 re-

2263 4493 2516 4554 gnantem
2548 4465 2867 4536 veneramur
2905 4478 2959 4532 in
2985 4477 3123 4534 ctelo
3150 4474 3333 4532 Iesum
3356 4471 3630 4532 Christum
3656 4471 3846 4528 Domi-

2266 4591 2392 4630 num
2416 4585 2475 4629 ω.

1887 4686 2234 4749 HOMILIA
2291 4687 2538 4749 XXIX.

1859 4782 1936 4839 De
1969 4784 2235 4856 Baptismo
2283 4783 2477 4839 Christi
2506 4782 2557 4837 Ι.

2040 4872 2431 4929 ΑΒΜΟΝΙΤΙυ.

652 4960 1146 5036 Quamvispodices
1171 4962 1489 5036 Casinenses
1515 4972 1572 5020 et
1595 4964 1925 5022 Vallicellani
1948 4966 2055 5036 hac
2091 4966 2311 5022 homilia
2339 4975 2580 5036 careant,
2611 4982 2799 5023 eorum
2842 4974 3023 5020 tamen
3046 4964 3223 5020 vicem
3250 4961 3503 5032 supplent
3531 4960 3623 5015 alii
3662 4959 3843 5036 multi,

584 5039 789 5085 certum
815 5031 883 5087 de
909 5031 967 5086 S.
997 5034 1229 5090 Maximo
1260 5035 1620 5091 testimonium
1648 5036 1954 5091 reddentes.
2001 5034 2334 5093 Bibliotheca
2374 5037 2545 5093 Vatic.
2567 5031 2808 5108 quatuor
2842 5043 3062 5106 praestat
3090 5049 3216 5089 mss.
3242 5031 3611 5095 monumenta,
3641 5031 3850 5086 scilicet

656 5150 697 5219 ι.
720 5136 852 5195 Cod.
885 5140 1137 5200 Laurent.
1167 5163 1207 5215 ι,
1229 5146 1368 5202 Plut.
1400 5161 1509 5216 xw,
1534 5148 1599 5202 de
1625 5148 1738 5218 ejus
1765 5148 2153 5219 manifestatio-
2188 5152 2236 5210 D
2333 5146 2361 5185 ιι
2398 5148 2567 5219 Codd.
2613 5148 2736 5219 Vat.
2783 5145 2945 5216 495i,
2974 5153 3028 5203 et
3055 5144 3265 5214 Casin.,
3302 5142 3576 5200 adorabat.
3608 5141 3852 5198 Herodes

587 5229 652 5267 ne
680 5211 929 5266 ltetemur.

657 5280 684 5320 ι)
720 5279 854 5357 Cod.
883 5279 1005 5357 Vat.
1037 5280 1197 5357 £95k
1225 5286 1431 5357 signum
1462 5287 1691 5341 luminis.

664 5361 688 5426 ς
722 5350 866 5426 [dem
895 5351 1015 5426 god.
1043 5350 1398 5426 vat:,_ut'nou
1420 5358 1725 5426 relinqueret
1751 5357 1953 5412 caelum.

656 5417 684 5458 δ
886 5419 1064 5497 Casini.
1102 5417 1559 5497 inteltigunt.

662 5498 688 5528 ⁸
724 5488 857 5568 Cod.
891 5490 1063 5545 Vatic.
1095 5488 1257 5562 495i,
1286 5504 1343 5548 et
1369 5488 1538 5550 Palat.
1566 5495 1692 5566 455,
1721 5496 1941 5552 sollicite
1967 5495 2166 5568 perqui-

590 5568 710 5617 runt
736 5557 863 5613 cwlo
883 5570 1223 5617 monstrante.

666 5629 685 5668 ί
890 5629 1018 5707 _c_od.
1046 5630 1252 5707 Casin.,
1278 5632 1402 5687 cmlo
1422 5644 1742 5707 monstrante
1762 5636 2039 5707 reperiunt.

663 5710 689 5749 ι
726 5697 857 5757 Cod.
890 5698 1200 5771 Novarien.,
1229 5697 1626 5772 superstitiosus.

2267 5218 2487 5290 acueb‘at
2500 5218 2764 5290 gladium.

2345 5288 2360 5325 ί
2403 5284 2536 5342 Cod:
2578 5287 2700 5342 Vat.
2749 5285 2908 5354 4951,
2957 5302 3105 5358 quem
3134 5285 3291 5341 etiam
3335 5291 3565 5339 mortuos
3593 5284 3854 5337 suscitan-

2268 5366 2392 5421 tem,
2424 5366 2530 5413 etc.

2344 5429 2358 5478 l
2406 5427 2539 5482 Cod.
2573 5424 2694 5480 Vat.
2719 5424 2834 5479 Pal.
2865 5423 3067 5479 omittit
3090 5438 3280 5479 vacem
3309 5420 3491 5477 abusa.

2337 5496 2365 5535 ιι
2403 5497 2548 5553 ltlem
2576 5496 2723 5564 cod.,
2752 5502 2962 5549 sanaret
3001 5509 3098 5564 pro
3122 5501 3348 5564 curaret.

2345 5565 2364 5605 1
2407 5566 2538 5621 Cod.
2572 5561 2859 5620 Novarien.
2884 5564 2976 5631 27,
3003 5561 3061 5616 lii
3084 5563 3254 5617 redire
3280 5561 3574 5627 noluerunt,
3596 5570 3703 5617 etr.

2341 5647 2379 5675 ιη
2418 5636 2552 5691 Cod.
2585 5635 2710 5690 Vat.
2740 5632 2902 5699 4951,
2926 5630 3220 5705 subiungit,
3248 5649 3363 5686 cum
3386 5631 3545 5686 Patre
3571 5641 3620 5686 et
3650 5630 3854 5705 Spiritu

2270 5717 2451 5762 sancto
2474 5707 2530 5762 in
2557 5706 2747 5762 uacula
2775 5704 3101 5761 seculorum.
3134 5704 3316 5757 Amen.
