4042 6192
170 304 253 356 9m
1528 293 1808 349 llOMlLlA
1844 294 2023 352 XXIX.

171 418 442 483 lzi;7,pag.
481 410 598 477 183,
626 409 800 483 Palat.
832 410 968 483 ἑξῆς,
991 423 1111 483 pag.
1144 408 1270 483 237,
1307 405 1464 483 4951,
1501 420 1620 475 pag.
1643 404 1744 483 32,
1773 415 1829 460 et
1860 403 1981 468 189,
2017 407 2070 459 in
2102 406 2299 483 quibus
2328 408 2382 483 S_.
2420 407 2654 483 Maximo
2684 412 2940 483 episcopo
2986 416 3204 479 homilia
3235 419 3426 477 inscri-

165 474 301 553 bitur.
324 474 529 536 Eadem
558 474 839 553 inscriptio
869 474 1536 553 legit—urinlaurentianp
1568 493 1605 539 ι,
1642 474 1929 553 Elutguv,
1980 491 2103 553 pag:
2157 476 2243 553 7_l,
2276 478 2360 531 cui
2392 474 2733 553 adjungimus
2772 474 2908 537 duos
2935 478 3230 553 Angienses
3272 474 3429 545 xuet

165 550 689 625 m,7Lucensem.85,
723 544 1107 625 Novaricnscm
1138 548 1227 625 27,
1252 562 1373 625 pag_.
1411 546 1531 610 156,
1560 554 1622 625 _e_t
1643 544 2050 625 Taurinenselin.
2086 545 2141 599 lu
2174 547 2278 625 hoc
2314 544 2501 625 codice
2538 544 2721 625 titulus
2770 563 2852 625 est
2882 572 2894 606 :
2928 554 3005 607 De
3020 544 3347 625 VEpiphania
3374 544 3427 614 et

168 615 508 698 de'baptismo
561 615 754 674 Christi
805 620 1017 673 humilia
1065 615 1420 698 I.,_App'osite
1480 616 1738 695 quidem.;
1793 631 1915 696 cum
1960 615 2017 669 S.
2083 617 2308 698 antistes
2362 618 2430 671 de
2480 622 2927 698 lmanifestatione
2988 615 3187 679 Christi
3240 631 3425 698 magis

166 685 403 755 lactafet
448 691 533 763 de
568 698 1082 763 portentosa__aqu:e
1131 689 1181 741 in
1209 685 1414 763 vinum
1469 685 1826 763 conversione
1877 686 1930 763 in
1980 686 2226 763 convivio
2266 688 2429 763 Cana:
2474 689 2705 763 Galihca:
2750 693 2984 761 primum
3034 706 3178 763 agat,
3220 685 3419 754 deinde

166 764 220 817 de
274 762 461 816 Christi
520 755 809 848 baptismo.
873 755 1071 848 Yerum
1124 758 1395 848 cumjduo
1444 755 2209 848 ‘prioramrniracLuIapermisi
2266 757 2455 839 leviter
2495 755 2770 848 atti’pgatg
2802 773 2857 817 et
2905 755 3120 848 tertium
3164 755 3412 848 pluribus

168 840 508 903 prosequatur,
554 822 655 903 nos
692 831 995 903 editoribus
1017 829 1221 903 assensi
1245 829 1309 903 de
1337 822 1589 903 baptismo
1614 822 1812 903 Christi
1840 825 2545 903 h‘omi‘liamninscripsimus.
2576 822 2865 903 Gininieus
2887 834 3130 903 profecto
3162 822 3233 889 ita
3258 822 3426 893 habet

224 916 267 969 g.
297 894 380 976 58.
411 899 718 976 Galcsi_n_i_u_s
748 913 869 976 pag.
899 899 1018 964 105,
1060 894 1674 976 Combelisius.tom.ll,
1694 908 1827 976 pag;
1850 894 2216 976 8.0,.Cunidius
2245 894 2378 976 tom“,
2408 898 2449 965 Ι,
2479 913 2602 976 pag.
2625 894 2754 966 ⁷509,
2786 894 3109 976 Ray'naudus
3136 920 3257 975 pag.
3291 908 3419 976 205,

224 918 267 969 g.
297 918 380 961 οδ,
411 918 718 955 uatcsmms
748 918 869 967 pag.
899 918 1018 964 ιυο,
1060 918 1419 952 υοηιῡειτδιυδ
1451 918 1581 948 tum.
1614 918 1674 959 ιι,
1696 918 1815 962 pag.
1850 918 1938 957 ou,
1961 918 2216 950 UUIIIUIUS
2246 918 2377 951 tum.
2408 918 2449 965 ι,
2479 918 2602 967 pag.
2634 918 2754 966 aut},
2786 918 3109 974 ﬂaynauaus
3136 920 3257 975 pag.
3291 918 3418 976 205,

167 918 464 1038 ῖῗεπεεπὶηιις
494 971 547 1023 in
580 970 719 1023 Bibl.
749 970 891 1022 Max.
910 984 1032 1038 pag.
1068 968 1152 1030 12,
1179 982 1369 1022 omnes
1398 966 1462 1018 de
1486 964 1740 1038 baptismo
1764 961 1957 1017 Christi
1971 966 2287 1020 scribentes.
2318 967 2415 1038 Hic
2439 968 2700 1024 adnotare
2726 988 2831 1025 non
2862 975 3157 1030 omittimus
3179 992 3207 1029 a
3230 988 3418 1033 sancto

167 1033 451 1113 Augustino,
482 1047 644 1113 atque
667 1056 697 1092 a
726 1033 927 1113 saneto:
949 1033 1127 1113 Leone
1156 1039 1368 1113 Magno,
1398 1033 1625 1113 quorum
1655 1033 1858 1113 primus
1882 1049 1976 1087 sex
2008 1050 2287 1113 sermones
2318 1037 2495 1113 habet_
2516 1040 2580 1093 de
2620 1040 2949 1113 Epiphania,
2979 1045 3116 1098 alter
3155 1055 3303 1113 octo,
3345 1050 3416 1103 de

164 1103 260 1184 sola
280 1103 705 1184 manifestati‘one
724 1108 1044 1184 Christiper
1075 1103 1347 1184 insolitum
1370 1103 1724 1184 aidus‘magis
1749 1103 1997 1184 facta,_et
2025 1105 2076 1184 in
2109 1105 2187 1160 eis
2212 1106 2292 1184 _de
2322 1108 2605 1184 vocatione
2628 1103 2863 1184 gentium
2889 1103 2957 1165 ad
2989 1114 3145 1167 fidem
3172 1103 3415 1184 pertrac-

165 1181 281 1246 tari;
310 1189 362 1233 at
386 1179 452 1233 de
481 1179 692 1233 duobus
721 1179 839 1232 aliis
868 1173 1159 1245 miraculis,
1190 1192 1310 1246 qua:
1333 1177 1400 1230 ab
1430 1174 1671 1246 Ecclesia
1700 1173 1894 1246 eadem
1918 1175 1980 1246 in
1999 1176 2341 1230 solemnitate
2366 1173 2726 1245 celebrantur,
2759 1181 2924 1234 altum
2952 1173 3219 1237 silentium
3249 1188 3416 1240 conti-

164 1240 277 1304 neri.
305 1248 630 1323 Peculiarem
656 1262 784 1323 ergo
806 1248 908 1303 sibi
938 1240 1177 1323 meretur
1204 1240 1730 1323 commendationem
1756 1240 1816 1323 S_.
1846 1242 2111 1323 Maximus
2132 1253 2334 1309 noster,
2360 1242 2507 1323 quod
2530 1240 2805 1323 eleganter
2825 1260 2880 1303 et
2894 1253 3108 1323 erudite
3129 1254 3195 1307 de
3220 1255 3415 1323 triplici

166 1321 385 1387 mysterio
412 1310 748 1385 disseruerit,
780 1320 1221 1387 reconditamque
1249 1318 1300 1370 in
1330 1316 1497 1387 sacris
1526 1312 1755 1387 Litteris
1775 1310 2077 1387 doctrinam
2108 1331 2206 1387 pro
2236 1332 2333 1369 sua
2364 1310 2575 1371 dicendi
2605 1310 2761 1386 cepia
2797 1328 2853 1373 et
2887 1319 3140 1375 facilitate
3169 1338 3276 1376 non
3291 1310 3415 1379 Itam

166 1378 243 1461 hac
261 1391 310 1461 in_
322 1389 544 1461 homilia
571 1378 1192 1461 quain'insequeutibus
1219 1388 1394 1461 palam
1411 1382 1719 1461 _fecerit;_lii_
1742 1382 1847 1461 hoc
1874 1381 2091 1461 Curetis
2111 1378 2539 1461 Patressecutus
2559 1378 2793 1461 videtur,
2823 1389 2959 1444 duos
2988 1407 3180 1460 nempe
3203 1378 3413 1461 Crego-Q

166 1460 266 1523 rios,
294 1451 605 1527 Nyssenum'
625 1468 682 1512 et
717 1451 1133 1523 Nazianienum,
1163 1451 1253 1524 qui
1301 1456 1565 1524 triplicem
1594 1451 1793 1505 Christi
1824 1453 2214 1573 apparitionem
2244 1456 2355 1509 suis
2384 1458 2719 1511 orationibus
2745 1451 3130 1528 recoluerunt;
3156 1451 3411 1532 diemque

167 1529 281 1573 illum
320 1535 526 1573 sextum
562 1528 763 1573 mensis.
787 1527 1043 1573 Januarii-
1090 1528 1232 1573 diem
1265 1524 1686 1573 Euiuliauiorum
1717 1536 1853 1573 anne
1879 1522 2072 1573 larunt.
2122 1523 2309 1573 Utrum
2350 1533 2529 1573 autem
2560 1526 2752 1573 endam
2784 1528 2872 1573 die
2913 1546 3021 1573 mm
3062 1531 3201 1573 τηειρί
3256 1534 3411 1573 ςιρΙΙει

167 1522 283 1581 illum
320 1522 527 1599 sextum
561 1528 763 1599 mensis
787 1527 1044 1599 Januarii,
1090 1522 1233 1599 diem
1265 1522 1686 1595 Epipliauiorum
1705 1522 2072 1599 appellarunt.
2122 1523 2316 1599 Utrum
2350 1533 2530 1579 autem
2560 1526 2755 1599 eodem
2784 1528 2872 1582 die
2913 1546 3021 1599 quo
3062 1522 3225 1598 magi,
3256 1522 3414 1588 stella

166 1598 286 1667 duce,
311 1600 373 1651 ad
400 1598 734 1652 adorandum
759 1606 944 1651 natum
967 1589 1269 1667 Duminuur
1282 1589 1948 1667 per—venerunt,Christus
1973 1594 2141 1647 factus
2167 1595 2606 1667 quasipannorum
2640 1598 2855 1664 triginta
2892 1589 3414 1667 baptizarivv'oluerit

166 1682 184 1718 a
206 1660 411 1734 Joanne,
433 1668 736 1737 eodemque
764 1668 851 1722 die
873 1668 1122 1722 convivio
1152 1668 1206 1720 in
1234 1660 1379 1719 Cana
1408 1663 1642 1737 Gallittae
1664 1660 1998 1737 interfuerit,
2022 1671 2075 1715 et
2097 1660 2293 1731 aquam
2325 1665 2377 1717 in
2402 1666 2584 1737 vinum
2616 1660 3249 1737 con'verterit,'dissident
3272 1671 3413 1726 inter

164 1751 205 1789 se
222 1730 514 1809 scriptores,
540 1730 703 1809 aliqui
734 1737 1460 1809 aﬂirmativam,negativam
1483 1730 1901 1809 aliiopinionem
1927 1730 2230 1809 sectantes;
2261 1736 2528 1809 eunynihil
2554 1736 2759 1809 haede
2779 1753 2837 1791 re
2851 1730 3090 1809 Ecclesia
3116 1739 3410 1809 definierit,

164 1815 202 1878 et
225 1800 379 1878 solum
408 1800 819 1878 unadie'trium
841 1808 1053 1861 illorum
1084 1800 1465 1878 miraculorum
1491 1800 1773 1878 complesti
1804 1800 1874 1852 sit
1899 1801 2341 1878 celebrationem.
2374 1804 2599 1878 Sanctus
2622 1806 2957 1878 Maximusin
2985 1809 3203 1878 homilia
3226 1800 3411 1878 quinta

164 1876 209 1929 de
227 1876 458 1945 baptismo
488 1877 684 1931 Christi
711 1879 912 1946 apertis
938 1878 1118 1931 verbis
1140 1875 1511 1931 afﬁrmativam
1533 1869 1858 1948 sententiam
1887 1878 2087 1948 tuetur.
2125 1872 2193 1925 Et
2222 1874 2266 1948 si
2296 1884 2489 1948 autem,
2522 1876 2715 1943 inquit,
2739 1876 2803 1929 ab
2832 1877 3087 1948 aliquibus
3111 1888 3198 1930 aut
3227 1869 3406 1945 unum,

163 1956 229 1997 aut
250 1938 378 1999 aliud
404 1964 469 2000 ex
492 1948 575 2001 his
595 1938 791 2019 factum
818 1964 931 2001 esse
957 1949 1219 2013 credatur,
1241 1963 1334 2017 ego
1365 1955 1537 1998 tamen
1566 1957 1627 1993 ea
1656 1938 1832 1993 omnia
1852 1942 2079 1996 evenisse
2106 1944 2262 1998 credo
2291 1961 2353 1998 ea
2378 1938 2484 2010 die,
2516 1938 2667 2017 atq-ue
2687 1938 2845 2000 unum
2870 1938 2929 2000 in
2948 1948 3113 2001 altero
3137 1938 3410 2004 contineri.
3438 2006 3443 2011 ,

162 2099 514 2156 Δκεεεεητωι.
543 2134 617 2144 -
644 2101 838 2157 Paucis
871 2103 1068 2175 colligit
1100 2102 1161 2159 S.
1196 2102 1393 2166 doctor,
1410 2114 1532 2224 Irrue
1558 2112 1712 2166 supe-
1744 2097 1786 2152 A
1819 2096 2001 2163 pentia
2033 2098 2455 2167 alienigenarum
2483 2101 2645 2163 corda
2665 2104 2967 2172 permovit;
2992 2118 3112 2158 eum
3142 2104 3290 2159 illum
3312 2103 3408 2159 Ju-

214 2171 411 2224 rioribus
458 2173 687 2224 homiliis
731 2173 1026 2224 complexus
1080 2176 1247 2224 fuerat
1299 2174 1363 2224 de
1433 2169 1711 2224 .vinhania
1813 2184 2022 2224 Αρςριηγ.
2064 2189 2318 2224 “nmium
2380 2190 2465 2224 ρης
2514 2206 2663 2224 ,ωηο
2707 2192 2932 2224 ,ιςνςωηη
2997 2195 3080 2224 ,ης
3127 2196 3405 2224 nmmum

214 2171 411 2224 rioribus
458 2173 687 2225 homiliis
731 2169 1026 2239 complexus
1079 2176 1247 2243 fuerat
1299 2174 1363 2225 de
1410 2169 1711 2293 Epiphania

214 2240 418 2293 Domini.
468 2253 643 2293 estaue
689 2242 799 2293 han:
847 2243 986 2293 illius
1041 2245 1146 2293 fere
1192 2252 1300 2293 tota
1350 2243 1413 2293 de
1487 2249 1710 2293 anttsmo

212 2240 418 2319 Domini,
468 2253 643 2319 eslque
689 2242 799 2296 hwc
847 2243 989 2319 illius
1038 2240 1149 2319 fere
1192 2243 1413 2319 totande
1448 2240 1710 2319 baptismo

213 2311 379 2365 Christi
411 2313 601 2375 oratio,
633 2328 697 2365 ea:
727 2329 825 2383 quo
859 2311 1051 2366 clarius
1089 2313 1261 2366 illuxit
1298 2312 1542 2365 divinitas
1576 2311 1707 2376 ejus.

210 2460 480 2531 Complura
519 2464 695 2526 nobis,
742 2463 957 2529 fratres,
990 2472 1153 2533 atque
1193 2463 1404 2517 diversa
1445 2460 1710 2515 festivitas

159 2556 397 2621 praesentis
443 2555 550 2609 diei
595 2555 911 2610 salutarium
950 2557 1327 2628 mysteriorum
1374 2560 1711 2608 sacramenta

159 2646 454 2715 multiplicat.
490 2647 643 2714 Nam,
676 2649 814 2703 sicut
856 2650 1159 2718 posteritati
1196 2663 1307 2702 sua:
1346 2645 1518 2701 fidelis
1557 2661 1711 2699 man-

159 2735 272 2789 davit
295 2737 603 2805 antiquitas,
638 2738 798 2793 hodie
826 2738 1075 2792 Salvator
1102 2738 1322 2792 humani
1351 2737 1564 2805 generis
1599 2750 1711 2789 coe-

159 2826 343 2882 lestibus
375 2838 398 2865 ⁸
431 2836 682 2884 ostensus
712 2830 939 2897 iudiciis,
972 2846 1002 2884 a
1031 2829 1296 2884 Chaldtcis
1336 2841 1418 2884 est
1454 2829 1711 2882 adoratus

158 2916 335 2981 (Matth.
369 2919 449 2989 ιι).
496 2919 668 2974 Hodie
714 2919 960 2975 Christus
988 2921 1131 2975 beati
1159 2919 1380 2975 Joannis
1409 2919 1709 2973 ministerio

157 3006 317 3061 ﬂuenta
373 3007 624 3064 Jordanis
676 3010 1050 3064 benedictione
1104 3010 1307 3080 proprii
1366 3009 1709 3081 baptismatis

155 3100 451 3153 consecravit
480 3099 757 3170 (IbidJu).
789 3099 959 3155 Hodie
988 3099 1150 3156 etiam
1184 3101 1437 3155 invitatus
1476 3100 1542 3154 ad
1572 3117 1710 3172 nup-

156 3190 235 3243 tias
256 3192 545 3246 divinitatis
584 3208 695 3247 sua:
730 3193 1027 3262 potentiam
1069 3194 1420 3248 manifestans
1458 3209 1624 3263 aquas
1654 3196 1706 3249 in

156 3280 321 3345 vinum,
354 3298 543 3351 aquas,
580 3285 821 3353 inquam,
846 3286 953 3355 87
983 3284 1146 3339 vertit
1174 3286 1227 3338 in
1258 3286 1460 3351 vinum,
1491 3286 1597 3341 hoc
1627 3294 1709 3340 est

154 3384 259 3437 quas
297 3374 651 3428 sanctificavit
680 3375 732 3427 in
762 3376 1054 3444 baptismo,
1086 3376 1389 3430 nobilitavit
1431 3377 1481 3430 in
1507 3377 1706 3446 nuptiis

1813 2184 2024 2239 daicum
2064 2189 2339 2256 populum,
2380 2190 2466 2245 eui
2514 2206 2663 2245 mare
2707 2192 2954 2259 divisum,
2995 2195 3083 2248 cui
3127 2196 3407 2264 praebitum

1813 2291 2009 2329 manna
2039 2276 2107 2331 de
2134 2279 2380 2343 nubibus,
2416 2296 2514 2335 nec
2542 2282 2694 2350 ignea
2727 2285 2963 2352 potuerit
2984 2293 3038 2340 et
3064 2285 3178 2355 ipsa
3204 2287 3269 2341 de
3294 2304 3406 2343 em—

1812 2367 1867 2422 lo
1915 2369 2118 2423 micans
2160 2370 2409 2424 columna
2449 2380 2784 2426 convertere.
2827 2372 2934 2427 Sed
2959 2374 3071 2443 jam
3109 2376 3177 2430 ad
3205 2377 3403 2433 Christi

1809 2456 2138 2526 baptismum
2166 2474 2519 2527 properemus
2553 2478 2565 2512 :
2600 2460 2777 2526 Venit,
2803 2462 2991 2531 inquit,
3013 2464 3166 2520 Iesus
3196 2467 3265 2520 ad
3292 2468 3406 2522 Jor-

1811 2546 2018 2612 danem,
2058 2555 2115 2600 ut
2161 2546 2513 2616 baptizaretur
2551 2566 2584 2601 a
2618 2549 2858 2615 Joanne;
2893 2553 2977 2606 cui
3014 2555 3086 2607 ait
3123 2554 3356 2610 Joannes
3387 2573 3405 2611 :

1810 2636 1926 2709 Ego
1955 2656 1987 2692 a
2018 2647 2067 2692 te
2112 2639 2268 2694 debeo
2311 2639 2596 2711 baptizari;
2626 2648 2676 2696 et
2705 2652 2759 2695 tu
2788 2646 2930 2699 venis
2968 2646 3039 2699 ad
3077 2664 3159 2701 me
3186 2648 3401 2719 (Matth.

1810 2727 1934 2799 tu)?
1962 2727 2074 2796 Ego
2102 2730 2288 2798 utique
2316 2746 2347 2784 a
2392 2738 2444 2785 te
2469 2730 2641 2786 debeo
2680 2732 2965 2803 baptizari,
2997 2738 3123 2806 quia
3164 2739 3293 2793 mihi
3324 2749 3403 2795 est

1811 2836 1880 2875 ex
1920 2830 2146 2891 paterna
2189 2823 2635 2892 prtevaricatione
2674 2828 2967 2896 corruptio,
3017 2838 3073 2884 et
3102 2830 3195 2886 tibi
3227 2832 3280 2886 in
3312 2848 3403 2903 pa-

1811 2919 1966 2967 terna
2000 2923 2024 2951 °
2055 2913 2337 2982 majestate
2380 2916 2714 2970 communio.
2752 2915 2865 2985 Ego
2895 2918 2949 2971 in
2974 2918 3118 2975 hunc
3144 2922 3403 2977 mundum

1809 3004 2013 3058 carnali
2050 3021 2169 3060 sum
2202 3014 2425 3074 parente
2452 3006 2736 3076 profusus;
2771 3016 2829 3062 tu
2858 3025 2989 3065 vero
3023 3012 3128 3067 huc
3154 3013 3222 3067 ab
3251 3014 3403 3082 inge-

1810 3098 1924 3152 nito
1954 3096 2115 3154 Patre
2144 3098 2461 3167 Unigcnitus
2495 3101 2776 3156 advenisti.
2810 3102 2895 3157 Me
2948 3104 3048 3158 viri
3088 3112 3143 3159 ct
3190 3106 3403 3161 feminte

1811 3189 2072 3243 naturalis
2100 3191 2291 3260 copula
2308 3193 2637 3261 procreavit;
2663 3202 2717 3249 te
2742 3203 2922 3249 autem
2951 3196 3206 3253 Altissimi
3222 3201 3402 3255 obum~

1810 3282 2001 3337 brante
2037 3283 2259 3348 virtute,
2302 3285 2608 3340 veneranda
2653 3287 2812 3341 nobis
2858 3288 3139 3357 virginitas
3173 3290 3192 3329 τ
3231 3291 3397 3347 dedit.

1809 3373 1923 3441 Ego
1946 3381 2213 3427 terrenum
2237 3374 2455 3440 animal,
2484 3382 2543 3429 tu
2564 3376 2749 3445 Agnus
2769 3376 2895 3443 Dei;
2923 3392 3023 3446 ego
3051 3382 3257 3449 peccati
3285 3383 3400 3451 lege

155 3460 396 3532 (locum).
425 3464 547 3519 Tria
577 3466 794 3534 quidem
822 3467 955 3532 haec,
982 3467 1191 3532 fratres,
1217 3468 1374 3522 unius
1396 3468 1420 3505 ι»
1447 3466 1567 3523 fidei
1589 3485 1705 3540 my—
1736 3452 1781 3511 Β
1809 3464 2071 3529 mortalis,
2105 3473 2163 3519 tu
2190 3472 2372 3519 autem
2411 3466 2669 3523 adversus
2704 3478 2927 3538 peccata
2955 3472 3180 3527 veniens
3222 3475 3400 3529 neseis

153 3556 286 3607 steria
319 3571 680 3621 recensemus,
713 3558 805 3611 sed
842 3572 961 3625 quze
990 3574 1086 3627 per
1115 3574 1277 3612 unum
1308 3559 1591 3613 Dominum
1621 3559 1704 3613 di-

150 3648 302 3710 gnatio
333 3647 606 3703 Trinitatis
644 3650 903 3719 implevit.
932 3650 1115 3721 Neque
1154 3653 1297 3706 enim
1334 3653 1621 3723 aliquando
1651 3654 1706 3707 in

151 3741 432 3804 operatione
480 3742 734 3795 virtutum
784 3743 976 3797 abesse
1022 3744 1122 3797 sibi
1169 3745 1346 3799 unitas
1385 3753 1581 3814 potest,
1612 3754 1706 3800 aut

152 3843 352 3894 unquam
378 3832 619 3899 separari
641 3834 707 3887 ab
739 3833 967 3887 invicem
995 3836 1214 3904 poterit,
1237 3837 1381 3905 quod
1402 3838 1602 3893 deitate
1624 3847 1706 3894 est

151 3916 425 3974 indivisum.
454 3921 715 3990 Denique,
745 3938 867 3977 cum
904 3925 1270 3994 baptizaretur
1297 3926 1564 3994 Salvator,
1597 3945 1704 3983 non

150 4024 193 4060 se
219 4010 395 4066 deesse
425 4011 709 4080 Uuigenito
740 4012 900 4069 Pater
933 4016 985 4069 in
1025 4032 1159 4071 voce
1187 4019 1441 4086 prodidit,
1473 4019 1705 4089 Spiritus

151 4098 187 4150 ia
210 4102 463 4156 columba.
498 4103 615 4157 Non
645 4119 773 4171 ergo
812 4106 1087 4172 miremur,
1119 4106 1331 4173 fratres,
1374 4119 1394 4146 ε
1428 4110 1621 4178 quibus
1650 4111 1705 4164 in

150 4189 227 4246 fide
250 4204 327 4249 est
357 4196 611 4260 Trinitas,
645 4198 686 4251 si
729 4198 829 4251 tria
865 4214 1030 4252 unum
1076 4200 1231 4254 nobis
1275 4199 1419 4254 diem
1450 4203 1704 4273 mysteria

148 4294 515 4339 consecrarunt.
546 4285 719 4341 Hodie
760 4288 961 4358 itaque,
994 4297 1053 4342 ut
1092 4290 1344 4355 diximus,
1378 4306 1566 4361 magus
1608 4309 1706 4364 per

148 4378 322 4433 stellam
354 4382 559 4450 reperit
594 4381 739 4449 quod
767 4380 981 4437 Judzcus
1012 4383 1233 4439 credere
1265 4385 1435 4440 noluit
1454 4403 1553 4457 per
1573 4404 1703 4458 μνο-

148 4468 323 4535 phetas.
356 4471 529 4526 Hodie
576 4473 848 4542 gentilitas
877 4474 1067 4529 edocta
1096 4474 1161 4529 dc
1191 4476 1329 4531 ccelo
1378 4476 1705 4549 Redempto-

145 4575 235 4613 rem
272 4565 451 4617 mundi
482 4565 704 4633 inquirit
730 4574 789 4619 ut
818 4578 1021 4633 regem,
1050 4575 1361 4620 muneratur
1390 4576 1448 4621 ut
1485 4567 1698 4633 fortem,

144 4651 304 4706 adorat
331 4663 389 4707 ut
426 4655 613 4709 Deum.
661 4655 726 4709 Et
750 4672 909 4724 quam
941 4664 1107 4719 recte,
1142 4658 1424 4723 carissimi,
1461 4660 1513 4712 in
1548 4660 1700 4714 testi-

142 4744 350 4798 monium
371 4761 526 4799 nov-rae
546 4747 866 4814 nativitatis,
890 4763 1026 4801 nova
1055 4748 1081 4785 ά
1113 4749 1271 4803 terris
1290 4750 1443 4805 stella
1470 4751 1703 4820 resplen-

1808 3555 2090 3624 subjacere
2140 3564 2386 3626 peccato.
2420 3556 2486 3610 Et
2514 3567 2637 3627 post
2665 3561 2868 3625 omnia,
2919 3575 3019 3628 ego
3067 3562 3240 3617 factus
3281 3580 3400 3619 sum

1808 3649 2151 3704 redimendus
2180 3665 2209 3702 a
2242 3657 2313 3713 te,
2342 3657 2398 3703 tu
2426 3658 2602 3703 autem
2634 3659 2793 3705 natus
2821 3660 2879 3705 ut
2908 3652 3160 3708 redimas.
3194 3654 3293 3709 Cui
3318 3657 3399 3710 di-

1808 3746 1999 3809 gnatus
2034 3739 2315 3810 respondit
2346 3739 2501 3794 Jesus
2534 3759 2546 3793 :
2581 3740 2710 3796 Sine
2742 3744 2894 3798 modo
2936 3760 2954 3798 :
2985 3745 3060 3798 sic
3089 3747 3228 3800 enim
3255 3748 3399 3802 decet

1808 3850 1903 3888 nos
1926 3834 2139 3903 implere
2176 3851 2376 3888 omnem
2398 3836 2659 3906 justitiam
2703 3836 2914 3908 (Ibid.).
2957 3837 3013 3893 ld
3060 3848 3165 3906 est,
3218 3842 3399 3898 omnia

1807 3924 2023 3993 quidem
2052 3940 2178 3979 vera
2210 3936 2356 3989 sunt,
2386 3941 2507 3994 quae
2536 3942 2809 3983 memoras
2843 3947 2855 3981 :
2888 3932 2999 4001 88
3026 3932 3119 3986 sed
3152 3932 3264 3988 hare
3292 3935 3400 3989 mei

1808 4017 2070 4071 adventus
2090 4025 2173 4071 est
2200 4018 2362 4085 ratio,
2385 4026 2462 4084 ut,
2485 4019 2610 4086 quia
2632 4021 2730 4075 sub
2758 4021 2876 4090 lege
2897 4022 3067 4078 factus
3096 4040 3233 4090 sum,
3267 4027 3400 4082 ordo

1806 4108 2076 4175 legitimus
2108 4108 2440 4178 suppleatur.
2480 4108 2614 4162 Veni
2644 4112 2809 4177 enim,
2852 4129 2959 4167 non
2989 4122 3047 4168 ut
3087 4116 3219 4169 mihi
3251 4117 3399 4170 vive-

1807 4216 1940 4263 rem,
1965 4200 2051 4253 cui
2079 4200 2190 4253 vita
2215 4208 2417 4253 :eterna
2446 4216 2576 4254 cum
2607 4200 2767 4255 Patre
2797 4212 2897 4264 est,
2923 4204 3017 4258 sed
3049 4215 3105 4258 ut
3134 4207 3399 4261 conditio-

1808 4306 1929 4345 nem
1954 4298 2143 4345 vestra:
2165 4290 2351 4343 mortis
2374 4299 2397 4335 Β
2422 4289 2679 4344 auferam.
2700 4290 2766 4342 Et
2788 4292 2891 4345 hoc
2914 4300 2994 4345 est
3019 4293 3396 4363 justissimum,

1807 4390 1884 4445 ut,
1915 4380 2039 4449 quia
2086 4387 2257 4433 totum
2301 4380 2510 4448 suscepi
2540 4379 2833 4443 hominem,
2865 4395 2964 4450 per
3009 4384 3191 4436 omnia
3221 4393 3398 4439 trans-

1805 4487 1926 4526 eam
1976 4470 2209 4525 hominis
2246 4478 2603 4524 sacramenta.
2636 4469 2703 4524 Et
2738 4486 2946 4537 revera,
2993 4471 3204 4538 fratres,
3257 4489 3399 4542 quo-

1805 4564 1967 4618 modo
1994 4579 2093 4634 pro
2123 4563 2275 4618 nobis
2301 4562 2547 4616 Christus
2568 4562 2632 4616 ad
2664 4563 2986 4631 baptismum
3023 4581 3132 4618 non
3160 4566 3389 4630 veniret,

1803 4664 2027 4725 propter
2053 4669 2187 4722 quos
2209 4653 2371 4707 etiam
2399 4668 2675 4723 corporeae
2690 4654 3113 4709 circumcisiouis
3138 4671 3245 4709 non
3267 4655 3395 4710 vita-

1804 4746 1882 4799 vit
1911 4744 2197 4811 injuriam?
2240 4741 2392 4797 Unde
2441 4752 2496 4797 et
2533 4742 2773 4798 Joannes
2802 4746 3035 4799 salutare
3082 4746 3393 4816 mysterium

140 4832 248 4893 duit,
271 4836 421 4905 cuius
448 4838 635 4906 utique
655 4835 957 4891 Judzeorum
986 4853 1117 4907 gens
1143 4838 1346 4909 perfida
1376 4855 1476 4895 nec
1498 4840 1700 4895 radium
1729 4828 1774 4889 C
1806 4848 2218 4904 recognoscens,
2250 4848 2358 4887 non
2384 4832 2496 4901 jam
2526 4833 2620 4886 Dei
2664 4834 2877 4900 Filium,
2910 4843 2968 4888 ut
2997 4835 3236 4904 Baptista
3266 4853 3393 4890 san-

140 4924 384 4981 occultare
428 4928 617 4997 possit,
650 4943 752 4982 nec
799 4928 1131 4983 abscondere
1172 4931 1486 4997 veritatem;
1526 4948 1703 5001 neque

141 5013 225 5065 ulla
246 5015 355 5084 jam
394 5033 491 5088 per
518 5034 617 5073 eos
650 5025 863 5088 poterat
894 5019 1072 5075 locum
1104 5020 1304 5076 habere
1344 5022 1592 5090 maligna
1618 5023 1702 5078 in-

140 5110 512 5174 terpretationis
551 5111 869 5176 obscuritas,
901 5112 991 5167 ubi
1029 5112 1225 5167 etelum
1269 5113 1443 5183 ipsum
1486 5117 1700 5170 univer-

138 5212 291 5255 sorum
331 5204 500 5258 oculis
541 5205 756 5259 sidereo
785 5204 985 5259 lumine
1025 5204 1296 5260 credenda
1343 5205 1599 5276 fulgebat.
1632 5207 1700 5263 Et

139 5301 269 5356 quam
296 5294 403 5349 hoc
428 5295 694 5362 mirabile,
724 5294 869 5365 quod
906 5296 1129 5366 exiguus
1164 5296 1333 5352 stellae
1373 5299 1556 5355 radius
1584 5309 1699 5357 stu-

188 5457 210 5521 _‘
245 5450 380 5521 Cod.
409 5451 529 5508 Vat.
562 5451 687 5521 189,
718 5453 1000 5509 caelestibus
1028 5455 1249 5511 ostensis
1280 5455 1512 5513 indiciis.

189 5519 211 5557 δ
244 5520 388 5594 [dem
421 5524 565 5591 cod.,
586 5519 737 5578 unius
767 5525 868 5578 diei
907 5528 1169 5594 mysteria.

190 5601 209 5664 ξ
244 5591 388 5664 idem
420 5594 564 5663 cod.,
595 5596 648 5647 in
668 5595 846 5660 quibus
874 5591 1006 5664 ﬁdes
1032 5605 1108 5650 est
1138 5595 1435 5652 Trinitatis.

186 5657 211 5695 δ
244 5661 387 5716 Idem
408 5666 527 5717 eod.
550 5657 755 5718 omittit
781 5657 953 5719 terris.

193 5742 213 5767 ε
246 5731 379 5787 Cod.
438 5732 689 5788 Laurent.
747 5736 838 5796 qui
885 5752 1077 5808 supra,
1134 5746 1181 5791 et
1231 5736 1324 5792 tibi
1364 5742 1416 5796 in
1469 5749 1686 5809 paterna

1808 4928 2026 4991 ctilicat,
2058 4925 2150 4980 sed
2180 4932 2241 4979 ut
2285 4924 2513 4980 devotus
2559 4925 2805 4980 minister
2831 4925 3137 4982 coelestibus
3178 4930 3393 4984 obtem-

1806 5028 1961 5091 perat
1990 5019 2294 5089 imperatis;
2326 5034 2426 5073 ncc
2455 5018 2599 5073 enim
2644 5026 2855 5086 poterat
2885 5033 2990 5072 non
3022 5020 3241 5077 obedire
3282 5038 3394 5078 scr-

1807 5130 1905 5169 vus
1933 5114 2174 5178 domino,
2207 5127 2384 5181 praeco
2408 5110 2593 5180 judici,
2626 5110 2739 5177 regi
2772 5111 2946 5177 miles,
2969 5127 3272 5181 pnecursor
3300 5132 3393 5170 au-

1804 5208 1960 5265 ctori.
2013 5207 2187 5276 Atque
2235 5213 2295 5259 ut
2342 5205 2455 5260 haec
2494 5202 2675 5258 omnia
2721 5202 3009 5261 Divinitate
3046 5207 3130 5275 agi
3183 5209 3394 5279 plenius

1802 5300 2202 5373 perfectiusque
2228 5296 2493 5367 propheta
2520 5293 2881 5362 dignosceret,
2905 5296 2959 5350 in
2987 5299 3166 5368 specie
3194 5300 3393 5353 colum.

1798 5461 2101 5516 necessitate
2131 5453 2444 5511 communio.

1873 5531 1890 5569 τ
1933 5530 2081 5584 Μειη
2121 5524 2246 5583 cod.
2301 5523 2487 5590 Laur.,
2549 5521 2843 5577 veneranda
2904 5520 3052 5577 nobis
3117 5528 3389 5599 virginitas

1792 5602 2063 5725 ed’sd'Cod.
2092 5634 2378 5724 Novarien.
2411 5664 2501 5733 27,
2532 5666 2815 5735 auferrem.
