4042 6192
545 284 639 342 201

1780 270 1830 325 S.
1867 269 2109 324 ΜΛΧΙΜΙ
2150 269 2600 325 TAURINENSIS

3746 271 3866 325 εξςιε

544 395 626 450 ba:
653 362 871 447 sanctus
907 404 966 445 se
1003 387 1239 458 Spiritus
1267 384 1437 440 videri
1476 383 1642 448 dedit,
1674 393 1729 437 et
1761 386 1813 437 in
1858 400 1990 438 voce
2021 400 2138 438 ser-
2171 391 2215 446 Λ
2246 387 2320 438 vit
2350 386 2403 439 in
2434 387 2690 439 carnem?
2726 385 2861 451 Quid
2892 386 3110 453 mirum,
3152 385 3197 440 si
3229 386 3344 453 ejus
3368 383 3522 453 jussu
3552 399 3692 453 aqua
3726 402 3861 440 me-

546 483 723 539 monis
770 481 932 535 Pater
971 479 1141 534 audiri
1175 496 1187 530 :
1220 478 1296 531 ait
1328 478 1471 531 enim
1502 495 1514 528 :
1551 475 1653 528 llic
1681 485 1756 529 est
1797 475 1968 529 Filius
1997 493 2142 529 utens

549 573 783 636 dilectus,
808 572 861 624 in
887 586 986 640 quo
1013 569 1137 622 mihi
1168 566 1459 636 complacui
1489 565 1703 638 (Matth.
1732 566 1833 638 ιιι).
1869 566 2061 620 Videte
2089 572 2143 622 ct

548 660 831 726 intendite,
876 659 1089 725 fratres,
1129 665 1391 727 quantum
1420 658 1607 726 gratize
1640 656 1707 711 de
1745 656 1924 711 divina
1954 658 2142 725 digna-

550 753 698 807 tione
726 749 1027 805 mortalitas
1055 756 1424 819 consequatur
1458 765 1471 799 :
1506 761 1631 801 nam
1677 755 1735 800 ut
1779 747 2143 802 sacratissima

550 841 940 911 redemptionis
959 848 1157 895 nostrae
1184 840 1438 911 mysteria
1458 839 1850 894 confirmentur
1874 847 1929 893 et
1951 847 2008 893 ut
2034 855 2149 893 ma-

552 934 795 988 nifestius
821 941 1023 988 aeterna
1045 933 1201 987 nobis
1222 931 1454 987 Trinitas
1478 940 1503 968 α
1530 932 1880 996 revelaretur,
1907 932 2148 1002 baptiza-

553 1032 643 1079 tur
669 1024 835 1078 Filius
864 1024 915 1077 in
943 1022 1199 1078 Jordane.
1238 1021 1470 1092 Spiritus
1504 1022 1804 1077 sanctiﬁcat
1841 1036 2149 1076 sacramen-

552 1122 688 1180 tum,
722 1113 881 1168 Pater
917 1113 1092 1183 aperit
1129 1113 1432 1167 veritatem.
1464 1111 1724 1181 Superest
1752 1111 1867 1180 jam
1905 1121 1964 1164 ut
1994 1110 2147 1164 tertia

554 1204 856 1259 devotionis
883 1203 1040 1271 hujus
1069 1202 1281 1257 caritati
1312 1210 1505 1256 vestne
1532 1217 1692 1255 causa
1722 1202 2001 1255 clarescat.
2036 1200 2147 1254 llo-

554 1295 642 1349 die
693 1294 1057 1358 nihilominus,
1091 1301 1149 1346 ut
1178 1293 1489 1362 perhibetur
1517 1307 1547 1345 a
1597 1292 1855 1361 patribus,
1894 1290 2151 1345 Dominus
2190 1354 2195 1358 δ

554 1383 710 1439 Jesus
739 1385 790 1439 in
812 1384 959 1439 Cana
983 1382 1216 1438 Galilzea:
1235 1383 1303 1438 de
1329 1382 1356 1421 δ
1380 1384 1532 1453 aquis
1553 1383 1733 1437 etIecit
1756 1383 1940 1437 vinum
1964 1382 2144 1442 (Joan.

478 1474 479 1477 “
557 1478 639 1549 ιι).
671 1477 811 1531 Nihil
840 1492 871 1530 a
916 1477 1068 1530 vobis
1094 1482 1198 1543 est,
1229 1475 1437 1540 fratres,
1472 1477 1524 1529 in
1553 1475 1857 1545 hujusmodi
1887 1475 2149 1529 mirabili-

554 1566 655 1621 bus
693 1566 760 1620 de
787 1566 1047 1621 Creatore
1076 1565 1474 1630 cunctandum;
1508 1566 1599 1636 qui
1646 1566 1793 1620 enim
1841 1567 1894 1620 in
1924 1566 2148 1621 exordio

553 1655 739 1711 mundi
770 1666 791 1694 ο
815 1655 962 1710 dedit
991 1670 1111 1711 esse
1134 1670 1325 1725 aquas,
1349 1656 1403 1709 in
1427 1655 1531 1709 tine
1555 1670 1769 1725 quoque
1798 1657 1980 1711 mundi
2004 1655 2150 1724 quod

2250 476 2441 531 liorem
2490 475 2701 544 prolicit
2750 477 2800 529 in
2831 491 3102 545 saporem,
3152 474 3305 542 cujus
3333 475 3674 544 operatione,
3721 491 3863 530 cum

2250 582 2433 621 amara
2463 576 2624 634 esset,
2653 566 2672 604 ί
2706 568 2758 621 in
2801 570 3019 639 myrrha
3048 566 3294 621 bibituris
3323 566 3535 636 populis
3563 567 3710 635 ligno
3745 583 3867 621 mc—

2248 659 2463 713 dicante
2490 659 2702 714 dulcata
2734 667 2843 725 est;
2867 659 3019 729 cujus
3041 659 3267 727 imperio
3296 658 3481 721 etiam,
3513 666 3573 712 ut
3611 659 3864 713 sitienti-

2249 751 2349 806 bus
2389 752 2441 804 in
2472 766 2655 805 eremo
2698 766 2803 804 non
2833 750 3068 819 deesset,
3093 751 3305 806 concita
3334 759 3358 797 Β
3391 750 3657 820 prosilivit
3686 766 3719 804 e
3754 766 3864 820 pe-

2249 842 2370 895 tra?
2396 843 2507 913 89
2537 840 2601 893 Et
2630 841 2703 895 ibi
2734 840 2761 877 ιι
2791 840 3005 911 quidem
3047 855 3185 909 aqua
3234 840 3481 910 procedit
3508 854 3539 894 c
3567 856 3723 903 saxo,
3762 840 3864 894 ubi

2252 931 2430 985 adhuc
2460 930 2629 999 figura
2657 931 2911 999 spiritalis
2939 939 3022 985 est
3052 931 3258 1000 poculi;
3282 931 3371 985 hic
3398 945 3528 985 vero
3557 947 3656 1000 per
3683 930 3863 1003 Chri-

2251 1032 2392 1078 stum
2422 1021 2651 1077 efticitur
2679 1023 2887 1086 vinum,
2917 1022 3006 1076 ubi
3030 1020 3142 1089 jam
3168 1038 3293 1076 vera
3323 1030 3407 1075 est
3432 1020 3733 1075 bibentium
3777 1036 3867 1075 sa.

2251 1114 2352 1167 lus.
2381 1112 2517 1179 Quid
2545 1113 2726 1181 igitur,
2761 1111 2971 1178 fratres,
3003 1113 3107 1167 hoc
3135 1112 3310 1166 laetius
3337 1112 3444 1174 die,
3476 1112 3602 1180 quid
3627 1113 3737 1167 hac
3765 1127 3863 1166 so-

2251 1204 2529 1259 lemnitate
2556 1204 2836 1265 sacratius,
2871 1204 2922 1256 in
2940 1212 3059 1271 'qua
3088 1212 3299 1272 partum
3330 1202 3571 1270 virginis,
3596 1202 3692 1272 qui
3720 1203 3864 1257 late-

2249 1293 2344 1347 bat
2372 1294 2426 1348 in
2454 1294 2624 1359 cunis,
2662 1293 2814 1347 stella
2845 1291 3136 1361 fulgentior
3161 1293 3411 1360 gentibus
3447 1288 3462 1329 ί
3505 1293 3855 1358 coruscavit;

2251 1384 2306 1437 in
2327 1400 2432 1455 qua
2458 1383 2800 1452 Unigenitum
2832 1383 2927 1438 Dei
2959 1385 3010 1436 in
3040 1383 3521 1438 sanctiﬁcationem
3549 1385 3631 1437 sui
3650 1382 3859 1438 Jorda-

2251 1478 2336 1532 nis
2366 1478 2504 1531 unda
2534 1477 2789 1546 suscepit,
2813 1476 2978 1531 homo
3004 1473 3261 1544 Spiritum
3289 1482 3536 1529 sanctum
3565 1474 3717 1541 vidit,
3746 1472 3860 1528 Pa-

2251 1576 2389 1623 trem
2438 1566 2667 1622 mundus
2710 1567 2942 1632 audivit;
2972 1567 3083 1638 90
3122 1567 3175 1620 in
3204 1581 3308 1635 qua
3337 1568 3504 1621 etiam
3541 1566 3727 1621 sobrio
3764 1567 3859 1620 illo

2258 1659 2271 1709 l
2312 1658 2419 1712 vini
2448 1657 2705 1713 mirabilis
2725 1658 2921 1726 poculo
2943 1658 3178 1727 peccatis
3198 1657 3402 1711 ebrium
3428 1656 3661 1711 mortale
3679 1670 3860 1725 genus

552 1747 727 1801 voluit
755 1745 881 1801 fecit
909 1762 976 1801 ex
1005 1747 1160 1815 aquis
1196 1764 1208 1797 :
1251 1746 1474 1814 majoris
1505 1762 1700 1816 nempe
1736 1748 2039 1816 majestatis
2066 1755 2147 1801 est
2182 1754 2224 1812 Β
2253 1750 2500 1804 visitasse
2528 1764 2587 1803 se
2614 1746 2860 1802 Christus
2887 1748 3158 1803 ostendit?
3182 1746 3251 1800 Et
3279 1748 3423 1815 ideo,
3468 1747 3757 1811 carissimi,
3802 1747 3857 1803 in

553 1834 581 1875 ἀ
602 1852 789 1893 creare
806 1853 925 1907 qua:
946 1854 1053 1892 non
1080 1846 1254 1903 erant,
1274 1854 1438 1908 quam
1460 1847 1644 1894 creata
1676 1848 1904 1895 mutare.
1932 1840 1997 1894 Et
2023 1842 2149 1910 quid

552 1927 769 1997 mirum,
796 1929 841 1982 si
870 1928 937 1982 ad
966 1937 1294 1998 praeceptum
1326 1928 1536 1983 Domini
1562 1930 1645 1985 sui
1668 1946 1805 1998 aqua
1828 1932 2071 1985 transivit
2098 1932 2149 1985 in

553 2017 740 2071 vinum
769 2016 922 2086 cujus
949 2025 1083 2071 nutu
1114 2028 1137 2054 θ
1165 2018 1464 2072 salubrium
1517 2018 1757 2073 fomenta
1800 2020 2053 2074 imbrium
2097 2029 2147 2075 et

553 2106 671 2178 ipsa
700 2106 812 2161 vini
839 2107 1073 2176 genitrix
1100 2123 1204 2162 uva
1253 2109 1521 2163 nutritur?
1550 2107 1688 2175 Quid
1718 2110 1935 2176 mirum,
1967 2112 2011 2165 si
2041 2110 2149 2165 Do-

555 2197 733 2252 minus
762 2199 1002 2253 omnium
1033 2206 1256 2270 propter
1283 2200 1558 2255 hominem
1588 2216 1757 2270 aquas
1785 2203 1945 2256 vertit
1984 2204 2037 2257 in
2067 2204 2149 2258 vi-

554 2303 703 2359 nmn,
732 2290 825 2359 qui
853 2300 912 2345 ut
940 2290 1219 2346 hominem
1251 2290 1536 2354 conderet,
1571 2298 1771 2346 terram
1802 2292 2155 2347 transforma-

2254 1839 2619 1910 spiritualibns
2639 1838 2811 1902 donis,
2834 1838 3053 1893 lubricze
3078 1838 3254 1893 carnis
3274 1837 3551 1907 voluptate
3579 1836 3859 1906 deposita,

2254 1928 2605 1998 spiritualiter
2648 1928 3011 1997 gaudeamus,
3063 1936 3122 1983 ut
3169 1929 3421 1983 tenebras
3461 1926 3640 1982 cordis
3679 1928 3860 1984 nostri

2254 2020 2435 2075 lumen
2482 2020 2651 2075 stellae
2701 2019 2937 2075 caelestis
2974 2018 3212 2084 irradiet,
3255 2018 3563 2073 benedictio
3611 2026 3860 2087 paternas

2255 2111 2402 2165 vocis
2432 2111 2685 2179 illustrct,
2722 2120 2778 2167 et
2816 2110 3052 2166 salutare
3081 2126 3180 2167 nos
3207 2110 3392 2165 vinum
3419 2108 3636 2166 Christo
3672 2112 3861 2182 propi-

2256 2211 2418 2258 nante
2444 2202 2696 2257 lmtiticet.

1902 2408 2245 2468 HOMILIA
2295 2408 2507 2469 XXX.

1832 2507 1919 2561 ‘De
1951 2507 2222 2579 Baptismo
2251 2508 2445 2563 Christi
2474 2507 2558 2563 ΙΙ.

2009 2596 2402 2653 ADMONITIO.

638 2690 717 2744 Ex
744 2688 1065 2745 Taurinensi
1093 2688 1282 2743 codice
1310 2687 1469 2757 plane
1500 2694 1716 2741 constat
1743 2685 1800 2740 S.
1834 2686 2124 2759 Maximum
2173 2687 2425 2741 homilias
2470 2688 2688 2755 triginta
2738 2691 2970 2744 edidisse
3008 2690 3074 2744 de
3115 2690 3370 2759 baptismo
3400 2688 3613 2745 Christi.
3648 2689 3853 2748 Harum

556 2775 840 2834 pet-pauere
873 2767 1195 2834 supersunt,
1230 2773 1331 2834 nec
1358 2765 1441 2811 est
1467 2772 1652 2834 earum
1683 2766 1894 2834 servata
1925 2757 2056 2811 satis
2070 2758 2364 2834 integritas
2394 2768 2617 2834 propter
2644 2767 2984 2834 vetustatem.
3018 2757 3191 2834 Quam
3221 2776 3359 2834 nunc
3388 2760 3581 2834 damus
3604 2778 3636 2816 e
3658 2763 3853 2834 ευ(ιίοο

556 2826 782 2886 abbatizc
808 2826 991 2885 Sancti
1022 2829 1273 2901 Dalmatii
1301 2828 1537 2881 exscribi
1567 2828 2048 2901 curavimustquo
2070 2827 2122 2881 in
2154 2828 2340 2901 codice
2365 2826 2449 2901 est
2478 2826 2835 2901 Debaptismo
2864 2830 3057 2901 Christi
3092 2832 3305 2901 homilia
3326 2833 3538 2901 quinta;
3573 2832 3625 2883 in
3656 2831 3853 2885 Tauri-
3880 2847 3884 2851 ‘

557 2903 709 2955 ncnsi
739 2908 918 2954 autem
947 2900 1133 2954 codice
1163 2913 1386 2972 numero
1416 2905 1498 2972 est
1525 2907 1737 2972 octava,
1767 2898 2185 2972 inscribiturque
2213 2897 2292 2950 De
2317 2898 2496 2951 eadem
2530 2897 2828 2972 Epiphania
2863 2909 2911 2953 et
2951 2899 3202 2970 baptismo
3234 2897 3447 2954 Christi.
3478 2900 3677 2972 Stylus,
3719 2919 3851 2957 scn-

557 2972 846 3040 tentiarutn
877 2978 1135 3023 constans
1164 2966 2126 3040 conformitas,_adducendorumque
2172 2968 2418 3023 locorum
2467 2966 2643 3023 sacrae
2682 2970 2971 3040 Scriptura:
3017 2966 3161 3025 ratio
3205 2980 3523 3040 argumento
3544 2966 3689 3026 sunt
3729 2988 3853 3027 eam

558 3040 774 3095 nonnisi
804 3039 1038 3094 Maximo
1068 3049 1347 3108 acceptam
1377 3037 1570 3092 referri
1599 3045 1873 3107 oportere.

557 3175 963 3247 Auouusxruu.‘
1011 3204 1084 3214 —
1133 3170 1381 3247 Christus
1401 3211 1415 3234 ,
1465 3172 1551 3247 qui
1598 3187 1699 3223 non
1753 3178 1857 3223 tam
1891 3170 2150 3247 _Saivator
2178 3177 2224 3239 C
2256 3180 2627 3241 regeneratus.
2658 3171 2734 3226 Ita
2765 3172 2907 3228 enim
2940 3171 3145 3228 inﬁnita
3169 3190 3264 3228 sua
3295 3176 3557 3245 sapientia
3584 3176 3852 3247 disposuit

661 3262 781 3297 nam
827 3243 1072 3324 magister
1099 3243 1410 3323 sanctitatis
1456 3240 1768 3324 advenerat,
1812 3240 2037 3321 salutem
2093 3243 2144 3294 iu

661 3264 781 3297 (tam
827 3264 1072 3324 ηιιιριδιϐι*
1115 3264 1410 3294 διιηειιιιιιιδ
1456 3264 1731 3293 ιιιιυεηι¹1·ιιι
1754 3281 1768 3304 ,
1819 3264 2037 3293 δαιαιίίηι
2093 3264 2144 3294 ΠΙ

626 3264 880 3384 baptismo
911 3312 1150 3374 instituit,
1174 3319 1225 3384 et
1254 3312 1514 3384 pra’ressit
1544 3311 1777 3380 exemplo
1805 3312 1859 3384 in
1888 3328 2001 3364 eum
2032 3327 2146 3384 cre—

628 3381 829 3447 dituris,
856 3392 912 3435 ut
939 3383 1346 3452 regenerationis
1369 3382 1574 3434 lavacro
1606 3397 1638 3433 a
1666 3383 1891 3450 peccatis
1928 3381 2148 3435 munda-

630 3463 822 3521 rentur,
856 3462 905 3506 et
930 3451 1324 3523 justiﬁcationis
1366 3452 1587 3521 gratiam
1620 3460 1999 3518 compararent.

630 3625 706 3679 Ex
736 3624 1051 3693 Evangelio,
1070 3624 1284 3691 fratres,
1314 3640 1485 3694 nuper
1514 3624 1833 3687 audivimus,
1862 3624 2148 3679 Dominum

558 3727 800 3772 nostrum
828 3716 1009 3771 Jesum
1037 3714 1310 3769 Christum
1360 3716 1427 3769 ad
1474 3730 1627 3770 sacra
1671 3715 1919 3777 Jordanis
1949 3715 2147 3771 ﬂuenta

556 3806 803 3876 baptismi
833 3820 993 3858 causa
1016 3807 1245 3867 venisse,
1279 3820 1445 3873 seque
1486 3805 1537 3857 in
1568 3806 1757 3858 eodem
1782 3806 1999 3861 flumine
2028 3823 2146 3877 my-

555 3897 737 3951 steriis
767 3894 1077 3949 cmlestibus
1105 3894 1416 3947 consecrari
1445 3894 1711 3959 voluisse;
1744 3896 1888 3961 quod
1930 3896 2147 3962 quidem

558 4000 724 4054 quare
766 3985 878 4052 ipse
929 3983 1273 4052 prmstitcrit,
1322 3983 1508 4036 n'tirari
1552 4000 1661 4037 non
1710 3984 1986 4039 debemus.
2029 3986 2147 4054 Ipse

558 4078 701 4129 enim
749 4074 985 4144 primus,
1035 4074 1179 4143 quod
1221 4074 1430 4129 caeteris
1477 4074 1780 4128 faciendum
1827 4076 2143 4145 imperabat,

558 4166 780 4234 exsequi
810 4165 1010 4229 voluit,
1055 4172 1112 4218 ut
1141 4165 1305 4219 veluti
1334 4165 1507 4219 bonus
1552 4166 1807 4233 magister
1846 4166 2146 4222 doctrinam

557 4274 707 4314 suam
744 4271 851 4310 non
877 4265 983 4310 tam
1013 4257 1190 4311 verbis
1219 4257 1532 4320 insinuaret,
1564 4272 1724 4325 quam
1753 4260 1961 4313 actibus
1983 4260 2148 4313 etiam

558 4350 676 4419 ipse
722 4355 1026 4403 exerceret.
1074 4347 1202 4403 llaec
1250 4356 1430 4402 autem
1479 4349 1658 4402 omnia
1702 4348 1803 4402 hac
1852 4349 1939 4403 die
1985 4347 2148 4405 fuisse

559 4449 777 4511 peracta
807 4439 1148 4494 manitestum
1178 4448 1278 4504 est,
1312 4439 1470 4507 idque
1508 4453 1573 4492 ex
1603 4439 1718 4507 ipsa
1748 4439 1910 4493 etiam
1952 4455 2147 4509 possu-

2254 3264 2530 3330 Dominus,
2566 3280 2633 3319 ne
2662 3264 2825 3333 longe
2855 3264 2996 3319 inter
3023 3280 3082 3319 se
3112 3265 3391 3320 hominum
3413 3274 3539 3321 vota
3563 3267 3850 3336 distarent;

2250 3364 2412 3426 atque
2440 3356 2576 3412 adeo
2601 3357 2654 3411 in
2677 3374 2787 3412 uno
2808 3358 3107 3427 eodemque
3135 3368 3395 3427 tempore,
3419 3375 3578 3428 quem
3604 3363 3851 3429 genitum

2250 3447 2496 3501 homines
2535 3447 2944 3515 gratulabantur
2973 3448 3025 3501 in
3062 3457 3225 3513 terra,
3258 3450 3649 3505 sanctificatum
3693 3453 3851 3508 heta-

2250 3546 2400 3593 retur
2430 3539 2481 3591 in
2513 3538 2663 3593 cmlis
2690 3562 2701 3590 .
2734 3547 2791 3594 ut
2830 3541 2922 3608 qui
2951 3549 3165 3610 partum
3194 3542 3448 3611 Virginis,
3478 3545 3853 3601 nuntiantibus

2251 3630 2478 3697 angelis,
2501 3629 2613 3698 jam
2644 3631 3012 3701 possidebant,
3034 3640 3093 3687 ut
3112 3632 3206 3688 Det
3232 3632 3446 3702 Filium,
3469 3636 3620 3690 cadis
3643 3645 3852 3692 testan-

2250 3721 2415 3788 tibus,
2465 3722 2784 3790 retinerent,
2835 3723 3076 3792 certique
3123 3735 3305 3778 essent
3352 3740 3539 3780 verum
3587 3725 3683 3780 Dei
3728 3743 3852 3782 esse

2252 3810 2443 3864 Filium
2486 3825 2644 3877 quem
2688 3810 2849 3880 Virgo
2878 3822 3192 3883 pepererat;
3225 3814 3373 3868 illum
3412 3816 3555 3870 enim
3589 3823 3648 3870 ut
3676 3815 3848 3872 Deum

2253 3900 2511 3953 Divinitas
2560 3901 2673 3969 ipsa
2722 3903 3070 3969 agnoscebat.
3102 3904 3237 3958 Novi
3283 3905 3428 3959 enim
3471 3914 3661 3975 partus
3709 3923 3849 3962 nova

2250 3998 2526 4043 merentur
2576 3992 2853 4061 obsequia.
2914 3993 2991 4046 lbi
3043 4010 3166 4048 cum
3223 3995 3516 4050 secundum
3572 3997 3848 4053 hominem

2251 4083 2512 4149 nascitur,
2535 4091 2706 4138 mater
2734 4083 2896 4138 Maria
2926 4100 3047 4138 eum
3077 4100 3177 4140 suo
3204 4087 3323 4141 sinu
3353 4087 3733 4151 circumfovet;
3762 4090 3849 4144 hic

2250 4188 2371 4226 cum
2403 4174 2697 4228 secundum
2730 4176 3048 4245 mysterium
3078 4176 3333 4245 gignitur,
3363 4193 3486 4233 eum
3517 4178 3658 4233 Deus
3688 4178 3849 4234 Pater

2249 4280 2343 4318 sua
2369 4280 2497 4318 voce
2518 4265 2911 4333 complectitur.
2939 4266 3027 4320 Ait
3047 4268 3193 4321 enim
3216 4287 3228 4320 :
3256 4266 3359 4321 Hic
3380 4277 3453 4322 est
3479 4267 3525 4320 F
3531 4268 3654 4323 ilius
3676 4287 3844 4334 meus,

2250 4357 2305 4408 in
2340 4372 2436 4426 quo
2466 4358 2592 4409 mihi
2622 4357 2909 4428 complacui
2939 4358 3081 4424 bene,
3112 4362 3280 4431 ipsum
3308 4362 3482 4415 audite
3514 4362 3731 4433 (Matth.
3763 4364 3843 4434 tt).

2251 4445 2393 4528 Ergo
2423 4456 2595 4502 mater
2622 4448 2675 4502 in
2707 4456 2863 4518 partu
2910 4451 3058 4506 molli
3108 4452 3256 4507 illum
3304 4453 3574 4509 blanditur
3611 4457 3844 4525 gremio,

559 4549 677 4587 ntus
722 4532 936 4587 ratione
982 4532 1255 4600 colligere.
1309 4529 1467 4583 Ratio
1516 4531 1657 4583 enim
1708 4531 1873 4598 exigit
1920 4539 1979 4585 ut
2027 4539 2150 4601 post
2182 4546 2229 4606 ι)
2258 4537 2418 4593 Pater
2447 4555 2575 4595 vero
2607 4541 2659 4593 in
2690 4541 2959 4610 baptismo
2988 4543 3079 4613 pio
3108 4544 3186 4598 illi
3214 4545 3521 4601 testimonio
3549 4545 3843 4602 fabulatur.

558 4625 763 4681 Natalis
791 4625 1042 4680 dominici
1068 4624 1229 4689 diem,
1256 4624 1356 4678 etsi
1388 4624 1714 4693 interpositis
1740 4626 1920 4689 annis,
1952 4626 2144 4681 eodem

560 4728 740 4772 autem
779 4726 1024 4787 tempore
1065 4716 1163 4770 ista
1206 4724 1525 4785 sequeretur
1558 4714 1845 4783 festivitas,
1878 4732 2148 4787 quamque

560 4810 722 4864 etiam
765 4810 999 4865 natalem
1036 4807 1406 4881 appellandam
1447 4817 1597 4878 puto.
1630 4808 1780 4864 Tunc
1809 4810 1952 4864 enim
1991 4817 2149 4866 natus

562 4908 645 4954 est
673 4901 1011 4963 hominibus,
1043 4899 1205 4954 hodie
1242 4908 1461 4954 renatus
1490 4907 1572 4953 est
1599 4900 1967 4954 sacramentis.
2002 4899 2151 4957 Tune

563 5004 660 5058 per
690 4990 955 5059 Virginem
986 4991 1161 5049 editus
1204 4998 1317 5056 est,
1370 4990 1530 5045 hodie
1573 5005 1672 5061 per
1698 4992 2011 5063 mysterium
2051 4992 2153 5047 fuit

640 5199 664 5227 ο
699 5187 834 5243 Cod.
865 5189 982 5244 Vat.
1019 5191 1141 5260 189,
1175 5195 1440 5249 reveletur.

641 5263 665 5297 ι’
697 5260 840 5337 idem
870 5261 990 5337 Cod.
1026 5263 1167 5337 _V_at.,
1198 5266 1262 5317 de
1282 5282 1436 5337 aqua.
1580 5322 1585 5327 ,

642 5342 664 5407 f
694 5331 838 5407 idem
869 5332 991 5407 cod.
1027 5330 1171 5407 Vat.,
1195 5351 1304 5387 esse
1328 5330 1455 5405 'fecit
1482 5352 1662 5407 aquas.

633 5399 660 5437 (ι
698 5401 841 5477 idem
870 5401 992 5477 cod.
1027 5400 1172 5467 Vat.,
1197 5399 1389 5477 creare,
1422 5399 1557 5477 quoii
1577 5422 1678 5459 non
1707 5414 1836 5459 erat.

638 5481 663 5509 ε
698 5471 830 5548 Cod.
882 5469 1161 5548 ζίτιυνρέιηΣΡ
1226 5474 1370 5548 cujus
1428 5469 1555 5529 hutu
1607 5479 1835 5548 {omenta
1882 5474 2144 5548 imbrium.

561 5542 691 5597 Item
722 5542 841 5616 cod.
863 5541 1011 5616 _V_at.
1039 5558 1053 5608 ;
1087 5541 1398 5616 _Novarien.
1448 5562 1578 5600 vero
1607 5541 1745 5601 'cod.
1790 5547 1952 5614 legit,
2000 5547 2147 5616 cujus

561 5623 687 5667 nutu
738 5612 1022 5687 salubrium
1070 5614 1296 5687 fomento
1350 5616 1591 5687 imbrium
1628 5612 1863 5687 propter'
1891 5612 2148 5671 homin—em

562 5701 724 5755 aquas
778 5684 927 5739 vertit
977 5686 1030 5740 in
1072 5682 1287 5739 riuum?
1336 5682 1437 5749 Qui
1489 5697 1543 5739 ut
1580 5682 1836 5742 homiucm
1887 5688 2147 5756 conderet,

2249 4631 2421 4686 Mater
2468 4632 2614 4687 illum
2662 4635 2833 4703 magis
2860 4635 3192 4691 adorandum
3223 4637 3437 4706 ingerit,
3469 4637 3630 4693 Pater
3656 4640 3846 4695 colen-

2248 4723 2375 4803 dum
2396 4725 2644 4793 gentibus
2668 4724 2996 4781 manifestat.
3022 4725 3179 4781 Venit
3204 4728 3366 4797 igitur
3395 4729 3657 4785 Dominus
3684 4730 3848 4786 hodie

2251 4814 2316 4867 ad
2362 4814 2710 4884 baptismum,
2742 4825 2797 4871 et
2844 4833 3040 4887 corpus
3083 4833 3240 4874 suum
3285 4820 3451 4875 voluit
3499 4836 3640 4890 aqua
3688 4822 3846 4878 dilui.

2252 4904 2405 4959 Dicet
2449 4905 2678 4962 fortasse
2706 4908 2937 4977 aliquis:
2965 4909 3020 4964 Si
3050 4919 3270 4967 sanctus
3311 4920 3429 4981 est,
3476 4927 3647 4982 quare
3673 4914 3848 4968 voluit

2253 4998 2551 5069 baptizari?
2582 5000 2719 5055 Audi
2746 5015 2913 5070 ergo:
2948 5002 3070 5059 ideo
3111 5003 3418 5075 baptizatur
3457 5004 3706 5062 Christus
3733 5022 3847 5064 non

2249 5206 2441 5272 terram
2465 5203 2877 5272 transformat'it,
2915 5212 3021 5258 etc.

2328 5266 2347 5348 ξ
2388 5269 2533 5348 idem
2563 5266 2683 5348 cod.
2706 5266 3078 5348 jfaurentqgin
3108 5274 3497 5348 maribibituris
3544 5281 3769 5348 populis.

2324 5347 2350 5418 β
2380 5338 2532 5418 idem
2559 5341 2681 5418 cod.
2705 5342 3070 5418 _Vat.,coucit_(_t
3093 5347 3349 5418 consilirit
3369 5365 3397 5402 e
3418 5338 3586 5418 petra.

2260 5454 2263 5455 ν
2321 5406 2348 5444 h
2378 5409 2522 5463 Idem
2547 5412 2669 5493 cod.
2703 5406 2983 5481 Laurent.,
3014 5413 3085 5468 Et
3104 5414 3173 5469 ibi
3196 5406 3438 5486 quoniam
3477 5436 3569 5491 per
3607 5419 3845 5493 Moysen:

2250 5494 2395 5550 aqua
2409 5482 2641 5549 procedit
2666 5500 2693 5536 e
2721 5499 2871 5537 saxo.

2331 5547 2344 5625 ξ
2379 5547 2528 5625 idem
2558 5552 2679 5625 cod.
2706 5554 2862 5625 Vat.,
2887 5554 3117 5625 gentibus
3148 5556 3447 5613 det-(aravit.

2327 5619 2341 5669 i
2379 5620 2670 5747 illlemtcod.
2704 5619 2907 5695 Vatic.,'
2931 5626 3101 5681 sobrio
3124 5628 3213 5682 illo
3243 5629 3359 5684 vino
3383 5629 3634 5697 mirabili,
3657 5635 3845 5703 poculo

2327 5707 2401 5746 ‘cu
2426 5709 2464 5747 ι.
2486 5708 2516 5747 c
2543 5709 2592 5747 c.

2249 5707 2464 5759 percuti,
2486 5707 2592 5749 CIC.
