4042 6192
175 324 257 378 295

1516 315 1787 373 NOMINA
1826 319 2031 375 XXXII.

3328 333 3433 391 φθι

179 458 223 496 ιιι
244 434 589 493 sanctiﬁcetur
610 435 678 490 ab
699 435 874 505 aquis,
902 433 996 489 sed
1019 443 1076 488 ut
1096 448 1264 503 aquas
1286 435 1399 504 ipse
1421 438 1740 507 sanctiticct,
1772 447 1819 504 Α
1850 438 2095 492 homines
2118 437 2289 493 nubes
2310 441 2609 510 operiebat,
2633 441 2772 497 unda
2804 443 3072 513 portabat.
3108 442 3233 500 Hmc
3254 455 3436 503 autem

178 527 593 599 etpuriﬁeatione
637 528 721 582 sui
752 527 947 581 ﬂuenta
986 526 1235 596 puritlcet
1263 527 1351 580 illa
1376 543 1494 598 qua:
1536 529 1724 596 tangit.

177 618 483 676 Cousecratio
522 619 670 674 enim
699 617 898 672 Christi
927 617 1264 672 consecratio
1293 625 1377 671 est
1411 618 1587 687 major
1614 619 1729 673 ele-

178 711 333 767 menti.
374 709 504 764 Nam
531 725 657 765 cum
687 708 936 764 Salvator
962 716 1149 764 noster
1179 709 1433 776 abluitur,
1459 709 1574 778 jam
1604 718 1731 765 tunc

180 806 219 857 in
240 802 387 857 nostri
415 802 681 871 baptisma
710 808 825 855 tota
854 816 991 871 aqua
1015 803 1323 868 mundatur,
1347 808 1401 856 et
1419 801 1733 871 puriﬁcatur

181 896 291 959 fons,
318 900 370 946 ut
395 892 658 946 secuturis
688 892 1032 961 postmodum
1060 892 1275 961 pupulis
1322 892 1519 946 lavacri
1558 878 1747 960 gratia

181 985 485 1039 ministretur.
518 981 783 1037 Priecedit
821 996 951 1050 ergo
982 998 1078 1053 per
1104 984 1427 1054 baptismum
1447 1026 1463 1052 ,
1491 991 1552 1037 ut
1578 982 1736 1038 Chri-

182 1075 309 1129 stiani
338 1084 450 1143 post
476 1090 602 1129 eum
630 1074 966 1131 conﬁdenter
984 1077 1167 1146 populi
1194 1078 1609 1146 subsequantur.
1643 1076 1737 1129 At-

187 1179 270 1232 que
296 1164 358 1217 ita
385 1164 634 1218 columna
678 1164 816 1231 ignis
845 1179 941 1233 per
980 1181 1128 1220 mare
1159 1165 1400 1219 Rubrum
1440 1166 1733 1235 praecessit,

182 1257 265 1327 91
305 1262 355 1307 ut
406 1254 547 1323 quod
595 1256 934 1311 monstrabat
982 1257 1084 1310 iter
1123 1258 1214 1311 lilii
1259 1256 1423 1312 Israel
1470 1258 1736 1327 intrepide

183 1354 521 1415 sequerentur;
566 1354 624 1401 et
664 1348 777 1417 ipsa
807 1347 955 1417 prius
984 1362 1081 1416 per
1108 1362 1278 1417 aquas
1307 1362 1489 1416 gressa
1518 1356 1634 1415 est,
1675 1354 1735 1403 ut

184 1444 274 1506 post
300 1451 353 1493 se
379 1437 718 1491 venientibus
737 1436 915 1492 viandi
938 1437 1187 1491 semitam
1210 1444 1556 1506 praepararet.
1579 1435 1735 1503 Quod

185 1526 379 1595 quidem,
399 1527 474 1580 uti
504 1526 799 1597 Apostolus
820 1526 873 1595 (1
896 1527 1014 1581 Cur.
1043 1526 1097 1596 χ)
1131 1528 1225 1593 ait,
1258 1528 1507 1598 baptismi
1539 1536 1740 1598 myste-

185 1616 290 1671 rium
308 1615 415 1671 fuit.
437 1615 506 1671 Et
530 1618 865 1688 baptismum
894 1617 1054 1688 plane
1076 1618 1473 1687 quodammodo
1502 1625 1625 1673 erat
1651 1617 1741 1671 ubi

1838 530 2019 585 omnia
2049 540 2303 601 operatus
2349 541 2433 587 est
2459 531 2704 589 Christus
2749 535 3046 604 Dominus,
3090 536 3233 591 idem
3261 538 3352 606 qui
3382 546 3441 592 et

1838 621 2002 675 modo
2033 640 2045 674 :
2078 622 2169 692 qui
2199 622 2341 678 sicut
2371 632 2497 679 tunc
2526 641 2624 695 per
2651 641 2802 681 mare
2832 626 3078 682 Rubrum
3106 625 3246 682 ﬁlius
3270 627 3439 682 Israel

1837 715 1891 769 in
1920 711 2056 779 ignis
2083 712 2330 766 columna
2362 716 2636 783 praecessit
2660 715 2856 785 (Exod.
2887 719 3032 790 xm);
3065 718 3137 773 ita
3168 735 3312 775 nunc
3334 736 3433 790 per

1836 801 2162 869 baptismum
2192 801 2529 858 Christianos
2571 807 2801 876 populos
2849 808 2904 861 in
2943 810 3188 879 corporis
3216 810 3301 865 sui
3327 812 3437 883 92

1838 891 2087 946 columna
2134 894 2408 962 praecedit.
2461 894 2615 965 Ipse,
2646 897 2900 967 inquam,
2940 899 3030 955 illa
3059 908 3145 956 est
3187 902 3440 957 columna

1839 994 1960 1048 qua:
1990 988 2118 1036 tunc
2161 985 2504 1051 sequentium
2553 987 2723 1041 oculis
2770 988 2944 1043 lucem
2972 991 3244 1059 praestitit,
3275 992 3439 1047 modo

1839 1088 1971 1128 vero
2012 1073 2193 1129 lumen
2241 1076 2575 1131 credentium
2622 1080 2792 1134 oculis
2838 1082 3179 1150 suppeditat;
3212 1090 3341 1139 tunc
3385 1084 3438 1138 in

1840 1162 2055 1218 ﬂuentis
2077 1164 2340 1220 undarum
2361 1167 2608 1221 semitam
2638 1170 2910 1237 solidavit,
2934 1187 3077 1227 nunc
3107 1172 3159 1226 in
3188 1173 3437 1243 baptismi

1841 1253 2056 1308 lavacro
2089 1253 2209 1309 lidei
2260 1266 2455 1310 nostra:
2481 1258 2710 1325 vestigia
2739 1260 3060 1315 corroborat
3102 1278 3114 1312 :
3155 1276 3253 1330 per
3280 1277 3440 1330 quam

1838 1347 1995 1401 ﬁdem
2050 1349 2143 1417 qui
2207 1348 2503 1417 intrepidus
2570 1351 2965 1418 ambulaverit,
3032 1361 3440 1421 persecutorem

1843 1437 2155 1508 IEgyptium
2184 1453 2293 1492 non
2321 1439 2553 1507 timebit,
2574 1448 2737 1509 atque
2759 1441 2829 1495 ad
2850 1442 3091 1497 cmlestia
3114 1456 3283 1511 regna
3314 1458 3440 1512 per-

1844 1529 2046 1596 veniet,
2076 1528 2120 1582 si
2154 1526 2346 1596 ﬁdem,
2376 1544 2539 1598 quam
2571 1538 2748 1599 tenet,
2776 1530 2935 1586 bonis
2963 1532 3220 1601 Operibus
3245 1531 3440 1588 conﬁr-

1848 1617 2036 1671 mabit.
2062 1617 2310 1688 Explicit.

1455 1729 1811 1791 HOMILIA
1867 1730 2114 1791 XXXI.

1412 1829 1492 1884 De
1521 1830 1789 1901 Baptismu
1820 1829 2012 1884 Christi
2044 1830 2161 1885 III.

1594 1917 1992 1974 ADMONITIO.

238 2007 436 2090 ngede
462 2008 744 2090 superiore
772 2008 992 2090 humilia
1022 2008 1256 2090 Maximo
1286 2009 1602 2090 ascribenda
1630 2010 2129 2090 animadvertimus,
2167 2010 2366 2090 eadem
2416 2011 2469 2065 in
2506 2011 2647 2090 hanc
2676 2014 2806 2069 satis
2849 2016 3220 2090 aptecadunt.
3254 2019 3438 2090 Itaque

187 2094 270 2133 non
290 2079 463 2133 dubito
512 2080 643 2148 quin
695 2079 854 2148 hujus
900 2080 1061 2133 etiam
1114 2088 1306 2133 auctor
1354 2080 1497 2134 idem
1540 2081 1702 2134 fuerit
1746 2081 1971 2148 antistes
2018 2079 2452 2135 Taurinensium.
2504 2079 2655 2137 Hanc
2705 2100 2805 2139 nus
2834 2079 3167 2142 eeodieibus
3207 2079 3437 2146 abbaiia:

186 2148 332 2230 Sancti
358 2147 603 2230 Dalmatii
631 2147 874 2230 duobus,
906 2157 1067 2230 atque
1097 2149 1885 2230 exn'l‘aurinensi“accepimus.
1924 2147 2161 2230 βίω-(λιιι)
2206 2149 2391 2205 Sancti
2418 2151 2704 2230 .Dalmatii.
2737 2168 2877 2230 eam
2902 2156 3217 2230 inscriptam
3267 2160 3435 2214 refert

185 2218 265 2289 huc
288 2219 433 2272 modo
465 2237 477 2271 :
512 2218 646 2273 Item
675 2227 724 2273 et
752 2220 815 2272 de
842 2220 1098 2289 baptismo
1152 2218 1345 2274 Christi
1372 2220 1589 2274 humilia
1620 2219 1740 2275 III.
1781 2219 2131 2274 Taurinensis
2173 2236 2303 2275 vero
2345 2238 2357 2273 :

186 2286 344 2343 Christi
366 2289 576 2344 humilia
603 2289 655 2343 X
658 2289 709 2342 Χ
711 2289 762 2342 Χ
769 2330 784 2344 .

2407 2218 2541 2274 Item
2579 2229 2629 2274 et
2669 2222 2734 2275 de
2775 2218 3085 2295 Epiphania
3104 2236 3153 2280 et
3180 2228 3432 2297 baptismo

186 2401 533 2459 Anuunssruu.
556 2404 880 2458 ——Juunnes
914 2403 1147 2474 Baptista
1179 2405 1242 2458 de
1286 2401 1492 2459 Christo
1518 2402 1588 2456 ad
1613 2420 1729 2457 eum
1765 2408 1805 2468 Β
1835 2401 1927 2471 qui
1956 2417 2055 2455 rex
2084 2416 2143 2457 es
2174 2409 2230 2456 et
2257 2401 2507 2457 dominus
2546 2403 2941 2460 dominantium
2987 2408 3053 2462 ad
3106 2417 3253 2464 tuum
3282 2413 3435 2468 venis

236 2474 511 2536 accedente,
552 2482 611 2527 ut
639 2473 1010 2542 baptizaretur,
1041 2475 1293 2543 prardicat
1324 2476 1484 2528 turbis
1504 2514 1517 2535 ,
1536 2542 1539 2543 ν
1560 2475 1733 2543 ipsum

236 2560 333 2616 esse
347 2542 1058 2616 justiﬁcatiunisaucturem;
1089 2560 1202 2598 cum
1224 2546 1293 2597 sit
1312 2545 1490 2616 Agnus
1519 2542 1642 2609 Dei,
1669 2544 1739 2598 ad

236 2615 319 2666 huc
344 2616 546 2678 missus,
578 2625 634 2667 ut
664 2614 813 2669 tollat
838 2623 1049 2685 peccata
1077 2616 1276 2668 mundi.

236 2707 356 2758 Ante
380 2706 492 2759 dies
518 2706 756 2774 aliquot,
788 2704 1010 2773 fratres,
1038 2706 1310 2775 prosecuti
1338 2720 1522 2760 sumus
1551 2705 1733 2761 Domi-

185 2804 540 2849 uuuinustrum
583 2794 765 2850 Iesum
804 2795 1075 2850 Christqu
1136 2812 1243 2849 non
1289 2795 1401 2864 jam
1450 2796 1529 2870 sui
1576 2812 1737 2851 causa

184 2882 473 2953 baptizatum
501 2901 646 2955 esse,
675 2887 771 2940 sed
817 2886 1021 2952 nostri;
1071 2902 1192 2941 cum
1241 2887 1383 2942 enim
1432 2887 1547 2956 ipse
1591 2887 1734 2941 nulla

184 2983 365 3042 pomata
391 2976 598 3032 fecerit.
632 2976 739 3032 Sed
769 2985 950 3031 tamen
982 2976 1103 3031 ideo
1146 2977 1212 3031 ad
1258 2975 1508 3033 Iordanis
1538 2975 1736 3032 ﬂuenta

182 3068 318 3133 venit,
359 3068 481 3124 ideo
527 3077 876 3139 peccatorum
907 3069 980 3122 illi
1014 3069 1203 3135 turbae,
1235 3083 1354 3139 quze
1397 3070 1465 3122 ad
1514 3067 1738 3123 Joannis

181 3158 408 3228 baptisma
434 3170 740 3217 accesserat
759 3204 773 3230 ,
804 3176 864 3216 se
896 3162 1220 3229 immiscuit,
1254 3172 1366 3216 tum
1396 3169 1456 3215 ut
1485 3161 1738 3216 Iordanis

180 3252 500 3310 sanctiﬁcaret
528 3268 716 3322 aquas,
742 3262 851 3308 tum
884 3263 942 3307 ut
969 3270 1068 3309 nos
1089 3254 1153 3308 ad
1181 3254 1434 3325 baptismi
1462 3255 1735 3309 lavacrum

180 3342 429 3412 invitaret,
458 3355 514 3400 et
544 3361 641 3400 vos
671 3346 939 3415 prtecipuc
980 3346 1431 3415 catechumenos,
1480 3346 1573 3416 qui
1619 3347 1736 3400 sine

180 3433 461 3504 baptismate
501 3437 739 3507 paradisi
787 3437 977 3506 gaudia
1024 3453 1134 3492 non
1181 3427 1405 3507 potestis
1451 3439 1732 3507 consequi.

180 3521 311 3593 quue
335 3528 493 3581 etiam
524 3526 754 3582 credidit
780 3527 1121 3581 beatissimus
1146 3527 1235 3581 ille
1269 3525 1470 3581 Christi
1495 3528 1737 3598 Baptista

180 3614 394 3675 Joannes.
444 3620 580 3674 Nam
619 3629 680 3674 ut
715 3621 988 3676 Christum
1027 3622 1092 3676 ad
1134 3638 1191 3677 se
1231 3623 1539 3678 venientem
1582 3624 1733 3692 vidit,

181 3723 280 3764 erce
307 3712 367 3765 ad
400 3713 544 3766 illam
574 3728 869 3767 conversus
896 3722 1242 3782 peccatorum
1280 3715 1514 3779 turbam,
1545 3716 1638 3783 qui
1669 3714 1734 3768 ad

1841 2493 2247 2548 famuluut?.Tu
2276 2495 2365 2564 qui
2395 2503 2615 2550 sanctus
2654 2511 2715 2551 es
2741 2497 2809 2550 ad
2839 2506 3180 2566 peccaturum
3213 2502 3435 2557 descen-

1838 2585 1920 2639 dis
1939 2626 1956 2653 ,
1983 2593 2042 2638 ut
2070 2585 2138 2639 ab
2168 2585 2285 2653 ipso
2314 2584 2646 2655 baptizeris?
2677 2596 2700 2624 ι
2732 2586 2800 2641 Et
2831 2591 2965 2642 tanti
2998 2588 3158 2645 ofﬁcii
3197 2593 3436 2649 ministe-

1838 2676 1979 2731 rium
2026 2674 2239 2731 Christu
2288 2677 2404 2747 ipse
2451 2679 2828 2747 recusavisset,
2860 2680 2963 2734 nisi
3009 2681 3124 2751 ipse
3172 2682 3250 2738 illi
3282 2685 3333 2738 id
3382 2696 3436 2740 ut

1842 2774 2121 2837 przestaret
2144 2767 2410 2836 jussisset.
2444 2767 2572 2823 Siue
2601 2769 2753 2823 modo
2772 2811 2786 2835 ,
2814 2771 2986 2839 inquit
3013 2787 3196 2827 sermo
3224 2774 3435 2831 divinus

1839 2860 1930 2929 qui
1960 2867 2087 2914 ante
2118 2859 2289 2914 lectus
2317 2867 2428 2925 est;
2456 2861 2530 2913 sic
2550 2862 2687 2914 enim
2708 2862 2853 2915 decet
2873 2879 2966 2916 nus
2988 2864 3202 2934 implere
3231 2882 3434 2920 omnem

1831 2954 2113 3024 justitiam.
2147 2952 2260 3024 Ego
2289 2970 2320 3006 a
2352 2962 2400 3007 te
2427 2952 2583 3008 debeo
2614 2952 2872 3019 baptizari
2895 2953 3108 3027 (Matth.
3132 2959 3212 3028 ιι).
3248 2957 3434 3027 Bapti-

1838 3053 1990 3098 zatur
2011 3058 2141 3113 ergo
2162 3059 2192 3097 a
2213 3043 2423 3099 Joanne
2441 3042 2616 3108 Jesus,
2643 3059 2748 3098 non
2771 3045 2986 3114 quidem
3008 3046 3128 3113 sibi,
3147 3047 3239 3102 sed
3258 3049 3434 3103 nobis.

1838 3138 2148 3208 Baptizatur
2168 3153 2196 3190 a
2220 3146 2465 3192 creatura
2501 3136 2662 3202 Deus,
2689 3153 2716 3190 a
2747 3153 2904 3193 servo
2933 3139 3205 3209 dominus,
3235 3149 3294 3194 ut
3324 3142 3436 3211 ipse

1837 3229 2086 3298 impleret
2107 3243 2321 3282 omnem
2331 3227 2617 3295 justitiam.
2638 3227 2695 3282 Si
2726 3228 2885 3297 igitur
2902 3230 3012 3298 ille,
3033 3231 3124 3299 qui
3155 3243 3432 3300 peccatum

1840 3336 1947 3375 non
1977 3320 2123 3387 fecit,
2154 3320 2457 3388 baptizatus
2485 3328 2600 3387 est,
2632 3336 2800 3389 quare
2829 3322 2885 3375 e't
2918 3337 3037 3389 nos,
3065 3323 3154 3391 qui
3182 3333 3433 3392 peccato-

1836 3428 1925 3467 res
1953 3426 2154 3476 SlllllllS,
2186 3411 2450 3480 baptizari
2483 3426 2590 3464 non
2627 3412 2921 3466 debemus?
2948 3412 3005 3465 Si
3035 3412 3312 3481 Christus,
3344 3415 3436 3485 qui

1838 3504 1953 3575 ipsa
2001 3510 2117 3558 erat
2160 3502 2411 3569 castitas,
2460 3502 2751 3569 sobrietas,
2801 3502 3128 3570 innocentia,
3178 3505 3319 3559 servi
3355 3506 3436 3559 sui

1837 3597 2008 3651 voluit
2035 3595 2165 3663 tingi
2190 3595 2539 3664 baptismate,
2562 3608 2660 3647 cur
2680 3599 2733 3646 et
2760 3608 2882 3661 nos,
2910 3593 3105 3662 quibus
3134 3596 3437 3650 exuberans

1839 3696 1922 3742 est
1942 3686 2151 3741 sarcina
2172 3694 2543 3754 peccatorum,
2564 3697 2670 3736 non
2691 3683 3070 3757 mundabimur
3091 3683 3157 3737 ad
3177 3685 3436 3740 salutem?

183 3798 321 3866 ipsum
344 3811 629 3870 venerant,
660 3812 717 3856 ut
746 3773 1168 3873 baptiiarentur,
1200 3805 1334 3860 dixit
1359 3824 1371 3858 ;
1399 3773 1530 3859 Ecce
1557 3773 1733 3877 dgnus
1763 3789 1804 3845 (ἶ
1836 3777 2118 3877 Ὲίξθίδηξυδ
2160 3776 2321 3877 igiuu:
2363 3775 2507 3877 quo?
2551 3774 2670 3877 ips?
2723 3775 3065 3877 νθηθῗψῃίξ
3327 3777 3434 3877 δῖ

183 3889 258 3946 Dei
270 3910 406 3948 :ecce
423 3897 508 3964 qui
531 3894 665 3947 tollit
685 3902 949 3961 peccatum
969 3897 1166 3950 mundi.
1186 3896 1326 3951 Ecce
1349 3912 1541 3966 nempe
1562 3898 1733 3964 illum,

181 3984 250 4051 qui
275 3995 544 4054 peceatum
590 4000 862 4054 nunquam
894 3985 1037 4040 fecit.
1064 3986 1202 4042 Ecce
1232 3987 1416 4054 Agnus
1459 3988 1574 4042 Dei.
1600 3987 1736 4042 Ecce

180 4072 248 4128 hic
273 4076 398 4129 tollit
423 4085 646 4146 peccata
676 4076 877 4130 mundi.
910 4076 990 4129 Ad
1021 4077 1167 4130 illum
1201 4077 1360 4143 igitur
1388 4079 1606 4132 currite.
1656 4078 1737 4130 Ab

182 4162 274 4230 ipso
298 4166 612 4235 baptismum
641 4168 915 4237 suscipite.
949 4166 1149 4223 Potens
1178 4177 1261 4222 est
1290 4169 1432 4223 enim
1465 4170 1578 4238 ipse
1607 4184 1737 4239 pec-

182 4264 277 4308 cata
305 4266 469 4311 vestra
501 4257 785 4311 mundare.
809 4256 890 4310 Ab
913 4257 1030 4326 ipso
1058 4266 1113 4312 et
1142 4271 1241 4325 ego
1264 4259 1423 4328 cupio
1453 4258 1733 4328 baptizari.

183 4346 326 4415 Atque
346 4348 393 4401 id
420 4364 609 4403 revera
634 4349 856 4419 optabat
874 4347 1136 4416 Joannes,
1160 4349 1300 4404 unde
1320 4348 1537 4404 Christo
1566 4350 1732 4403 dixit:

184 4434 275 4507 Ego
299 4458 327 4493 a
354 4449 399 4493 te
421 4440 578 4494 debeo
608 4439 886 4510 baptizari,
917 4450 965 4494 et
994 4449 1046 4494 tu
1075 4441 1215 4494 venis
1240 4440 1308 4493 ad
1340 4442 1460 4495 me?
1490 4439 1605 4495 Huc
1633 4448 1735 4508 est,

185 4536 228 4581 tu
250 4533 331 4600 qui
356 4532 491 4589 Deus
543 4548 603 4589 es
646 4533 715 4588 ad
765 4542 912 4589 tuam
955 4534 1238 4591 descendis
1282 4538 1627 4591 creaturam?
1657 4536 1738 4589 Tu

1837 3872 2001 3941 ptista
2033 3871 2085 3924 in
2116 3885 2174 3924 se
2204 3869 2318 3923 ﬁeri
2344 3868 2586 3937 optabat,
2614 3874 2668 3920 et
2698 3882 2805 3921 non
2838 3867 3091 3921 obtinuit.
3122 3866 3218 3923 Ille
3238 3868 3438 3925 Christi

1838 3962 2103 4033 baptisma
2134 3961 2404 4030 cupiebat,
2456 3959 2546 4014 ille
2575 3958 2643 4013 ab
2680 3959 2797 4029 ipso
2824 3958 3089 4030 baptizari
3116 3960 3354 4031 volebat,
3383 3970 3439 4017 et

1839 4063 2022 4109 tamen
2052 4053 2103 4107 id
2132 4053 2382 4107 obtinere
2410 4067 2519 4106 non
2550 4052 2762 4106 meruit.
2804 4052 2970 4108 Nobis
2991 4062 3187 4124 sponte
3216 4054 3440 4110 olIertur

1839 4146 2141 4214 baptisma;
2172 4144 2510 4213 haptizemur
2536 4143 2729 4211 igitur;
2764 4160 2889 4198 nam
2921 4145 3038 4214 ipse
3061 4147 3222 4200 etiam
3253 4146 3441 4202 Salva-

1840 4244 1929 4292 tor
1960 4244 2157 4300 noster,
2185 4242 2241 4288 ut
2271 4235 2452 4287 omnia
2483 4234 2616 4302 legis
2644 4234 2919 4304 mandata,
2941 4252 3102 4306 quam
3134 4238 3250 4307 ipse
3278 4238 3441 4294 dede-

1841 4338 1956 4397 rat,
1986 4328 2324 4397 adimpleret,
2355 4326 2527 4380 voluit
2569 4325 2862 4395 baptizari;
2914 4328 3056 4383 sicut
3102 4329 3229 4383 alibi
3276 4330 3438 4384 etiam

1843 4423 1957 4493 ipse
1997 4422 2169 4475 dixit:
2200 4418 2323 4473 Non
2371 4421 2487 4472 πνειιὶ
2535 4419 2701 4492 legent
2747 4420 2971 4486 solvere,
3018 4421 3109 4475 sed
3156 4422 3439 4492 adimplere

1844 4514 2057 4585 (Matth.
2085 4515 2161 4582 v).
2185 4512 2436 4583 Explicit.

1454 4627 1803 4689 HOMILIA
1865 4626 2139 4687 XXXII.

1427 4730 1506 4783 De
1534 4729 1802 4800 Baptismu
1829 4728 2018 4782 Christi
2053 4727 2158 4782 IV.

1592 4822 1985 4878 ADMONITIO.

236 4913 334 4984 93
371 4914 611 4971 Humilia:
641 4916 797 4983 hujus
820 4916 1032 4971 nonnisi
1058 4931 1183 4986 pars
1212 4916 1325 4972 haec
1350 4916 1541 4984 exigua
1564 4930 1595 4970 e
1622 4915 1896 4971 codicibus
1921 4914 2105 4968 Sancti
2126 4913 2387 4986 Dalmatii
2410 4921 2464 4986 et
2486 4913 2804 4986 Taurinensi
2839 4899 3065 4986 describi
3086 4911 3279 4986 potuit.
3306 4914 3438 4973 Nam

184 4983 340 5055 partes
362 4988 573 5055 τριίειιιιο
614 4988 950 5052 exciderunt,
975 4983 1157 5042 nescio
1179 4986 1331 5055 cujus
1358 4983 1592 5041 hominis
1612 4987 1788 5054 culpa,
1822 4986 1913 5055 qui
1944 5002 2010 5039 ex
2040 4984 2314 5055 codicibus
2344 4985 2531 5038 iisdem
2555 4985 2680 5040 folia
2711 4987 2818 5039 duo
2847 4984 3099 5055 detraxit.
3134 4983 3191 5037 In
3237 4985 3440 5055 Dalm-

184 5053 628 5129 tiauo__inser_ib_itur
653 5076 664 5110 :
703 5056 835 5113 Item
862 5067 913 5112 et
937 5058 1000 5112 de
1025 5053 1279 5129 baptisma
1310 5057 1524 5112 humilia
1556 5055 1657 5120 IX,
1680 5057 1733 5111 in
1764 5053 2082 5111 Taurineusi
2103 5073 2115 5108 :
2140 5053 2273 5109 Item
2293 5064 2342 5109 et
2362 5054 2543 5109 eadem
2566 5055 2780 5127 Epiph.,
2814 5064 2860 5108 et
2883 5054 2945 5108 de
2966 5053 3222 5126 baptismo
3244 5054 3440 5112 Christi

182 5121 370 5178 humilia
391 5126 472 5180 XI
486 5127 551 5181 V.

183 5212 538 5291 Anguussruu.
566 5253 640 5263 --
668 5219 751 5273 Ea:
793 5221 931 5274 hisce
956 5220 1135 5291 paucis
1170 5219 1474 5290 intelligitur
1510 5228 1745 5273 sanctum
1776 5224 1824 5283 ι)
1852 5219 2024 5274 virtus
2052 5233 2118 5273 ex
2151 5219 2383 5275 lectione
2429 5234 2590 5289 quam
2639 5219 2802 5274 modo
2837 5218 3139 5277 audivimus
3169 5222 3442 5278 evidenter

238 5285 507 5361 diua-imum
535 5293 633 5344 hac
659 5294 717 5344 in
737 5285 1035 5345 humilia'de
1055 5285 1477 5361 manifestutiune
1497 5290 1743 5344 divinita-

235 5357 297 5431 tis
318 5358 498 5431 Christi
543 5363 598 5415 in
646 5364 874 5415 convivio
916 5361 1074 5416 Cana:
1124 5357 1387 5425 Catilinae,
1420 5361 1583 5431 deque
1629 5361 1740 5431 ejus

237 5424 528 5496 baptismate
555 5434 740 5502 egisse.

237 5583 519 5643 Salvatoris
552 5588 763 5644 Domini
803 5589 972 5644 nostri
998 5587 1127 5644 Jesu
1164 5587 1365 5645 Christi
1401 5587 1745 5658 omnipotens

1843 5310 2132 5380 colligitur.
2157 5310 2409 5376 Quamvis
2428 5310 2569 5364 enim
2620 5311 3015 5381 umnipotentia
3061 5312 3231 5378 illius,
3255 5329 3359 5382 qua
3389 5314 3442 5369 in

1842 5403 2112 5473 principio
2138 5418 2315 5457 rerum
2337 5417 2440 5455 una
2469 5417 2592 5456 cum
2624 5400 2785 5458 Patre
2809 5412 2863 5459 et
2884 5404 3085 5475 Spiritu
3112 5415 3303 5461 sancto
3329 5422 3413 5461 cu:
3430 5439 3444 5448 ο

1845 5495 1954 5550 lum
1985 5510 2052 5550 ex
2083 5494 2252 5548 nihilo
2281 5493 2483 5548 creavit
2528 5501 2585 5548 et
2625 5502 2845 5560 terram,
2879 5497 3048 5551 latere
3089 5496 3361 5551 videretur
3390 5497 3442 5551 in

1845 5589 2086 5656 homine,
2123 5602 2285 5659 quem
2313 5601 2413 5657 pro
2440 5594 2624 5643 nostra
2663 5597 3026 5660 assumpserat
3056 5588 3168 5661 94
3194 5588 3440 5658 redemp-
3482 5657 3486 5662 _

235 5742 261 5771 ⁸
288 5733 411 5792 Cod.
436 5737 680 5810 Taurin.,
708 5740 773 5796 Et
794 5743 963 5798 sancti
990 5743 1142 5809 ulﬁcii
1163 5744 1503 5798 ministerium
1534 5741 1868 5797 recusarisset
1900 5738 2161 5807 Joannes,
2195 5739 2298 5794 nisi
2336 5738 2447 5812 ipse
2468 5738 2573 5807 illi,
2602 5741 2658 5796 id
2684 5749 2739 5797 ut
2765 5749 3066 5813 praestaret,
3090 5739 3433 5812 jubcbut,ctc.
