4042 6192
523 243 626 297 295

1728 241 1785 296 S.
1827 237 2071 295 MAXIMI
2111 236 2560 293 TAURINENSIS

3685 236 3801 292 296

523 355 688 413 tione,
721 349 831 403 suis
859 356 940 404 est
968 347 1243 404 evidenter
1269 347 1542 416 discipulis
1588 348 1945 402 manifestata.
1975 345 2106 398 Nam
2138 349 2180 407 Α
2210 359 2315 411 que
2363 359 2530 411 aquas
2566 343 2833 398 convertit
2864 343 2915 397 in
2961 344 3164 398 vinum.
3195 343 3418 415 (Desunt
3455 345 3510 398 in
3546 346 3805 414 originali

521 456 641 495 cum
696 439 992 509 adnuptias
1048 440 1244 494 veteris
1300 439 1527 492 instituti
1575 439 1809 492 venisset
1859 437 1911 490 in
1959 436 2106 489 Cana

521 530 770 595 Calilzmze,
797 539 852 586 et
879 531 1168 599 derepente
1196 529 1606 584 convivantibus
1625 527 1880 583 defuisset
1902 526 2108 587 vinum,

524 619 656 688 ipse,
715 621 807 690 qui
860 620 1058 690 nuptiis
1101 620 1205 675 illis
1251 635 1360 674 non
1408 627 1525 674 erat
1546 619 1862 686 dedignatus
1900 615 2110 680 adesse,

522 712 735 781 nuptias
759 725 973 782 quoque
995 711 1114 766 illas
1141 709 1404 766 miraculo
1430 708 1598 765 voluit
1635 706 2009 778 comprobare,
2031 713 2114 758 at-

2212 433 2312 486 duo
2335 434 2490 503 folia,
2515 433 2701 486 deinde
2728 434 2802 485 ita
2831 434 3152 486 concluditur
3171 435 3212 501 :)
3246 432 3314 487 Ut
3341 435 3408 488 ab
3435 435 3580 488 omni
3611 435 3804 487 mundi

2210 521 2370 590 hujus
2389 521 2794 590 inquinamento
2816 521 3023 574 liberati
3055 521 3124 576 ad
3160 523 3401 577 etnlestia
3422 537 3582 591 regna
3608 537 3805 591 perve-

2216 612 2331 666 nire
2359 613 2644 681 possimus,
2680 611 2797 681 ipso
2825 611 3132 680 adjuvante,
3172 614 3264 682 qui
3290 621 3480 682 regnat
3519 614 3571 668 in
3601 613 3806 667 szecula

2217 702 2557 756 saeculorum.
2589 700 2781 756 Amen.
2958 691 2963 695 ’

1795 810 2145 872 HOMILIA
2209 807 2522 869 XXXIII.

1802 913 1882 968 De
1914 913 2183 982 Baptismo
2213 909 2407 965 Christi
2444 911 2509 966 V.

1978 1001 2370 1058 ADMONI'I‘IO.

595 1106 673 1160 Ex
703 1105 975 1160 codicibus
997 1101 1315 1175 Taurinensi
1343 1108 1399 1154 et
1420 1098 1648 1154 abbatiae
1668 1097 1852 1152 Sancti
1879 1092 2136 1175 Dalmatii
2157 1101 2372 1175 constat
2387 1095 2701 1175 .hancitem
2737 1097 3520 1175 homiliam__asc_riptam_fuisse
3539 1096 3802 1175 Maximp.

527 1176 603 1230 Ac
631 1177 801 1242 stylus
827 1175 1041 1242 quidem
1063 1172 1560 1242 sententiarumque
1581 1175 1885 1242 contextus,
1905 1165 2466 1242 accentinuatiolejus
2495 1166 2658 1242 fuisse
2684 1175 2959 1242 auctorem
3002 1165 3290 1242 niaximum
3308 1167 3712 1242 demonstrant:
3746 1165 3806 1242 I_n

533 1231 860 1298 Taurinensi'
879 1243 1063 1297 codice
1092 1258 1154 1295 ea
1177 1249 1260 1295 est
1283 1239 1352 1292 29
1379 1231 1718 1292 humiliarum
1752 1253 1764 1286 :
1797 1235 1882 1305 De
1896 1231 2196 1302 Epiphania
2232 1239 2282 1284 et
2311 1231 2374 1286 de
2403 1234 2655 1305 baptismo
2681 1234 2874 1289 Christi
2900 1253 2912 1288 :
2946 1236 3000 1289 in
3021 1236 3202 1290 Sancti
3230 1236 3471 1289 Dalmatii
3501 1251 3630 1290 vero
3663 1235 3704 1288 V
3739 1234 3808 1288 de

528 1313 776 1384 baptismo
807 1311 1014 1365 Christi.
1045 1310 1092 1365 Is
1115 1311 1300 1363 titulus
1321 1309 1464 1363 visus
1488 1307 1642 1360 nobis
1668 1313 1749 1358 est
1779 1303 1972 1371 aptior.

529 1406 915 1460 Anconenrun.
946 1434 1017 1444 —
1037 1401 1443 1454 Commemorato
1488 1399 1708 1468 primum
1751 1396 1953 1468 triplici
1968 1393 2105 1468 _Epi—_

597 1475 806 1544 pltania:
855 1472 1119 1544 mysterio,
1162 1462 1575 1544 peculiarem'de
1621 1467 1874 1536 baptismo
1914 1462 2109 1544 Christi

597 1535 880 1596 sermonem
908 1535 1131 1593 instituit
1163 1535 1238 1591 'S.
1271 1536 1551 1602 Max-imus,
1586 1551 1874 1604 magnaque
1904 1535 2104 1604 gratia-

598 1628 709 1664 rum
757 1625 968 1662 munera
997 1607 1060 1661 ab
1090 1609 1200 1678 ipso
1240 1607 1601 1672 promanantia
1647 1605 1981 1658 disertissime
2021 1619 2112 1655 επ-

601 1681 802 1750 planet.

2209 1393 2392 1450 Crevit
2421 1405 2623 1462 autem,
2656 1399 2782 1468 quia
2813 1398 2915 1453 hac
2940 1399 3027 1453 die
3066 1398 3227 1452 etiam
3257 1397 3506 1452 salutaris
3545 1398 3746 1454 lavacri
3771 1413 3806 1456 a

2209 1486 2422 1543 Christo
2447 1491 2672 1544 Domino
2703 1491 3000 1545 institutum
3047 1496 3129 1544 est
3167 1498 3581 1544 sacramentum.
3628 1489 3808 1548 Hodie

2213 1580 2375 1643 enim,
2403 1586 2460 1633 ut
2501 1580 2840 1648 antiquorum
2870 1596 2972 1635 nos
3019 1581 3180 1636 docet
3223 1580 3528 1636 veneranda
3557 1582 3805 1647 traditio,

2215 1669 2282 1723 ad
2311 1669 2559 1724 Iordanis
2586 1669 2784 1725 ﬂuenta
2833 1670 3082 1725 Salvator
3123 1679 3309 1725 noster
3353 1673 3597 1725 accessit.
3632 1671 3810 1728 Iledie

601 1769 776 1824 Credo
802 1807 817 1830 ,
875 1766 1099 1830 fratres,
1155 1765 1486 1820 intellexisse
1536 1778 1634 1818 vos
1679 1763 2114 1832 prtcdicationem
2149 1797 2192 1856 Β
2218 1761 2310 1829 qui
2358 1769 2476 1815 erat
2503 1761 2619 1815 sine
2655 1769 2904 1829 peccato,
2937 1762 3075 1816 inter
3109 1770 3453 1831 peccatorum
3500 1765 3718 1828 turbas,
3753 1773 3812 1818 ut

533 1875 709 1914 meam
757 1859 809 1912 in
832 1857 918 1911 die
941 1864 1129 1911 sancta
1155 1853 1483 1924 Epiphaniae,
1515 1862 1570 1908 et
1597 1869 1694 1906 vos
1730 1852 1997 1922 praecipue
2025 1865 2112 1904 ca-

534 1950 906 2012 techumenos,
937 1947 992 2000 in
1014 1961 1119 2015 qua
1153 1945 1395 1999 dicebam
1423 1952 1550 1998 tunc
1571 1942 1840 1996 nonnullis
1868 1955 2118 1995 asseren-

534 2041 678 2094 tibus
711 2038 994 2092 Dominum
1025 2045 1266 2090 nostrum
1294 2034 1477 2090 Jesum
1505 2033 1776 2088 Christum
1801 2031 1954 2086 stella
1985 2031 2120 2085 duce

533 2128 872 2184 venientibus
908 2126 974 2179 ab
1003 2124 1223 2178 Oriente
1259 2124 1428 2191 magis
1466 2121 1629 2177 fuisse
1659 2121 1969 2183 adoratum;
2003 2119 2120 2174 aliis

535 2228 714 2273 autem
755 2216 1053 2272 dicentibus
1081 2231 1202 2269 eum
1231 2229 1398 2283 aquas
1427 2220 1556 2265 tunc
1584 2213 1635 2264 in
1676 2211 1800 2264 vina
1843 2218 2078 2263 mutasse
2103 2225 2116 2273 ;

536 2307 855 2377 quibusdam
876 2306 1091 2360 demum
1111 2302 1552 2358 conﬁrmantibus
1576 2301 1724 2355 illum
1753 2315 1817 2356 ea
1845 2300 1930 2353 die
1958 2299 2122 2352 fuisse

544 2400 600 2452 in
629 2397 864 2452 Jordane
906 2411 935 2448 a
962 2395 1167 2449 Joanne
1194 2395 1558 2463 baptizatum;
1591 2393 1644 2445 in
1677 2391 1924 2445 omnibus
1945 2399 2122 2443 tamen

544 2488 736 2541 Filium
766 2486 858 2540 Dei
898 2485 1064 2550 credi,
1099 2486 1150 2537 in
1192 2483 1440 2537 omnibus
1491 2496 1610 2535 esse
1654 2489 1892 2536 nostram
1940 2495 2120 2534 veram

541 2576 906 2632 lestivitatem.
948 2573 1063 2628 Etsi
1093 2579 1268 2627 autem
1299 2571 1367 2626 ab
1396 2571 1662 2640 aliquibus
1689 2578 1782 2624 aut
1814 2584 1999 2634 unum,
2032 2577 2123 2622 aut

541 2669 684 2725 aliud
714 2685 778 2724 ex
802 2669 885 2724 his
919 2667 1116 2722 factum
1147 2680 1267 2720 esse
1297 2664 1565 2732 credatur,
1595 2675 1694 2730 ego
1717 2669 1893 2715 tamen
1923 2675 1986 2714 ea
2007 2675 2123 2714 om-

546 2762 634 2814 nia
661 2760 903 2815 evenisse
931 2757 1092 2812 credo
1118 2771 1180 2809 ea
1207 2755 1312 2819 die,
1344 2763 1504 2822 atque
1531 2768 1694 2806 unum
1719 2752 1770 2806 in
1792 2751 1962 2806 altero
1989 2765 2123 2805 con-

545 2849 723 2904 tineri.
752 2847 997 2902 Christus
1019 2845 1163 2899 enim
1190 2843 1449 2908 Dominus
1474 2849 1681 2903 noster,
1721 2855 1841 2895 cum
1878 2846 2122 2892 naturam

525 2949 884 3010 ,rcparatttrus
905 2939 1195 2992 humanam
1227 2936 1279 2989 in
1305 2935 1446 2989 hunc
1472 2932 1726 2987 mundum
1751 2930 2005 2996 venisset,
2027 2929 2123 2982 Ju-

541 3033 704 3094 daeos,
751 3045 782 3084 e
825 3044 1054 3098 quorum
1105 3027 1310 3081 semine
1355 3023 1648 3080 secundum
1703 3036 1920 3077 carnem
1968 3028 2125 3074 natus

541 3132 674 3188 erat,
695 3122 841 3191 prius
861 3128 1008 3175 certe
1036 3118 1246 3174 vocavit
1275 3117 1340 3171 ad
1357 3117 1538 3171 vitam.
1563 3113 1669 3169 Sed
1691 3121 1870 3168 tamen
1889 3112 2124 3180 gentium

542 3214 818 3284 populum,
840 3218 999 3280 prout
1018 3209 1217 3280 plurics
1245 3206 1515 3263 sanctitati
1529 3213 1721 3261 vestra:
1743 3203 2121 3267 intimavimus,

545 3304 597 3357 in
627 3317 768 3357 eteca
797 3315 894 3356 sua
923 3299 1236 3355 infidelitate
1249 3315 1356 3353 non
1378 3297 1682 3366 dereliquit.
1716 3295 1849 3350 Nam
1877 3295 1970 3364 qui
1992 3309 2125 3349 cun-

545 3402 660 3448 ctos
685 3394 752 3447 ab
789 3403 990 3447 acterna
1020 3399 1194 3444 morte
1221 3405 1318 3444 sua
1347 3388 1716 3444 incarnatione
1760 3385 1994 3440 mirabili
2035 3383 2129 3440 de-

545 3485 826 3553 Ilendaque
854 3490 1028 3536 morte
1073 3482 1303 3537 liberare
1329 3483 1564 3547 volebat,
1596 3495 1786 3536 omnes
1809 3493 2023 3550 quoque
2060 3477 2128 3532 ad

545 3573 854 3628 venerabile
895 3570 1015 3626 ﬁdei
1055 3587 1164 3626 sua:
1218 3571 1398 3626 lumen
1439 3571 1704 3626 evocavit.
1737 3569 1928 3639 Angeli
1969 3569 2132 3636 igitur

548 3665 856 3736 pastoribus
899 3672 1082 3716 natum
1123 3663 1469 3718 manifestam
1516 3662 1960 3731 Redemptorem;
1993 3672 2131 3715 nova

547 3764 724 3809 tamen
751 3755 905 3807 stella
935 3754 999 3806 ad
1031 3754 1195 3822 ipsius
1223 3769 1374 3808 sacra
1398 3752 1699 3808 veneranda
1721 3753 1981 3805 cunabula
2002 3765 2132 3819 gen-

549 3853 633 3899 tes
676 3845 882 3896 invitat.
910 3844 1144 3897 Veniunt
1173 3851 1418 3912 pastores
1461 3843 1515 3896 in
1545 3843 1858 3896 Bethlehem
1883 3860 1896 3907 ;
1930 3850 1984 3896 et
2009 3857 2131 3896 cum

549 3936 861 3992 muneribus
890 3935 1027 4002 magi
1056 3935 1123 3988 ad
1176 3936 1340 4004 ipsius
1377 3934 1641 3989 cunabula
1697 3942 1935 3989 currunt.
1977 3934 2131 3988 Illum

550 4033 875 4079 venerantur
897 4034 1158 4094 pastores,
1185 4025 1412 4078 adorant
1429 4039 1644 4093 quoque
1665 4033 1720 4078 et
1749 4025 1904 4092 magi.
1938 4024 1994 4078 In
2015 4024 2133 4094 ejus

548 4117 832 4173 nativitate
856 4117 1073 4170 insanus
1101 4116 1281 4170 tremit
1300 4115 1562 4181 Herodes,
1595 4117 1825 4186 superba
1851 4117 2133 4187 Synagoga

552 4217 749 4282 pavet;
774 4209 1046 4279 gentilitas
1070 4224 1198 4264 vero
1229 4209 1488 4274 exsultat,
1523 4215 1575 4263 et
1615 4208 1812 4277 gaudet
1851 4223 2004 4262 suum
2034 4208 2134 4261 ali-

548 4300 768 4371 quando
790 4299 1070 4355 advenisse
1108 4299 1462 4355 Salvatorem.
1497 4297 1565 4352 Et
1593 4313 1782 4352 revera
1811 4296 2006 4351 Judreis
2038 4312 2134 4352 sua

550 4392 604 4447 in
638 4391 947 4445 inﬁdelitate
977 4389 1228 4452 dimissis,
1258 4405 1324 4444 ex
1345 4389 1592 4458 gentibus
1620 4389 1728 4458 95
1757 4387 1926 4442 crevit
1953 4386 2136 4442 Eccle-

2219 1852 2603 1921 baptizaretur,
2637 1851 2702 1904 ad
2730 1851 3020 1906 Jordanem
3074 1853 3317 1906 accessit.
3360 1851 3533 1907 Hodie
3585 1853 3812 1907 demum

2222 1941 2548 2011 Redemptor
2574 1951 2757 1996 noster
2785 1942 2837 1995 in
2866 1941 3100 1996 Jordane
3122 1943 3385 2010 baptizari
3404 1944 3591 2007 voluit,
3623 1959 3814 1997 suum-

2221 2049 2326 2102 que
2354 2033 2586 2087 vicissim
2623 2033 2957 2088 sanctilicare
2979 2032 3294 2102 Baptistam.
3320 2033 3628 2102 Baptizatur
3650 2035 3816 2102 igitur

2223 2125 2274 2179 in
2305 2123 2538 2179 Jordane
2588 2121 2850 2188 Christus,
2883 2131 2938 2178 et
2981 2122 3229 2177 Jordanis
3266 2137 3432 2191 aquas
3469 2138 3568 2177 suo
3596 2122 3704 2178 hac
3724 2124 3816 2178 die

2221 2215 2576 2270 sanctilicavit
2629 2215 2974 2284 baptismate.
3021 2212 3129 2274 Sed
3181 2213 3307 2282 quid
3363 2212 3484 2268 dico
3523 2212 3816 2268 Jordanis?

2224 2303 2539 2359 Universam
2568 2304 2708 2358 enim
2737 2318 2994 2372 aquarum
3040 2303 3412 2367 substantiam,
3445 2317 3563 2371 quac
3609 2303 3814 2372 ubique

2224 2403 2324 2460 est,
2355 2411 2453 2451 suo
2482 2393 2835 2450 sanetiticavit
2853 2394 3194 2463 baptismate.
3217 2392 3355 2449 Ecce
3382 2409 3510 2460 ergo
3535 2394 3814 2462 quomodo

2224 2483 2278 2539 in
2304 2487 2407 2540 hac
2434 2485 2766 2540 sanctissima
2787 2483 2874 2538 die
2902 2491 2957 2538 et
2979 2482 3217 2538 Ecclesia
3246 2499 3312 2538 ex
3340 2484 3586 2552 gentibus
3610 2483 3664 2536 in
3695 2497 3803 2536 ma-

2223 2592 2412 2645 gorum
2443 2577 2723 2631 vocatione
2753 2582 2837 2630 est
2864 2582 3189 2643 congregata
3214 2615 3229 2640 ,
3261 2582 3318 2628 et
3343 2573 3614 2643 quomodo
3649 2574 3812 2628 etiam

2225 2667 2276 2722 in
2305 2666 2504 2721 Christi
2529 2665 2854 2734 baptismate
2882 2672 2965 2719 est
2993 2663 3339 2733 spiritualiter
3360 2671 3568 2728 renata,
3599 2671 3658 2716 et
3685 2677 3816 2731 qum

2226 2758 2355 2812 tidie
2385 2757 2704 2811 renascitur.
2738 2754 2989 2821 Quotidie
3017 2755 3160 2809 enim
3190 2753 3256 2808 ad
3284 2752 3712 2822 regenerationis
3732 2752 3815 2806 vi-

2225 2858 2336 2903 tam
2359 2850 2474 2919 ipsa
2498 2848 2691 2903 transit
2718 2849 2828 2918 96
2853 2847 3112 2911 Ecclesia,
3155 2846 3367 2915 quoties
3394 2844 3460 2900 ad
3487 2844 3815 2912 baptismum

2231 2941 2648 2998 catechumenos
2686 2939 2895 3008 recipit.
2930 2937 3068 2992 Ante
3095 2937 3368 2991 lavacrum
3396 2936 3540 2990 enim
3570 2934 3816 2989 inﬁmus

2226 3040 2309 3087 est
2332 3032 2748 3087 catechumenus
2785 3031 2803 3063 ί
2828 3047 2841 3097 ;
2872 3037 3121 3099 suscepto
3163 3036 3341 3084 autem
3369 3027 3730 3097 baptismate,
3761 3033 3817 3080 et

2152 3159 2196 3221 Ο
2229 3125 2504 3180 Trinitatis
2533 3124 2759 3193 acquirit
2785 3123 3081 3189 notionem,
3111 3130 3166 3177 et
3196 3120 3253 3176 lit
3280 3131 3536 3177 constans
3562 3127 3724 3188 atque
3751 3118 3816 3170 li-

2229 3219 2382 3283 delis,
2401 3231 2502 3272 nec
2530 3216 2777 3288 amplius,
2811 3217 2885 3271 uti
2916 3231 3052 3284 aqua
3069 3230 3230 3284 quam
3259 3213 3516 3268 hodierna
3545 3212 3634 3267 die
3661 3211 3818 3267 Chri-

2229 3315 2343 3364 stus
2371 3307 2634 3364 Dominus
2657 3307 2912 3360 invitatus
2934 3306 3000 3360 ad
3030 3305 3243 3374 nuptias
3265 3302 3491 3357 mutavit
3525 3302 3578 3355 in
3609 3301 3814 3360 vinum,

2229 3400 2437 3470 pallens
2460 3406 2541 3452 est
2583 3397 2884 3466 nulliusque
2911 3395 3149 3465 saporis;
3183 3409 3305 3447 nam
3333 3399 3584 3461 suscepto
3611 3389 3819 3460 baptis-

2229 3497 2374 3544 mate
2405 3488 2574 3542 lidelis
2614 3486 2794 3541 evadit
2834 3494 2998 3554 atque
3035 3493 3269 3538 mutatur
3291 3484 3344 3537 in
3372 3483 3572 3537 vinum.
3603 3480 3661 3534 In
3689 3481 3818 3534 vino

2209 3568 2374 3635 'enim
2404 3578 2576 3632 sancti
2607 3576 2840 3647 Spiritus
2876 3573 3204 3643 signiﬁcatur
3232 3574 3432 3642 gratia,
3465 3578 3624 3641 prout
3653 3571 3818 3624 etiam

2231 3669 2346 3740 ipse
2374 3667 2623 3723 Salvator
2653 3673 2837 3721 noster
2886 3666 3148 3731 asseruit,
3208 3680 3328 3719 cum
3379 3663 3515 3718 dixit
3563 3662 3614 3715 in
3670 3670 3819 3715 utres

2231 3773 2403 3812 novos
2431 3759 2612 3811 vinum
2656 3771 2857 3811 novum
2903 3770 3024 3811 esse
3071 3754 3408 3811 condendnm
3457 3753 3679 3824 (Matth.
3711 3754 3816 3820 lx).

2234 3859 2259 3887 ⁸
2287 3848 2426 3903 Ecce
2465 3851 2628 3917 igitur
2654 3847 2926 3916 quomodo
2974 3847 3026 3900 in
3076 3847 3179 3901 hac
3215 3845 3574 3901 sacratissima
3605 3843 3693 3898 die
3719 3858 3820 3912 per

2230 3954 2384 3994 nova:
2403 3939 2571 3993 stellze
2590 3939 3016 3993 eoruscationem
3039 3937 3104 3991 ad
3123 3937 3276 3990 [idem
3297 3950 3556 3990 conversa
3578 3943 3660 3988 est
3681 3947 3817 4001 gen-

2233 4031 2415 4086 tilitas.
2447 4029 2774 4100 Redemptor
2803 4037 2986 4084 noster
3030 4036 3128 4098 pro
3156 4027 3361 4083 cunctis
3396 4026 3821 4095 regenerationis

2233 4121 2471 4176 salutare
2498 4120 2727 4175 instituit
2749 4119 3052 4184 lavacrum;
3081 4127 3136 4173 et
3162 4133 3327 4188 quare
3354 4119 3453 4171 hac
3493 4117 3682 4171 eadem
3729 4116 3821 4170 die

2235 4226 2492 4280 aquarum
2539 4211 2894 4265 substantiam
2941 4209 3212 4264 convertit
3241 4209 3292 4262 in
3345 4209 3543 4262 vinum.
3588 4207 3820 4261 Tantam

2235 4309 2414 4356 autem
2444 4301 2672 4369 gratiam
2700 4298 2942 4354 Christus
2974 4299 3234 4353 Dominus
3263 4307 3446 4353 noster
3472 4314 3572 4353 suo
3591 4299 3821 4353 contulit

2234 4392 2561 4462 baptismati,
2593 4399 2654 4446 ut
2682 4407 2789 4446 non
2819 4400 3027 4446 tantum
3057 4406 3212 4445 suum
3243 4388 3592 4445 sanctiﬁcarit
3636 4388 3822 4459 Bapti-

549 4482 646 4538 sia.
683 4480 815 4534 Nata
837 4480 1084 4550 equidem
1114 4481 1217 4535 hac
1235 4479 1320 4534 die
1349 4488 1430 4533 est
1454 4478 1691 4546 gentium
1721 4476 1978 4542 Ecclesia,
2010 4477 2132 4546 quia
2163 4517 2214 4576 Β
2237 4490 2396 4546 stam,
2429 4481 2522 4538 sed
2562 4489 2618 4536 et
2645 4479 2892 4536 Iordanis
2933 4479 3125 4535 ﬂuvius
3159 4479 3274 4550 ipse
3300 4493 3590 4534 conversus
3615 4479 3688 4534 sit
3734 4493 3821 4533 re.

545 4587 646 4643 per
691 4573 835 4628 illam
880 4572 1259 4627 lucidissimam
1288 4571 1500 4624 stellam
1534 4569 1702 4624 tribus
1732 4569 1833 4624 illis
1865 4569 1917 4622 in
1962 4571 2131 4638 magis

546 4664 616 4722 ad
661 4665 773 4720 veri
802 4664 1016 4720 luminis
1061 4663 1387 4732 agnitionem
1439 4670 1521 4716 cst
1570 4669 1793 4717 evocata
1839 4661 2129 4730 gentilitas.

2237 4580 2488 4628 trorsum.
2513 4571 2764 4642 Explicit.

1842 4751 2189 4814 HOMILIA
2243 4755 2548 4816 XXXIV.

1852 4853 1932 4907 De
1958 4853 2225 4924 Baptismo
2252 4854 2444 4910 Christi
2479 4855 2576 4910 VI.

2002 4944 2397 5000 ADMONITIO.

627 5039 856 5094 Maximo
878 5040 1132 5108 pnnclara
1155 5039 1271 5094 haec
1289 5036 1509 5092 bomilia
1532 5036 1770 5091 omnium
1802 5036 2071 5092 editorum
2101 5035 2460 5091 consensione
2498 5036 2730 5106 ascripta
2760 5044 2860 5092 est.
2895 5037 3210 5093 Consonant
3237 5037 3321 5091 his
3349 5035 3698 5104 manuscripti
3723 5051 3819 5091 co-

628 5159 654 5186 ει
692 5147 748 5200 In
778 5148 897 5200 cod.
924 5147 1141 5201 Taurin.
1171 5149 1365 5216 legitur
1384 5166 1396 5200 :
1414 5146 1556 5218 Ergo
1575 5148 1628 5200 in
1653 5148 1748 5200 hac
1776 5148 2132 5218 sacratissima

554 5221 642 5275 die
665 5234 755 5288 per
781 5233 923 5271 nova:
960 5218 1122 5288 stellae
1163 5217 1566 5288 eoruscationem
1613 5217 1681 5288 qd
1708 5217 1860 5288 ﬁdem
1891 5233 2135 5270 conversa

559 5300 630 5344 est
659 5285 920 5359 gentilitas
958 5286 1120 5359 tribus
1143 5286 1246 5338 illis
1289 5289 1343 5339 in
1389 5289 1576 5358 magis.
1602 5285 1931 5359 _Redempto_r
1962 5295 2137 5359 noster

559 5355 871 5430 pro'cunctis
899 5355 1126 5430 salvator
1167 5355 1852 5430 regenerationislauacrum
1892 5357 2132 5430 instituit,

560 5424 710 5498 atque
729 5441 976 5497 minarum
1003 5424 1342 5478 substantiam
1363 5426 1604 5481 convertit
1623 5427 1677 5480 in
1703 5426 1894 5479 viuum.
1919 5424 2138 5478 Tantam

633 5546 647 5572 ¹
689 5541 864 5606 Quare
890 5540 976 5592 hic
1003 5537 1106 5592 loci
1137 5542 1349 5591 sanctus
1376 5537 1639 5591 Maximus
1661 5537 1856 5592 dixerit
1875 5536 2130 5591 catechu-

557 5628 748 5667 menos
777 5611 993 5664 notions
1016 5606 1366 5663 sanctissimae
1394 5606 1665 5662 Trinitatis
1695 5622 1879 5663 carere
1907 5621 2132 5674 eamque

2235 5153 2406 5216 autem
2429 5147 2648 5216 gratiam
2671 5163 2764 5201 suo
2791 5148 3003 5201 contulit
3031 5147 3346 5216 baptismati,
3372 5155 3427 5197 ut
3452 5154 3504 5198 et
3527 5161 3677 5198 suum
3704 5163 3820 5216 srm-

2237 5215 2482 5283 ctiﬁcavit
2526 5215 2849 5288 Baptistam,
2890 5215 3184 5288 cunctisque
3232 5216 3361 5272 illud
3400 5215 3815 5288 suscipientibus,

2236 5294 2386 5355 atque
2414 5301 2474 5336 ea
2501 5283 2614 5355 qm
2659 5288 2770 5355 ipse
2817 5287 2977 5351 dedit,
3007 5283 3257 5340 mandata
3291 5283 3634 5346 servantibus,
3663 5286 3816 5338 citam

2231 5354 2798 5425 polliceturwternam.

2241 5535 2344 5590 illis
2374 5536 2508 5590 tradi
2553 5551 2674 5589 cum
2723 5536 2973 5606 baptizati
3019 5536 3251 5600 fuerint,
3289 5537 3340 5590 in
3370 5534 3717 5606 adnotatione
3749 5531 3817 5588 ad

2240 5606 2471 5674 primum
2501 5603 2881 5664 tractatum'de
2908 5606 3181 5676 Baptismo
3206 5607 3470 5662 rationem
3503 5603 3745 5660 reddam.
