4042 6192
176 354 263 407 ΞΠ

1525 346 1806 404 llOMlLlA
1844 344 2071 399 XXXIV.

3310 345 3411 400 9.98

175 466 303 518 dices
328 461 564 515 Vaticani
593 460 733 525 duo;
757 461 951 531 Belgici
981 461 1106 531 duo,
1154 459 1492 531 Martinensis
1517 468 1571 514 et
1599 459 2076 531 Camberonensis;
2105 456 2223 531 duo
2264 458 2426 511 etiam
2448 456 2801 531 _Casinens_es.
2829 456 3112 531 ‘Subalpini
3140 469 3411 531 quatuor,

174 534 263 586 hoc
286 541 362 585 est
395 530 759 594 Taurinensis,
790 525 969 585 Sancti
1011 530 1276 592 Dalmatii,
1304 530 1658 584 Vercellensis
1687 538 1741 584 et
1770 527 2125 581 Nuvariensis.
2163 525 2257 579 llis
2299 527 2563 580 accedunt
2594 527 2891 595 Angiensis,
2924 525 3199 591 Lucensis,
3242 529 3411 582 Valli-

174 603 411 661 eellanus,
440 600 803 664 Florentinus,
837 601 1176 654 Amiatensis.
1204 599 1450 654 Monachi
1469 598 1796 652 Benedictini
1842 596 2279 663 congregationis
2318 597 2501 649 Sancti
2532 597 2720 660 Mauri,
2748 614 2867 650 cum
2898 613 3017 649 eam
3041 613 3073 652 e
3102 613 3410 651 sermonum

176 672 325 725 sancti
348 671 625 738 Augustini
657 671 1185 739 serieexpunxeriut,
1220 669 1696 735 transtulerintque
1736 666 2122 739 inappendicis
2160 680 2449 739 numerum
2490 664 2620 728 liii;
2656 676 2766 739 tum
2814 666 3041 739 confessi
3090 668 3230 739 ultro
3264 678 3407 730 sunt,

179 756 279 793 eam
301 755 403 792 non
433 735 482 793 in
504 741 662 795 editis
689 740 849 795 modo
877 735 992 807 ejus
1013 754 1235 807 operum
1256 739 1684 801 collectionibus,
1710 735 1806 789 sed
1830 736 1880 788 in
1906 735 2280 807 manuscriptis
2307 736 2470 789 etiam
2490 738 2750 807 exemplis
2775 737 2939 789 asseri
2964 746 3150 790 sancto
3180 737 3413 790 Maximo

179 810 379 863 antistiti
410 809 777 865 Taurinatum.
802 808 860 862 ln
890 805 1075 863 codice
1099 808 1279 863 Sancti
1311 808 1557 862 Dalmatii
1580 808 1744 860 multa
1766 812 1891 859 sunt
1920 805 2019 876 hac
2040 806 2257 859 homilia
2284 806 2688 876 comprehensa,
2714 821 2831 874 qua:
2854 806 2963 873 jam
2987 806 3267 876 publicatis
3304 823 3412 861 non

180 888 472 944 coiigruunt.
507 879 640 933 Eam
670 896 767 935 nos
795 881 850 933 in
903 878 1277 933 aduotationes
1302 880 1368 933 ad
1413 892 1532 947 pag.
1567 876 1635 929 95
1679 890 1831 944 seqq.
1866 873 2177 941 rejecimus,
2210 884 2270 929 ut
2300 890 2331 929 ιι
2387 873 2679 930 lectoribus
2717 873 2950 930 conferri
2980 873 3262 933 commode
3289 892 3410 932 cum

181 950 383 1017 vulgatis
403 950 596 1018 possit.

182 1042 545 1095 Aacuuznruu.
596 1072 669 1082 —-—
724 1040 985 1095 Statuitur
1054 1041 1343 1110 (li/ferentia
1406 1039 1729 1110 baptismatis
1761 1040 1805 1097 Α
1836 1036 2071 1104 baptizat
2115 1036 2181 1087 ad
2210 1035 2371 1089 vitam
2407 1054 2419 1087 :
2453 1035 2599 1089 illum
2630 1037 2930 1105 sequimini,
2984 1037 3056 1090 illi
3098 1039 3318 1104 credite,
3343 1039 3410 1095 ab

238 1110 411 1164 Christi
451 1129 483 1164 a
513 1111 765 1180 baptismo
794 1112 1031 1165 Joannis.
1063 1108 1233 1182 Hujus
1263 1108 1521 1163 lavacrum
1561 1108 1734 1182 dimit-

239 1191 333 1233 tere
353 1198 451 1233 non
472 1190 672 1251 poterat
700 1192 928 1251 peccata,
948 1183 1047 1233 nisi
1075 1180 1216 1250 ﬁdei,
1240 1188 1289 1232 et
1307 1180 1617 1251 pa’nitentiw
1638 1194 1736 1229 me-

239 1253 358 1313 rito;
389 1249 499 1303 cum
523 1249 804 1319 baptismus
839 1249 1195 1319 Redemptoris
1236 1249 1413 1319 culpas
1456 1249 1629 1302 abluat
1668 1263 1733 1300 ex

236 1338 285 1373 se
300 1322 424 1388 ipso,
449 1330 496 1373 et
511 1322 771 1389 justitiam
801 1321 1073 1391 largiatur.

238 1411 391 1474 Licet,
416 1412 607 1465 fratres
628 1411 974 1475 dilectissimi,
999 1410 1065 1465 de
1088 1410 1426 1465 solemnitate
1447 1409 1550 1462 diei
1577 1408 1734 1475 hujus

180 1512 393 1555 veterum
423 1502 493 1555 sit
534 1501 744 1555 diversa
773 1502 987 1555 traditio
1022 1520 1034 1553 :
1070 1516 1174 1555 una
1214 1509 1389 1554 tamen
1418 1508 1615 1554 sanctae
1642 1499 1734 1554 de-

179 1593 390 1646 votionis
420 1602 500 1646 est
542 1592 689 1647 fides.
724 1592 791 1644 Et
810 1606 1116 1660 quanquam
1145 1590 1384 1643 nonnulli
1420 1590 1579 1642 hodie
1626 1589 1733 1642 Do-

182 1684 359 1735 minum
403 1690 645 1735 nostrum
692 1680 874 1736 Jesum
916 1681 1217 1747 ChriStum,
1267 1682 1422 1735 stella
1461 1682 1613 1747 duce,
1645 1696 1735 1734 ve-

181 1772 421 1826 nientibus
449 1774 516 1825 ab
561 1770 779 1826 Oriente
807 1773 979 1840 magis
1007 1774 1275 1827 aestiment
1316 1772 1622 1837 adoratum;
1647 1772 1735 1826 alii

181 1870 335 1916 autem
365 1871 610 1916 asserant
637 1878 757 1915 eum
784 1877 951 1930 aquas
979 1863 1030 1916 in
1067 1863 1189 1916 vina
1219 1871 1486 1927 mutasse;
1519 1862 1733 1930 quidam

182 1967 290 2004 vero
308 1952 633 2019 baptizatum
662 1952 809 2005 illum
842 1966 868 2003 a
902 1950 1108 2006 Joanne
1134 1953 1469 2017 confirment,
1496 1953 1547 2005 in
1571 1952 1739 2006 omni-

183 2034 263 2087 bus
288 2034 374 2087 Dei
404 2034 573 2089 Filius
612 2035 865 2094 creditur,
893 2036 945 2089 in
986 2036 1232 2089 omnibus
1272 2044 1355 2089 est
1398 2044 1580 2090 nostra
1610 2035 1733 2109 [ΑΙ.

185 2139 283 2176 tera
327 2123 608 2194 festivitas]
659 2125 941 2180 festivitas.
971 2124 1103 2179 Nam
1149 2126 1292 2193 quod
1348 2127 1515 2193 magis
1557 2128 1737 2194 utique

184 2217 441 2282 gentilibus
491 2226 548 2271 et
574 2217 804 2271 adorare
833 2218 1139 2280 Dominum,
1182 2225 1236 2271 et
1283 2232 1503 2272 munera
1545 2216 1737 2271 offerre

184 2308 486 2371 conceditur,
518 2309 755 2375 gentium
783 2318 864 2361 est
893 2308 1226 2378 praefigurata
1260 2310 1471 2363 vocatio
1505 2319 1560 2373 ﬂ;
1592 2308 1734 2376 quod

1836 1126 1927 1180 illo
1959 1126 2229 1180 lavacrum
2255 1126 2439 1180 salutis
2482 1134 2592 1179 tota
2624 1136 2801 1180 mente
2837 1129 3102 1197 supplices
3122 1132 3408 1199 postulate,

1833 1230 1862 1267 a
1893 1231 2001 1283 quo
2040 1223 2095 1267 et
2132 1229 2232 1282 ego
2286 1216 2396 1283 ipse
2452 1215 2691 1284 Baptista
2740 1227 2919 1272 vester
2945 1222 3102 1288 cupio
3131 1222 3413 1289 baptizari.

1834 1304 1949 1358 Non
2000 1305 2173 1357 renuit
2218 1306 2431 1372 quidem
2462 1306 2615 1360 Jesus
2657 1309 3016 1362 testimonium
3046 1312 3191 1365 vocis
3221 1312 3409 1380 hujus;

1834 1397 1926 1449 scd
1970 1397 2059 1464 qui
2092 1412 2187 1465 per
2213 1397 2453 1452 ordinem
2485 1399 2644 1453 vellet
2677 1402 2922 1455 universa
2954 1405 3224 1473 complere
3254 1407 3412 1459 nihil-

1835 1487 2046 1540 ominus
2089 1488 2347 1555 baptizari
2377 1503 2433 1541 se
2462 1491 2664 1557 expetit
2696 1506 2725 1544 a
2752 1491 2976 1545 Joanne.
3013 1493 3145 1547 Tum
3176 1495 3412 1565 Baptista

1833 1577 2058 1631 devotus
2078 1579 2382 1647 baptizandi
2407 1580 2487 1632 sui
2514 1581 2751 1647 potentia
2777 1582 3137 1647 tremefactus,
3164 1586 3236 1637 ait
3262 1604 3273 1636 :
3301 1584 3412 1656 Ego

1835 1685 1866 1719 a
1897 1677 1944 1721 te
1965 1667 2120 1721 debeo
2164 1667 2437 1740 baptizari,
2461 1682 2510 1723 et
2532 1682 2581 1723 tu
2604 1674 2742 1725 renis
2765 1674 2832 1725 ad
2861 1690 2939 1726 me
2972 1674 3181 1745 (Matt/1.
3208 1676 3282 1745 ut)
3308 1679 3329 1731 ?
3357 1679 3413 1735 Id

1836 1767 1917 1814 est
1942 1760 2192 1827 quoniam
2224 1774 2323 1827 ego
2349 1770 2592 1815 creatura
2622 1777 2761 1830 sum,
2795 1771 2847 1815 tu
2877 1764 3126 1830 Creator;
3168 1768 3278 1837 93
3315 1782 3414 1836 ego

1834 1866 2041 1916 servus,
2082 1860 2136 1905 tu
2166 1853 2458 1917 Dominus;
2488 1866 2587 1921 ego
2616 1853 2803 1922 figura,
2831 1865 2885 1909 tu
2919 1859 3132 1911 veritas.
3164 1860 3230 1911 At
3260 1858 3416 1915 Jcsus

1836 1944 1911 1997 ait
1944 1961 1956 1995 :
2003 1944 2130 1998 Sine
2175 1944 2366 1998 modo:
2409 1947 2481 1998 sic
2527 1946 2659 1998 enim
2697 1946 2837 1999 decet
2864 1964 2955 2000 nos
2978 1948 3188 2018 implere
3216 1967 3416 2005 omnem

1829 2033 2088 2103 justitiam
2128 2035 2336 2102 (lbid.).
2380 2034 2435 2088 ld
2465 2044 2563 2099 est,
2597 2036 2722 2103 quid
2756 2054 2895 2090 nunc
2942 2038 3041 2091 ista
3087 2055 3415 2094 commemo-

1836 2126 1957 2178 ras?
1978 2125 2311 2193 propositum
2338 2134 2599 2194 susceptae
2620 2127 2933 2180 humilitatis
2956 2128 3280 2197 implendum
3310 2138 3411 2185 est.

1839 2212 1991 2267 Tunc
2039 2214 2147 2278 ille,
2180 2215 2270 2282 qui
2322 2230 2641 2284 pnesumere
2672 2215 3009 2284 formidabat,
3042 2220 3294 2273 velociter
3324 2237 3413 2289 pa-

1838 2304 1944 2359 ruit
1991 2306 2349 2375 praecipientis
2389 2305 2632 2375 imperio.
2657 2306 2961 2376 Baptizatur
2982 2310 3109 2377 ergo
3134 2308 3286 2363 Jesus
3308 2328 3415 2364 non

186 2412 295 2459 vero
344 2398 553 2454 liuentis
603 2399 851 2455 Jordanis
891 2401 1193 2471 baptizatur
1248 2401 1523 2459 Christus.
1584 2417 1734 2469 aqum
1768 2401 1809 2459 Β
1837 2396 1955 2461 sibi,
1988 2397 2083 2451 sed
2112 2398 2295 2462 nobis;
2328 2398 2647 2467 baptizatur,
2678 2414 2783 2452 non
2826 2410 2882 2452 ut
2904 2401 3214 2467 purificctur
3239 2402 3413 2469 aquis,

182 2499 342 2546 nostro
394 2494 701 2562 baptismati
765 2504 1167 2549 consecrantur.
1231 2493 1456 2564 Oportet
1524 2494 1736 2562 itaque,

182 2583 453 2645 carissimi,
498 2592 558 2639 ut
605 2586 781 2653 aliqua
833 2601 972 2640 nunc
1006 2586 1243 2655 deipso
1264 2587 1587 2655 baptismate
1627 2588 1733 2658 97

182 2675 419 2728 sanctitati
465 2684 693 2737 vestrm,
753 2684 910 2744 prout
959 2675 1215 2729 Dominus
1269 2676 1550 2729 donaverit
1611 2692 1739 2745 pro-

184 2762 424 2827 feramus;
474 2772 531 2817 ut
594 2764 748 2818 simul
793 2773 848 2818 et
899 2766 1249 2819 humilitatem
1298 2765 1590 2843 Salvatoris
1643 2783 1739 2822 no-

184 2854 260 2906 stri
286 2862 339 2909 et
364 2856 740 2925 mysteriorum
789 2858 1010 2923 gloriam
1052 2859 1366 2925 agnoscatis.
1418 2857 1741 2915 Praedicabat

186 2944 227 2998 in
252 2947 454 3002 deserto
478 2947 715 3006 Joannes
730 2950 1048 3018 baptismum
1072 2950 1399 3018 pmnitentim
1422 2949 1525 3021 [ΑΙ.
1552 2952 1737 3021 populo

186 3038 225 3090 in
269 3040 610 3094 remissionem
666 3038 1012 3112 peccatorum]
1060 3041 1258 3111 populo
1295 3045 1587 3112 peccaturi.
1621 3045 1738 3099 Non

188 3143 273 3197 quo
299 3131 515 3185 crimina
544 3132 829 3186 commissa
858 3132 1081 3199 deleret,
1127 3132 1221 3187 sed
1274 3150 1382 3203 quo
1431 3136 1741 3190 emendaret

191 3229 419 3275 errantes.
463 3220 596 3274 Nam
650 3222 893 3276 remissio
950 3232 1290 3291 peccatorum
1317 3222 1513 3278 Christi
1554 3228 1739 3293 gratia:

190 3311 489 3364 servabatur.
548 3311 867 3365 Confluebat
906 3327 1034 3380 ergo
1080 3313 1145 3367 ad
1186 3313 1445 3367 Joannem
1475 3314 1739 3369 desiderio

191 3395 355 3453 lavacri
380 3401 712 3454 diversorum
735 3401 1104 3470 copiosissima
1129 3404 1438 3468 multitudo;
1468 3402 1494 3440 δ
1513 3418 1739 3473 quorum

192 3498 341 3543 essent
370 3501 473 3543 tam
504 3490 752 3544 scelerati
801 3497 969 3555 actus,
1002 3493 1108 3546 vita
1139 3502 1244 3546 tam
1298 3493 1525 3561 perdita,
1557 3501 1617 3549 ut
1644 3508 1739 3549 eos

193 3581 477 3635 venerabilis
498 3580 737 3649 Baptista
767 3580 983 3650 vipereo
1003 3582 1193 3636 semini
1221 3592 1579 3653 compararet.
1596 3584 1741 3639 lnter

195 3667 464 3735 hujusmodi
488 3671 735 3725 homines
752 3671 839 3725 ille
860 3672 1113 3725 virtutum
1142 3674 1439 3729 caalestium
1462 3674 1738 3741 Dominus,

1838 2486 1935 2540 sed
1963 2495 2021 2540 ut
2048 2502 2213 2555 aquas
2238 2488 2351 2555 ipse
2377 2488 2705 2553 sanctificat;
2737 2489 3037 2557 baptizatur
3061 2506 3229 2545 novus
3254 2492 3417 2547 homo

1843 2585 1899 2630 ut
1920 2578 2044 2631 novi
2076 2579 2413 2647 baptismatis
2436 2581 2725 2633 constituat
2757 2591 3167 2636 sacramentum.
3198 2584 3218 2621 ε
3240 2584 3417 2654 Aperti

1840 2676 1990 2729 sunt,
2038 2668 2241 2738 inquit,
2295 2670 2424 2722 creti.
2476 2669 2708 2724 rEstimo
2764 2678 2821 2723 ut
2861 2671 2913 2724 in
2943 2672 3247 2726 cmlestibus
3275 2682 3417 2728 esset

1839 2759 2152 2814 miraculum
2182 2759 2247 2813 de
2270 2759 2333 2812 iis
2354 2775 2471 2827 quae
2494 2762 2816 2828 gerebantur
2847 2765 2895 2814 in
2924 2763 3098 2827 terris,
3132 2763 3269 2816 sicut
3294 2765 3370 2817 ait
3400 2782 3412 2818 :

1841 2848 1908 2902 In
1954 2867 2099 2919 quem
2148 2852 2514 2920 concupiscunt
2559 2852 2730 2922 angeli
2760 2855 3050 2923 prospicere
3076 2853 3163 2921 (11
3185 2854 3330 2908 Petr.
3355 2856 3416 2925 ι).

1840 2939 2121 3005 Quomodo
2171 2940 2313 2993 enim
2344 2948 2592 3010 poterant
2624 2958 2728 2996 non
2758 2943 2939 2996 mirari
2990 2944 3211 2999 virtutes
3249 2947 3418 3001 caelo-

1840 3044 1981 3097 rum,
2035 3036 2089 3082 et
2133 3029 2527 3085 dominationes
2552 3071 2566 3095 ,
2595 3031 2869 3086 cherubim
2898 3040 2950 3086 et
2980 3034 3269 3103 seraphim,
3296 3050 3419 3091 cum

1838 3117 2084 3173 viderent
2128 3119 2412 3173 Dominum
2441 3119 2677 3181 Sabaoth
2730 3122 2781 3176 in
2807 3121 2967 3177 ﬂuvio
2997 3125 3062 3177 ab
3090 3125 3305 3181 homine
3327 3116 3422 3181 ba;

1840 3209 2065 3278 ptizari?
2112 3208 2181 3263 Ut
2226 3218 2405 3263 autem
2458 3209 2681 3266 Joannis
2710 3215 2981 3267 attestatio
3027 3216 3187 3268 etiam
3215 3217 3422 3271 cmlesti

1841 3298 2152 3355 testimonio
2193 3301 2555 3367 confirmetur,
2602 3303 2731 3357 vidit
2759 3303 3011 3373 Spiritum
3040 3317 3273 3360 sanctum
3302 3325 3421 3362 cor-

1840 3393 2008 3462 porali
2028 3393 2212 3462 specie,
2245 3395 2393 3465 quasi
2423 3394 2707 3447 columbam
2728 3396 3117 3449 descendentem
3144 3406 3193 3451 et
3216 3415 3423 3451 manen-

1842 3493 1941 3537 tem
1961 3501 2113 3554 super
2130 3484 2160 3536 .l
2168 3501 2305 3539 esum
2331 3484 2511 3553 (Joan.
2535 3486 2595 3555 ι).
2622 3485 2782 3540 Audit
2803 3494 2857 3541 et
2886 3485 3098 3539 Patrem
3121 3487 3418 3542 dicentem:

1842 3575 1945 3629 Hic
1984 3584 2061 3629 est
2107 3574 2154 3633 Β
2158 3576 2276 3629 ilius
2314 3591 2458 3629 meus
2486 3576 2723 3639 dilectus,
2754 3577 2806 3628 in
2836 3592 2933 3646 quo
2982 3575 3107 3628 bene
3134 3578 3424 3647 complacui

1846 3667 2060 3737 (Matth.
2115 3666 2213 3737 ιιι).
2265 3665 2558 3731 Advertite,
2607 3664 2798 3720 fratres
2844 3666 3192 3732 dileCtissimi,
3225 3675 3421 3736 quanta

196 3757 265 3813 ille
284 3762 369 3828 qui
398 3762 616 3832 respicit
646 3771 840 3816 terram
862 3770 917 3816 et
943 3762 1069 3818 facit
1086 3778 1203 3817 eam
1228 3772 1475 3829 tremere,
1499 3764 1741 3823 Christus
1767 3768 1814 3833 C
1843 3760 1998 3815 nobis
2050 3760 2103 3812 in
2156 3759 2474 3828 baptismate
2523 3759 2734 3814 Domini
2760 3760 2927 3813 nostri
2955 3761 2981 3796 α
3006 3758 3133 3813 Jesu
3162 3759 3424 3828 patefacta

195 3845 319 3904 lesus
364 3868 468 3905 non
516 3851 834 3919 dedignatur
888 3853 1102 3907 humilis
1128 3862 1184 3907 et
1212 3855 1423 3922 quietus
1447 3856 1515 3910 ad
1542 3858 1740 3914 servuli

197 3940 260 3992 sui
285 3940 599 4009 baptismum
650 3956 959 4012 properare.
990 3940 1096 3996 Sed
1123 3944 1251 4012 quid
1276 3946 1469 3999 mirum
1495 3946 1561 4000 de
1584 3962 1740 4001 man-

195 4032 444 4086 suetudine
473 4031 790 4098 Salvatoris,
808 4033 851 4086 si
875 4048 932 4087 se
953 4033 1230 4103 propheta:
1258 4036 1626 4092 suismanibus
1656 4038 1739 4092 in-

198 4118 402 4187 clinavit,
442 4123 535 4191 qui
564 4137 623 4176 se
651 4122 719 4176 ab
744 4122 973 4177 inimicis
1018 4123 1128 4178 suis
1156 4138 1343 4192 passus
1364 4132 1445 4178 est
1466 4126 1743 4194 crucifigi?

199 4208 293 4274 Quo
329 4221 651 4284 properante
680 4214 747 4269 ad
794 4214 1029 4280 fluvium,
1063 4216 1223 4271 talem
1254 4196 1487 4271 Joannes
1514 4217 1744 4273 circum-

198 4303 430 4358 ﬂantibus
460 4305 629 4359 turbis
672 4306 848 4375 erupit
890 4307 943 4359 in
986 4322 1208 4362 vocem:
1256 4306 1389 4361 Ecce
1412 4309 1586 4380 Agnus
1626 4309 1742 4375 Dei,

202 4403 292 4443 ecce
307 4394 387 4462 qui
415 4395 548 4448 tollit
569 4405 780 4464 peccata
801 4396 981 4449 mundi
1003 4395 1180 4465 (Joan.
1205 4398 1264 4465 ι).
1297 4397 1411 4453 Hoc
1434 4408 1517 4454 est
1536 4400 1746 4455 dicere:

202 4475 391 4536 Cessate
413 4484 547 4551 jam,
591 4494 799 4540 cessate
838 4500 869 4539 a
891 4485 1158 4555 baptismo
1183 4502 1323 4552 meo,
1347 4502 1456 4556 quo
1480 4489 1749 4558 poeniten-

206 4569 263 4622 tia
276 4575 581 4643 suscipitur;
605 4590 730 4631 ecce
753 4575 1013 4645 Baptista,
1040 4591 1135 4646 per
1160 4592 1320 4646 quem
1343 4579 1565 4634 crimina
1581 4579 1755 4635 dimit-

207 4666 379 4718 tuntur.
410 4664 646 4721 Desinite
677 4666 898 4721 ulterius
926 4682 957 4721 a
985 4683 1245 4724 conservo
1274 4678 1455 4725 vestro
1490 4670 1752 4741 baptizari

1845 3854 1915 3908 sit
1938 3852 2126 3921 gratia,
2160 3866 2321 3921 quam
2351 3852 2530 3906 subtili
2559 3859 2900 3905 sacramento
2929 3850 3161 3904 Trinitas
3189 3866 3247 3904 se
3267 3851 3426 3906 hodie

1844 3942 2048 3999 homini
2086 3942 2363 3996 revelavit.
2415 3939 2572 3996 Pater
2593 3941 2735 3994 enim
2765 3940 2979 3995 auditur
3009 3942 3060 3995 in
3085 3957 3239 4005 voce.
3266 3941 3428 3998 Filius

1846 4034 2216 4090 manifestatur
2245 4033 2296 4087 in
2339 4033 2572 4098 homine,
2602 4031 2832 4102 Spiritus
2860 4040 3077 4088 sanctus
3101 4032 3430 4100 dignoscitur

1849 4128 1902 4182 in
1928 4126 2194 4181 columba.
2229 4124 2397 4191 Quam
2428 4122 2653 4179 miriﬁco
2682 4130 2860 4178 autem
2895 4125 3153 4195 mysterio
3173 4124 3432 4181 Dominus

1852 4228 2034 4275 noster
2053 4218 2206 4273 Jesus
2225 4218 2488 4281 Christus,
2502 4218 2585 4270 vel
2610 4224 2756 4270 tactu
2776 4218 3019 4285 corporis
3042 4217 3145 4283 sui,
3161 4218 3244 4271 vel
3265 4225 3433 4274 trans-

1853 4312 1929 4365 itu
1976 4310 2159 4377 gloriae
2202 4323 2312 4362 sine
2361 4321 2573 4362 omnem
2621 4306 2687 4359 ad
2743 4312 3072 4359 momentum
3126 4314 3428 4360 creaturam

1851 4400 2167 4465 sanctificat,
2196 4397 2429 4453 viviticat
2456 4405 2512 4452 et
2560 4398 2827 4460 illustrat;
2870 4410 3035 4464 aquas
3063 4395 3203 4448 enim
3239 4409 3430 4449 conse-

1852 4500 1985 4559 crat,
2035 4492 2161 4546 dum
2189 4491 2522 4561 baptizatur;
2555 4497 2753 4543 terram
2774 4486 3089 4551 sanctificat,
3121 4486 3246 4539 dum
3274 4499 3432 4555 sepe-

1854 4585 2012 4649 litur;
2064 4590 2306 4638 mortuos
2333 4581 2573 4644 suscitat,
2608 4580 2731 4633 dum
2761 4578 3016 4646 resurgit;
3053 4577 3289 4631 caelestia
3318 4575 3431 4643 glo-

1857 4674 2048 4737 rificat,
2076 4673 2201 4727 dum
2228 4671 2466 4726 ascendit
2495 4670 2561 4724 ad
2583 4671 2798 4734 caelum,
2830 4678 2883 4725 et
2907 4669 3056 4724 sedet
3075 4667 3141 4722 ad
3160 4667 3433 4723 dexteram

207 4752 318 4808 Velle
348 4774 359 4807 :
389 4772 625 4827 presens
644 4766 726 4813 est
751 4758 1007 4814 Dominus
1035 4760 1274 4814 omnium
1305 4768 1634 4823 nostrorum.
1662 4762 1753 4831 qui
1787 4757 1834 4816 D
1859 4763 1952 4817 Dei
1984 4761 2158 4815 Patris
2189 4770 2234 4813 ο.

1532 4873 1763 4928 EADEM
1801 4870 2106 4929 HOMILIA.

1230 4979 1311 5022 EX
1341 4979 1566 5024 CODICE
1600 4981 1752 5024 OLIM
1782 4983 1999 5027 SANCTI
2029 4984 2363 5027 DALMATII.

263 5076 380 5141 Etsi,
421 5080 629 5143 fratres,
662 5080 1057 5150 deveneranda
1081 5082 1358 5150 praesentis
1386 5082 1491 5136 diei
1548 5083 1747 5137 solem-

210 5145 351 5220 nitate
373 5160 609 5204 veterum
661 5148 877 5204 Patrum
898 5152 1044 5205 varia
1066 5145 1136 5206 sit
1164 5160 1328 5220 atque
1349 5150 1561 5206 diversa
1593 5153 1753 5206 tradi-

210 5215 291 5278 tio,
343 5235 444 5274 una
486 5229 666 5276 tamen
715 5221 771 5275 in
814 5221 1063 5277 omnibus
1088 5215 1311 5276 sincera:
1337 5221 1639 5277 devotionis
1669 5232 1751 5278 est

266 5334 289 5361 ι
315 5326 498 5402 Codex
527 5329 709 5402 Yatic.
748 5328 902 5393 1267,
950 5330 1099 5402 Quod
1142 5346 1290 5402 aqum
1318 5332 1760 5402 transformamur

210 5395 251 5447 in
284 5398 446 5452 vinum
476 5400 738 5472 religionis
763 5412 954 5454 nostras
973 5395 1281 5473 designatur
1307 5395 1597 5466 arcanum;
1624 5401 1759 5473 quod

210 5480 326 5530 tero,
348 5478 448 5521 etc.

267 5535 452 5612 l{idem
472 5538 592 5594 cod.
620 5538 900 5612 Laurent.,
930 5541 1352 5612 confluebatergo
1382 5540 1450 5593 ad
1477 5539 1759 5597 Jordanem

211 5603 460 5681 desiderio,
484 5617 587 5681 etc.
610 5608 744 5681 Cod.
775 5603 895 5681 Vat.
930 5603 1087 5677 1267,
1108 5603 1324 5681 quorum
1352 5619 1483 5667 esset
1504 5620 1615 5664 tam
1641 5626 1758 5666 sce-

213 5672 365 5748 leratis
394 5678 586 5733 actibus
614 5678 717 5748 uita
735 5679 966 5748 perdita,
991 5689 1046 5734 ut
1070 5672 1180 5748 etis,
1213 5690 1318 5739 etc.

274 5755 295 5782 ι
319 5744 450 5802 Cod.
474 5748 592 5803 Vat.
616 5744 753 5800 4951'
779 5744 979 5804 omittit
1006 5751 1124 5808 haec
1146 5744 1436 5823 Scriptura:
1465 5750 1647 5808 verba.

478 5840 743 5902 Pzrnoz.
791 5840 978 5905 LVlI.

1859 5084 2009 5139 fides.
2042 5086 2303 5155 Quamvis
2348 5087 2490 5140 enim
2522 5087 2735 5155 quidam
2772 5084 3051 5139 Dominum
3074 5092 3318 5155 nostrum
3346 5086 3437 5141 Je-

1861 5171 1978 5208 sum
2026 5154 2298 5209 Christum
2352 5172 2380 5209 a
2424 5154 2759 5225 venientibus
2802 5154 2868 5207 ab
2911 5155 3127 5210 Oriente
3152 5154 3318 5225 magis
3339 5160 3439 5225 lio-3

1859 5225 2042 5279 dierna
2072 5226 2158 5280 die
2181 5226 2405 5280 credant
2434 5226 2594 5280 fuisse
2620 5224 2921 5293 adoratum,
2951 5237 3192 5306 asserant
3217 5218 3305 5281 aiii
3341 5218 3441 5284 had

1936 5330 1961 5369 ἀ
1994 5330 2136 5405 idem
2166 5333 2285 5389 eod.
2316 5333 2595 5395 Laurent.,
2622 5335 2674 5386 in
2702 5333 3008 5405 baptismate
3036 5334 3248 5391 Domini
3277 5340 3441 5392 nostri

1864 5401 1987 5457 Jesu
2010 5399 2200 5457 Christi
2226 5406 2502 5526 patvacta,
2536 5412 2638 5487 etc.

1940 5482 1963 5510 α
1993 5470 2138 5526 Idem
2166 5473 2288 5526 cod.
2364 5483 2487 5526 atic.
2512 5473 2629 5526 addi

1940 5482 1963 5549 ft
1993 5470 2138 5549 Idem
2321 5470 2493 5549 Vatic._
2512 5473 2657 5549 addit
2677 5493 2790 5529 cum
2812 5494 2909 5549 quo
2930 5477 3065 5541 vivit,
3091 5485 3139 5530 et
3175 5487 3357 5548 regnat
3389 5480 3443 5534 in

1866 5544 2068 5628 unitate
2083 5543 2307 5628 Spirit'tts
2330 5546 2494 5628 sancti
2534 5543 2673 5600 Deus
2700 5565 2791 5628 per
2818 5543 2991 5602 omnia
3013 5548 3202 5601 secula
3224 5543 3441 5601 screato-

1868 5628 2001 5688 ram.
2032 5610 2443 5688 _Eode_m
2466 5614 2581 5670 haec
2609 5610 2872 5688 recidunt,
2896 5626 3058 5688 atque
3087 5634 3150 5673 ea
3176 5633 3293 5687 qua:
3322 5634 3437 5670 con-

1868 5683 2106 5739 tinentur
2129 5680 2263 5740 Cod.
2290 5686 2461 5740 casin.
2487 5700 2634 5742 num.
2669 5687 2786 5742 106.

3082 5844 3177 5927 ιο
