  <div class='ocr_page' id='page_1' title='image "/cluster/home/n/w/nwhite01/storage/ocr_20150623/57/hvd.32044054758669/167.png"; bbox 0 0 4042 6192; ppageno 0'>
   <div class='ocr_carea' id='block_1_1' title="bbox 557 429 659 482">
    <p class='ocr_par' dir='ltr' id='par_1_1' title="bbox 557 429 659 482">
     <span class='ocr_line' id='line_1_1' title="bbox 557 429 659 482; baseline 0 0"><span class='ocrx_word' id='word_1_1' title='bbox 557 429 659 482; x_wconf 71' lang='grc' dir='ltr'><strong>5θῦ</strong></span> 
     </span>
    </p>
   </div>
   <div class='ocr_carea' id='block_1_2' title="bbox 1775 422 2596 488">
    <p class='ocr_par' dir='ltr' id='par_1_2' title="bbox 1775 422 2596 488">
     <span class='ocr_line' id='line_1_2' title="bbox 1775 422 2596 488; baseline 0.006 -6"><span class='ocrx_word' id='word_1_2' title='bbox 1775 426 1830 483; x_wconf 90' lang='lat' dir='ltr'><strong>S.</strong></span> <span class='ocrx_word' id='word_1_3' title='bbox 1872 422 2114 483; x_wconf 72' lang='lat' dir='ltr'><strong>MAXIM!</strong></span> <span class='ocrx_word' id='word_1_4' title='bbox 2151 428 2596 488; x_wconf 72' lang='lat' dir='ltr'><strong>TAUIUNENSIS</strong></span> 
     </span>
    </p>
   </div>
   <div class='ocr_carea' id='block_1_3' title="bbox 3708 435 3808 493">
    <p class='ocr_par' dir='ltr' id='par_1_3' title="bbox 3708 435 3808 493">
     <span class='ocr_line' id='line_1_3' title="bbox 3708 435 3808 493; baseline -0.01 0"><span class='ocrx_word' id='word_1_5' title='bbox 3708 435 3808 493; x_wconf 68' lang='grc' dir='ltr'><strong>ΞΜ</strong></span> 
     </span>
    </p>
   </div>
   <div class='ocr_carea' id='block_1_4' title="bbox 555 536 3810 618">
    <p class='ocr_par' dir='ltr' id='par_1_4' title="bbox 555 536 3810 618">
     <span class='ocr_line' id='line_1_4' title="bbox 555 536 3810 618; baseline 0.002 -20"><span class='ocrx_word' id='word_1_6' title='bbox 555 544 776 613; x_wconf 88' lang='lat' dir='ltr'><strong>jejunat,</strong></span> <span class='ocrx_word' id='word_1_7' title='bbox 801 539 892 596; x_wconf 91' lang='lat' dir='ltr'><strong>sed</strong></span> <span class='ocrx_word' id='word_1_8' title='bbox 916 539 1237 605; x_wconf 74' lang='lat' dir='ltr'><strong>hominibus,</strong></span> <span class='ocrx_word' id='word_1_9' title='bbox 1269 539 1572 608; x_wconf 70' lang='lat' dir='ltr'><strong>quicunque</strong></span> <span class='ocrx_word' id='word_1_10' title='bbox 1606 538 1965 592; x_wconf 76' lang='lat' dir='ltr'><strong>ostentatione</strong></span> <span class='ocrx_word' id='word_1_11' title='bbox 1989 536 2126 606; x_wconf 83' lang='lat' dir='ltr'><strong>jejn-</strong></span> <span class='ocrx_word' id='word_1_12' title='bbox 2156 545 2201 601; x_wconf 79' lang='grc' dir='ltr'><strong>Α</strong></span> <span class='ocrx_word' id='word_1_13' title='bbox 2230 539 2437 607; x_wconf 85' lang='lat' dir='ltr'><strong>giosum</strong></span> <span class='ocrx_word' id='word_1_14' title='bbox 2475 539 2735 608; x_wconf 82' lang='lat' dir='ltr'><strong>jejunium</strong></span> <span class='ocrx_word' id='word_1_15' title='bbox 2772 548 2970 596; x_wconf 77' lang='lat' dir='ltr'><strong>sanctae</strong></span> <span class='ocrx_word' id='word_1_16' title='bbox 3012 542 3369 612; x_wconf 76' lang='lat' dir='ltr'><strong>eleemosynm</strong></span> <span class='ocrx_word' id='word_1_17' title='bbox 3405 543 3650 599; x_wconf 83' lang='lat' dir='ltr'><strong>ubertate</strong></span> <span class='ocrx_word' id='word_1_18' title='bbox 3689 546 3810 618; x_wconf 79' lang='lat' dir='ltr'><strong>piu-</strong></span> 
     </span>
    </p>
   </div>
   <div class='ocr_carea' id='block_1_5' title="bbox 558 627 2128 701">
    <p class='ocr_par' dir='ltr' id='par_1_5' title="bbox 558 627 2128 701">
     <span class='ocr_line' id='line_1_5' title="bbox 558 627 2128 701; baseline -0.003 -13"><span class='ocrx_word' id='word_1_19' title='bbox 558 635 631 689; x_wconf 90' lang='lat' dir='ltr'><strong>nii</strong></span> <span class='ocrx_word' id='word_1_20' title='bbox 657 633 740 688; x_wconf 88' lang='lat' dir='ltr'><strong>sui</strong></span> <span class='ocrx_word' id='word_1_21' title='bbox 768 632 992 701; x_wconf 76' lang='lat' dir='ltr'><strong>gloriam</strong></span> <span class='ocrx_word' id='word_1_22' title='bbox 1026 630 1250 698; x_wconf 78' lang='lat' dir='ltr'><strong>requirit</strong></span> <span class='ocrx_word' id='word_1_23' title='bbox 1275 629 1585 683; x_wconf 89' lang='lat' dir='ltr'><strong>humanam.</strong></span> <span class='ocrx_word' id='word_1_24' title='bbox 1621 627 1990 682; x_wconf 79' lang='lat' dir='ltr'><strong>Exterminant</strong></span> <span class='ocrx_word' id='word_1_25' title='bbox 2031 644 2128 683; x_wconf 81' lang='lat' dir='ltr'><strong>all-</strong></span> 
     </span>
    </p>
   </div>
   <div class='ocr_carea' id='block_1_6' title="bbox 557 718 2130 791">
    <p class='ocr_par' dir='ltr' id='par_1_6' title="bbox 557 718 2130 791">
     <span class='ocr_line' id='line_1_6' title="bbox 557 718 2130 791; baseline -0.003 -14"><span class='ocrx_word' id='word_1_26' title='bbox 557 733 667 780; x_wconf 88' lang='lat' dir='ltr'><strong>tem</strong></span> <span class='ocrx_word' id='word_1_27' title='bbox 692 724 855 779; x_wconf 81' lang='lat' dir='ltr'><strong>facies</strong></span> <span class='ocrx_word' id='word_1_28' title='bbox 873 737 1015 786; x_wconf 86' lang='lat' dir='ltr'><strong>suas,</strong></span> <span class='ocrx_word' id='word_1_29' title='bbox 1038 721 1130 791; x_wconf 89' lang='lat' dir='ltr'><strong>qui</strong></span> <span class='ocrx_word' id='word_1_30' title='bbox 1150 736 1381 776; x_wconf 80' lang='lat' dir='ltr'><strong>mmrore</strong></span> <span class='ocrx_word' id='word_1_31' title='bbox 1407 720 1656 775; x_wconf 83' lang='lat' dir='ltr'><strong>simulato</strong></span> <span class='ocrx_word' id='word_1_32' title='bbox 1678 718 1986 788; x_wconf 86' lang='lat' dir='ltr'><strong>religiosum</strong></span> <span class='ocrx_word' id='word_1_33' title='bbox 2009 719 2130 773; x_wconf 87' lang='lat' dir='ltr'><strong>vul-</strong></span> 
     </span>
    </p>
   </div>
   <div class='ocr_carea' id='block_1_7' title="bbox 556 810 2129 883">
    <p class='ocr_par' dir='ltr' id='par_1_7' title="bbox 556 810 2129 883">
     <span class='ocr_line' id='line_1_7' title="bbox 556 810 2129 883; baseline -0.003 -14"><span class='ocrx_word' id='word_1_34' title='bbox 556 823 671 870; x_wconf 88' lang='lat' dir='ltr'><strong>tum</strong></span> <span class='ocrx_word' id='word_1_35' title='bbox 714 813 1029 883; x_wconf 86' lang='lat' dir='ltr'><strong>populorum</strong></span> <span class='ocrx_word' id='word_1_36' title='bbox 1072 811 1242 867; x_wconf 90' lang='lat' dir='ltr'><strong>oculis</strong></span> <span class='ocrx_word' id='word_1_37' title='bbox 1268 812 1598 866; x_wconf 63' lang='lat' dir='ltr'><strong>mediuntur</strong></span> <span class='ocrx_word' id='word_1_38' title='bbox 1630 818 1784 865; x_wconf 81' lang='lat' dir='ltr'><strong>:‘non</strong></span> <span class='ocrx_word' id='word_1_39' title='bbox 1827 810 1940 864; x_wconf 84' lang='lat' dir='ltr'><strong>vult</strong></span> <span class='ocrx_word' id='word_1_40' title='bbox 1987 810 2129 864; x_wconf 89' lang='lat' dir='ltr'><strong>enim</strong></span> 
     </span>
    </p>
   </div>
   <div class='ocr_carea' id='block_1_8' title="bbox 555 901 2130 974">
    <p class='ocr_par' dir='ltr' id='par_1_8' title="bbox 555 901 2130 974">
     <span class='ocr_line' id='line_1_8' title="bbox 555 901 2130 974; baseline -0.003 -14"><span class='ocrx_word' id='word_1_41' title='bbox 555 904 845 974; x_wconf 73' lang='lat' dir='ltr'><strong>disciplina:</strong></span> <span class='ocrx_word' id='word_1_42' title='bbox 869 902 1102 958; x_wconf 78' lang='lat' dir='ltr'><strong>caelestis</strong></span> <span class='ocrx_word' id='word_1_43' title='bbox 1125 903 1380 971; x_wconf 77' lang='lat' dir='ltr'><strong>magister</strong></span> <span class='ocrx_word' id='word_1_44' title='bbox 1407 902 1704 969; x_wconf 88' lang='lat' dir='ltr'><strong>irreligiose</strong></span> <span class='ocrx_word' id='word_1_45' title='bbox 1732 903 1816 970; x_wconf 88' lang='lat' dir='ltr'><strong>agi</strong></span> <span class='ocrx_word' id='word_1_46' title='bbox 1843 901 1987 971; x_wconf 89' lang='lat' dir='ltr'><strong>quod</strong></span> <span class='ocrx_word' id='word_1_47' title='bbox 2016 902 2130 957; x_wconf 83' lang='lat' dir='ltr'><strong>fieri</strong></span> 
     </span>
    </p>
   </div>
   <div class='ocr_carea' id='block_1_9' title="bbox 554 992 2131 1065">
    <p class='ocr_par' dir='ltr' id='par_1_9' title="bbox 554 992 2131 1065">
     <span class='ocr_line' id='line_1_9' title="bbox 554 992 2131 1065; baseline -0.001 -17"><span class='ocrx_word' id='word_1_48' title='bbox 554 1009 655 1065; x_wconf 87' lang='lat' dir='ltr'><strong>pro</strong></span> <span class='ocrx_word' id='word_1_49' title='bbox 678 994 939 1063; x_wconf 88' lang='lat' dir='ltr'><strong>religione</strong></span> <span class='ocrx_word' id='word_1_50' title='bbox 964 992 1300 1063; x_wconf 79' lang='lat' dir='ltr'><strong>praecipitur;</strong></span> <span class='ocrx_word' id='word_1_51' title='bbox 1330 1005 1431 1047; x_wconf 89' lang='lat' dir='ltr'><strong>nec</strong></span> <span class='ocrx_word' id='word_1_52' title='bbox 1456 993 1660 1062; x_wconf 88' lang='lat' dir='ltr'><strong>patitur</strong></span> <span class='ocrx_word' id='word_1_53' title='bbox 1686 992 2047 1047; x_wconf 80' lang='lat' dir='ltr'><strong>invocantium</strong></span> <span class='ocrx_word' id='word_1_54' title='bbox 2072 1007 2131 1046; x_wconf 88' lang='lat' dir='ltr'><strong>se</strong></span> 
     </span>
    </p>
   </div>
   <div class='ocr_carea' id='block_1_10' title="bbox 552 1081 2131 1154">
    <p class='ocr_par' dir='ltr' id='par_1_10' title="bbox 552 1081 2131 1154">
     <span class='ocr_line' id='line_1_10' title="bbox 552 1081 2131 1154; baseline -0.003 -14"><span class='ocrx_word' id='word_1_55' title='bbox 552 1085 815 1151; x_wconf 80' lang='lat' dir='ltr'><strong>laborem,</strong></span> <span class='ocrx_word' id='word_1_56' title='bbox 836 1085 1032 1154; x_wconf 85' lang='lat' dir='ltr'><strong>quibus</strong></span> <span class='ocrx_word' id='word_1_57' title='bbox 1051 1091 1304 1138; x_wconf 79' lang='lat' dir='ltr'><strong>:eternam</strong></span> <span class='ocrx_word' id='word_1_58' title='bbox 1322 1089 1477 1152; x_wconf 87' lang='lat' dir='ltr'><strong>parat</strong></span> <span class='ocrx_word' id='word_1_59' title='bbox 1497 1081 1818 1148; x_wconf 81' lang='lat' dir='ltr'><strong>mercedem,</strong></span> <span class='ocrx_word' id='word_1_60' title='bbox 1840 1082 2131 1137; x_wconf 85' lang='lat' dir='ltr'><strong>infructuo-</strong></span> 
     </span>
    </p>
   </div>
   <div class='ocr_carea' id='block_1_11' title="bbox 551 1170 2131 1245">
    <p class='ocr_par' dir='ltr' id='par_1_11' title="bbox 551 1170 2131 1245">
     <span class='ocr_line' id='line_1_11' title="bbox 551 1170 2131 1245; baseline -0.005 -12"><span class='ocrx_word' id='word_1_61' title='bbox 551 1191 630 1233; x_wconf 67' lang='lat' dir='ltr'><strong>sa)</strong></span> <span class='ocrx_word' id='word_1_62' title='bbox 649 1175 926 1245; x_wconf 69' lang='lat' dir='ltr'><strong>jactautiee</strong></span> <span class='ocrx_word' id='word_1_63' title='bbox 953 1174 1084 1230; x_wconf 88' lang='lat' dir='ltr'><strong>vitio</strong></span> <span class='ocrx_word' id='word_1_64' title='bbox 1112 1171 1377 1242; x_wconf 80' lang='lat' dir='ltr'><strong>deperire.</strong></span> <span class='ocrx_word' id='word_1_65' title='bbox 1423 1170 1546 1225; x_wconf 88' lang='lat' dir='ltr'><strong>Non</strong></span> <span class='ocrx_word' id='word_1_66' title='bbox 1575 1172 1738 1236; x_wconf 83' lang='lat' dir='ltr'><strong>eritis,</strong></span> <span class='ocrx_word' id='word_1_67' title='bbox 1780 1172 1969 1240; x_wconf 87' lang='lat' dir='ltr'><strong>inquit,</strong></span> <span class='ocrx_word' id='word_1_68' title='bbox 2002 1173 2131 1225; x_wconf 84' lang='lat' dir='ltr'><strong>sicut</strong></span> 
     </span>
    </p>
   </div>
   <div class='ocr_carea' id='block_1_12' title="bbox 552 1262 2129 1340">
    <p class='ocr_par' dir='ltr' id='par_1_12' title="bbox 552 1262 2129 1340">
     <span class='ocr_line' id='line_1_12' title="bbox 552 1262 2129 1340; baseline -0.003 -18"><span class='ocrx_word' id='word_1_69' title='bbox 552 1269 856 1340; x_wconf 60' lang='lat' dir='ltr'><strong>hypocrita,</strong></span> <span class='ocrx_word' id='word_1_70' title='bbox 881 1267 1071 1322; x_wconf 77' lang='lat' dir='ltr'><strong>tristes.</strong></span> <span class='ocrx_word' id='word_1_71' title='bbox 1113 1264 1170 1321; x_wconf 89' lang='lat' dir='ltr'><strong>Si</strong></span> <span class='ocrx_word' id='word_1_72' title='bbox 1197 1265 1342 1320; x_wconf 89' lang='lat' dir='ltr'><strong>enim</strong></span> <span class='ocrx_word' id='word_1_73' title='bbox 1373 1278 1500 1318; x_wconf 89' lang='lat' dir='ltr'><strong>vere</strong></span> <span class='ocrx_word' id='word_1_74' title='bbox 1527 1269 1748 1318; x_wconf 89' lang='lat' dir='ltr'><strong>moestus</strong></span> <span class='ocrx_word' id='word_1_75' title='bbox 1775 1269 1828 1316; x_wconf 90' lang='lat' dir='ltr'><strong>et</strong></span> <span class='ocrx_word' id='word_1_76' title='bbox 1857 1262 2023 1317; x_wconf 87' lang='lat' dir='ltr'><strong>tristis</strong></span> <span class='ocrx_word' id='word_1_77' title='bbox 2050 1277 2129 1329; x_wconf 87' lang='lat' dir='ltr'><strong>es,</strong></span> 
     </span>
    </p>
   </div>
   <div class='ocr_carea' id='block_1_13' title="bbox 554 1352 2130 1430">
    <p class='ocr_par' dir='ltr' id='par_1_13' title="bbox 554 1352 2130 1430">
     <span class='ocr_line' id='line_1_13' title="bbox 554 1352 2130 1430; baseline -0.006 -14"><span class='ocrx_word' id='word_1_78' title='bbox 554 1362 680 1429; x_wconf 87' lang='lat' dir='ltr'><strong>quia</strong></span> <span class='ocrx_word' id='word_1_79' title='bbox 697 1359 926 1430; x_wconf 88' lang='lat' dir='ltr'><strong>jejunas,</strong></span> <span class='ocrx_word' id='word_1_80' title='bbox 957 1357 1113 1430; x_wconf 71' lang='lat' dir='ltr'><strong>1M.</strong></span> <span class='ocrx_word' id='word_1_81' title='bbox 1131 1356 1327 1412; x_wconf 84' lang='lat' dir='ltr'><strong>nullam</strong></span> <span class='ocrx_word' id='word_1_82' title='bbox 1349 1354 1443 1410; x_wconf 85' lang='lat' dir='ltr'><strong>tibi</strong></span> <span class='ocrx_word' id='word_1_83' title='bbox 1465 1364 1524 1409; x_wconf 92' lang='lat' dir='ltr'><strong>ut</strong></span> <span class='ocrx_word' id='word_1_84' title='bbox 1545 1355 1783 1422; x_wconf 88' lang='lat' dir='ltr'><strong>ingratus</strong></span> <span class='ocrx_word' id='word_1_85' title='bbox 1803 1352 1943 1423; x_wconf 86' lang='lat' dir='ltr'><strong>apud</strong></span> <span class='ocrx_word' id='word_1_86' title='bbox 1961 1352 2130 1408; x_wconf 87' lang='lat' dir='ltr'><strong>Deum</strong></span> 
     </span>
    </p>
   </div>
   <div class='ocr_carea' id='block_1_14' title="bbox 555 1443 2132 1520">
    <p class='ocr_par' dir='ltr' id='par_1_14' title="bbox 555 1443 2132 1520">
     <span class='ocr_line' id='line_1_14' title="bbox 555 1443 2132 1520; baseline -0.006 -14"><span class='ocrx_word' id='word_1_87' title='bbox 555 1452 784 1520; x_wconf 89' lang='lat' dir='ltr'><strong>gratiam</strong></span> <span class='ocrx_word' id='word_1_88' title='bbox 824 1448 1126 1504; x_wconf 89' lang='lat' dir='ltr'><strong>reservabis</strong></span> <span class='ocrx_word' id='word_1_89' title='bbox 1157 1464 1169 1500; x_wconf 87' lang='lat'><strong>:</strong></span> <span class='ocrx_word' id='word_1_90' title='bbox 1200 1445 1325 1517; x_wconf 88' lang='lat' dir='ltr'><strong>quia</strong></span> <span class='ocrx_word' id='word_1_91' title='bbox 1364 1444 1609 1513; x_wconf 84' lang='lat' dir='ltr'><strong>quamvis</strong></span> <span class='ocrx_word' id='word_1_92' title='bbox 1648 1459 1786 1514; x_wconf 88' lang='lat' dir='ltr'><strong>opus</strong></span> <span class='ocrx_word' id='word_1_93' title='bbox 1824 1444 1991 1499; x_wconf 83' lang='lat' dir='ltr'><strong>facias</strong></span> <span class='ocrx_word' id='word_1_94' title='bbox 2035 1443 2132 1497; x_wconf 87' lang='lat' dir='ltr'><strong>bo-</strong></span> 
     </span>
    </p>
   </div>
   <div class='ocr_carea' id='block_1_15' title="bbox 557 1534 2129 1611">
    <p class='ocr_par' dir='ltr' id='par_1_15' title="bbox 557 1534 2129 1611">
     <span class='ocr_line' id='line_1_15' title="bbox 557 1534 2129 1611; baseline -0.006 -15"><span class='ocrx_word' id='word_1_95' title='bbox 557 1556 704 1606; x_wconf 87' lang='lat' dir='ltr'><strong>num,</strong></span> <span class='ocrx_word' id='word_1_96' title='bbox 728 1540 1045 1611; x_wconf 85' lang='lat' dir='ltr'><strong>pravitatem</strong></span> <span class='ocrx_word' id='word_1_97' title='bbox 1083 1546 1259 1592; x_wconf 87' lang='lat' dir='ltr'><strong>tamen</strong></span> <span class='ocrx_word' id='word_1_98' title='bbox 1287 1535 1568 1604; x_wconf 83' lang='lat' dir='ltr'><strong>degeneris</strong></span> <span class='ocrx_word' id='word_1_99' title='bbox 1592 1534 1754 1588; x_wconf 88' lang='lat' dir='ltr'><strong>animi</strong></span> <span class='ocrx_word' id='word_1_100' title='bbox 1783 1534 1979 1588; x_wconf 86' lang='lat' dir='ltr'><strong>invitus</strong></span> <span class='ocrx_word' id='word_1_101' title='bbox 1999 1548 2129 1603; x_wconf 34' lang='lat' dir='ltr'><strong>opes</strong></span> 
     </span>
    </p>
   </div>
   <div class='ocr_carea' id='block_1_16' title="bbox 556 1623 2131 1698">
    <p class='ocr_par' dir='ltr' id='par_1_16' title="bbox 556 1623 2131 1698">
     <span class='ocr_line' id='line_1_16' title="bbox 556 1623 2131 1698; baseline -0.009 -9"><span class='ocrx_word' id='word_1_102' title='bbox 556 1632 711 1691; x_wconf 87' lang='lat' dir='ltr'><strong>raris.</strong></span> <span class='ocrx_word' id='word_1_103' title='bbox 735 1630 791 1685; x_wconf 87' lang='lat' dir='ltr'><strong>Si</strong></span> <span class='ocrx_word' id='word_1_104' title='bbox 819 1638 997 1685; x_wconf 89' lang='lat' dir='ltr'><strong>autem</strong></span> <span class='ocrx_word' id='word_1_105' title='bbox 1018 1642 1118 1698; x_wconf 90' lang='lat' dir='ltr'><strong>pro</strong></span> <span class='ocrx_word' id='word_1_106' title='bbox 1145 1626 1376 1696; x_wconf 85' lang='lat' dir='ltr'><strong>quadam</strong></span> <span class='ocrx_word' id='word_1_107' title='bbox 1403 1625 1700 1680; x_wconf 79' lang='lat' dir='ltr'><strong>sanctitatis</strong></span> <span class='ocrx_word' id='word_1_108' title='bbox 1719 1624 1951 1692; x_wconf 88' lang='lat' dir='ltr'><strong>imagine</strong></span> <span class='ocrx_word' id='word_1_109' title='bbox 1969 1623 2131 1676; x_wconf 77' lang='lat' dir='ltr'><strong>tristi-</strong></span> 
     </span>
    </p>
   </div>
   <div class='ocr_carea' id='block_1_17' title="bbox 557 1712 2133 1789">
    <p class='ocr_par' dir='ltr' id='par_1_17' title="bbox 557 1712 2133 1789">
     <span class='ocr_line' id='line_1_17' title="bbox 557 1712 2133 1789; baseline -0.008 -9"><span class='ocrx_word' id='word_1_110' title='bbox 557 1725 688 1781; x_wconf 86' lang='lat' dir='ltr'><strong>tiam</strong></span> <span class='ocrx_word' id='word_1_111' title='bbox 729 1720 969 1789; x_wconf 86' lang='lat' dir='ltr'><strong>simulas,</strong></span> <span class='ocrx_word' id='word_1_112' title='bbox 1000 1731 1214 1774; x_wconf 90' lang='lat' dir='ltr'><strong>omnem</strong></span> <span class='ocrx_word' id='word_1_113' title='bbox 1255 1719 1482 1771; x_wconf 87' lang='lat' dir='ltr'><strong>fructum</strong></span> <span class='ocrx_word' id='word_1_114' title='bbox 1526 1714 1896 1786; x_wconf 84' lang='lat' dir='ltr'><strong>promissionis</strong></span> <span class='ocrx_word' id='word_1_115' title='bbox 1940 1712 2133 1768; x_wconf 64' lang='lat' dir='ltr'><strong>divinae</strong></span> 
     </span>
    </p>
   </div>
   <div class='ocr_carea' id='block_1_18' title="bbox 558 1802 2133 1881">
    <p class='ocr_par' dir='ltr' id='par_1_18' title="bbox 558 1802 2133 1881">
     <span class='ocr_line' id='line_1_18' title="bbox 558 1802 2133 1881; baseline -0.007 -13"><span class='ocrx_word' id='word_1_116' title='bbox 558 1810 801 1881; x_wconf 89' lang='lat' dir='ltr'><strong>obsequii</strong></span> <span class='ocrx_word' id='word_1_117' title='bbox 829 1810 906 1865; x_wconf 90' lang='lat' dir='ltr'><strong>tui</strong></span> <span class='ocrx_word' id='word_1_118' title='bbox 934 1814 1233 1873; x_wconf 84' lang='lat' dir='ltr'><strong>ostentator</strong></span> <span class='ocrx_word' id='word_1_119' title='bbox 1259 1805 1478 1860; x_wconf 89' lang='lat' dir='ltr'><strong>amittis.</strong></span> <span class='ocrx_word' id='word_1_120' title='bbox 1508 1804 1662 1871; x_wconf 83' lang='lat' dir='ltr'><strong>Quod</strong></span> <span class='ocrx_word' id='word_1_121' title='bbox 1684 1805 1730 1858; x_wconf 87' lang='lat' dir='ltr'><strong>si</strong></span> <span class='ocrx_word' id='word_1_122' title='bbox 1760 1804 1871 1859; x_wconf 91' lang='lat' dir='ltr'><strong>Deo</strong></span> <span class='ocrx_word' id='word_1_123' title='bbox 1898 1802 2133 1859; x_wconf 79' lang='lat' dir='ltr'><strong>cilicium</strong></span> 
     </span>
    </p>
   </div>
   <div class='ocr_carea' id='block_1_19' title="bbox 2232 629 3812 707">
    <p class='ocr_par' dir='ltr' id='par_1_19' title="bbox 2232 629 3812 707">
     <span class='ocr_line' id='line_1_19' title="bbox 2232 629 3812 707; baseline 0.008 -25"><span class='ocrx_word' id='word_1_124' title='bbox 2232 629 2464 696; x_wconf 87' lang='lat' dir='ltr'><strong>guescit;</strong></span> <span class='ocrx_word' id='word_1_125' title='bbox 2498 638 2555 683; x_wconf 89' lang='lat' dir='ltr'><strong>et</strong></span> <span class='ocrx_word' id='word_1_126' title='bbox 2582 630 2626 684; x_wconf 86' lang='lat' dir='ltr'><strong>si</strong></span> <span class='ocrx_word' id='word_1_127' title='bbox 2670 630 2827 687; x_wconf 90' lang='lat' dir='ltr'><strong>altius</strong></span> <span class='ocrx_word' id='word_1_128' title='bbox 2856 630 3051 700; x_wconf 87' lang='lat' dir='ltr'><strong>aliquid</strong></span> <span class='ocrx_word' id='word_1_129' title='bbox 3092 632 3408 700; x_wconf 83' lang='lat' dir='ltr'><strong>cogitemus,</strong></span> <span class='ocrx_word' id='word_1_130' title='bbox 3449 646 3617 702; x_wconf 79' lang='lat' dir='ltr'><strong>auges</strong></span> <span class='ocrx_word' id='word_1_131' title='bbox 3649 644 3812 707; x_wconf 73' lang='lat' dir='ltr'><strong>caput</strong></span> 
     </span>
    </p>
   </div>
   <div class='ocr_carea' id='block_1_20' title="bbox 2232 719 3812 797">
    <p class='ocr_par' dir='ltr' id='par_1_20' title="bbox 2232 719 3812 797">
     <span class='ocr_line' id='line_1_20' title="bbox 2232 719 3812 797; baseline 0.007 -25"><span class='ocrx_word' id='word_1_132' title='bbox 2232 726 2405 786; x_wconf 90' lang='lat' dir='ltr'><strong>tuum,</strong></span> <span class='ocrx_word' id='word_1_133' title='bbox 2426 719 2571 787; x_wconf 91' lang='lat' dir='ltr'><strong>quod</strong></span> <span class='ocrx_word' id='word_1_134' title='bbox 2590 729 2672 774; x_wconf 89' lang='lat' dir='ltr'><strong>est</strong></span> <span class='ocrx_word' id='word_1_135' title='bbox 2692 719 2954 783; x_wconf 83' lang='lat' dir='ltr'><strong>Christus,</strong></span> <span class='ocrx_word' id='word_1_136' title='bbox 2982 720 3027 774; x_wconf 90' lang='lat' dir='ltr'><strong>si</strong></span> <span class='ocrx_word' id='word_1_137' title='bbox 3054 722 3209 776; x_wconf 88' lang='lat' dir='ltr'><strong>bonis</strong></span> <span class='ocrx_word' id='word_1_138' title='bbox 3236 722 3490 792; x_wconf 86' lang='lat' dir='ltr'><strong>cperibus</strong></span> <span class='ocrx_word' id='word_1_139' title='bbox 3520 725 3676 797; x_wconf 78' lang='lat'><strong>105</strong></span> <span class='ocrx_word' id='word_1_140' title='bbox 3700 741 3812 783; x_wconf 79' lang='lat' dir='ltr'><strong>me-</strong></span> 
     </span>
    </p>
   </div>
   <div class='ocr_carea' id='block_1_21' title="bbox 2231 811 3807 883">
    <p class='ocr_par' dir='ltr' id='par_1_21' title="bbox 2231 811 3807 883">
     <span class='ocr_line' id='line_1_21' title="bbox 2231 811 3807 883; baseline 0.007 -19"><span class='ocrx_word' id='word_1_141' title='bbox 2231 811 2365 865; x_wconf 88' lang='lat' dir='ltr'><strong>liora</strong></span> <span class='ocrx_word' id='word_1_142' title='bbox 2405 812 2751 881; x_wconf 88' lang='lat' dir='ltr'><strong>subjungens,</strong></span> <span class='ocrx_word' id='word_1_143' title='bbox 2793 811 3019 883; x_wconf 87' lang='lat' dir='ltr'><strong>simplici</strong></span> <span class='ocrx_word' id='word_1_144' title='bbox 3063 829 3185 868; x_wconf 90' lang='lat' dir='ltr'><strong>cum</strong></span> <span class='ocrx_word' id='word_1_145' title='bbox 3222 815 3510 872; x_wconf 89' lang='lat' dir='ltr'><strong>devotione</strong></span> <span class='ocrx_word' id='word_1_146' title='bbox 3550 816 3807 874; x_wconf 66' lang='lat' dir='ltr'><strong>laetiﬂces.</strong></span> 
     </span>
    </p>
   </div>
   <div class='ocr_carea' id='block_1_22' title="bbox 2233 900 3809 977">
    <p class='ocr_par' dir='ltr' id='par_1_22' title="bbox 2233 900 3809 977">
     <span class='ocr_line' id='line_1_22' title="bbox 2233 900 3809 977; baseline 0.006 -23"><span class='ocrx_word' id='word_1_147' title='bbox 2233 900 2458 956; x_wconf 87' lang='lat' dir='ltr'><strong>Lavabis</strong></span> <span class='ocrx_word' id='word_1_148' title='bbox 2487 903 2603 958; x_wconf 89' lang='lat' dir='ltr'><strong>sine</strong></span> <span class='ocrx_word' id='word_1_149' title='bbox 2628 901 2789 958; x_wconf 91' lang='lat' dir='ltr'><strong>dubio</strong></span> <span class='ocrx_word' id='word_1_150' title='bbox 2814 911 2870 958; x_wconf 91' lang='lat' dir='ltr'><strong>et</strong></span> <span class='ocrx_word' id='word_1_151' title='bbox 2904 903 3093 959; x_wconf 81' lang='lat' dir='ltr'><strong>faciem</strong></span> <span class='ocrx_word' id='word_1_152' title='bbox 3121 912 3287 974; x_wconf 85' lang='lat' dir='ltr'><strong>tuam,</strong></span> <span class='ocrx_word' id='word_1_153' title='bbox 3318 913 3479 977; x_wconf 89' lang='lat' dir='ltr'><strong>atque</strong></span> <span class='ocrx_word' id='word_1_154' title='bbox 3511 920 3631 962; x_wconf 87' lang='lat' dir='ltr'><strong>eam</strong></span> <span class='ocrx_word' id='word_1_155' title='bbox 3659 908 3809 963; x_wconf 82' lang='lat' dir='ltr'><strong>omni</strong></span> 
     </span>
    </p>
   </div>
   <div class='ocr_carea' id='block_1_23' title="bbox 2232 994 3810 1065">
    <p class='ocr_par' dir='ltr' id='par_1_23' title="bbox 2232 994 3810 1065">
     <span class='ocr_line' id='line_1_23' title="bbox 2232 994 3810 1065; baseline 0.003 -17"><span class='ocrx_word' id='word_1_156' title='bbox 2232 994 2426 1049; x_wconf 60' lang='lat' dir='ltr'><strong>laetitiae</strong></span> <span class='ocrx_word' id='word_1_157' title='bbox 2453 995 2739 1051; x_wconf 87' lang='lat' dir='ltr'><strong>serenitate</strong></span> <span class='ocrx_word' id='word_1_158' title='bbox 2764 994 3028 1064; x_wconf 81' lang='lat' dir='ltr'><strong>deterges,</strong></span> <span class='ocrx_word' id='word_1_159' title='bbox 3059 996 3105 1050; x_wconf 92' lang='lat' dir='ltr'><strong>si</strong></span> <span class='ocrx_word' id='word_1_160' title='bbox 3143 996 3325 1052; x_wconf 85' lang='lat' dir='ltr'><strong>divino</strong></span> <span class='ocrx_word' id='word_1_161' title='bbox 3347 995 3634 1065; x_wconf 79' lang='lat' dir='ltr'><strong>jucundior</strong></span> <span class='ocrx_word' id='word_1_162' title='bbox 3659 998 3810 1053; x_wconf 88' lang='lat' dir='ltr'><strong>cultu</strong></span> 
     </span>
    </p>
   </div>
   <div class='ocr_carea' id='block_1_24' title="bbox 2232 1085 3813 1142">
    <p class='ocr_par' dir='ltr' id='par_1_24' title="bbox 2232 1085 3813 1142">
     <span class='ocr_line' id='line_1_24' title="bbox 2232 1085 3813 1142; baseline 0.001 -2"><span class='ocrx_word' id='word_1_163' title='bbox 2232 1086 2427 1141; x_wconf 87' lang='lat' dir='ltr'><strong>nullius</strong></span> <span class='ocrx_word' id='word_1_164' title='bbox 2458 1095 2482 1123; x_wconf 73' lang='grc' dir='ltr'><strong><em>ι</em></strong></span> <span class='ocrx_word' id='word_1_165' title='bbox 2511 1085 2849 1142; x_wconf 85' lang='lat' dir='ltr'><strong>affectatione</strong></span> <span class='ocrx_word' id='word_1_166' title='bbox 2876 1087 3167 1141; x_wconf 89' lang='lat' dir='ltr'><strong>sordescat.</strong></span> <span class='ocrx_word' id='word_1_167' title='bbox 3196 1085 3223 1126; x_wconf 75' lang='grc' dir='ltr'>δ</span> <span class='ocrx_word' id='word_1_168' title='bbox 3251 1085 3436 1141; x_wconf 88' lang='lat' dir='ltr'><strong>lllotus</strong></span> <span class='ocrx_word' id='word_1_169' title='bbox 3473 1101 3664 1142; x_wconf 89' lang='lat' dir='ltr'><strong>eorum</strong></span> <span class='ocrx_word' id='word_1_170' title='bbox 3693 1088 3813 1142; x_wconf 62' lang='lat' dir='ltr'><strong>vulo</strong></span> 
     </span>
    </p>
   </div>
   <div class='ocr_carea' id='block_1_25' title="bbox 2233 1165 3812 1249">
    <p class='ocr_par' dir='ltr' id='par_1_25' title="bbox 2233 1165 3812 1249">
     <span class='ocr_line' id='line_1_25' title="bbox 2233 1165 3812 1249; baseline 0.001 -19"><span class='ocrx_word' id='word_1_171' title='bbox 2233 1185 2318 1231; x_wconf 91' lang='lat' dir='ltr'><strong>tus</strong></span> <span class='ocrx_word' id='word_1_172' title='bbox 2351 1190 2449 1241; x_wconf 85' lang='lat' dir='ltr'><strong>est,</strong></span> <span class='ocrx_word' id='word_1_173' title='bbox 2480 1177 2573 1249; x_wconf 90' lang='lat' dir='ltr'><strong>qui</strong></span> <span class='ocrx_word' id='word_1_174' title='bbox 2611 1176 2744 1232; x_wconf 82' lang='lat' dir='ltr'><strong>falso</strong></span> <span class='ocrx_word' id='word_1_175' title='bbox 2772 1165 3047 1232; x_wconf 83' lang='lat' dir='ltr'><strong>oculorum</strong></span> <span class='ocrx_word' id='word_1_176' title='bbox 3076 1192 3307 1232; x_wconf 72' lang='lat' dir='ltr'><strong>mcerore</strong></span> <span class='ocrx_word' id='word_1_177' title='bbox 3348 1178 3616 1246; x_wconf 63' lang='lat' dir='ltr'><strong>praeconia</strong></span> <span class='ocrx_word' id='word_1_178' title='bbox 3647 1194 3812 1232; x_wconf 83' lang='lat' dir='ltr'><strong>mun-</strong></span> 
     </span>
    </p>
   </div>
   <div class='ocr_carea' id='block_1_26' title="bbox 2232 1264 3813 1341">
    <p class='ocr_par' dir='ltr' id='par_1_26' title="bbox 2232 1264 3813 1341">
     <span class='ocr_line' id='line_1_26' title="bbox 2232 1264 3813 1341; baseline 0.002 -21"><span class='ocrx_word' id='word_1_179' title='bbox 2232 1267 2369 1321; x_wconf 87' lang='lat' dir='ltr'><strong>dana</strong></span> <span class='ocrx_word' id='word_1_180' title='bbox 2397 1273 2727 1331; x_wconf 83' lang='lat' dir='ltr'><strong>mercantur;</strong></span> <span class='ocrx_word' id='word_1_181' title='bbox 2761 1277 2782 1305; x_wconf 75' lang='grc' dir='ltr'><strong>ε</strong></span> <span class='ocrx_word' id='word_1_182' title='bbox 2824 1280 2961 1335; x_wconf 91' lang='lat' dir='ltr'><strong>quos</strong></span> <span class='ocrx_word' id='word_1_183' title='bbox 2986 1264 3273 1337; x_wconf 87' lang='lat' dir='ltr'><strong>Apostolus</strong></span> <span class='ocrx_word' id='word_1_184' title='bbox 3295 1266 3564 1323; x_wconf 86' lang='lat' dir='ltr'><strong>sententia</strong></span> <span class='ocrx_word' id='word_1_185' title='bbox 3590 1283 3691 1322; x_wconf 85' lang='lat' dir='ltr'><strong>sua</strong></span> <span class='ocrx_word' id='word_1_186' title='bbox 3711 1283 3813 1341; x_wconf 46' lang='lat' dir='ltr'><strong>no:</strong></span> 
     </span>
    </p>
   </div>
   <div class='ocr_carea' id='block_1_27' title="bbox 2231 1354 3812 1426">
    <p class='ocr_par' dir='ltr' id='par_1_27' title="bbox 2231 1354 3812 1426">
     <span class='ocr_line' id='line_1_27' title="bbox 2231 1354 3812 1426; baseline 0.001 -16"><span class='ocrx_word' id='word_1_187' title='bbox 2231 1356 2331 1426; x_wconf 53' lang='lat' dir='ltr'><strong>tat‘,</strong></span> <span class='ocrx_word' id='word_1_188' title='bbox 2359 1357 2541 1412; x_wconf 88' lang='lat' dir='ltr'><strong>dicens</strong></span> <span class='ocrx_word' id='word_1_189' title='bbox 2569 1375 2581 1411; x_wconf 92' lang='lat'>:</span> <span class='ocrx_word' id='word_1_190' title='bbox 2608 1355 2869 1421; x_wconf 66' lang='lat' dir='ltr'><strong>Quaestum</strong></span> <span class='ocrx_word' id='word_1_191' title='bbox 2896 1357 3154 1411; x_wconf 78' lang='lat' dir='ltr'><strong>testimant</strong></span> <span class='ocrx_word' id='word_1_192' title='bbox 3174 1372 3283 1410; x_wconf 88' lang='lat' dir='ltr'><strong>esse</strong></span> <span class='ocrx_word' id='word_1_193' title='bbox 3313 1356 3559 1425; x_wconf 79' lang='lat' dir='ltr'><strong>pietatem</strong></span> <span class='ocrx_word' id='word_1_194' title='bbox 3585 1354 3641 1421; x_wconf 88' lang='grc'><strong>(1</strong></span> <span class='ocrx_word' id='word_1_195' title='bbox 3672 1355 3812 1414; x_wconf 86' lang='lat' dir='ltr'><strong>Tim.</strong></span> 
     </span>
    </p>
   </div>
   <div class='ocr_carea' id='block_1_28' title="bbox 2232 1430 3811 1517">
    <p class='ocr_par' dir='ltr' id='par_1_28' title="bbox 2232 1430 3811 1517">
     <span class='ocr_line' id='line_1_28' title="bbox 2232 1430 3811 1517; baseline 0.001 -15"><span class='ocrx_word' id='word_1_196' title='bbox 2232 1449 2327 1514; x_wconf 79' lang='lat' dir='ltr'><strong>v1).</strong></span> <span class='ocrx_word' id='word_1_197' title='bbox 2360 1446 2571 1504; x_wconf 84' lang='lat' dir='ltr'><strong>Etcum</strong></span> <span class='ocrx_word' id='word_1_198' title='bbox 2600 1447 2713 1503; x_wconf 72' lang='lat' dir='ltr'><strong>haec</strong></span> <span class='ocrx_word' id='word_1_199' title='bbox 2739 1448 2814 1502; x_wconf 90' lang='lat' dir='ltr'><strong>ita</strong></span> <span class='ocrx_word' id='word_1_200' title='bbox 2841 1448 2968 1515; x_wconf 87' lang='lat' dir='ltr'><strong>sint,</strong></span> <span class='ocrx_word' id='word_1_201' title='bbox 3010 1463 3116 1502; x_wconf 91' lang='lat' dir='ltr'><strong>non</strong></span> <span class='ocrx_word' id='word_1_202' title='bbox 3163 1446 3374 1517; x_wconf 85' lang='lat' dir='ltr'><strong>repellit</strong></span> <span class='ocrx_word' id='word_1_203' title='bbox 3420 1445 3680 1503; x_wconf 86' lang='lat' dir='ltr'><strong>Dominus</strong></span> <span class='ocrx_word' id='word_1_204' title='bbox 3720 1430 3811 1503; x_wconf 63' lang='grc' dir='ltr'>ιιι-ξ</span> 
     </span>
    </p>
   </div>
   <div class='ocr_carea' id='block_1_29' title="bbox 2232 1536 3813 1609">
    <p class='ocr_par' dir='ltr' id='par_1_29' title="bbox 2232 1536 3813 1609">
     <span class='ocr_line' id='line_1_29' title="bbox 2232 1536 3813 1609; baseline -0.001 -17"><span class='ocrx_word' id='word_1_205' title='bbox 2232 1548 2416 1606; x_wconf 81' lang='lat' dir='ltr'><strong>gentes</strong></span> <span class='ocrx_word' id='word_1_206' title='bbox 2460 1538 2545 1592; x_wconf 84' lang='lat' dir='ltr'><strong>vel</strong></span> <span class='ocrx_word' id='word_1_207' title='bbox 2591 1546 2812 1609; x_wconf 87' lang='lat' dir='ltr'><strong>peccata</strong></span> <span class='ocrx_word' id='word_1_208' title='bbox 2860 1553 2984 1602; x_wconf 90' lang='lat' dir='ltr'><strong>sua,</strong></span> <span class='ocrx_word' id='word_1_209' title='bbox 3032 1536 3118 1593; x_wconf 89' lang='lat' dir='ltr'><strong>vel</strong></span> <span class='ocrx_word' id='word_1_210' title='bbox 3162 1538 3441 1607; x_wconf 87' lang='lat' dir='ltr'><strong>mundum,</strong></span> <span class='ocrx_word' id='word_1_211' title='bbox 3485 1538 3578 1607; x_wconf 89' lang='lat' dir='ltr'><strong>qui</strong></span> <span class='ocrx_word' id='word_1_212' title='bbox 3623 1538 3763 1594; x_wconf 73' lang='lat' dir='ltr'><strong>dixit</strong></span> <span class='ocrx_word' id='word_1_213' title='bbox 3792 1555 3813 1591; x_wconf 67' lang='grc' dir='ltr'>ι</span> 
     </span>
    </p>
   </div>
   <div class='ocr_carea' id='block_1_30' title="bbox 2236 1625 3815 1699">
    <p class='ocr_par' dir='ltr' id='par_1_30' title="bbox 2236 1625 3815 1699">
     <span class='ocr_line' id='line_1_30' title="bbox 2236 1625 3815 1699; baseline 0.001 -18"><span class='ocrx_word' id='word_1_214' title='bbox 2236 1625 2377 1681; x_wconf 83' lang='lat' dir='ltr'><strong>Beati</strong></span> <span class='ocrx_word' id='word_1_215' title='bbox 2409 1627 2493 1699; x_wconf 82' lang='lat' dir='ltr'><strong>qui</strong></span> <span class='ocrx_word' id='word_1_216' title='bbox 2532 1626 2721 1698; x_wconf 84' lang='lat' dir='ltr'><strong>lugent,</strong></span> <span class='ocrx_word' id='word_1_217' title='bbox 2756 1627 2997 1697; x_wconf 83' lang='lat' dir='ltr'><strong>quoniam</strong></span> <span class='ocrx_word' id='word_1_218' title='bbox 3024 1627 3123 1696; x_wconf 84' lang='lat' dir='ltr'><strong>ipsi</strong></span> <span class='ocrx_word' id='word_1_219' title='bbox 3158 1625 3560 1683; x_wconf 81' lang='lat' dir='ltr'><strong>consolabuntur</strong></span> <span class='ocrx_word' id='word_1_220' title='bbox 3588 1626 3815 1698; x_wconf 76' lang='lat' dir='ltr'><strong>(Matth.</strong></span> 
     </span>
    </p>
   </div>
   <div class='ocr_carea' id='block_1_31' title="bbox 2233 1715 3815 1790">
    <p class='ocr_par' dir='ltr' id='par_1_31' title="bbox 2233 1715 3815 1790">
     <span class='ocr_line' id='line_1_31' title="bbox 2233 1715 3815 1790; baseline 0.001 -18"><span class='ocrx_word' id='word_1_221' title='bbox 2233 1718 2309 1790; x_wconf 77' lang='grc' dir='ltr'><strong>ν).</strong></span> <span class='ocrx_word' id='word_1_222' title='bbox 2341 1715 2369 1755; x_wconf 75' lang='grc' dir='ltr'>ιι</span> <span class='ocrx_word' id='word_1_223' title='bbox 2398 1718 2514 1773; x_wconf 86' lang='lat' dir='ltr'><strong>Non</strong></span> <span class='ocrx_word' id='word_1_224' title='bbox 2537 1718 2942 1787; x_wconf 77' lang='lat' dir='ltr'><strong>reprehenditur</strong></span> <span class='ocrx_word' id='word_1_225' title='bbox 2968 1718 3076 1787; x_wconf 89' lang='lat' dir='ltr'><strong>ille,</strong></span> <span class='ocrx_word' id='word_1_226' title='bbox 3098 1718 3189 1787; x_wconf 88' lang='lat' dir='ltr'><strong>qui</strong></span> <span class='ocrx_word' id='word_1_227' title='bbox 3211 1716 3411 1773; x_wconf 89' lang='lat' dir='ltr'><strong>dudum</strong></span> <span class='ocrx_word' id='word_1_228' title='bbox 3439 1718 3602 1775; x_wconf 89' lang='lat' dir='ltr'><strong>corde</strong></span> <span class='ocrx_word' id='word_1_229' title='bbox 3620 1717 3815 1787; x_wconf 78' lang='lat' dir='ltr'><strong>devio,</strong></span> 
     </span>
    </p>
   </div>
   <div class='ocr_carea' id='block_1_32' title="bbox 2235 1808 3813 1879">
    <p class='ocr_par' dir='ltr' id='par_1_32' title="bbox 2235 1808 3813 1879">
     <span class='ocr_line' id='line_1_32' title="bbox 2235 1808 3813 1879; baseline -0.001 -13"><span class='ocrx_word' id='word_1_230' title='bbox 2235 1819 2290 1866; x_wconf 91' lang='lat' dir='ltr'><strong>et</strong></span> <span class='ocrx_word' id='word_1_231' title='bbox 2316 1810 2532 1866; x_wconf 87' lang='lat' dir='ltr'><strong>lubricis</strong></span> <span class='ocrx_word' id='word_1_232' title='bbox 2558 1810 2828 1879; x_wconf 85' lang='lat' dir='ltr'><strong>gressibus</strong></span> <span class='ocrx_word' id='word_1_233' title='bbox 2855 1825 2886 1863; x_wconf 92' lang='lat' dir='ltr'><strong>a</strong></span> <span class='ocrx_word' id='word_1_234' title='bbox 2911 1808 3124 1863; x_wconf 86' lang='lat' dir='ltr'><strong>tramite</strong></span> <span class='ocrx_word' id='word_1_235' title='bbox 3148 1808 3334 1865; x_wconf 87' lang='lat' dir='ltr'><strong>salutis</strong></span> <span class='ocrx_word' id='word_1_236' title='bbox 3363 1810 3595 1878; x_wconf 77' lang='lat' dir='ltr'><strong>elapsus,</strong></span> <span class='ocrx_word' id='word_1_237' title='bbox 3625 1808 3813 1871; x_wconf 82' lang='lat' dir='ltr'><strong>rediu-_</strong></span> 
     </span>
    </p>
   </div>
   <div class='ocr_carea' id='block_1_33' title="bbox 559 1892 3811 1968">
    <p class='ocr_par' dir='ltr' id='par_1_33' title="bbox 559 1892 3811 1968">
     <span class='ocr_line' id='line_1_33' title="bbox 559 1892 3811 1968; baseline -0.002 -8"><span class='ocrx_word' id='word_1_238' title='bbox 559 1913 708 1960; x_wconf 89' lang='lat' dir='ltr'><strong>tuum</strong></span> <span class='ocrx_word' id='word_1_239' title='bbox 735 1902 930 1968; x_wconf 84' lang='lat' dir='ltr'><strong>defers,</strong></span> <span class='ocrx_word' id='word_1_240' title='bbox 958 1896 1208 1959; x_wconf 87' lang='lat' dir='ltr'><strong>curillud</strong></span> <span class='ocrx_word' id='word_1_241' title='bbox 1250 1895 1555 1951; x_wconf 89' lang='lat' dir='ltr'><strong>hominibus</strong></span> <span class='ocrx_word' id='word_1_242' title='bbox 1596 1895 1711 1965; x_wconf 87' lang='lat' dir='ltr'><strong>pari</strong></span> <span class='ocrx_word' id='word_1_243' title='bbox 1743 1902 1918 1950; x_wconf 80' lang='lat' dir='ltr'><strong>tecum</strong></span> <span class='ocrx_word' id='word_1_244' title='bbox 1946 1892 2132 1950; x_wconf 85' lang='lat' dir='ltr'><strong>condi-</strong></span> <span class='ocrx_word' id='word_1_245' title='bbox 2162 1900 2206 1960; x_wconf 85' lang='grc' dir='ltr'><strong><em>Β</em></strong></span> <span class='ocrx_word' id='word_1_246' title='bbox 2233 1908 2439 1968; x_wconf 85' lang='lat' dir='ltr'><strong>tegrare</strong></span> <span class='ocrx_word' id='word_1_247' title='bbox 2473 1913 2533 1954; x_wconf 89' lang='lat' dir='ltr'><strong>se</strong></span> <span class='ocrx_word' id='word_1_248' title='bbox 2561 1898 2672 1954; x_wconf 93' lang='lat' dir='ltr'><strong>Deo</strong></span> <span class='ocrx_word' id='word_1_249' title='bbox 2704 1909 2727 1936; x_wconf 78' lang='grc' dir='ltr'>ε</span> <span class='ocrx_word' id='word_1_250' title='bbox 2759 1906 2946 1955; x_wconf 77' lang='lat' dir='ltr'><strong>incesta</strong></span> <span class='ocrx_word' id='word_1_251' title='bbox 2971 1898 3296 1968; x_wconf 75' lang='lat' dir='ltr'><strong>poenitentiae</strong></span> <span class='ocrx_word' id='word_1_252' title='bbox 3320 1897 3687 1955; x_wconf 84' lang='lat' dir='ltr'><strong>satisfactione</strong></span> <span class='ocrx_word' id='word_1_253' title='bbox 3712 1913 3811 1967; x_wconf 45' lang='lat' dir='ltr'><strong>co:</strong></span> 
     </span>
    </p>
   </div>
   <div class='ocr_carea' id='block_1_34' title="bbox 559 1983 2135 2057">
    <p class='ocr_par' dir='ltr' id='par_1_34' title="bbox 559 1983 2135 2057">
     <span class='ocr_line' id='line_1_34' title="bbox 559 1983 2135 2057; baseline -0.007 -7"><span class='ocrx_word' id='word_1_254' title='bbox 559 1996 706 2055; x_wconf 86' lang='lat' dir='ltr'><strong>tione</strong></span> <span class='ocrx_word' id='word_1_255' title='bbox 735 1992 1037 2049; x_wconf 87' lang='lat' dir='ltr'><strong>viventibus</strong></span> <span class='ocrx_word' id='word_1_256' title='bbox 1058 2004 1206 2044; x_wconf 84' lang='lat' dir='ltr'><strong>vanae</strong></span> <span class='ocrx_word' id='word_1_257' title='bbox 1230 1988 1414 2057; x_wconf 82' lang='lat' dir='ltr'><strong>gloriae</strong></span> <span class='ocrx_word' id='word_1_258' title='bbox 1432 1993 1668 2042; x_wconf 85' lang='lat' dir='ltr'><strong>sectator</strong></span> <span class='ocrx_word' id='word_1_259' title='bbox 1685 1986 1962 2041; x_wconf 78' lang='lat' dir='ltr'><strong>ostentas?</strong></span> <span class='ocrx_word' id='word_1_260' title='bbox 1984 1983 2135 2040; x_wconf 87' lang='lat' dir='ltr'><strong>Hanc</strong></span> 
     </span>
    </p>
   </div>
   <div class='ocr_carea' id='block_1_35' title="bbox 558 2075 2135 2150">
    <p class='ocr_par' dir='ltr' id='par_1_35' title="bbox 558 2075 2135 2150">
     <span class='ocr_line' id='line_1_35' title="bbox 558 2075 2135 2150; baseline -0.011 -5"><span class='ocrx_word' id='word_1_261' title='bbox 558 2086 809 2145; x_wconf 85' lang='lat' dir='ltr'><strong>nimirum</strong></span> <span class='ocrx_word' id='word_1_262' title='bbox 837 2082 1034 2147; x_wconf 82' lang='lat' dir='ltr'><strong>Paulus</strong></span> <span class='ocrx_word' id='word_1_263' title='bbox 1070 2079 1348 2150; x_wconf 86' lang='lat' dir='ltr'><strong>apostolus</strong></span> <span class='ocrx_word' id='word_1_264' title='bbox 1384 2087 1601 2133; x_wconf 89' lang='lat' dir='ltr'><strong>secutus</strong></span> <span class='ocrx_word' id='word_1_265' title='bbox 1636 2077 1959 2131; x_wconf 85' lang='lat' dir='ltr'><strong>sententiam</strong></span> <span class='ocrx_word' id='word_1_266' title='bbox 1984 2075 2135 2130; x_wconf 40' lang='lat' dir='ltr'><strong>dices</strong></span> 
     </span>
    </p>
   </div>
   <div class='ocr_carea' id='block_1_36' title="bbox 558 2165 2136 2243">
    <p class='ocr_par' dir='ltr' id='par_1_36' title="bbox 558 2165 2136 2243">
     <span class='ocr_line' id='line_1_36' title="bbox 558 2165 2136 2243; baseline -0.008 -9"><span class='ocrx_word' id='word_1_267' title='bbox 558 2178 651 2234; x_wconf 81' lang='lat' dir='ltr'><strong>bat</strong></span> <span class='ocrx_word' id='word_1_268' title='bbox 683 2194 695 2229; x_wconf 91' lang='lat'><strong>:</strong></span> <span class='ocrx_word' id='word_1_269' title='bbox 721 2173 900 2233; x_wconf 84' lang='lat' dir='ltr'><strong>Nolite</strong></span> <span class='ocrx_word' id='word_1_270' title='bbox 926 2174 1042 2243; x_wconf 78' lang='lat' dir='ltr'><strong>ﬁeri</strong></span> <span class='ocrx_word' id='word_1_271' title='bbox 1074 2171 1248 2226; x_wconf 85' lang='lat' dir='ltr'><strong>inanis</strong></span> <span class='ocrx_word' id='word_1_272' title='bbox 1272 2169 1455 2240; x_wconf 71' lang='lat' dir='ltr'><strong>gloriae</strong></span> <span class='ocrx_word' id='word_1_273' title='bbox 1486 2168 1661 2239; x_wconf 84' lang='lat' dir='ltr'><strong>cupidi</strong></span> <span class='ocrx_word' id='word_1_274' title='bbox 1687 2165 1832 2238; x_wconf 84' lang='lat' dir='ltr'><strong>(Gal.</strong></span> <span class='ocrx_word' id='word_1_275' title='bbox 1852 2165 1949 2237; x_wconf 69' lang='grc' dir='ltr'><strong>τι).</strong></span> <span class='ocrx_word' id='word_1_276' title='bbox 1974 2165 2136 2221; x_wconf 87' lang='lat' dir='ltr'><strong>Inane</strong></span> 
     </span>
    </p>
   </div>
   <div class='ocr_carea' id='block_1_37' title="bbox 559 2255 2138 2331">
    <p class='ocr_par' dir='ltr' id='par_1_37' title="bbox 559 2255 2138 2331">
     <span class='ocr_line' id='line_1_37' title="bbox 559 2255 2138 2331; baseline -0.009 -8"><span class='ocrx_word' id='word_1_277' title='bbox 559 2270 703 2331; x_wconf 84' lang='lat' dir='ltr'><strong>enim</strong></span> <span class='ocrx_word' id='word_1_278' title='bbox 729 2272 814 2321; x_wconf 92' lang='lat' dir='ltr'><strong>est</strong></span> <span class='ocrx_word' id='word_1_279' title='bbox 832 2272 886 2320; x_wconf 89' lang='lat' dir='ltr'><strong>et</strong></span> <span class='ocrx_word' id='word_1_280' title='bbox 909 2278 1105 2318; x_wconf 79' lang='lat' dir='ltr'><strong>vanum</strong></span> <span class='ocrx_word' id='word_1_281' title='bbox 1130 2258 1385 2331; x_wconf 88' lang='lat' dir='ltr'><strong>quidquid</strong></span> <span class='ocrx_word' id='word_1_282' title='bbox 1407 2258 1603 2315; x_wconf 84' lang='lat' dir='ltr'><strong>nullius</strong></span> <span class='ocrx_word' id='word_1_283' title='bbox 1622 2255 1875 2327; x_wconf 86' lang='lat' dir='ltr'><strong>ponderis</strong></span> <span class='ocrx_word' id='word_1_284' title='bbox 1894 2269 1960 2311; x_wconf 88' lang='lat' dir='ltr'><strong>ac</strong></span> <span class='ocrx_word' id='word_1_285' title='bbox 1978 2255 2138 2310; x_wconf 83' lang='lat' dir='ltr'><strong>virtu-</strong></span> 
     </span>
    </p>
   </div>
   <div class='ocr_carea' id='block_1_38' title="bbox 558 2346 2135 2417">
    <p class='ocr_par' dir='ltr' id='par_1_38' title="bbox 558 2346 2135 2417">
     <span class='ocr_line' id='line_1_38' title="bbox 558 2346 2135 2417; baseline -0.007 -3"><span class='ocrx_word' id='word_1_286' title='bbox 558 2360 630 2414; x_wconf 89' lang='lat' dir='ltr'><strong>tis</strong></span> <span class='ocrx_word' id='word_1_287' title='bbox 659 2358 907 2414; x_wconf 88' lang='lat' dir='ltr'><strong>lirmitate</strong></span> <span class='ocrx_word' id='word_1_288' title='bbox 948 2353 1211 2410; x_wconf 88' lang='lat' dir='ltr'><strong>consistit.</strong></span> <span class='ocrx_word' id='word_1_289' title='bbox 1247 2350 1413 2405; x_wconf 86' lang='lat' dir='ltr'><strong>lnane</strong></span> <span class='ocrx_word' id='word_1_290' title='bbox 1458 2358 1541 2405; x_wconf 89' lang='lat' dir='ltr'><strong>est</strong></span> <span class='ocrx_word' id='word_1_291' title='bbox 1577 2347 1719 2417; x_wconf 85' lang='lat' dir='ltr'><strong>quod</strong></span> <span class='ocrx_word' id='word_1_292' title='bbox 1768 2361 1891 2403; x_wconf 87' lang='lat' dir='ltr'><strong>cum</strong></span> <span class='ocrx_word' id='word_1_293' title='bbox 1942 2346 2135 2403; x_wconf 79' lang='lat' dir='ltr'><strong>saeculo</strong></span> 
     </span>
    </p>
   </div>
   <div class='ocr_carea' id='block_1_39' title="bbox 558 2438 2131 2521">
    <p class='ocr_par' dir='ltr' id='par_1_39' title="bbox 558 2438 2131 2521">
     <span class='ocr_line' id='line_1_39' title="bbox 558 2438 2131 2521; baseline -0.01 -16"><span class='ocrx_word' id='word_1_294' title='bbox 558 2452 914 2521; x_wconf 67' lang='lat' dir='ltr'><strong>praetereunte</strong></span> <span class='ocrx_word' id='word_1_295' title='bbox 936 2441 1188 2498; x_wconf 79' lang='lat' dir='ltr'><strong>deﬁciens</strong></span> <span class='ocrx_word' id='word_1_296' title='bbox 1213 2441 1279 2494; x_wconf 89' lang='lat' dir='ltr'><strong>ad</strong></span> <span class='ocrx_word' id='word_1_297' title='bbox 1298 2442 1463 2495; x_wconf 90' lang='lat' dir='ltr'><strong>vitam</strong></span> <span class='ocrx_word' id='word_1_298' title='bbox 1484 2454 1592 2493; x_wconf 89' lang='lat' dir='ltr'><strong>non</strong></span> <span class='ocrx_word' id='word_1_299' title='bbox 1620 2438 1808 2493; x_wconf 88' lang='lat' dir='ltr'><strong>transit</strong></span> <span class='ocrx_word' id='word_1_300' title='bbox 1834 2445 2092 2493; x_wconf 76' lang='lat' dir='ltr'><strong>teternam</strong></span> <span class='ocrx_word' id='word_1_301' title='bbox 2119 2454 2131 2490; x_wconf 91' lang='lat'><strong>:</strong></span> 
     </span>
    </p>
   </div>
   <div class='ocr_carea' id='block_1_40' title="bbox 559 2529 2137 2611">
    <p class='ocr_par' dir='ltr' id='par_1_40' title="bbox 559 2529 2137 2611">
     <span class='ocr_line' id='line_1_40' title="bbox 559 2529 2137 2611; baseline -0.007 -16"><span class='ocrx_word' id='word_1_302' title='bbox 559 2538 819 2611; x_wconf 84' lang='lat' dir='ltr'><strong>quidquid</strong></span> <span class='ocrx_word' id='word_1_303' title='bbox 854 2536 997 2597; x_wconf 85' lang='lat' dir='ltr'><strong>enim</strong></span> <span class='ocrx_word' id='word_1_304' title='bbox 1024 2548 1123 2604; x_wconf 90' lang='lat' dir='ltr'><strong>pro</strong></span> <span class='ocrx_word' id='word_1_305' title='bbox 1160 2531 1361 2587; x_wconf 86' lang='lat' dir='ltr'><strong>carnali</strong></span> <span class='ocrx_word' id='word_1_306' title='bbox 1404 2531 1611 2585; x_wconf 83' lang='lat' dir='ltr'><strong>honore</strong></span> <span class='ocrx_word' id='word_1_307' title='bbox 1652 2529 1925 2582; x_wconf 86' lang='lat' dir='ltr'><strong>laboratur</strong></span> <span class='ocrx_word' id='word_1_308' title='bbox 1952 2543 2137 2585; x_wconf 84' lang='lat' dir='ltr'><strong>corru-</strong></span> 
     </span>
    </p>
   </div>
   <div class='ocr_carea' id='block_1_41' title="bbox 560 2617 2138 2704">
    <p class='ocr_par' dir='ltr' id='par_1_41' title="bbox 560 2617 2138 2704">
     <span class='ocr_line' id='line_1_41' title="bbox 560 2617 2138 2704; baseline -0.008 -17"><span class='ocrx_word' id='word_1_309' title='bbox 560 2631 732 2704; x_wconf 89' lang='lat' dir='ltr'><strong>ptibili</strong></span> <span class='ocrx_word' id='word_1_310' title='bbox 768 2644 888 2685; x_wconf 90' lang='lat' dir='ltr'><strong>cum</strong></span> <span class='ocrx_word' id='word_1_311' title='bbox 915 2640 1076 2683; x_wconf 89' lang='lat' dir='ltr'><strong>carne</strong></span> <span class='ocrx_word' id='word_1_312' title='bbox 1115 2622 1385 2685; x_wconf 80' lang='lat' dir='ltr'><strong>dilabitur,</strong></span> <span class='ocrx_word' id='word_1_313' title='bbox 1418 2630 1474 2676; x_wconf 90' lang='lat' dir='ltr'><strong>ut</strong></span> <span class='ocrx_word' id='word_1_314' title='bbox 1505 2621 1579 2675; x_wconf 88' lang='lat' dir='ltr'><strong>ait</strong></span> <span class='ocrx_word' id='word_1_315' title='bbox 1613 2621 1873 2690; x_wconf 90' lang='lat' dir='ltr'><strong>propheta</strong></span> <span class='ocrx_word' id='word_1_316' title='bbox 1906 2637 1919 2671; x_wconf 91' lang='lat'><strong>:</strong></span> <span class='ocrx_word' id='word_1_317' title='bbox 1955 2617 2138 2674; x_wconf 74' lang='lat' dir='ltr'><strong>Omnis</strong></span> 
     </span>
    </p>
   </div>
   <div class='ocr_carea' id='block_1_42' title="bbox 560 2710 2139 2794">
    <p class='ocr_par' dir='ltr' id='par_1_42' title="bbox 560 2710 2139 2794">
     <span class='ocr_line' id='line_1_42' title="bbox 560 2710 2139 2794; baseline -0.009 -16"><span class='ocrx_word' id='word_1_318' title='bbox 560 2739 682 2785; x_wconf 76' lang='lat' dir='ltr'><strong>caro</strong></span> <span class='ocrx_word' id='word_1_319' title='bbox 717 2723 889 2794; x_wconf 76' lang='lat' dir='ltr'><strong>fenum</strong></span> <span class='ocrx_word' id='word_1_320' title='bbox 922 2727 971 2773; x_wconf 88' lang='lat' dir='ltr'><strong>et</strong></span> <span class='ocrx_word' id='word_1_321' title='bbox 997 2716 1164 2772; x_wconf 85' lang='lat' dir='ltr'><strong>omnis</strong></span> <span class='ocrx_word' id='word_1_322' title='bbox 1192 2714 1359 2788; x_wconf 83' lang='lat' dir='ltr'><strong>gloria</strong></span> <span class='ocrx_word' id='word_1_323' title='bbox 1378 2712 1601 2767; x_wconf 81' lang='lat' dir='ltr'><strong>hominis</strong></span> <span class='ocrx_word' id='word_1_324' title='bbox 1628 2720 1685 2763; x_wconf 87' lang='lat' dir='ltr'><strong>ut</strong></span> <span class='ocrx_word' id='word_1_325' title='bbox 1708 2710 1806 2781; x_wconf 79' lang='lat' dir='ltr'><strong>[los</strong></span> <span class='ocrx_word' id='word_1_326' title='bbox 1832 2710 1973 2782; x_wconf 75' lang='lat' dir='ltr'><strong>feni;</strong></span> <span class='ocrx_word' id='word_1_327' title='bbox 1999 2710 2139 2764; x_wconf 88' lang='lat' dir='ltr'><strong>aruit</strong></span> 
     </span>
    </p>
   </div>
   <div class='ocr_carea' id='block_1_43' title="bbox 562 2795 2136 2886">
    <p class='ocr_par' dir='ltr' id='par_1_43' title="bbox 562 2795 2136 2886">
     <span class='ocr_line' id='line_1_43' title="bbox 562 2795 2136 2886; baseline -0.01 -17"><span class='ocrx_word' id='word_1_328' title='bbox 562 2795 733 2886; x_wconf 62' lang='lat' dir='ltr'><strong>fenum</strong></span> <span class='ocrx_word' id='word_1_329' title='bbox 750 2850 768 2877; x_wconf 89' lang='lat'><strong>,</strong></span> <span class='ocrx_word' id='word_1_330' title='bbox 815 2821 865 2866; x_wconf 88' lang='lat' dir='ltr'><strong>et</strong></span> <span class='ocrx_word' id='word_1_331' title='bbox 902 2809 1000 2879; x_wconf 81' lang='lat' dir='ltr'><strong>ﬂos</strong></span> <span class='ocrx_word' id='word_1_332' title='bbox 1037 2805 1263 2871; x_wconf 76' lang='lat' dir='ltr'><strong>decidit;</strong></span> <span class='ocrx_word' id='word_1_333' title='bbox 1302 2802 1510 2859; x_wconf 81' lang='lat' dir='ltr'><strong>uerbum</strong></span> <span class='ocrx_word' id='word_1_334' title='bbox 1550 2809 1723 2856; x_wconf 86' lang='lat' dir='ltr'><strong>autem</strong></span> <span class='ocrx_word' id='word_1_335' title='bbox 1746 2798 1849 2855; x_wconf 85' lang='lat' dir='ltr'><strong>Dei</strong></span> <span class='ocrx_word' id='word_1_336' title='bbox 1882 2806 2053 2855; x_wconf 80' lang='lat' dir='ltr'><strong>mattet</strong></span> <span class='ocrx_word' id='word_1_337' title='bbox 2081 2802 2136 2854; x_wconf 87' lang='lat' dir='ltr'><strong>in</strong></span> 
     </span>
    </p>
   </div>
   <div class='ocr_carea' id='block_1_44' title="bbox 559 2889 2138 2973">
    <p class='ocr_par' dir='ltr' id='par_1_44' title="bbox 559 2889 2138 2973">
     <span class='ocr_line' id='line_1_44' title="bbox 559 2889 2138 2973; baseline -0.008 -13"><span class='ocrx_word' id='word_1_338' title='bbox 559 2912 811 2961; x_wconf 66' lang='lat' dir='ltr'><strong>sternam</strong></span> <span class='ocrx_word' id='word_1_339' title='bbox 836 2899 996 2973; x_wconf 67' lang='grc' dir='ltr'><strong>(ικαὶ.</strong></span> <span class='ocrx_word' id='word_1_340' title='bbox 1025 2896 1139 2968; x_wconf 67' lang='grc' dir='ltr'><strong>ιι).</strong></span> <span class='ocrx_word' id='word_1_341' title='bbox 1171 2896 1279 2952; x_wconf 82' lang='lat' dir='ltr'><strong>Nec</strong></span> <span class='ocrx_word' id='word_1_342' title='bbox 1325 2906 1626 2966; x_wconf 87' lang='lat' dir='ltr'><strong>possumus,</strong></span> <span class='ocrx_word' id='word_1_343' title='bbox 1659 2889 2006 2957; x_wconf 86' lang='lat' dir='ltr'><strong>dilectissimi,</strong></span> <span class='ocrx_word' id='word_1_344' title='bbox 2036 2905 2138 2962; x_wconf 90' lang='lat' dir='ltr'><strong>pro</strong></span> 
     </span>
    </p>
   </div>
   <div class='ocr_carea' id='block_1_45' title="bbox 560 2980 2137 3060">
    <p class='ocr_par' dir='ltr' id='par_1_45' title="bbox 560 2980 2137 3060">
     <span class='ocr_line' id='line_1_45' title="bbox 560 2980 2137 3060; baseline -0.008 -11"><span class='ocrx_word' id='word_1_345' title='bbox 560 3006 669 3050; x_wconf 88' lang='lat' dir='ltr'><strong>uno</strong></span> <span class='ocrx_word' id='word_1_346' title='bbox 698 2991 993 3060; x_wconf 89' lang='lat' dir='ltr'><strong>eodemque</strong></span> <span class='ocrx_word' id='word_1_347' title='bbox 1021 3002 1206 3059; x_wconf 89' lang='lat' dir='ltr'><strong>opere,</strong></span> <span class='ocrx_word' id='word_1_348' title='bbox 1237 2994 1291 3041; x_wconf 90' lang='lat' dir='ltr'><strong>et</strong></span> <span class='ocrx_word' id='word_1_349' title='bbox 1318 2985 1528 3039; x_wconf 85' lang='lat' dir='ltr'><strong>laudem</strong></span> <span class='ocrx_word' id='word_1_350' title='bbox 1550 2982 1732 3038; x_wconf 89' lang='lat' dir='ltr'><strong>mundi</strong></span> <span class='ocrx_word' id='word_1_351' title='bbox 1755 2980 2023 3039; x_wconf 88' lang='lat' dir='ltr'><strong>adulantis</strong></span> <span class='ocrx_word' id='word_1_352' title='bbox 2043 2996 2137 3036; x_wconf 76' lang='lat' dir='ltr'><strong>ex-</strong></span> 
     </span>
    </p>
   </div>
   <div class='ocr_carea' id='block_1_46' title="bbox 560 3074 2141 3157">
    <p class='ocr_par' dir='ltr' id='par_1_46' title="bbox 560 3074 2141 3157">
     <span class='ocr_line' id='line_1_46' title="bbox 560 3074 2141 3157; baseline -0.009 -15"><span class='ocrx_word' id='word_1_353' title='bbox 560 3090 765 3157; x_wconf 87' lang='lat' dir='ltr'><strong>petere,</strong></span> <span class='ocrx_word' id='word_1_354' title='bbox 794 3090 849 3139; x_wconf 88' lang='lat' dir='ltr'><strong>et</strong></span> <span class='ocrx_word' id='word_1_355' title='bbox 877 3080 1153 3152; x_wconf 84' lang='lat' dir='ltr'><strong>praemium</strong></span> <span class='ocrx_word' id='word_1_356' title='bbox 1178 3078 1301 3132; x_wconf 68' lang='lat' dir='ltr'><strong>vitae</strong></span> <span class='ocrx_word' id='word_1_357' title='bbox 1325 3076 1559 3133; x_wconf 56' lang='lat' dir='ltr'><strong>caelestis</strong></span> <span class='ocrx_word' id='word_1_358' title='bbox 1587 3075 1885 3144; x_wconf 87' lang='lat' dir='ltr'><strong>acquirere.</strong></span> <span class='ocrx_word' id='word_1_359' title='bbox 1915 3074 2022 3129; x_wconf 86' lang='lat' dir='ltr'><strong>Sed</strong></span> <span class='ocrx_word' id='word_1_360' title='bbox 2047 3089 2141 3128; x_wconf 85' lang='lat' dir='ltr'><strong>un-</strong></span> 
     </span>
    </p>
   </div>
   <div class='ocr_carea' id='block_1_47' title="bbox 562 3166 2133 3249">
    <p class='ocr_par' dir='ltr' id='par_1_47' title="bbox 562 3166 2133 3249">
     <span class='ocr_line' id='line_1_47' title="bbox 562 3166 2133 3249; baseline -0.008 -17"><span class='ocrx_word' id='word_1_361' title='bbox 562 3195 640 3249; x_wconf 85' lang='lat' dir='ltr'><strong>ge,</strong></span> <span class='ocrx_word' id='word_1_362' title='bbox 665 3177 759 3242; x_wconf 87' lang='lat' dir='ltr'><strong>ait,</strong></span> <span class='ocrx_word' id='word_1_363' title='bbox 788 3190 903 3229; x_wconf 81' lang='lat' dir='ltr'><strong>cum</strong></span> <span class='ocrx_word' id='word_1_364' title='bbox 917 3173 1145 3246; x_wconf 82' lang='lat' dir='ltr'><strong>jejunus,</strong></span> <span class='ocrx_word' id='word_1_365' title='bbox 1174 3178 1330 3242; x_wconf 82' lang='lat' dir='ltr'><strong>caput</strong></span> <span class='ocrx_word' id='word_1_366' title='bbox 1349 3179 1510 3235; x_wconf 77' lang='lat' dir='ltr'><strong>tuum,</strong></span> <span class='ocrx_word' id='word_1_367' title='bbox 1543 3175 1593 3222; x_wconf 89' lang='lat' dir='ltr'><strong>et</strong></span> <span class='ocrx_word' id='word_1_368' title='bbox 1614 3166 1730 3222; x_wconf 81' lang='lat' dir='ltr'><strong>lava</strong></span> <span class='ocrx_word' id='word_1_369' title='bbox 1759 3167 1943 3239; x_wconf 78' lang='lat' dir='ltr'><strong>{aciem</strong></span> <span class='ocrx_word' id='word_1_370' title='bbox 1971 3173 2133 3220; x_wconf 85' lang='lat' dir='ltr'><strong>tuam.</strong></span> 
     </span>
    </p>
   </div>
   <div class='ocr_carea' id='block_1_48' title="bbox 2234 1983 3808 2060">
    <p class='ocr_par' dir='ltr' id='par_1_48' title="bbox 2234 1983 3808 2060">
     <span class='ocr_line' id='line_1_48' title="bbox 2234 1983 3808 2060; baseline -0.001 -16"><span class='ocrx_word' id='word_1_371' title='bbox 2234 1998 2412 2058; x_wconf 84' lang='lat' dir='ltr'><strong>natur,</strong></span> <span class='ocrx_word' id='word_1_372' title='bbox 2434 1997 2494 2045; x_wconf 88' lang='lat' dir='ltr'><strong>ut</strong></span> <span class='ocrx_word' id='word_1_373' title='bbox 2514 1989 2567 2043; x_wconf 90' lang='lat' dir='ltr'><strong>in</strong></span> <span class='ocrx_word' id='word_1_374' title='bbox 2592 1988 3033 2060; x_wconf 87' lang='lat' dir='ltr'><strong>quinquagesimo</strong></span> <span class='ocrx_word' id='word_1_375' title='bbox 3062 1987 3254 2056; x_wconf 89' lang='lat' dir='ltr'><strong>legitur</strong></span> <span class='ocrx_word' id='word_1_376' title='bbox 3281 1987 3487 2058; x_wconf 85' lang='lat' dir='ltr'><strong>psalmo</strong></span> <span class='ocrx_word' id='word_1_377' title='bbox 3512 2005 3523 2040; x_wconf 90' lang='lat'><strong>:</strong></span> <span class='ocrx_word' id='word_1_378' title='bbox 3549 1983 3652 2042; x_wconf 88' lang='lat' dir='ltr'><strong>Cor</strong></span> <span class='ocrx_word' id='word_1_379' title='bbox 3677 2003 3808 2042; x_wconf 75' lang='lat' dir='ltr'><strong>can-</strong></span> 
     </span>
    </p>
   </div>
   <div class='ocr_carea' id='block_1_49' title="bbox 2235 2073 3823 2151">
    <p class='ocr_par' dir='ltr' id='par_1_49' title="bbox 2235 2073 3823 2151">
     <span class='ocr_line' id='line_1_49' title="bbox 2235 2073 3823 2151; baseline -0.002 -18"><span class='ocrx_word' id='word_1_380' title='bbox 2235 2080 2409 2134; x_wconf 82' lang='lat' dir='ltr'><strong>tritum</strong></span> <span class='ocrx_word' id='word_1_381' title='bbox 2447 2088 2498 2133; x_wconf 87' lang='lat' dir='ltr'><strong>et</strong></span> <span class='ocrx_word' id='word_1_382' title='bbox 2535 2079 2857 2133; x_wconf 83' lang='lat' dir='ltr'><strong>humiliatum</strong></span> <span class='ocrx_word' id='word_1_383' title='bbox 2909 2078 3064 2150; x_wconf 73' lang='lat'><strong>106</strong></span> <span class='ocrx_word' id='word_1_384' title='bbox 3108 2076 3245 2132; x_wconf 84' lang='lat' dir='ltr'><strong>Deus</strong></span> <span class='ocrx_word' id='word_1_385' title='bbox 3287 2093 3391 2131; x_wconf 89' lang='lat' dir='ltr'><strong>non</strong></span> <span class='ocrx_word' id='word_1_386' title='bbox 3436 2076 3653 2147; x_wconf 83' lang='lat' dir='ltr'><strong>spernit.</strong></span> <span class='ocrx_word' id='word_1_387' title='bbox 3691 2073 3823 2151; x_wconf 30' lang='lat' dir='ltr'><strong>Non.</strong></span> 
     </span>
    </p>
   </div>
   <div class='ocr_carea' id='block_1_50' title="bbox 2233 2166 3810 2241">
    <p class='ocr_par' dir='ltr' id='par_1_50' title="bbox 2233 2166 3810 2241">
     <span class='ocr_line' id='line_1_50' title="bbox 2233 2166 3810 2241; baseline -0.003 -15"><span class='ocrx_word' id='word_1_388' title='bbox 2233 2170 2419 2241; x_wconf 89' lang='lat' dir='ltr'><strong>utique</strong></span> <span class='ocrx_word' id='word_1_389' title='bbox 2463 2171 2668 2240; x_wconf 85' lang='lat' dir='ltr'><strong>spernit</strong></span> <span class='ocrx_word' id='word_1_390' title='bbox 2704 2170 2845 2225; x_wconf 90' lang='lat' dir='ltr'><strong>Deus</strong></span> <span class='ocrx_word' id='word_1_391' title='bbox 2886 2180 3130 2229; x_wconf 88' lang='lat' dir='ltr'><strong>sanctum</strong></span> <span class='ocrx_word' id='word_1_392' title='bbox 3164 2184 3474 2237; x_wconf 80' lang='lat' dir='ltr'><strong>mmrorem,</strong></span> <span class='ocrx_word' id='word_1_393' title='bbox 3501 2166 3595 2223; x_wconf 86' lang='lat' dir='ltr'><strong>sed</strong></span> <span class='ocrx_word' id='word_1_394' title='bbox 3638 2166 3657 2205; x_wconf 72' lang='grc' dir='ltr'><em>τ</em></span> <span class='ocrx_word' id='word_1_395' title='bbox 3690 2182 3810 2222; x_wconf 86' lang='lat' dir='ltr'><strong>ser—</strong></span> 
     </span>
    </p>
   </div>
   <div class='ocr_carea' id='block_1_51' title="bbox 2233 2256 3817 2319">
    <p class='ocr_par' dir='ltr' id='par_1_51' title="bbox 2233 2256 3817 2319">
     <span class='ocr_line' id='line_1_51' title="bbox 2233 2256 3817 2319; baseline -0.006 1"><span class='ocrx_word' id='word_1_396' title='bbox 2233 2263 2467 2319; x_wconf 82' lang='lat' dir='ltr'><strong>vientem</strong></span> <span class='ocrx_word' id='word_1_397' title='bbox 2506 2261 2607 2319; x_wconf 86' lang='lat' dir='ltr'><strong>sibi</strong></span> <span class='ocrx_word' id='word_1_398' title='bbox 2637 2262 2896 2318; x_wconf 82' lang='lat' dir='ltr'><strong>artificem</strong></span> <span class='ocrx_word' id='word_1_399' title='bbox 2936 2270 2989 2317; x_wconf 89' lang='lat' dir='ltr'><strong>et</strong></span> <span class='ocrx_word' id='word_1_400' title='bbox 3034 2260 3161 2317; x_wconf 89' lang='lat' dir='ltr'><strong>dolo</strong></span> <span class='ocrx_word' id='word_1_401' title='bbox 3201 2260 3504 2316; x_wconf 88' lang='lat' dir='ltr'><strong>simulatam</strong></span> <span class='ocrx_word' id='word_1_402' title='bbox 3551 2274 3657 2314; x_wconf 90' lang='lat' dir='ltr'><strong>non</strong></span> <span class='ocrx_word' id='word_1_403' title='bbox 3695 2256 3817 2312; x_wconf 89' lang='lat' dir='ltr'><strong>vult</strong></span> 
     </span>
    </p>
   </div>
   <div class='ocr_carea' id='block_1_52' title="bbox 2235 2342 3824 2420">
    <p class='ocr_par' dir='ltr' id='par_1_52' title="bbox 2235 2342 3824 2420">
     <span class='ocr_line' id='line_1_52' title="bbox 2235 2342 3824 2420; baseline -0.005 -11"><span class='ocrx_word' id='word_1_404' title='bbox 2235 2352 2578 2409; x_wconf 85' lang='lat' dir='ltr'><strong>circumferre</strong></span> <span class='ocrx_word' id='word_1_405' title='bbox 2607 2353 2877 2409; x_wconf 87' lang='lat' dir='ltr'><strong>tristitiam</strong></span> <span class='ocrx_word' id='word_1_406' title='bbox 2910 2368 2925 2404; x_wconf 90' lang='lat'><strong>:</strong></span> <span class='ocrx_word' id='word_1_407' title='bbox 2957 2349 3023 2406; x_wconf 90' lang='lat' dir='ltr'><strong>de</strong></span> <span class='ocrx_word' id='word_1_408' title='bbox 3049 2350 3243 2420; x_wconf 90' lang='lat' dir='ltr'><strong>quibus</strong></span> <span class='ocrx_word' id='word_1_409' title='bbox 3269 2349 3344 2404; x_wconf 91' lang='lat' dir='ltr'><strong>ait</strong></span> <span class='ocrx_word' id='word_1_410' title='bbox 3375 2348 3615 2404; x_wconf 85' lang='lat' dir='ltr'><strong>Christus</strong></span> <span class='ocrx_word' id='word_1_411' title='bbox 3642 2348 3711 2402; x_wconf 86' lang='lat' dir='ltr'><strong>ad</strong></span> <span class='ocrx_word' id='word_1_412' title='bbox 3728 2342 3824 2402; x_wconf 51' lang='lat' dir='ltr'><strong>di?</strong></span> 
     </span>
    </p>
   </div>
   <div class='ocr_carea' id='block_1_53' title="bbox 2233 2438 3811 2515">
    <p class='ocr_par' dir='ltr' id='par_1_53' title="bbox 2233 2438 3811 2515">
     <span class='ocr_line' id='line_1_53' title="bbox 2233 2438 3811 2515; baseline -0.005 -15"><span class='ocrx_word' id='word_1_413' title='bbox 2233 2443 2468 2515; x_wconf 84' lang='lat' dir='ltr'><strong>sclpulos</strong></span> <span class='ocrx_word' id='word_1_414' title='bbox 2494 2458 2623 2499; x_wconf 83' lang='lat' dir='ltr'><strong>suos</strong></span> <span class='ocrx_word' id='word_1_415' title='bbox 2656 2462 2669 2495; x_wconf 89' lang='lat'><strong>:</strong></span> <span class='ocrx_word' id='word_1_416' title='bbox 2699 2442 2859 2497; x_wconf 84' lang='lat' dir='ltr'><strong>Amen</strong></span> <span class='ocrx_word' id='word_1_417' title='bbox 2887 2443 3003 2496; x_wconf 88' lang='lat' dir='ltr'><strong>dico</strong></span> <span class='ocrx_word' id='word_1_418' title='bbox 3025 2440 3183 2506; x_wconf 80' lang='lat' dir='ltr'><strong>vobis,</strong></span> <span class='ocrx_word' id='word_1_419' title='bbox 3207 2450 3504 2511; x_wconf 85' lang='lat' dir='ltr'><strong>receperunt</strong></span> <span class='ocrx_word' id='word_1_420' title='bbox 3530 2438 3811 2494; x_wconf 80' lang='lat' dir='ltr'><strong>mercedem</strong></span> 
     </span>
    </p>
   </div>
   <div class='ocr_carea' id='block_1_54' title="bbox 2235 2528 3811 2604">
    <p class='ocr_par' dir='ltr' id='par_1_54' title="bbox 2235 2528 3811 2604">
     <span class='ocr_line' id='line_1_54' title="bbox 2235 2528 3811 2604; baseline -0.006 -14"><span class='ocrx_word' id='word_1_421' title='bbox 2235 2550 2384 2590; x_wconf 82' lang='lat' dir='ltr'><strong>suam</strong></span> <span class='ocrx_word' id='word_1_422' title='bbox 2411 2533 2625 2603; x_wconf 79' lang='lat' dir='ltr'><strong>(Matth.</strong></span> <span class='ocrx_word' id='word_1_423' title='bbox 2645 2532 2742 2604; x_wconf 87' lang='lat' dir='ltr'><strong>v1).</strong></span> <span class='ocrx_word' id='word_1_424' title='bbox 2774 2531 2985 2599; x_wconf 86' lang='lat' dir='ltr'><strong>Quanta</strong></span> <span class='ocrx_word' id='word_1_425' title='bbox 3013 2539 3097 2587; x_wconf 90' lang='lat' dir='ltr'><strong>est</strong></span> <span class='ocrx_word' id='word_1_426' title='bbox 3125 2531 3285 2600; x_wconf 86' lang='lat' dir='ltr'><strong>igitur</strong></span> <span class='ocrx_word' id='word_1_427' title='bbox 3310 2545 3434 2601; x_wconf 88' lang='lat' dir='ltr'><strong>spes</strong></span> <span class='ocrx_word' id='word_1_428' title='bbox 3454 2528 3579 2584; x_wconf 81' lang='lat' dir='ltr'><strong>fidei</strong></span> <span class='ocrx_word' id='word_1_429' title='bbox 3599 2543 3811 2601; x_wconf 76' lang='lat' dir='ltr'><strong>eorum,</strong></span> 
     </span>
    </p>
   </div>
   <div class='ocr_carea' id='block_1_55' title="bbox 2236 2621 3814 2695">
    <p class='ocr_par' dir='ltr' id='par_1_55' title="bbox 2236 2621 3814 2695">
     <span class='ocr_line' id='line_1_55' title="bbox 2236 2621 3814 2695; baseline -0.002 -16"><span class='ocrx_word' id='word_1_430' title='bbox 2236 2625 2322 2679; x_wconf 87' lang='lat' dir='ltr'><strong>vel</strong></span> <span class='ocrx_word' id='word_1_431' title='bbox 2347 2640 2466 2695; x_wconf 77' lang='lat' dir='ltr'><strong>quae</strong></span> <span class='ocrx_word' id='word_1_432' title='bbox 2494 2624 2684 2678; x_wconf 74' lang='lat' dir='ltr'><strong>futura:</strong></span> <span class='ocrx_word' id='word_1_433' title='bbox 2710 2622 3076 2680; x_wconf 86' lang='lat' dir='ltr'><strong>retributionis</strong></span> <span class='ocrx_word' id='word_1_434' title='bbox 3103 2622 3456 2692; x_wconf 87' lang='lat' dir='ltr'><strong>exspectatio,</strong></span> <span class='ocrx_word' id='word_1_435' title='bbox 3477 2621 3567 2690; x_wconf 88' lang='lat' dir='ltr'><strong>qui</strong></span> <span class='ocrx_word' id='word_1_436' title='bbox 3596 2632 3814 2676; x_wconf 84' lang='lat' dir='ltr'><strong>omnem</strong></span> 
     </span>
    </p>
   </div>
   <div class='ocr_carea' id='block_1_56' title="bbox 2235 2700 3828 2787">
    <p class='ocr_par' dir='ltr' id='par_1_56' title="bbox 2235 2700 3828 2787">
     <span class='ocr_line' id='line_1_56' title="bbox 2235 2700 3828 2787; baseline 0.001 -18"><span class='ocrx_word' id='word_1_437' title='bbox 2235 2714 2539 2771; x_wconf 88' lang='lat' dir='ltr'><strong>mercedem</strong></span> <span class='ocrx_word' id='word_1_438' title='bbox 2566 2726 2787 2784; x_wconf 89' lang='lat' dir='ltr'><strong>operum</strong></span> <span class='ocrx_word' id='word_1_439' title='bbox 2814 2726 3037 2769; x_wconf 86' lang='lat' dir='ltr'><strong>suorum</strong></span> <span class='ocrx_word' id='word_1_440' title='bbox 3074 2714 3127 2767; x_wconf 89' lang='lat' dir='ltr'><strong>in</strong></span> <span class='ocrx_word' id='word_1_441' title='bbox 3155 2713 3405 2783; x_wconf 50' lang='lat' dir='ltr'><strong>praesenti</strong></span> <span class='ocrx_word' id='word_1_442' title='bbox 3434 2711 3633 2771; x_wconf 66' lang='lat' dir='ltr'><strong>secqu</strong></span> <span class='ocrx_word' id='word_1_443' title='bbox 3670 2700 3828 2787; x_wconf 47' lang='lat' dir='ltr'><strong>tein:</strong></span> 
     </span>
    </p>
   </div>
   <div class='ocr_carea' id='block_1_57' title="bbox 2234 2800 3823 2876">
    <p class='ocr_par' dir='ltr' id='par_1_57' title="bbox 2234 2800 3823 2876">
     <span class='ocr_line' id='line_1_57' title="bbox 2234 2800 3823 2876; baseline 0.001 -15"><span class='ocrx_word' id='word_1_444' title='bbox 2234 2805 2436 2876; x_wconf 87' lang='lat' dir='ltr'><strong>poralis</strong></span> <span class='ocrx_word' id='word_1_445' title='bbox 2460 2817 2606 2861; x_wconf 77' lang='lat' dir='ltr'><strong>anne</strong></span> <span class='ocrx_word' id='word_1_446' title='bbox 2631 2804 2922 2859; x_wconf 90' lang='lat' dir='ltr'><strong>ambitione</strong></span> <span class='ocrx_word' id='word_1_447' title='bbox 2950 2803 3306 2860; x_wconf 82' lang='lat' dir='ltr'><strong>consumunt?</strong></span> <span class='ocrx_word' id='word_1_448' title='bbox 3328 2800 3396 2857; x_wconf 88' lang='lat' dir='ltr'><strong>Et</strong></span> <span class='ocrx_word' id='word_1_449' title='bbox 3422 2802 3569 2870; x_wconf 88' lang='lat' dir='ltr'><strong>ideo,</strong></span> <span class='ocrx_word' id='word_1_450' title='bbox 3598 2801 3823 2873; x_wconf 68' lang='lat' dir='ltr'><strong>fratres,</strong></span> 
     </span>
    </p>
   </div>
   <div class='ocr_carea' id='block_1_58' title="bbox 2238 2893 3831 2969">
    <p class='ocr_par' dir='ltr' id='par_1_58' title="bbox 2238 2893 3831 2969">
     <span class='ocr_line' id='line_1_58' title="bbox 2238 2893 3831 2969; baseline -0.004 -16"><span class='ocrx_word' id='word_1_451' title='bbox 2238 2896 2553 2969; x_wconf 77' lang='lat' dir='ltr'><strong>inoffensam</strong></span> <span class='ocrx_word' id='word_1_452' title='bbox 2580 2903 2638 2953; x_wconf 86' lang='lat' dir='ltr'><strong>et</strong></span> <span class='ocrx_word' id='word_1_453' title='bbox 2673 2893 2786 2950; x_wconf 90' lang='lat' dir='ltr'><strong>Deo</strong></span> <span class='ocrx_word' id='word_1_454' title='bbox 2813 2894 3063 2966; x_wconf 87' lang='lat' dir='ltr'><strong>placitam</strong></span> <span class='ocrx_word' id='word_1_455' title='bbox 3089 2895 3144 2959; x_wconf 85' lang='lat' dir='ltr'><strong>in</strong></span> <span class='ocrx_word' id='word_1_456' title='bbox 3180 2894 3430 2951; x_wconf 88' lang='lat' dir='ltr'><strong>omnibus</strong></span> <span class='ocrx_word' id='word_1_457' title='bbox 3455 2901 3639 2953; x_wconf 74' lang='lat' dir='ltr'><strong>tenete</strong></span> <span class='ocrx_word' id='word_1_458' title='bbox 3666 2908 3831 2947; x_wconf 74' lang='lat' dir='ltr'><strong>meti--</strong></span> 
     </span>
    </p>
   </div>
   <div class='ocr_carea' id='block_1_59' title="bbox 2235 2981 3823 3057">
    <p class='ocr_par' dir='ltr' id='par_1_59' title="bbox 2235 2981 3823 3057">
     <span class='ocr_line' id='line_1_59' title="bbox 2235 2981 3823 3057; baseline -0.004 -13"><span class='ocrx_word' id='word_1_459' title='bbox 2235 3002 2415 3044; x_wconf 86' lang='lat' dir='ltr'><strong>suram</strong></span> <span class='ocrx_word' id='word_1_460' title='bbox 2447 3005 2462 3041; x_wconf 87' lang='lat'><strong>:</strong></span> <span class='ocrx_word' id='word_1_461' title='bbox 2490 2987 2562 3043; x_wconf 90' lang='lat' dir='ltr'><strong>sit</strong></span> <span class='ocrx_word' id='word_1_462' title='bbox 2585 2986 2729 3057; x_wconf 84' lang='lat' dir='ltr'><strong>apud</strong></span> <span class='ocrx_word' id='word_1_463' title='bbox 2754 3000 2852 3041; x_wconf 90' lang='lat' dir='ltr'><strong>vos</strong></span> <span class='ocrx_word' id='word_1_464' title='bbox 2880 2999 3072 3055; x_wconf 90' lang='lat' dir='ltr'><strong>purum</strong></span> <span class='ocrx_word' id='word_1_465' title='bbox 3096 2983 3377 3052; x_wconf 81' lang='lat' dir='ltr'><strong>jejunium,</strong></span> <span class='ocrx_word' id='word_1_466' title='bbox 3398 2981 3625 3053; x_wconf 78' lang='lat' dir='ltr'><strong>simplex</strong></span> <span class='ocrx_word' id='word_1_467' title='bbox 3656 2983 3823 3037; x_wconf 77' lang='lat' dir='ltr'><strong>mise-</strong></span> 
     </span>
    </p>
   </div>
   <div class='ocr_carea' id='block_1_60' title="bbox 2236 3072 3820 3147">
    <p class='ocr_par' dir='ltr' id='par_1_60' title="bbox 2236 3072 3820 3147">
     <span class='ocr_line' id='line_1_60' title="bbox 2236 3072 3820 3147; baseline -0.004 -13"><span class='ocrx_word' id='word_1_468' title='bbox 2236 3078 2489 3147; x_wconf 85' lang='lat' dir='ltr'><strong>ricordia,</strong></span> <span class='ocrx_word' id='word_1_469' title='bbox 2513 3078 2793 3146; x_wconf 86' lang='lat' dir='ltr'><strong>omnisque</strong></span> <span class='ocrx_word' id='word_1_470' title='bbox 2812 3077 3020 3131; x_wconf 87' lang='lat' dir='ltr'><strong>sincera</strong></span> <span class='ocrx_word' id='word_1_471' title='bbox 3043 3075 3280 3144; x_wconf 90' lang='lat' dir='ltr'><strong>devotio,</strong></span> <span class='ocrx_word' id='word_1_472' title='bbox 3306 3083 3365 3129; x_wconf 89' lang='lat' dir='ltr'><strong>ut</strong></span> <span class='ocrx_word' id='word_1_473' title='bbox 3383 3084 3621 3130; x_wconf 85' lang='lat' dir='ltr'><strong>sanetam</strong></span> <span class='ocrx_word' id='word_1_474' title='bbox 3650 3072 3820 3128; x_wconf 86' lang='lat' dir='ltr'><strong>vitam</strong></span> 
     </span>
    </p>
   </div>
   <div class='ocr_carea' id='block_1_61' title="bbox 2237 3160 3822 3239">
    <p class='ocr_par' dir='ltr' id='par_1_61' title="bbox 2237 3160 3822 3239">
     <span class='ocr_line' id='line_1_61' title="bbox 2237 3160 3822 3239; baseline 0.001 -20"><span class='ocrx_word' id='word_1_475' title='bbox 2237 3176 2472 3223; x_wconf 84' lang='lat' dir='ltr'><strong>vestram</strong></span> <span class='ocrx_word' id='word_1_476' title='bbox 2501 3167 2808 3236; x_wconf 83' lang='lat' dir='ltr'><strong>evangelica</strong></span> <span class='ocrx_word' id='word_1_477' title='bbox 2839 3165 3174 3223; x_wconf 88' lang='lat' dir='ltr'><strong>institutione</strong></span> <span class='ocrx_word' id='word_1_478' title='bbox 3202 3162 3491 3239; x_wconf 88' lang='lat' dir='ltr'><strong>perfectam</strong></span> <span class='ocrx_word' id='word_1_479' title='bbox 3532 3164 3692 3238; x_wconf 80' lang='lat' dir='ltr'><strong>plena</strong></span> <span class='ocrx_word' id='word_1_480' title='bbox 3722 3160 3822 3221; x_wconf 84' lang='lat' dir='ltr'><strong>Dei</strong></span> 
     </span>
    </p>
   </div>
   <div class='ocr_carea' id='block_1_62' title="bbox 565 3253 3102 3338">
    <p class='ocr_par' dir='ltr' id='par_1_62' title="bbox 565 3253 3102 3338">
     <span class='ocr_line' id='line_1_62' title="bbox 565 3253 3102 3338; baseline -0.003 -17"><span class='ocrx_word' id='word_1_481' title='bbox 565 3265 726 3338; x_wconf 82' lang='lat' dir='ltr'><strong>Ungit</strong></span> <span class='ocrx_word' id='word_1_482' title='bbox 759 3278 945 3323; x_wconf 88' lang='lat' dir='ltr'><strong>revera</strong></span> <span class='ocrx_word' id='word_1_483' title='bbox 975 3262 1149 3320; x_wconf 91' lang='lat' dir='ltr'><strong>omnis</strong></span> <span class='ocrx_word' id='word_1_484' title='bbox 1176 3260 1403 3317; x_wconf 89' lang='lat' dir='ltr'><strong>devotus</strong></span> <span class='ocrx_word' id='word_1_485' title='bbox 1431 3266 1590 3331; x_wconf 84' lang='lat' dir='ltr'><strong>caput</strong></span> <span class='ocrx_word' id='word_1_486' title='bbox 1624 3272 1803 3327; x_wconf 88' lang='lat' dir='ltr'><strong>suum,</strong></span> <span class='ocrx_word' id='word_1_487' title='bbox 1823 3255 1975 3327; x_wconf 88' lang='lat' dir='ltr'><strong>cujus</strong></span> <span class='ocrx_word' id='word_1_488' title='bbox 2002 3257 2131 3313; x_wconf 88' lang='lat' dir='ltr'><strong>reli-</strong></span> <span class='ocrx_word' id='word_1_489' title='bbox 2160 3253 2208 3318; x_wconf 88' lang='lat' dir='ltr'><strong>C</strong></span> <span class='ocrx_word' id='word_1_490' title='bbox 2236 3259 2409 3315; x_wconf 85' lang='lat' dir='ltr'><strong>nostri</strong></span> <span class='ocrx_word' id='word_1_491' title='bbox 2432 3258 2712 3315; x_wconf 88' lang='lat' dir='ltr'><strong>retributio</strong></span> <span class='ocrx_word' id='word_1_492' title='bbox 2729 3265 3102 3330; x_wconf 75' lang='lat' dir='ltr'><strong>proseqmttur.</strong></span> 
     </span>
    </p>
   </div>
   <div class='ocr_carea' id='block_1_63' title="bbox 1820 3391 2553 3457">
    <p class='ocr_par' dir='ltr' id='par_1_63' title="bbox 1820 3391 2553 3457">
     <span class='ocr_line' id='line_1_63' title="bbox 1820 3391 2553 3457; baseline -0.001 -3"><span class='ocrx_word' id='word_1_493' title='bbox 1820 3391 2168 3457; x_wconf 80' lang='lat' dir='ltr'><strong>HOMILIA</strong></span> <span class='ocrx_word' id='word_1_494' title='bbox 2219 3392 2553 3455; x_wconf 79' lang='lat' dir='ltr'><strong>XXXVII.</strong></span> 
     </span>
    </p>
   </div>
   <div class='ocr_carea' id='block_1_64' title="bbox 1768 3507 2606 3583">
    <p class='ocr_par' dir='ltr' id='par_1_64' title="bbox 1768 3507 2606 3583">
     <span class='ocr_line' id='line_1_64' title="bbox 1768 3507 2606 3583; baseline 0 -19"><span class='ocrx_word' id='word_1_495' title='bbox 1768 3509 1849 3565; x_wconf 83' lang='lat' dir='ltr'><strong>De</strong></span> <span class='ocrx_word' id='word_1_496' title='bbox 1865 3510 2067 3583; x_wconf 81' lang='lat' dir='ltr'><strong>jejunio</strong></span> <span class='ocrx_word' id='word_1_497' title='bbox 2096 3509 2523 3583; x_wconf 72' lang='lat' dir='ltr'><strong>Quadragesima:</strong></span> <span class='ocrx_word' id='word_1_498' title='bbox 2555 3507 2606 3564; x_wconf 84' lang='grc' dir='ltr'><strong>Ι.</strong></span> 
     </span>
    </p>
   </div>
   <div class='ocr_carea' id='block_1_65' title="bbox 1993 3620 2381 3678">
    <p class='ocr_par' dir='ltr' id='par_1_65' title="bbox 1993 3620 2381 3678">
     <span class='ocr_line' id='line_1_65' title="bbox 1993 3620 2381 3678; baseline -0.003 -1"><span class='ocrx_word' id='word_1_499' title='bbox 1993 3620 2381 3678; x_wconf 79' lang='lat' dir='ltr'><strong>ADMONITIO.</strong></span> 
     </span>
    </p>
   </div>
   <div class='ocr_carea' id='block_1_66' title="bbox 631 3730 3821 3808">
    <p class='ocr_par' dir='ltr' id='par_1_66' title="bbox 631 3730 3821 3808">
     <span class='ocr_line' id='line_1_66' title="bbox 631 3730 3821 3808; baseline -0.002 -7"><span class='ocrx_word' id='word_1_500' title='bbox 631 3745 781 3801; x_wconf 77' lang='lat' dir='ltr'><strong>Hanc</strong></span> <span class='ocrx_word' id='word_1_501' title='bbox 824 3744 1098 3801; x_wconf 86' lang='lat' dir='ltr'><strong>homillam</strong></span> <span class='ocrx_word' id='word_1_502' title='bbox 1141 3741 1422 3797; x_wconf 84' lang='lat' dir='ltr'><strong>recitatam</strong></span> <span class='ocrx_word' id='word_1_503' title='bbox 1460 3736 1625 3795; x_wconf 88' lang='lat' dir='ltr'><strong>fuisse</strong></span> <span class='ocrx_word' id='word_1_504' title='bbox 1650 3734 2001 3808; x_wconf 71' lang='lat' dir='ltr'><strong>indomiuica</strong></span> <span class='ocrx_word' id='word_1_505' title='bbox 2024 3734 2195 3808; x_wconf 83' lang='lat' dir='ltr'><strong>prima</strong></span> <span class='ocrx_word' id='word_1_506' title='bbox 2219 3731 2667 3808; x_wconf 73' lang='lat' dir='ltr'><strong>Quadragesimte,</strong></span> <span class='ocrx_word' id='word_1_507' title='bbox 2692 3749 2762 3791; x_wconf 78' lang='lat' dir='ltr'><strong>ex</strong></span> <span class='ocrx_word' id='word_1_508' title='bbox 2804 3730 3095 3808; x_wconf 75' lang='lat' dir='ltr'><strong>Evangelia</strong></span> <span class='ocrx_word' id='word_1_509' title='bbox 3135 3734 3326 3808; x_wconf 75' lang='lat' dir='ltr'><strong>Matth.</strong></span> <span class='ocrx_word' id='word_1_510' title='bbox 3354 3751 3476 3808; x_wconf 90' lang='lat' dir='ltr'><strong>cap.</strong></span> <span class='ocrx_word' id='word_1_511' title='bbox 3507 3752 3579 3802; x_wconf 80' lang='lat' dir='ltr'><strong>tv,</strong></span> <span class='ocrx_word' id='word_1_512' title='bbox 3608 3739 3761 3808; x_wconf 79' lang='lat' dir='ltr'><strong>quod</strong></span> <span class='ocrx_word' id='word_1_513' title='bbox 3784 3754 3821 3795; x_wconf 79' lang='grc' dir='ltr'>ι</span> 
     </span>
    </p>
   </div>
   <div class='ocr_carea' id='block_1_67' title="bbox 562 3804 3824 3882">
    <p class='ocr_par' dir='ltr' id='par_1_67' title="bbox 562 3804 3824 3882">
     <span class='ocr_line' id='line_1_67' title="bbox 562 3804 3824 3882; baseline -0.002 -11"><span class='ocrx_word' id='word_1_514' title='bbox 562 3816 620 3872; x_wconf 84' lang='lat' dir='ltr'><strong>S.</strong></span> <span class='ocrx_word' id='word_1_515' title='bbox 646 3815 879 3869; x_wconf 76' lang='lat' dir='ltr'><strong>Maximo</strong></span> <span class='ocrx_word' id='word_1_516' title='bbox 906 3811 1341 3882; x_wconf 87' lang='lat' dir='ltr'><strong>eloquentissima</strong></span> <span class='ocrx_word' id='word_1_517' title='bbox 1361 3809 1695 3882; x_wconf 69' lang='lat' dir='ltr'><strong>expositione</strong></span> <span class='ocrx_word' id='word_1_518' title='bbox 1719 3804 2044 3882; x_wconf 49' lang='lat' dir='ltr'><strong>illustratur;</strong></span> <span class='ocrx_word' id='word_1_519' title='bbox 2076 3804 2208 3859; x_wconf 90' lang='lat' dir='ltr'><strong>satis</strong></span> <span class='ocrx_word' id='word_1_520' title='bbox 2250 3811 2420 3882; x_wconf 76' lang='lat' dir='ltr'><strong>patet.</strong></span> <span class='ocrx_word' id='word_1_521' title='bbox 2446 3804 2632 3882; x_wconf 74' lang='lat' dir='ltr'><strong>Nullus</strong></span> <span class='ocrx_word' id='word_1_522' title='bbox 2657 3813 2835 3882; x_wconf 77' lang='lat' dir='ltr'><strong>tamen</strong></span> <span class='ocrx_word' id='word_1_523' title='bbox 2856 3804 3034 3882; x_wconf 63' lang='lat' dir='ltr'><strong>plures</strong></span> <span class='ocrx_word' id='word_1_524' title='bbox 3060 3807 3199 3882; x_wconf 65' lang='lat' dir='ltr'><strong>inter</strong></span> <span class='ocrx_word' id='word_1_525' title='bbox 3221 3804 3441 3882; x_wconf 74' lang='lat' dir='ltr'><strong>codices</strong></span> <span class='ocrx_word' id='word_1_526' title='bbox 3467 3824 3597 3864; x_wconf 88' lang='lat' dir='ltr'><strong>mss.</strong></span> <span class='ocrx_word' id='word_1_527' title='bbox 3623 3804 3824 3865; x_wconf 64' lang='lat' dir='ltr'><strong>Sancto</strong></span> 
     </span>
    </p>
   </div>
   <div class='ocr_carea' id='block_1_68' title="bbox 561 3870 3052 3942">
    <p class='ocr_par' dir='ltr' id='par_1_68' title="bbox 561 3870 3052 3942">
     <span class='ocr_line' id='line_1_68' title="bbox 561 3870 3052 3942; baseline -0.004 -2"><span class='ocrx_word' id='word_1_528' title='bbox 561 3870 787 3940; x_wconf 80' lang='lat' dir='ltr'><strong>antistiti</strong></span> <span class='ocrx_word' id='word_1_529' title='bbox 825 3897 943 3936; x_wconf 88' lang='lat' dir='ltr'><strong>eam</strong></span> <span class='ocrx_word' id='word_1_530' title='bbox 982 3870 1283 3935; x_wconf 70' lang='lat' dir='ltr'><strong>asserentes</strong></span> <span class='ocrx_word' id='word_1_531' title='bbox 1323 3870 1549 3931; x_wconf 62' lang='lat' dir='ltr'><strong>snh&#39;illa</strong></span> <span class='ocrx_word' id='word_1_532' title='bbox 1576 3875 1663 3929; x_wconf 91' lang='lat' dir='ltr'><strong>die</strong></span> <span class='ocrx_word' id='word_1_533' title='bbox 1689 3872 1872 3939; x_wconf 87' lang='lat' dir='ltr'><strong>refert,</strong></span> <span class='ocrx_word' id='word_1_534' title='bbox 1902 3873 1997 3942; x_wconf 85' lang='lat' dir='ltr'><strong>sed</strong></span> <span class='ocrx_word' id='word_1_535' title='bbox 2022 3874 2132 3928; x_wconf 90' lang='lat' dir='ltr'><strong>fere</strong></span> <span class='ocrx_word' id='word_1_536' title='bbox 2153 3870 2339 3942; x_wconf 80' lang='lat' dir='ltr'><strong>omnes</strong></span> <span class='ocrx_word' id='word_1_537' title='bbox 2365 3872 2659 3942; x_wconf 89' lang='lat' dir='ltr'><strong>simplicem</strong></span> <span class='ocrx_word' id='word_1_538' title='bbox 2685 3870 2896 3930; x_wconf 81' lang='lat' dir='ltr'><strong>titulum</strong></span> <span class='ocrx_word' id='word_1_539' title='bbox 2928 3893 2943 3929; x_wconf 89' lang='lat'><strong>:</strong></span> <span class='ocrx_word' id='word_1_540' title='bbox 2972 3870 3052 3930; x_wconf 88' lang='lat' dir='ltr'><strong>De</strong></span> 
     </span>
    </p>
   </div>
   <div class='ocr_carea' id='block_1_69' title="bbox 3083 3873 3817 3947">
    <p class='ocr_par' dir='ltr' id='par_1_69' title="bbox 3083 3873 3817 3947">
     <span class='ocr_line' id='line_1_69' title="bbox 3083 3873 3817 3947; baseline 0.005 -17"><span class='ocrx_word' id='word_1_541' title='bbox 3083 3873 3487 3947; x_wconf 83' lang='lat' dir='ltr'><strong>Quadragesima</strong></span> <span class='ocrx_word' id='word_1_542' title='bbox 3514 3887 3817 3947; x_wconf 77' lang='lat' dir='ltr'><strong>apponunt.</strong></span> 
     </span>
    </p>
   </div>
   <div class='ocr_carea' id='block_1_70' title="bbox 562 3940 3824 4024">
    <p class='ocr_par' dir='ltr' id='par_1_70' title="bbox 562 3940 3824 4024">
     <span class='ocr_line' id='line_1_70' title="bbox 562 3940 3824 4024; baseline -0.001 -17"><span class='ocrx_word' id='word_1_543' title='bbox 562 3952 875 4024; x_wconf 67' lang='lat' dir='ltr'><strong>llujusmodj</strong></span> <span class='ocrx_word' id='word_1_544' title='bbox 900 3957 1026 4024; x_wconf 70' lang='lat' dir='ltr'><strong>sunt</strong></span> <span class='ocrx_word' id='word_1_545' title='bbox 1051 3949 1159 4024; x_wconf 84' lang='lat' dir='ltr'><strong>duo</strong></span> <span class='ocrx_word' id='word_1_546' title='bbox 1186 3946 1416 4024; x_wconf 82' lang='lat' dir='ltr'><strong>codices,</strong></span> <span class='ocrx_word' id='word_1_547' title='bbox 1438 3944 1729 3999; x_wconf 86' lang='lat' dir='ltr'><strong>Vaticanus</strong></span> <span class='ocrx_word' id='word_1_548' title='bbox 1756 3958 1897 4024; x_wconf 62' lang='lat' dir='ltr'><strong>unus</strong></span> <span class='ocrx_word' id='word_1_549' title='bbox 1935 3940 2092 4024; x_wconf 57' lang='grc' dir='ltr'><strong>1ᾷ6ξ,</strong></span> <span class='ocrx_word' id='word_1_550' title='bbox 2136 3956 2260 4024; x_wconf 74' lang='lat' dir='ltr'><strong>pag.</strong></span> <span class='ocrx_word' id='word_1_551' title='bbox 2305 3940 2564 4024; x_wconf 41' lang='lat' dir='ltr'><strong>5.7,.‘alter</strong></span> <span class='ocrx_word' id='word_1_552' title='bbox 2604 3943 2924 4024; x_wconf 45' lang='lat' dir='ltr'><strong>cod..Vati_c.</strong></span> <span class='ocrx_word' id='word_1_553' title='bbox 2966 3940 3240 4024; x_wconf 86' lang='lat' dir='ltr'><strong>Palatinus</strong></span> <span class='ocrx_word' id='word_1_554' title='bbox 3275 3940 3407 4024; x_wconf 55' lang='grc' dir='ltr'><strong>ἰξῷ,</strong></span> <span class='ocrx_word' id='word_1_555' title='bbox 3441 3940 3693 4024; x_wconf 39' lang='lat' dir='ltr'><strong>pagg-7Q,</strong></span> <span class='ocrx_word' id='word_1_556' title='bbox 3722 3948 3824 4018; x_wconf 72' lang='lat' dir='ltr'><strong>qui</strong></span> 
     </span>
    </p>
   </div>
   <div class='ocr_carea' id='block_1_71' title="bbox 561 4008 3400 4085">
    <p class='ocr_par' dir='ltr' id='par_1_71' title="bbox 561 4008 3400 4085">
     <span class='ocr_line' id='line_1_71' title="bbox 561 4008 3400 4085; baseline -0.002 -10"><span class='ocrx_word' id='word_1_557' title='bbox 561 4008 760 4077; x_wconf 72' lang='lat' dir='ltr'><strong>habent</strong></span> <span class='ocrx_word' id='word_1_558' title='bbox 791 4037 803 4073; x_wconf 76' lang='grc' dir='ltr'>ε</span> <span class='ocrx_word' id='word_1_559' title='bbox 835 4019 914 4073; x_wconf 88' lang='lat' dir='ltr'><strong>De</strong></span> <span class='ocrx_word' id='word_1_560' title='bbox 959 4017 1369 4085; x_wconf 82' lang='lat' dir='ltr'><strong>Quadragesima</strong></span> <span class='ocrx_word' id='word_1_561' title='bbox 1402 4008 1576 4085; x_wconf 69' lang='lat' dir='ltr'><strong>sermo</strong></span> <span class='ocrx_word' id='word_1_562' title='bbox 1624 4011 2062 4085; x_wconf 33' lang='lat' dir='ltr'><strong>sanctiAMaximi</strong></span> <span class='ocrx_word' id='word_1_563' title='bbox 2108 4008 2351 4085; x_wconf 70' lang='lat' dir='ltr'><strong>episcopi.</strong></span> <span class='ocrx_word' id='word_1_564' title='bbox 2386 4008 2604 4085; x_wconf 87' lang='lat' dir='ltr'><strong>_E_adem</strong></span> <span class='ocrx_word' id='word_1_565' title='bbox 2649 4014 2943 4085; x_wconf 75' lang='lat' dir='ltr'><strong>epigrapbe</strong></span> <span class='ocrx_word' id='word_1_566' title='bbox 2979 4023 3201 4085; x_wconf 78' lang='lat' dir='ltr'><strong>utuntur</strong></span> <span class='ocrx_word' id='word_1_567' title='bbox 3242 4008 3400 4075; x_wconf 71' lang='lat' dir='ltr'><strong>codd.</strong></span> 
     </span>
    </p>
   </div>
   <div class='ocr_carea' id='block_1_72' title="bbox 1140 4030 2670 4156">
    <p class='ocr_par' dir='ltr' id='par_1_72' title="bbox 1140 4030 2670 4156">
     <span class='ocr_line' id='line_1_72' title="bbox 1140 4030 2670 4082; baseline 0 -14"><span class='ocrx_word' id='word_1_568' title='bbox 1140 4032 1171 4068; x_wconf 82' lang='grc' dir='ltr'>α</span> <span class='ocrx_word' id='word_1_569' title='bbox 1208 4030 1369 4070; x_wconf 74' lang='lat' dir='ltr'><strong>esima</strong></span> <span class='ocrx_word' id='word_1_570' title='bbox 1409 4031 1434 4069; x_wconf 89' lang='lat' dir='ltr'><strong>s</strong></span> <span class='ocrx_word' id='word_1_571' title='bbox 1546 4031 1576 4068; x_wconf 87' lang='grc' dir='ltr'><strong>ο</strong></span> <span class='ocrx_word' id='word_1_572' title='bbox 1624 4030 1791 4068; x_wconf 77' lang='lat' dir='ltr'><strong>sancti</strong></span> <span class='ocrx_word' id='word_1_573' title='bbox 1839 4030 2062 4068; x_wconf 65' lang='lat' dir='ltr'><strong>maxine:</strong></span> <span class='ocrx_word' id='word_1_574' title='bbox 2108 4030 2351 4082; x_wconf 76' lang='lat' dir='ltr'><strong>episcopi.</strong></span> <span class='ocrx_word' id='word_1_575' title='bbox 2405 4030 2604 4067; x_wconf 71' lang='lat' dir='ltr'><strong>nauem</strong></span> <span class='ocrx_word' id='word_1_576' title='bbox 2649 4030 2670 4068; x_wconf 75' lang='grc' dir='ltr'>ε</span> 
     </span>
     <span class='ocr_line' id='line_1_73' title="bbox 1140 4030 2670 4156; baseline -0.002 -16"><span class='ocrx_word' id='word_1_577' title='bbox 1140 4030 1587 4156; x_wconf 42' lang='grc' dir='ltr'><strong>Νζναῑίεηεῧὶῖ,</strong></span> <span class='ocrx_word' id='word_1_578' title='bbox 1613 4094 1735 4156; x_wconf 74' lang='lat' dir='ltr'><strong>pag.</strong></span> <span class='ocrx_word' id='word_1_579' title='bbox 1766 4079 1889 4156; x_wconf 49' lang='lat'><strong>204,</strong></span> <span class='ocrx_word' id='word_1_580' title='bbox 1914 4081 2307 4156; x_wconf 71' lang='lat' dir='ltr'><strong>Laurentianus</strong></span> <span class='ocrx_word' id='word_1_581' title='bbox 2329 4079 2535 4156; x_wconf 57' lang='lat' dir='ltr'><strong>t,_lflut_._</strong></span> <span class='ocrx_word' id='word_1_582' title='bbox 2549 4098 2670 4156; x_wconf 56' lang='grc' dir='ltr'><strong>ξίν,</strong></span> 
     </span>
    </p>
   </div>
   <div class='ocr_carea' id='block_1_73' title="bbox 561 4086 1117 4159">
    <p class='ocr_par' dir='ltr' id='par_1_73' title="bbox 561 4086 1117 4159">
     <span class='ocr_line' id='line_1_74' title="bbox 561 4086 1117 4159; baseline -0.009 -15"><span class='ocrx_word' id='word_1_583' title='bbox 561 4099 695 4159; x_wconf 88' lang='lat' dir='ltr'><strong>tom.</strong></span> <span class='ocrx_word' id='word_1_584' title='bbox 717 4088 808 4155; x_wconf 79' lang='lat' dir='ltr'><strong>XI,</strong></span> <span class='ocrx_word' id='word_1_585' title='bbox 838 4102 960 4159; x_wconf 89' lang='lat' dir='ltr'><strong>pag.</strong></span> <span class='ocrx_word' id='word_1_586' title='bbox 994 4086 1117 4154; x_wconf 83' lang='lat' dir='ltr'><strong>l75,</strong></span> 
     </span>
    </p>
   </div>
   <div class='ocr_carea' id='block_1_74' title="bbox 559 4148 2696 4235">
    <p class='ocr_par' dir='ltr' id='par_1_74' title="bbox 559 4148 2696 4235">
     <span class='ocr_line' id='line_1_75' title="bbox 559 4148 2696 4235; baseline -0.002 -22"><span class='ocrx_word' id='word_1_587' title='bbox 559 4167 617 4235; x_wconf 74' lang='lat' dir='ltr'><strong>et</strong></span> <span class='ocrx_word' id='word_1_588' title='bbox 642 4148 984 4235; x_wconf 65' lang='lat' dir='ltr'><strong>Taurinlmsis</strong></span> <span class='ocrx_word' id='word_1_589' title='bbox 1022 4148 1172 4235; x_wconf 74' lang='lat' dir='ltr'><strong>num.</strong></span> <span class='ocrx_word' id='word_1_590' title='bbox 1205 4155 1272 4209; x_wconf 85' lang='lat' dir='ltr'><strong>l7</strong></span> <span class='ocrx_word' id='word_1_591' title='bbox 1308 4148 1640 4235; x_wconf 73' lang='lat' dir='ltr'><strong>_Sermonuu_i_</strong></span> <span class='ocrx_word' id='word_1_592' title='bbox 1662 4148 1743 4208; x_wconf 84' lang='lat' dir='ltr'><strong>De</strong></span> <span class='ocrx_word' id='word_1_593' title='bbox 1771 4148 2202 4235; x_wconf 36' lang='lat' dir='ltr'><strong>Qua-dragesii‘na.</strong></span> <span class='ocrx_word' id='word_1_594' title='bbox 2233 4151 2329 4235; x_wconf 50' lang='lat' dir='ltr'><strong>&#39;Ab</strong></span> <span class='ocrx_word' id='word_1_595' title='bbox 2367 4151 2453 4233; x_wconf 78' lang='lat' dir='ltr'><strong>his</strong></span> <span class='ocrx_word' id='word_1_596' title='bbox 2487 4148 2696 4234; x_wconf 65' lang='lat' dir='ltr'><strong>differor</strong></span> 
     </span>
    </p>
   </div>
   <div class='ocr_carea' id='block_1_75' title="bbox 561 4223 2068 4296">
    <p class='ocr_par' dir='ltr' id='par_1_75' title="bbox 561 4223 2068 4296">
     <span class='ocr_line' id='line_1_76' title="bbox 561 4223 2068 4296; baseline -0.003 -13"><span class='ocrx_word' id='word_1_597' title='bbox 561 4228 1024 4293; x_wconf 84' lang='lat' dir='ltr'><strong>Camberonensis,</strong></span> <span class='ocrx_word' id='word_1_598' title='bbox 1050 4226 1141 4296; x_wconf 89' lang='lat' dir='ltr'><strong>qui</strong></span> <span class='ocrx_word' id='word_1_599' title='bbox 1170 4225 1415 4283; x_wconf 90' lang='lat' dir='ltr'><strong>eamdem</strong></span> <span class='ocrx_word' id='word_1_600' title='bbox 1456 4223 1733 4296; x_wconf 79' lang='lat' dir='ltr'><strong>homiliam</strong></span> <span class='ocrx_word' id='word_1_601' title='bbox 1761 4224 1841 4296; x_wconf 82' lang='lat' dir='ltr'><strong>De</strong></span> <span class='ocrx_word' id='word_1_602' title='bbox 1863 4223 2068 4296; x_wconf 76' lang='lat' dir='ltr'><strong>jejunio</strong></span> 
     </span>
    </p>
   </div>
   <div class='ocr_carea' id='block_1_76' title="bbox 3487 4019 3827 4074">
    <p class='ocr_par' dir='ltr' id='par_1_76' title="bbox 3487 4019 3827 4074">
     <span class='ocr_line' id='line_1_77' title="bbox 3487 4019 3827 4074; baseline -0.003 0"><span class='ocrx_word' id='word_1_603' title='bbox 3487 4019 3827 4074; x_wconf 70' lang='lat' dir='ltr'><strong>allicellanus</strong></span> 
     </span>
    </p>
   </div>
   <div class='ocr_carea' id='block_1_77' title="bbox 2696 4082 3830 4225">
    <p class='ocr_par' dir='ltr' id='par_1_77' title="bbox 2696 4082 3830 4225">
     <span class='ocr_line' id='line_1_78' title="bbox 2696 4082 3830 4225; baseline -0.011 0"><span class='ocrx_word' id='word_1_604' title='bbox 2696 4082 3375 4225; x_wconf 50' lang='lat' dir='ltr'><strong>sussemet</strong></span> 
     </span>
    </p>
   </div>
   <div class='ocr_carea' id='block_1_78' title="bbox 2001 4218 3831 4304">
    <p class='ocr_par' dir='ltr' id='par_1_78' title="bbox 2001 4218 3831 4304">
     <span class='ocr_line' id='line_1_79' title="bbox 2001 4218 3831 4304; baseline 0.003 -28"><span class='ocrx_word' id='word_1_605' title='bbox 2001 4218 2069 4304; x_wconf 62' lang='lat' dir='ltr'><strong>iio</strong></span> <span class='ocrx_word' id='word_1_606' title='bbox 2095 4218 2517 4304; x_wconf 58' lang='lat' dir='ltr'><strong>Quadragenmg</strong></span> <span class='ocrx_word' id='word_1_607' title='bbox 2545 4222 2856 4304; x_wconf 56' lang='lat' dir='ltr'><strong>inscribmtt.</strong></span> <span class='ocrx_word' id='word_1_608' title='bbox 2875 4218 3138 4304; x_wconf 38' lang='lat' dir='ltr'><strong>.Editores</strong></span> <span class='ocrx_word' id='word_1_609' title='bbox 3164 4218 3362 4304; x_wconf 62' lang='lat' dir='ltr'><strong>omnes</strong></span> <span class='ocrx_word' id='word_1_610' title='bbox 3388 4229 3564 4304; x_wconf 81' lang='lat' dir='ltr'><strong>bunc_</strong></span> <span class='ocrx_word' id='word_1_611' title='bbox 3574 4241 3689 4298; x_wconf 71' lang='lat' dir='ltr'><strong>prae</strong></span> <span class='ocrx_word' id='word_1_612' title='bbox 3705 4241 3831 4304; x_wconf 69' lang='lat' dir='ltr'><strong>cte-</strong></span> 
     </span>
    </p>
   </div>
   <div class='ocr_carea' id='block_1_79' title="bbox 562 4290 2529 4368">
    <p class='ocr_par' dir='ltr' id='par_1_79' title="bbox 562 4290 2529 4368">
     <span class='ocr_line' id='line_1_80' title="bbox 562 4290 2529 4368; baseline -0.004 -15"><span class='ocrx_word' id='word_1_613' title='bbox 562 4301 690 4354; x_wconf 89' lang='lat' dir='ltr'><strong>teris</strong></span> <span class='ocrx_word' id='word_1_614' title='bbox 718 4300 928 4368; x_wconf 87' lang='lat' dir='ltr'><strong>titulum</strong></span> <span class='ocrx_word' id='word_1_615' title='bbox 956 4290 1309 4368; x_wconf 71' lang='lat' dir='ltr'><strong>suscipientes</strong></span> <span class='ocrx_word' id='word_1_616' title='bbox 1333 4296 1565 4368; x_wconf 73' lang='lat' dir='ltr'><strong>primum</strong></span> <span class='ocrx_word' id='word_1_617' title='bbox 1611 4293 1758 4368; x_wconf 62' lang='lat' dir='ltr'><strong>huic</strong></span> <span class='ocrx_word' id='word_1_618' title='bbox 1782 4290 1958 4350; x_wconf 77' lang='lat' dir='ltr'><strong>locum</strong></span> <span class='ocrx_word' id='word_1_619' title='bbox 1998 4293 2140 4368; x_wconf 68' lang='lat' dir='ltr'><strong>inter</strong></span> <span class='ocrx_word' id='word_1_620' title='bbox 2176 4290 2442 4368; x_wconf 53' lang='lat' dir='ltr'><strong>heminas</strong></span> <span class='ocrx_word' id='word_1_621' title='bbox 2452 4290 2529 4346; x_wconf 89' lang='lat' dir='ltr'><strong>De</strong></span> 
     </span>
    </p>
   </div>
   <div class='ocr_carea' id='block_1_80' title="bbox 2566 4289 3829 4439">
    <p class='ocr_par' dir='ltr' id='par_1_80' title="bbox 2566 4289 3829 4439">
     <span class='ocr_line' id='line_1_81' title="bbox 2566 4289 3829 4369; baseline 0.006 -24"><span class='ocrx_word' id='word_1_622' title='bbox 2566 4289 2973 4365; x_wconf 83' lang='lat' dir='ltr'><strong>Quadragesima</strong></span> <span class='ocrx_word' id='word_1_623' title='bbox 2998 4294 3278 4362; x_wconf 82' lang='lat' dir='ltr'><strong>dederunt,</strong></span> <span class='ocrx_word' id='word_1_624' title='bbox 3308 4312 3429 4352; x_wconf 89' lang='lat' dir='ltr'><strong>nem</strong></span> <span class='ocrx_word' id='word_1_625' title='bbox 3524 4289 3829 4369; x_wconf 56' lang='lat' dir='ltr'><strong>Ciminium</strong></span> 
     </span>
     <span class='ocr_line' id='line_1_82' title="bbox 2566 4312 3828 4439; baseline 0.005 -20"><span class='ocrx_word' id='word_1_626' title='bbox 2566 4362 2656 4419; x_wconf 75' lang='lat' dir='ltr'><strong>lius</strong></span> <span class='ocrx_word' id='word_1_627' title='bbox 2684 4370 2814 4419; x_wconf 89' lang='lat' dir='ltr'><strong>tom.</strong></span> <span class='ocrx_word' id='word_1_628' title='bbox 2837 4363 2883 4435; x_wconf 86' lang='grc' dir='ltr'><strong>Ι,</strong></span> <span class='ocrx_word' id='word_1_629' title='bbox 2902 4377 3026 4435; x_wconf 86' lang='lat' dir='ltr'><strong>pag.</strong></span> <span class='ocrx_word' id='word_1_630' title='bbox 3050 4364 3175 4430; x_wconf 77' lang='grc'><strong>156,</strong></span> <span class='ocrx_word' id='word_1_631' title='bbox 3195 4312 3523 4436; x_wconf 59' lang='grc' dir='ltr'><strong>[ἰηπαιιῇ</strong></span> <span class='ocrx_word' id='word_1_632' title='bbox 3542 4381 3665 4439; x_wconf 80' lang='lat' dir='ltr'><strong>pag.</strong></span> <span class='ocrx_word' id='word_1_633' title='bbox 3689 4365 3828 4430; x_wconf 65' lang='lat'><strong>905.</strong></span> 
     </span>
    </p>
   </div>
   <div class='ocr_carea' id='block_1_81' title="bbox 562 4357 3385 4494">
    <p class='ocr_par' dir='ltr' id='par_1_81' title="bbox 562 4357 3385 4494">
     <span class='ocr_line' id='line_1_83' title="bbox 628 4357 3385 4439; baseline -0.002 -16"><span class='ocrx_word' id='word_1_634' title='bbox 628 4382 681 4439; x_wconf 87' lang='lat' dir='ltr'><strong>g.</strong></span> <span class='ocrx_word' id='word_1_635' title='bbox 711 4369 813 4434; x_wconf 71' lang='lat'><strong>72,</strong></span> <span class='ocrx_word' id='word_1_636' title='bbox 842 4357 1144 4423; x_wconf 74' lang='lat' dir='ltr'><strong>Galesinitis</strong></span> <span class='ocrx_word' id='word_1_637' title='bbox 1214 4381 1298 4435; x_wconf 86' lang='lat' dir='ltr'><strong>ag.</strong></span> <span class='ocrx_word' id='word_1_638' title='bbox 1329 4357 1449 4431; x_wconf 85' lang='grc'><strong>108,</strong></span> <span class='ocrx_word' id='word_1_639' title='bbox 1476 4363 1827 4420; x_wconf 80' lang='lat' dir='ltr'><strong>Combefisius</strong></span> <span class='ocrx_word' id='word_1_640' title='bbox 1856 4371 1987 4419; x_wconf 90' lang='lat' dir='ltr'><strong>tom.</strong></span> <span class='ocrx_word' id='word_1_641' title='bbox 2009 4360 2073 4429; x_wconf 89' lang='lat' dir='ltr'><strong>II,</strong></span> <span class='ocrx_word' id='word_1_642' title='bbox 2104 4375 2226 4435; x_wconf 86' lang='lat' dir='ltr'><strong>pag.</strong></span> <span class='ocrx_word' id='word_1_643' title='bbox 2249 4359 2373 4425; x_wconf 75' lang='lat'><strong>526,</strong></span> <span class='ocrx_word' id='word_1_644' title='bbox 2402 4357 2656 4429; x_wconf 87' lang='lat' dir='ltr'><strong>Cnmdius</strong></span> <span class='ocrx_word' id='word_1_645' title='bbox 2684 4357 2814 4419; x_wconf 69' lang='lat' dir='ltr'><strong>tom&#39;.</strong></span> <span class='ocrx_word' id='word_1_646' title='bbox 2837 4363 2883 4435; x_wconf 86' lang='grc' dir='ltr'><strong>Ι,</strong></span> <span class='ocrx_word' id='word_1_647' title='bbox 2902 4360 3026 4435; x_wconf 84' lang='lat' dir='ltr'><strong>pag.</strong></span> <span class='ocrx_word' id='word_1_648' title='bbox 3050 4364 3175 4430; x_wconf 75' lang='lat'><strong>156,</strong></span> <span class='ocrx_word' id='word_1_649' title='bbox 3195 4357 3385 4436; x_wconf 58' lang='grc' dir='ltr'><strong>Βάγεια</strong></span> 
     </span>
     <span class='ocr_line' id='line_1_84' title="bbox 562 4382 1862 4494; baseline -0.004 0"><span class='ocrx_word' id='word_1_650' title='bbox 562 4382 891 4494; x_wconf 50' lang='lat' dir='ltr'><strong>naumarinus</strong></span> <span class='ocrx_word' id='word_1_651' title='bbox 920 4438 974 4492; x_wconf 89' lang='lat' dir='ltr'><strong>in</strong></span> <span class='ocrx_word' id='word_1_652' title='bbox 1004 4438 1140 4492; x_wconf 90' lang='lat' dir='ltr'><strong>Bibl.</strong></span> <span class='ocrx_word' id='word_1_653' title='bbox 1168 4382 1309 4490; x_wconf 56' lang='lat' dir='ltr'><strong>ﬁas.</strong></span> <span class='ocrx_word' id='word_1_654' title='bbox 1338 4442 1471 4491; x_wconf 88' lang='lat' dir='ltr'><strong>tom.</strong></span> <span class='ocrx_word' id='word_1_655' title='bbox 1501 4432 1590 4494; x_wconf 78' lang='lat' dir='ltr'><strong>Vl,</strong></span> <span class='ocrx_word' id='word_1_656' title='bbox 1617 4446 1744 4494; x_wconf 80' lang='lat' dir='ltr'><strong>pag.</strong></span> <span class='ocrx_word' id='word_1_657' title='bbox 1774 4431 1862 4489; x_wconf 67' lang='grc'><strong>14.</strong></span> 
     </span>
    </p>
   </div>
   <div class='ocr_carea' id='block_1_82' title="bbox 615 4431 1862 4509">
    <p class='ocr_par' dir='ltr' id='par_1_82' title="bbox 615 4431 1862 4509">
     <span class='ocr_line' id='line_1_85' title="bbox 615 4431 1862 4509; baseline -0.005 -14"><span class='ocrx_word' id='word_1_658' title='bbox 615 4431 891 4509; x_wconf 67' lang='grc' dir='ltr'><strong>εἷτςετὶἐιυε</strong></span> <span class='ocrx_word' id='word_1_659' title='bbox 920 4438 974 4492; x_wconf 89' lang='lat' dir='ltr'><strong>in</strong></span> <span class='ocrx_word' id='word_1_660' title='bbox 1004 4438 1140 4492; x_wconf 90' lang='lat' dir='ltr'><strong>Bibl.</strong></span> <span class='ocrx_word' id='word_1_661' title='bbox 1168 4431 1309 4490; x_wconf 64' lang='lat' dir='ltr'><strong>Mai.</strong></span> <span class='ocrx_word' id='word_1_662' title='bbox 1338 4442 1471 4491; x_wconf 88' lang='lat' dir='ltr'><strong>tom.</strong></span> <span class='ocrx_word' id='word_1_663' title='bbox 1501 4432 1590 4499; x_wconf 78' lang='lat' dir='ltr'><strong>Vl,</strong></span> <span class='ocrx_word' id='word_1_664' title='bbox 1617 4446 1744 4505; x_wconf 88' lang='lat' dir='ltr'><strong>pag.</strong></span> <span class='ocrx_word' id='word_1_665' title='bbox 1774 4431 1862 4489; x_wconf 67' lang='grc'><strong>14.</strong></span> 
     </span>
    </p>
   </div>
   <div class='ocr_carea' id='block_1_83' title="bbox 565 4543 3834 4627">
    <p class='ocr_par' dir='ltr' id='par_1_83' title="bbox 565 4543 3834 4627">
     <span class='ocr_line' id='line_1_86' title="bbox 565 4543 3834 4627; baseline 0.001 -21"><span class='ocrx_word' id='word_1_666' title='bbox 565 4550 948 4627; x_wconf 48' lang='lat' dir='ltr'><strong>accusarunt.</strong></span> <span class='ocrx_word' id='word_1_667' title='bbox 980 4581 1053 4592; x_wconf 87' lang='grc'><strong><em>--</em></strong></span> <span class='ocrx_word' id='word_1_668' title='bbox 1078 4547 1288 4627; x_wconf 72' lang='grc' dir='ltr'><strong>Τήρζίσὶ</strong></span> <span class='ocrx_word' id='word_1_669' title='bbox 1316 4545 2036 4627; x_wconf 37' lang='grc' dir='ltr'><strong>ῃιράοηάίαὸοιιεεσαθρνεεειεε</strong></span> <span class='ocrx_word' id='word_1_670' title='bbox 2060 4551 2137 4627; x_wconf 70' lang='lat' dir='ltr'><strong>est</strong></span> <span class='ocrx_word' id='word_1_671' title='bbox 2235 4550 2418 4598; x_wconf 88' lang='lat' dir='ltr'><strong>menta</strong></span> <span class='ocrx_word' id='word_1_672' title='bbox 2444 4543 2646 4601; x_wconf 90' lang='lat' dir='ltr'><strong>diaboli</strong></span> <span class='ocrx_word' id='word_1_673' title='bbox 2673 4544 3025 4603; x_wconf 82' lang='lat' dir='ltr'><strong>reluctantem</strong></span> <span class='ocrx_word' id='word_1_674' title='bbox 3051 4547 3265 4617; x_wconf 86' lang='lat' dir='ltr'><strong>quidem</strong></span> <span class='ocrx_word' id='word_1_675' title='bbox 3292 4549 3489 4616; x_wconf 88' lang='lat' dir='ltr'><strong>verbis,</strong></span> <span class='ocrx_word' id='word_1_676' title='bbox 3510 4550 3607 4607; x_wconf 88' lang='lat' dir='ltr'><strong>sed</strong></span> <span class='ocrx_word' id='word_1_677' title='bbox 3626 4553 3834 4622; x_wconf 83' lang='lat' dir='ltr'><strong>spiritu</strong></span> 
     </span>
    </p>
   </div>
   <div class='ocr_carea' id='block_1_84' title="bbox 630 4613 2125 4687">
    <p class='ocr_par' dir='ltr' id='par_1_84' title="bbox 630 4613 2125 4687">
     <span class='ocr_line' id='line_1_87' title="bbox 630 4613 2125 4687; baseline -0.005 -13"><span class='ocrx_word' id='word_1_678' title='bbox 630 4619 909 4680; x_wconf 83' lang='lat' dir='ltr'><strong>Christum.</strong></span> <span class='ocrx_word' id='word_1_679' title='bbox 935 4635 1050 4672; x_wconf 84' lang='lat' dir='ltr'><strong>cum</strong></span> <span class='ocrx_word' id='word_1_680' title='bbox 1077 4613 1422 4687; x_wconf 77' lang='lat' dir='ltr'><strong>quadraginta</strong></span> <span class='ocrx_word' id='word_1_681' title='bbox 1450 4616 1647 4687; x_wconf 81' lang='lat' dir='ltr'><strong>dierum</strong></span> <span class='ocrx_word' id='word_1_682' title='bbox 1680 4613 1935 4687; x_wconf 67' lang='lat' dir='ltr'><strong>jejunium</strong></span> <span class='ocrx_word' id='word_1_683' title='bbox 1961 4613 2125 4687; x_wconf 76' lang='lat' dir='ltr'><strong>absol-</strong></span> 
     </span>
    </p>
   </div>
   <div class='ocr_carea' id='block_1_85' title="bbox 628 4682 2139 4757">
    <p class='ocr_par' dir='ltr' id='par_1_85' title="bbox 628 4682 2139 4757">
     <span class='ocr_line' id='line_1_88' title="bbox 628 4682 2139 4757; baseline -0.006 -12"><span class='ocrx_word' id='word_1_684' title='bbox 628 4693 814 4753; x_wconf 80' lang='lat' dir='ltr'><strong>visset;</strong></span> <span class='ocrx_word' id='word_1_685' title='bbox 837 4696 886 4742; x_wconf 85' lang='lat' dir='ltr'><strong>et</strong></span> <span class='ocrx_word' id='word_1_686' title='bbox 912 4682 1246 4757; x_wconf 70' lang='lat' dir='ltr'><strong>triplicemde</strong></span> <span class='ocrx_word' id='word_1_687' title='bbox 1268 4682 1410 4739; x_wconf 68' lang='lat' dir='ltr'><strong>hoste</strong></span> <span class='ocrx_word' id='word_1_688' title='bbox 1433 4686 1663 4757; x_wconf 84' lang='lat' dir='ltr'><strong>maligno</strong></span> <span class='ocrx_word' id='word_1_689' title='bbox 1681 4682 1943 4757; x_wconf 69' lang='lat' dir='ltr'><strong>Dominus</strong></span> <span class='ocrx_word' id='word_1_690' title='bbox 1967 4684 2139 4757; x_wconf 66' lang='lat' dir='ltr'><strong>trium-</strong></span> 
     </span>
    </p>
   </div>
   <div class='ocr_carea' id='block_1_86' title="bbox 628 4751 2140 4831">
    <p class='ocr_par' dir='ltr' id='par_1_86' title="bbox 628 4751 2140 4831">
     <span class='ocr_line' id='line_1_89' title="bbox 628 4751 2140 4831; baseline -0.004 -17"><span class='ocrx_word' id='word_1_691' title='bbox 628 4751 1250 4831; x_wconf 26' lang='lat' dir='ltr'><strong>phum‘reporiariteﬂoe</strong></span> <span class='ocrx_word' id='word_1_692' title='bbox 1272 4755 1505 4831; x_wconf 58' lang='lat' dir='ltr'><strong>campie</strong></span> <span class='ocrx_word' id='word_1_693' title='bbox 1528 4751 1623 4810; x_wconf 67' lang='lat' dir='ltr'><strong>nos</strong></span> <span class='ocrx_word' id='word_1_694' title='bbox 1649 4754 1937 4831; x_wconf 74' lang='lat' dir='ltr'><strong>admonuit,</strong></span> <span class='ocrx_word' id='word_1_695' title='bbox 1957 4751 2140 4825; x_wconf 76' lang='lat' dir='ltr'><strong>quibus</strong></span> 
     </span>
    </p>
   </div>
   <div class='ocr_carea' id='block_1_87' title="bbox 632 4823 1936 4901">
    <p class='ocr_par' dir='ltr' id='par_1_87' title="bbox 632 4823 1936 4901">
     <span class='ocr_line' id='line_1_90' title="bbox 632 4823 1936 4901; baseline -0.004 -18"><span class='ocrx_word' id='word_1_696' title='bbox 632 4823 793 4884; x_wconf 76' lang='lat' dir='ltr'><strong>armis</strong></span> <span class='ocrx_word' id='word_1_697' title='bbox 822 4823 1027 4901; x_wconf 73' lang='lat' dir='ltr'><strong>infenso</strong></span> <span class='ocrx_word' id='word_1_698' title='bbox 1055 4826 1350 4883; x_wconf 71' lang='lat' dir='ltr'><strong>adversario</strong></span> <span class='ocrx_word' id='word_1_699' title='bbox 1375 4823 1625 4881; x_wconf 82' lang='lat' dir='ltr'><strong>obsistere</strong></span> <span class='ocrx_word' id='word_1_700' title='bbox 1641 4823 1936 4879; x_wconf 76' lang='lat' dir='ltr'><strong>debeamus.</strong></span> 
     </span>
    </p>
   </div>
   <div class='ocr_carea' id='block_1_88' title="bbox 631 4912 2137 4986">
    <p class='ocr_par' dir='ltr' id='par_1_88' title="bbox 631 4912 2137 4986">
     <span class='ocr_line' id='line_1_91' title="bbox 631 4912 2137 4986; baseline -0.001 -14"><span class='ocrx_word' id='word_1_701' title='bbox 631 4916 897 4985; x_wconf 87' lang='lat' dir='ltr'><strong>Audistis,</strong></span> <span class='ocrx_word' id='word_1_702' title='bbox 931 4915 1225 4986; x_wconf 87' lang='lat' dir='ltr'><strong>carissimi,</strong></span> <span class='ocrx_word' id='word_1_703' title='bbox 1253 4916 1405 4972; x_wconf 74' lang='lat' dir='ltr'><strong>sicut.</strong></span> <span class='ocrx_word' id='word_1_704' title='bbox 1420 4913 1726 4984; x_wconf 86' lang='lat' dir='ltr'><strong>evangelica</strong></span> <span class='ocrx_word' id='word_1_705' title='bbox 1770 4913 1896 4970; x_wconf 85' lang='lat' dir='ltr'><strong>tuba</strong></span> <span class='ocrx_word' id='word_1_706' title='bbox 1921 4912 2137 4981; x_wconf 83' lang='lat' dir='ltr'><strong>cecinit,</strong></span> 
     </span>
    </p>
   </div>
   <div class='ocr_carea' id='block_1_89' title="bbox 2237 4631 3833 4713">
    <p class='ocr_par' dir='ltr' id='par_1_89' title="bbox 2237 4631 3833 4713">
     <span class='ocr_line' id='line_1_92' title="bbox 2237 4631 3833 4713; baseline 0.006 -25"><span class='ocrx_word' id='word_1_707' title='bbox 2237 4631 2610 4703; x_wconf 84' lang='lat' dir='ltr'><strong>dimicantem;</strong></span> <span class='ocrx_word' id='word_1_708' title='bbox 2649 4650 2900 4693; x_wconf 77' lang='lat' dir='ltr'><strong>seruiens</strong></span> <span class='ocrx_word' id='word_1_709' title='bbox 2935 4637 3079 4692; x_wconf 83' lang='lat' dir='ltr'><strong>enim</strong></span> <span class='ocrx_word' id='word_1_710' title='bbox 3106 4647 3379 4694; x_wconf 86' lang='lat' dir='ltr'><strong>certamen</strong></span> <span class='ocrx_word' id='word_1_711' title='bbox 3402 4639 3538 4708; x_wconf 81' lang='lat' dir='ltr'><strong>agit,</strong></span> <span class='ocrx_word' id='word_1_712' title='bbox 3566 4640 3664 4696; x_wconf 89' lang='lat' dir='ltr'><strong>sed</strong></span> <span class='ocrx_word' id='word_1_713' title='bbox 3689 4657 3833 4713; x_wconf 85' lang='lat' dir='ltr'><strong>per-</strong></span> 
     </span>
    </p>
   </div>
   <div class='ocr_carea' id='block_1_90' title="bbox 2238 4723 3835 4805">
    <p class='ocr_par' dir='ltr' id='par_1_90' title="bbox 2238 4723 3835 4805">
     <span class='ocr_line' id='line_1_93' title="bbox 2238 4723 3835 4805; baseline 0.008 -27"><span class='ocrx_word' id='word_1_714' title='bbox 2238 4723 2351 4792; x_wconf 87' lang='lat' dir='ltr'><strong>agit</strong></span> <span class='ocrx_word' id='word_1_715' title='bbox 2377 4723 2659 4793; x_wconf 86' lang='lat' dir='ltr'><strong>majestate</strong></span> <span class='ocrx_word' id='word_1_716' title='bbox 2682 4725 2984 4783; x_wconf 86' lang='lat' dir='ltr'><strong>victoriam.</strong></span> <span class='ocrx_word' id='word_1_717' title='bbox 3012 4730 3030 4760; x_wconf 83' lang='grc'>¹</span> <span class='ocrx_word' id='word_1_718' title='bbox 3056 4727 3165 4785; x_wconf 83' lang='lat' dir='ltr'><strong>Nec</strong></span> <span class='ocrx_word' id='word_1_719' title='bbox 3189 4729 3306 4785; x_wconf 87' lang='lat' dir='ltr'><strong>sine</strong></span> <span class='ocrx_word' id='word_1_720' title='bbox 3335 4730 3536 4798; x_wconf 89' lang='lat' dir='ltr'><strong>ingenti</strong></span> <span class='ocrx_word' id='word_1_721' title='bbox 3563 4732 3835 4805; x_wconf 81' lang='lat' dir='ltr'><strong>mysterio</strong></span> 
     </span>
    </p>
   </div>
   <div class='ocr_carea' id='block_1_91' title="bbox 2239 4811 3835 4889">
    <p class='ocr_par' dir='ltr' id='par_1_91' title="bbox 2239 4811 3835 4889">
     <span class='ocr_line' id='line_1_94' title="bbox 2239 4811 3835 4889; baseline 0.008 -22"><span class='ocrx_word' id='word_1_722' title='bbox 2239 4811 2545 4882; x_wconf 84' lang='lat' dir='ltr'><strong>hujusmodi</strong></span> <span class='ocrx_word' id='word_1_723' title='bbox 2583 4821 2833 4884; x_wconf 88' lang='lat' dir='ltr'><strong>putemus</strong></span> <span class='ocrx_word' id='word_1_724' title='bbox 2871 4829 2989 4871; x_wconf 88' lang='lat' dir='ltr'><strong>esse</strong></span> <span class='ocrx_word' id='word_1_725' title='bbox 3028 4816 3355 4882; x_wconf 81' lang='lat' dir='ltr'><strong>conflictum.</strong></span> <span class='ocrx_word' id='word_1_726' title='bbox 3392 4820 3447 4875; x_wconf 86' lang='lat' dir='ltr'><strong>in</strong></span> <span class='ocrx_word' id='word_1_727' title='bbox 3470 4834 3581 4889; x_wconf 87' lang='lat' dir='ltr'><strong>quo</strong></span> <span class='ocrx_word' id='word_1_728' title='bbox 3608 4830 3835 4883; x_wconf 69' lang='lat' dir='ltr'><strong>autoc-</strong></span> 
     </span>
    </p>
   </div>
   <div class='ocr_carea' id='block_1_92' title="bbox 2238 4911 3838 4987">
    <p class='ocr_par' dir='ltr' id='par_1_92' title="bbox 2238 4911 3838 4987">
     <span class='ocr_line' id='line_1_95' title="bbox 2238 4911 3838 4987; baseline 0.008 -22"><span class='ocrx_word' id='word_1_729' title='bbox 2238 4925 2433 4966; x_wconf 90' lang='lat' dir='ltr'><strong>census</strong></span> <span class='ocrx_word' id='word_1_730' title='bbox 2476 4911 2720 4968; x_wconf 85' lang='lat' dir='ltr'><strong>diabolus</strong></span> <span class='ocrx_word' id='word_1_731' title='bbox 2769 4913 2825 4968; x_wconf 89' lang='lat' dir='ltr'><strong>in</strong></span> <span class='ocrx_word' id='word_1_732' title='bbox 2866 4914 3032 4969; x_wconf 87' lang='lat' dir='ltr'><strong>verba</strong></span> <span class='ocrx_word' id='word_1_733' title='bbox 3078 4924 3104 4963; x_wconf 77' lang='lat'><strong><em>8</em></strong></span> <span class='ocrx_word' id='word_1_734' title='bbox 3142 4919 3461 4987; x_wconf 81' lang='lat' dir='ltr'><strong>prorumpit,</strong></span> <span class='ocrx_word' id='word_1_735' title='bbox 3503 4926 3598 4973; x_wconf 82' lang='lat' dir='ltr'><strong>aut</strong></span> <span class='ocrx_word' id='word_1_736' title='bbox 3641 4930 3838 4977; x_wconf 76' lang='lat' dir='ltr'><strong>rerum</strong></span> 
     </span>
    </p>
   </div>
   <div class='ocr_carea' id='block_1_93' title="bbox 562 5000 3843 5088">
    <p class='ocr_par' dir='ltr' id='par_1_93' title="bbox 562 5000 3843 5088">
     <span class='ocr_line' id='line_1_96' title="bbox 562 5000 3843 5088; baseline 0.005 -26"><span class='ocrx_word' id='word_1_737' title='bbox 562 5006 847 5064; x_wconf 85' lang='lat' dir='ltr'><strong>Dominum</strong></span> <span class='ocrx_word' id='word_1_738' title='bbox 873 5026 938 5067; x_wconf 90' lang='lat' dir='ltr'><strong>ac</strong></span> <span class='ocrx_word' id='word_1_739' title='bbox 965 5010 1379 5081; x_wconf 80' lang='lat' dir='ltr'><strong>Redemptorem</strong></span> <span class='ocrx_word' id='word_1_740' title='bbox 1404 5016 1648 5065; x_wconf 74' lang='lat' dir='ltr'><strong>nostum</strong></span> <span class='ocrx_word' id='word_1_741' title='bbox 1675 5006 1935 5065; x_wconf 77' lang='lat' dir='ltr'><strong>adversus</strong></span> <span class='ocrx_word' id='word_1_742' title='bbox 1956 5014 2136 5063; x_wconf 81' lang='lat' dir='ltr'><strong>tenta-</strong></span> <span class='ocrx_word' id='word_1_743' title='bbox 2163 5000 2216 5061; x_wconf 87' lang='lat' dir='ltr'><strong>D</strong></span> <span class='ocrx_word' id='word_1_744' title='bbox 2240 5010 2497 5066; x_wconf 85' lang='lat' dir='ltr'><strong>Dominus</strong></span> <span class='ocrx_word' id='word_1_745' title='bbox 2518 5011 2770 5067; x_wconf 83' lang='lat' dir='ltr'><strong>tentstori</strong></span> <span class='ocrx_word' id='word_1_746' title='bbox 2795 5026 2898 5067; x_wconf 84' lang='lat' dir='ltr'><strong>suo</strong></span> <span class='ocrx_word' id='word_1_747' title='bbox 2924 5014 3102 5069; x_wconf 79' lang='lat' dir='ltr'><strong>verbis</strong></span> <span class='ocrx_word' id='word_1_748' title='bbox 3122 5013 3468 5072; x_wconf 86' lang='lat' dir='ltr'><strong>nihilominus</strong></span> <span class='ocrx_word' id='word_1_749' title='bbox 3494 5022 3843 5088; x_wconf 82' lang='lat' dir='ltr'><strong>respondere</strong></span> 
     </span>
    </p>
   </div>
   <div class='ocr_carea' id='block_1_94' title="bbox 682 5157 2132 5230">
    <p class='ocr_par' dir='ltr' id='par_1_94' title="bbox 682 5157 2132 5230">
     <span class='ocr_line' id='line_1_97' title="bbox 682 5157 2132 5230; baseline 0.001 -18"><span class='ocrx_word' id='word_1_750' title='bbox 682 5157 975 5230; x_wconf 13' lang='lat' dir='ltr'><strong>ldemrcod.</strong></span> <span class='ocrx_word' id='word_1_751' title='bbox 999 5161 1277 5229; x_wconf 85' lang='lat' dir='ltr'><strong>Laurent.,</strong></span> <span class='ocrx_word' id='word_1_752' title='bbox 1301 5163 1491 5218; x_wconf 80' lang='lat' dir='ltr'><strong>nullius</strong></span> <span class='ocrx_word' id='word_1_753' title='bbox 1517 5160 1760 5216; x_wconf 78' lang='lat' dir='ltr'><strong>vanitatis</strong></span> <span class='ocrx_word' id='word_1_754' title='bbox 1787 5160 2132 5230; x_wconf 63' lang='lat' dir='ltr'><strong>affectatione.</strong></span> 
     </span>
    </p>
   </div>
   <div class='ocr_carea' id='block_1_95' title="bbox 558 5227 2132 5298">
    <p class='ocr_par' dir='ltr' id='par_1_95' title="bbox 558 5227 2132 5298">
     <span class='ocr_line' id='line_1_98' title="bbox 558 5227 2132 5298; baseline 0.001 -16"><span class='ocrx_word' id='word_1_755' title='bbox 558 5227 692 5284; x_wconf 90' lang='lat' dir='ltr'><strong>Item</strong></span> <span class='ocrx_word' id='word_1_756' title='bbox 709 5229 869 5298; x_wconf 85' lang='lat' dir='ltr'><strong>codd.</strong></span> <span class='ocrx_word' id='word_1_757' title='bbox 887 5228 1064 5285; x_wconf 88' lang='lat' dir='ltr'><strong>Casin.</strong></span> <span class='ocrx_word' id='word_1_758' title='bbox 1090 5242 1144 5288; x_wconf 91' lang='lat' dir='ltr'><strong>et</strong></span> <span class='ocrx_word' id='word_1_759' title='bbox 1164 5227 1469 5298; x_wconf 80' lang='lat' dir='ltr'><strong>Martinen.,</strong></span> <span class='ocrx_word' id='word_1_760' title='bbox 1491 5230 1693 5286; x_wconf 78' lang='lat' dir='ltr'><strong>verbum</strong></span> <span class='ocrx_word' id='word_1_761' title='bbox 1712 5227 1881 5285; x_wconf 79' lang='lat' dir='ltr'><strong>autem</strong></span> <span class='ocrx_word' id='word_1_762' title='bbox 1903 5229 2132 5285; x_wconf 89' lang='lat' dir='ltr'><strong>Domini.</strong></span> 
     </span>
    </p>
   </div>
   <div class='ocr_carea' id='block_1_96' title="bbox 631 5296 2133 5367">
    <p class='ocr_par' dir='ltr' id='par_1_96' title="bbox 631 5296 2133 5367">
     <span class='ocr_line' id='line_1_99' title="bbox 631 5296 2133 5367; baseline 0.002 -15"><span class='ocrx_word' id='word_1_763' title='bbox 631 5298 657 5338; x_wconf 65' lang='lat' dir='ltr'><strong>L‘</strong></span> <span class='ocrx_word' id='word_1_764' title='bbox 687 5296 822 5355; x_wconf 87' lang='lat' dir='ltr'><strong>Cod.</strong></span> <span class='ocrx_word' id='word_1_765' title='bbox 848 5298 969 5354; x_wconf 84' lang='lat' dir='ltr'><strong>Vat.</strong></span> <span class='ocrx_word' id='word_1_766' title='bbox 1013 5300 1170 5367; x_wconf 73' lang='grc'><strong>1278,</strong></span> <span class='ocrx_word' id='word_1_767' title='bbox 1202 5296 1613 5363; x_wconf 77' lang='lat' dir='ltr'><strong>Protatuenim</strong></span> <span class='ocrx_word' id='word_1_768' title='bbox 1638 5310 1821 5357; x_wconf 81' lang='lat' dir='ltr'><strong>eorum</strong></span> <span class='ocrx_word' id='word_1_769' title='bbox 1840 5300 2012 5356; x_wconf 69' lang='lat' dir='ltr'><strong>vultus</strong></span> <span class='ocrx_word' id='word_1_770' title='bbox 2034 5306 2133 5364; x_wconf 81' lang='lat' dir='ltr'><strong>est,</strong></span> 
     </span>
    </p>
   </div>
   <div class='ocr_carea' id='block_1_97' title="bbox 559 5368 1418 5433">
    <p class='ocr_par' dir='ltr' id='par_1_97' title="bbox 559 5368 1418 5433">
     <span class='ocr_line' id='line_1_100' title="bbox 559 5368 1418 5433; baseline 0.007 -11"><span class='ocrx_word' id='word_1_771' title='bbox 559 5377 688 5433; x_wconf 85' lang='lat' dir='ltr'><strong>etc.;</strong></span> <span class='ocrx_word' id='word_1_772' title='bbox 712 5368 1039 5423; x_wconf 87' lang='lat' dir='ltr'><strong>concordant</strong></span> <span class='ocrx_word' id='word_1_773' title='bbox 1058 5370 1213 5424; x_wconf 88' lang='lat' dir='ltr'><strong>codd.</strong></span> <span class='ocrx_word' id='word_1_774' title='bbox 1240 5370 1418 5428; x_wconf 78' lang='lat' dir='ltr'><strong>Casia.</strong></span> 
     </span>
    </p>
   </div>
   <div class='ocr_carea' id='block_1_98' title="bbox 2240 5160 3840 5288">
    <p class='ocr_par' dir='ltr' id='par_1_98' title="bbox 2240 5160 3840 5288">
     <span class='ocr_line' id='line_1_101' title="bbox 2240 5160 3840 5288; baseline 0.01 -71"><span class='ocrx_word' id='word_1_775' title='bbox 2240 5172 2340 5288; x_wconf 54' lang='lat' dir='ltr'><strong>ne:</strong></span> <span class='ocrx_word' id='word_1_776' title='bbox 2356 5160 2516 5288; x_wconf 58' lang='grc' dir='ltr'>ἐὲἰοθω</span> <span class='ocrx_word' id='word_1_777' title='bbox 2555 5164 2677 5222; x_wconf 91' lang='lat' dir='ltr'><strong>cod.</strong></span> <span class='ocrx_word' id='word_1_778' title='bbox 2724 5165 2868 5236; x_wconf 85' lang='lat' dir='ltr'><strong>Vat.,</strong></span> <span class='ocrx_word' id='word_1_779' title='bbox 2912 5180 3103 5226; x_wconf 68' lang='lat' dir='ltr'><strong>mast</strong></span> <span class='ocrx_word' id='word_1_780' title='bbox 3145 5172 3455 5241; x_wconf 72' lang='lat' dir='ltr'><strong>ptenitentias</strong></span> <span class='ocrx_word' id='word_1_781' title='bbox 3496 5176 3840 5247; x_wconf 78' lang='lat' dir='ltr'><strong>satisfactio-</strong></span> 
     </span>
    </p>
   </div>
   <div class='ocr_carea' id='block_1_99' title="bbox 2310 5269 2462 5294">
    <p class='ocr_par' dir='ltr' id='par_1_99' title="bbox 2310 5269 2462 5294">
     <span class='ocr_line' id='line_1_102' title="bbox 2310 5269 2462 5294; baseline 0.007 -7"><span class='ocrx_word' id='word_1_782' title='bbox 2310 5269 2325 5294; x_wconf 76' lang='lat'><strong>,</strong></span> <span class='ocrx_word' id='word_1_783' title='bbox 2357 5269 2462 5288; x_wconf 64' lang='grc' dir='ltr'><strong>νῦν.</strong></span> 
     </span>
    </p>
   </div>
   <div class='ocr_carea' id='block_1_100' title="bbox 2316 5300 3842 5375">
    <p class='ocr_par' dir='ltr' id='par_1_100' title="bbox 2316 5300 3842 5375">
     <span class='ocr_line' id='line_1_103' title="bbox 2316 5300 3842 5375; baseline 0.013 -20"><span class='ocrx_word' id='word_1_784' title='bbox 2316 5300 2336 5341; x_wconf 70' lang='grc' dir='ltr'><strong>ί</strong></span> <span class='ocrx_word' id='word_1_785' title='bbox 2360 5302 2450 5357; x_wconf 75' lang='lat' dir='ltr'><strong>Ex</strong></span> <span class='ocrx_word' id='word_1_786' title='bbox 2473 5304 2596 5375; x_wconf 84' lang='lat' dir='ltr'><strong>cod.</strong></span> <span class='ocrx_word' id='word_1_787' title='bbox 2628 5304 2882 5366; x_wconf 76' lang='lat' dir='ltr'><strong>Laurent.</strong></span> <span class='ocrx_word' id='word_1_788' title='bbox 2914 5314 2969 5363; x_wconf 77' lang='lat' dir='ltr'><strong>et</strong></span> <span class='ocrx_word' id='word_1_789' title='bbox 3009 5304 3178 5367; x_wconf 84' lang='lat' dir='ltr'><strong>Vatic.</strong></span> <span class='ocrx_word' id='word_1_790' title='bbox 3210 5313 3529 5367; x_wconf 83' lang='lat' dir='ltr'><strong>emendatur</strong></span> <span class='ocrx_word' id='word_1_791' title='bbox 3562 5312 3842 5375; x_wconf 78' lang='lat' dir='ltr'><strong>Galesinii</strong></span> 
     </span>
    </p>
   </div>
   <div class='ocr_carea' id='block_1_101' title="bbox 2239 5373 3841 5446">
    <p class='ocr_par' dir='ltr' id='par_1_101' title="bbox 2239 5373 3841 5446">
     <span class='ocr_line' id='line_1_104' title="bbox 2239 5373 3841 5446; baseline 0.014 -21"><span class='ocrx_word' id='word_1_792' title='bbox 2239 5378 2439 5446; x_wconf 69' lang='lat' dir='ltr'><strong>textus,</strong></span> <span class='ocrx_word' id='word_1_793' title='bbox 2460 5373 2558 5442; x_wconf 88' lang='lat' dir='ltr'><strong>qui</strong></span> <span class='ocrx_word' id='word_1_794' title='bbox 2586 5375 2746 5430; x_wconf 89' lang='lat' dir='ltr'><strong>habet</strong></span> <span class='ocrx_word' id='word_1_795' title='bbox 2772 5379 3056 5434; x_wconf 80' lang='lat' dir='ltr'><strong>servientis.</strong></span> <span class='ocrx_word' id='word_1_796' title='bbox 3098 5379 3286 5436; x_wconf 86' lang='lat' dir='ltr'><strong>Melior</strong></span> <span class='ocrx_word' id='word_1_797' title='bbox 3312 5383 3476 5438; x_wconf 82' lang='lat' dir='ltr'><strong>etiam</strong></span> <span class='ocrx_word' id='word_1_798' title='bbox 3504 5383 3665 5439; x_wconf 88' lang='lat' dir='ltr'><strong>lectio</strong></span> <span class='ocrx_word' id='word_1_799' title='bbox 3697 5373 3841 5446; x_wconf 73' lang='lat' dir='ltr'><strong>cod.</strong></span> 
     </span>
    </p>
   </div>
   <div class='ocr_carea' id='block_1_102' title="bbox 635 5437 3423 5525">
    <p class='ocr_par' dir='ltr' id='par_1_102' title="bbox 635 5437 3423 5525">
     <span class='ocr_line' id='line_1_105' title="bbox 635 5437 3423 5525; baseline 0.005 -33"><span class='ocrx_word' id='word_1_800' title='bbox 635 5450 658 5477; x_wconf 69' lang='grc' dir='ltr'>α</span> <span class='ocrx_word' id='word_1_801' title='bbox 688 5438 831 5525; x_wconf 84' lang='lat' dir='ltr'><strong>Idem</strong></span> <span class='ocrx_word' id='word_1_802' title='bbox 858 5438 981 5493; x_wconf 88' lang='lat' dir='ltr'><strong>cod.</strong></span> <span class='ocrx_word' id='word_1_803' title='bbox 1013 5438 1158 5505; x_wconf 84' lang='lat' dir='ltr'><strong>Vat.,</strong></span> <span class='ocrx_word' id='word_1_804' title='bbox 1187 5442 1319 5510; x_wconf 84' lang='lat' dir='ltr'><strong>quod</strong></span> <span class='ocrx_word' id='word_1_805' title='bbox 1338 5441 1631 5514; x_wconf 70' lang='lat' dir='ltr'><strong>Apostolus.</strong></span> <span class='ocrx_word' id='word_1_806' title='bbox 1656 5439 1790 5497; x_wconf 85' lang='lat' dir='ltr'><strong>Cod.</strong></span> <span class='ocrx_word' id='word_1_807' title='bbox 1825 5437 1972 5504; x_wconf 71' lang='lat'><strong>625.,</strong></span> <span class='ocrx_word' id='word_1_808' title='bbox 2000 5438 2131 5508; x_wconf 75' lang='lat' dir='ltr'><strong>aﬂ&#39;e—</strong></span> <span class='ocrx_word' id='word_1_809' title='bbox 2236 5437 2781 5525; x_wconf 45' lang='lat' dir='ltr'><strong>Ma_rtti‘n.,&#39;servienter</strong></span> <span class='ocrx_word' id='word_1_810' title='bbox 2803 5447 3288 5525; x_wconf 27' lang='lat' dir='ltr'><strong>sibi‘artiﬁciosam,</strong></span> <span class='ocrx_word' id='word_1_811' title='bbox 3319 5437 3423 5525; x_wconf 73' lang='lat' dir='ltr'><strong>etc.</strong></span> 
     </span>
    </p>
   </div>
   <div class='ocr_carea' id='block_1_103' title="bbox 558 5517 1251 5635">
    <p class='ocr_par' dir='ltr' id='par_1_103' title="bbox 558 5517 1251 5635">
     <span class='ocr_line' id='line_1_106' title="bbox 558 5517 1251 5635; baseline -0.001 0"><span class='ocrx_word' id='word_1_812' title='bbox 558 5517 766 5635; x_wconf 46' lang='lat' dir='ltr'><strong>anguli;</strong></span> <span class='ocrx_word' id='word_1_813' title='bbox 791 5576 910 5635; x_wconf 90' lang='lat' dir='ltr'><strong>cod.</strong></span> <span class='ocrx_word' id='word_1_814' title='bbox 946 5577 1063 5635; x_wconf 84' lang='lat' dir='ltr'><strong>Vat.</strong></span> <span class='ocrx_word' id='word_1_815' title='bbox 1094 5576 1251 5634; x_wconf 77' lang='lat' dir='ltr'><strong>me.</strong></span> 
     </span>
    </p>
   </div>
   <div class='ocr_carea' id='block_1_104' title="bbox 635 5733 2133 5820">
    <p class='ocr_par' dir='ltr' id='par_1_104' title="bbox 635 5733 2133 5820">
     <span class='ocr_line' id='line_1_107' title="bbox 635 5733 2133 5820; baseline 0 0"><span class='ocrx_word' id='word_1_816' title='bbox 635 5738 652 5770; x_wconf 83' lang='lat'><strong>‘</strong></span> <span class='ocrx_word' id='word_1_817' title='bbox 680 5737 878 5820; x_wconf 59' lang='lat' dir='ltr'><strong>event</strong></span> <span class='ocrx_word' id='word_1_818' title='bbox 900 5756 1059 5820; x_wconf 62' lang='lat' dir='ltr'><strong>supra</strong></span> <span class='ocrx_word' id='word_1_819' title='bbox 1082 5739 1171 5796; x_wconf 73' lang='grc' dir='ltr'><strong>οίιο</strong></span> <span class='ocrx_word' id='word_1_820' title='bbox 1190 5737 1263 5820; x_wconf 65' lang='lat' dir='ltr'><strong>de</strong></span> <span class='ocrx_word' id='word_1_821' title='bbox 1289 5733 1506 5820; x_wconf 56' lang='lat' dir='ltr'><strong>Pltsiel-</strong></span> <span class='ocrx_word' id='word_1_822' title='bbox 1537 5737 2133 5820; x_wconf 51' lang='lat' dir='ltr'><strong>Fescennina-mni</strong></span> 
     </span>
    </p>
   </div>
   <div class='ocr_carea' id='block_1_105' title="bbox 562 5807 2136 5881">
    <p class='ocr_par' dir='ltr' id='par_1_105' title="bbox 562 5807 2136 5881">
     <span class='ocr_line' id='line_1_108' title="bbox 562 5807 2136 5881; baseline -0.001 -15"><span class='ocrx_word' id='word_1_823' title='bbox 562 5823 685 5880; x_wconf 86' lang='lat' dir='ltr'><strong>cap.</strong></span> <span class='ocrx_word' id='word_1_824' title='bbox 707 5809 743 5864; x_wconf 73' lang='grc' dir='ltr'>ὅ</span> <span class='ocrx_word' id='word_1_825' title='bbox 756 5810 867 5881; x_wconf 84' lang='lat' dir='ltr'><strong>agit</strong></span> <span class='ocrx_word' id='word_1_826' title='bbox 886 5811 951 5869; x_wconf 82' lang='lat' dir='ltr'><strong>de</strong></span> <span class='ocrx_word' id='word_1_827' title='bbox 969 5807 1128 5870; x_wconf 72' lang='lat' dir='ltr'><strong>causa</strong></span> <span class='ocrx_word' id='word_1_828' title='bbox 1151 5819 1205 5867; x_wconf 88' lang='lat' dir='ltr'><strong>et</strong></span> <span class='ocrx_word' id='word_1_829' title='bbox 1223 5807 1429 5878; x_wconf 75' lang='lat' dir='ltr'><strong>origine</strong></span> <span class='ocrx_word' id='word_1_830' title='bbox 1448 5807 1757 5862; x_wconf 80' lang='lat' dir='ltr'><strong>tentationis</strong></span> <span class='ocrx_word' id='word_1_831' title='bbox 1774 5807 1990 5876; x_wconf 82' lang='lat' dir='ltr'><strong>Christi,</strong></span> <span class='ocrx_word' id='word_1_832' title='bbox 2016 5807 2136 5864; x_wconf 83' lang='lat' dir='ltr'><strong>loco</strong></span> 
     </span>
    </p>
   </div>
   <div class='ocr_carea' id='block_1_106' title="bbox 2286 5509 3714 5595">
    <p class='ocr_par' dir='ltr' id='par_1_106' title="bbox 2286 5509 3714 5595">
     <span class='ocr_line' id='line_1_109' title="bbox 2286 5509 3714 5595; baseline 0.011 -30"><span class='ocrx_word' id='word_1_833' title='bbox 2286 5520 2335 5559; x_wconf 63' lang='grc' dir='ltr'><strong>ιε</strong></span> <span class='ocrx_word' id='word_1_834' title='bbox 2362 5509 2497 5569; x_wconf 85' lang='lat' dir='ltr'><strong>Cod.</strong></span> <span class='ocrx_word' id='word_1_835' title='bbox 2530 5512 2783 5570; x_wconf 66' lang='lat' dir='ltr'><strong>Murem.</strong></span> <span class='ocrx_word' id='word_1_836' title='bbox 2814 5532 2853 5571; x_wconf 90' lang='grc' dir='ltr'><strong>ι.</strong></span> <span class='ocrx_word' id='word_1_837' title='bbox 2886 5509 3161 5585; x_wconf 51' lang='grc' dir='ltr'><strong>Μαίδων,</strong></span> <span class='ocrx_word' id='word_1_838' title='bbox 3190 5522 3248 5576; x_wconf 88' lang='lat' dir='ltr'><strong>in</strong></span> <span class='ocrx_word' id='word_1_839' title='bbox 3275 5509 3426 5577; x_wconf 60' lang='lat' dir='ltr'><strong>verba</strong></span> <span class='ocrx_word' id='word_1_840' title='bbox 3455 5525 3714 5595; x_wconf 83' lang='lat' dir='ltr'><strong>prorupit.</strong></span> 
     </span>
    </p>
   </div>
   <div class='ocr_carea' id='block_1_107' title="bbox 2239 5737 3851 5822">
    <p class='ocr_par' dir='ltr' id='par_1_107' title="bbox 2239 5737 3851 5822">
     <span class='ocr_line' id='line_1_110' title="bbox 2239 5737 3851 5822; baseline 0.007 -30"><span class='ocrx_word' id='word_1_841' title='bbox 2239 5737 2343 5793; x_wconf 91' lang='lat' dir='ltr'><strong>hoc</strong></span> <span class='ocrx_word' id='word_1_842' title='bbox 2363 5737 2908 5822; x_wconf 40' lang='lat' dir='ltr'><strong>_S..Maximi_.utitur;</strong></span> <span class='ocrx_word' id='word_1_843' title='bbox 2960 5743 3121 5822; x_wconf 84' lang='lat' dir='ltr'><strong>habet</strong></span> <span class='ocrx_word' id='word_1_844' title='bbox 3167 5744 3331 5813; x_wconf 86' lang='lat' dir='ltr'><strong>enim,</strong></span> <span class='ocrx_word' id='word_1_845' title='bbox 3375 5741 3500 5801; x_wconf 78' lang='lat' dir='ltr'><strong>Non</strong></span> <span class='ocrx_word' id='word_1_846' title='bbox 3548 5760 3676 5819; x_wconf 74' lang='lat' dir='ltr'><strong>ergo</strong></span> <span class='ocrx_word' id='word_1_847' title='bbox 3717 5756 3851 5811; x_wconf 62' lang='lat' dir='ltr'><strong>sine</strong></span> 
     </span>
    </p>
   </div>
   <div class='ocr_carea' id='block_1_108' title="bbox 2241 5817 3115 5882">
    <p class='ocr_par' dir='ltr' id='par_1_108' title="bbox 2241 5817 3115 5882">
     <span class='ocr_line' id='line_1_111' title="bbox 2241 5817 3115 5882; baseline 0 -18"><span class='ocrx_word' id='word_1_848' title='bbox 2241 5817 2486 5880; x_wconf 74' lang='lat' dir='ltr'><strong>mysterio</strong></span> <span class='ocrx_word' id='word_1_849' title='bbox 2512 5817 2728 5882; x_wconf 75' lang='lat' dir='ltr'><strong>ingenti.</strong></span> <span class='ocrx_word' id='word_1_850' title='bbox 3105 5820 3115 5827; x_wconf 85' lang='lat'><strong><em>‘</em></strong></span> 
     </span>
    </p>
   </div>
  </div>
