4042 6192
259 325 365 384 ωδ

1627 312 1910 373 IlOMILIA
1948 311 2197 374 XXXVII.

3428 329 3534 390 306

259 450 533 517 dignatur.
564 445 624 500 In
653 444 739 501 his
777 452 960 501 autem
1004 442 1251 499 omnibus
1294 450 1491 496 nostrae
1535 436 1726 494 salutis
1765 442 1848 490 est
1877 440 1919 493 Α
1952 435 2153 490 nullum
2183 442 2361 505 potest
2392 436 2662 491 maculare
2700 435 2973 492 delictum.
3007 436 3113 493 Sed
3139 439 3182 494 si
3212 439 3351 496 Deus
3372 421 3531 510 esset,

257 540 419 594 ratio.
466 538 635 593 Nobis
670 538 920 593 Salvator
960 536 1126 595 esurit
1158 554 1169 589 :
1205 550 1304 604 pro
1342 533 1497 587 nobis
1525 544 1547 567 ε·
1579 530 1846 598 loquitur;

256 643 357 682 nos
406 629 463 681 in
511 628 605 682 illo
653 626 933 690 vincimus,
961 626 1087 694 quia
1126 639 1223 678 nos
1260 624 1307 677 ei
1348 637 1533 675 sumus
1556 634 1717 675 causa
1747 634 1848 688 pu-

256 718 481 787 gnandi.
533 718 665 772 Nam
711 718 832 786 quis
878 718 1111 785 ambigat
1156 704 1494 783 Unigenitum
1537 712 1732 778 Patris,
1764 712 1850 771 cui

256 809 409 864 nulla
436 810 659 864 obviare
687 816 899 879 poterat
918 815 1189 871 creatura,
1218 822 1313 875 pro
1345 806 1447 860 illis
1470 805 1649 860 iniisse
1676 812 1851 859 certa-

255 914 403 963 men,
445 913 678 967 quorum
705 913 765 954 se
792 912 955 953 carne
982 898 1230 952 vestivit?
1276 897 1507 951 Ilumani
1536 896 1697 965 igitur
1723 911 1841 950 cor-

254 990 405 1059 poris
432 989 609 1045 forma
647 989 857 1045 hostem
897 988 1300 1043 callidissimum
1339 987 1555 1057 prodire
1580 986 1748 1041 suasit
1778 984 1847 1040 ad

256 1081 523 1150 praelium,
551 1094 710 1149 quem
742 1093 901 1134 verus
923 1078 1016 1133 Dei
1039 1078 1203 1133 Filius
1230 1078 1339 1132 veri
1360 1078 1593 1132 hominis
1620 1091 1846 1147 respon-

251 1170 413 1224 sione
452 1168 711 1224 confudit.
763 1166 991 1238 Propter
1015 1168 1161 1236 quod
1188 1166 1523 1222 errabundus
1561 1173 1616 1221 et
1651 1180 1849 1235 anceps

251 1267 499 1313 tentator
546 1259 729 1315 mollia
773 1274 1140 1329 suspensaque
1188 1265 1521 1314 tentamenta
1568 1257 1791 1311 rimatur
1830 1274 1841 1309 :

250 1352 377 1421 quia
427 1352 559 1407 licet
593 1352 823 1407 carnalis
880 1351 975 1407 viri
1021 1352 1256 1422 speciem
1301 1350 1756 1421 contemplaretur
1792 1350 1844 1405 in

249 1438 493 1507 Christo,
537 1443 821 1512 praesentia
848 1450 1033 1499 tamen
1059 1443 1353 1501 divinitatis
1381 1442 1499 1513 ejus
1525 1444 1843 1509 concitatus,

246 1533 627 1601 suspicabatur
652 1548 778 1589 eum
804 1533 926 1603 plus
964 1548 1082 1591 esse
1110 1548 1274 1603 quam
1300 1534 1593 1590 hominem.
1624 1534 1842 1589 Anima-

248 1625 341 1680 bat
389 1626 575 1693 itaque
602 1626 752 1680 illum
781 1640 1109 1695 praesumere
1152 1639 1498 1694 congressum
1540 1634 1725 1696 partus
1770 1626 1845 1680 fe-

249 1718 488 1777 mineus,
531 1717 625 1771 sed
672 1717 911 1772 terrebat
946 1716 1223 1783 virginitas
1267 1717 1563 1786 parientis;
1595 1717 1841 1785 quamvis

1951 526 2222 595 quomodo
2246 527 2589 597 indignitates
2606 538 2791 600 partus
2813 528 3027 585 feminei
3053 534 3376 587 sustineret?
3401 534 3539 601 Quo-

1950 618 2112 673 modo
2140 628 2281 675 esset
2308 621 2460 675 cunis
2488 622 2785 691 pannisque
2812 626 3132 679 contentus?
3161 625 3290 692 Quis
3318 629 3537 683 credere

1953 708 2118 778 possit
2144 709 2377 765 infantiae
2404 712 2614 781 vagitus
2644 713 2696 768 in
2725 713 2872 769 Deo?
2907 714 3003 769 Cui
3050 732 3156 771 non
3198 717 3434 773 audienti
3467 719 3531 772 ri-
3578 768 3583 771 ν

1950 798 2182 855 diculum
2214 810 2297 856 est
2325 802 2493 857 Deum
2523 802 2753 859 femineo
2782 804 2919 860 lacte
2950 807 3179 861 nutriri?
3205 806 3333 863 Post
3357 812 3533 865 omnia

1951 904 2081 943 ecce
2129 891 2315 957 esurit,
2360 907 2481 947 cum
2522 893 2706 962 utique
2753 895 2957 949 esurire
2999 895 3166 951 Deum
3206 899 3342 954 ratio
3390 900 3534 955 nulla

1956 979 1974 1018 τ
2009 983 2345 1051 persuadeat.
2374 983 2660 1052 Ignorabat
2683 986 2932 1042 nimirum
2961 988 3220 1055 diabolus,
3245 991 3368 1061 quia
3390 993 3533 1061 quod

1949 1072 2191 1129 Christus
2239 1075 2565 1131 nutrimenta
2618 1076 2923 1148 perferebat
2971 1078 3231 1147 infantiae,
3281 1081 3534 1151 quodque

1948 1165 2217 1219 esuriebat
2261 1174 2322 1221 ut
2365 1165 2550 1232 homo,
2599 1182 2706 1220 non
2753 1174 2869 1222 erat
2910 1166 3207 1237 fragilitatis
3236 1186 3528 1241 corporere,

1948 1254 2041 1309 sed
2085 1255 2320 1310 etelestis
2366 1257 2551 1325 gratim
2593 1267 3008 1314 sacramentum.
3043 1259 3144 1313 Dei
3164 1261 3305 1315 enim
3346 1262 3529 1325 Filius,

1946 1348 2031 1401 cui
2060 1365 2185 1403 cum
2214 1350 2542 1420 sempiterno
2567 1350 2725 1407 Patre
2754 1351 3119 1422 intemporalis
3140 1362 3352 1408 constat
3380 1362 3532 1407 mter-

1945 1437 2107 1500 nitas,
2146 1438 2237 1506 qui
2278 1453 2397 1495 cum
2444 1455 2542 1496 suo
2571 1442 2814 1509 genitore
2852 1442 3166 1499 naturaliter
3194 1442 3533 1516 impassibilis

1952 1531 2111 1601 108
2129 1531 2438 1603 incorrupto
2467 1542 2655 1604 regnat
2683 1534 2927 1604 imperio,
2952 1536 3059 1605 egit
3085 1537 3137 1590 in
3159 1553 3320 1593 carne
3350 1547 3533 1593 nostra

1945 1619 2179 1674 salutare
2208 1623 2549 1691 mysterium;
2576 1630 2631 1677 et
2650 1623 2719 1677 ob
2745 1623 2849 1679 hoc
2869 1639 3205 1681 communem
3228 1628 3532 1683 mortalium

1944 1712 2107 1766 subiit
2134 1713 2458 1782 passionem,
2491 1722 2550 1771 ut
2579 1716 2852 1770 inimicum
2901 1718 3112 1785 generis
3162 1718 3382 1775 humani
3431 1720 3530 1775 bo-

249 1807 397 1862 cnim
423 1806 697 1861 Christum
740 1806 935 1868 Maria,
967 1805 1091 1861 Evte
1129 1807 1314 1876 utique
1346 1807 1485 1873 lilia,
1518 1808 1840 1877 peperisset,
1875 1792 1921 1854 Β
1948 1804 2108 1859 minis
2150 1806 2445 1861 certamine
2484 1807 2863 1877 triumpharet;
2896 1809 3035 1863 unde
3080 1818 3136 1863 et
3178 1821 3531 1881 praesumptor

249 1915 356 1953 non
389 1908 575 1953 tamen
604 1915 728 1955 eum
765 1906 1087 1968 conceperat
1114 1899 1182 1954 de
1220 1898 1408 1953 Adam.
1442 1897 1576 1969 Cum
1604 1911 1735 1966 ergo
1760 1898 1842 1953 vi-

248 1989 403 2046 deret
452 1991 700 2045 inimicus
748 1990 843 2045 Dei
890 1990 1083 2045 Filium
1111 1999 1259 2045 tanta
1298 2006 1395 2059 per
1432 1991 1686 2047 miracula
1715 2007 1843 2060 pro-

248 2090 517 2145 creatum,
551 2081 801 2135 volvebat
846 2096 1052 2146 secum,
1092 2088 1151 2135 ut
1198 2083 1347 2152 107
1389 2082 1640 2145 arbitror,
1680 2090 1843 2150 atque

247 2173 530 2227 admirans
554 2174 767 2228 dicebat
800 2192 813 2227 :
848 2173 976 2240 Quis
1006 2182 1089 2228 est
1120 2173 1223 2229 iste
1250 2174 1362 2243 qui,
1413 2174 1686 2229 nesciente
1730 2188 1837 2235 me,

248 2264 392 2320 hunc
442 2266 715 2333 ingressus
752 2274 836 2320 est
875 2265 1171 2320 mundum?
1215 2265 1348 2319 Novi
1376 2265 1590 2335 quidem
1620 2265 1743 2332 quia
1774 2265 1842 2321 de

250 2354 449 2409 femina
482 2366 639 2411 natus
666 2365 768 2420 est,
816 2357 911 2411 sed
959 2357 1142 2412 nescio
1176 2356 1318 2411 unde
1345 2364 1656 2425 conceptus.
1689 2354 1843 2413 Astat

250 2461 377 2501 ecce
419 2454 614 2511 mater,
665 2446 759 2501 sed
808 2454 1019 2517 patrem
1070 2447 1393 2515 investigare
1444 2463 1552 2502 non
1597 2463 1837 2518 possum.

249 2536 476 2593 Partum
520 2538 701 2605 video,
750 2539 846 2594 sed
898 2554 1005 2593 non
1048 2538 1077 2578 ιι
1118 2554 1353 2609 agnoseo
1399 2549 1708 2597 nascentem
1741 2560 1753 2593 :
1786 2551 1842 2597 et

246 2632 392 2699 quod
418 2631 627 2701 stupori
650 2646 772 2686 meo
801 2633 1077 2697 accrescit,
1100 2633 1413 2688 inconsueta
1440 2632 1557 2703 lege
1577 2634 1840 2703 pariendi,

246 2722 409 2778 etiam
442 2722 591 2777 edito
620 2721 733 2778 lilio
766 2733 811 2787 ο,
843 2730 1019 2777 mater
1046 2723 1281 2778 exsultat
1308 2731 1367 2777 ut
1396 2723 1564 2792 virgo.
1592 2722 1669 2778 En
1695 2723 1842 2793 jacet

246 2812 297 2866 in
325 2812 616 2868 cunabulis
644 2814 919 2884 parvulus,
948 2812 1202 2868 suffundit
1222 2813 1472 2885 Iacrymis
1513 2815 1733 2882 vultum,
1766 2817 1839 2870 si-

245 2903 543 2972 milemque
569 2900 598 2941 ⁴
628 2918 748 2959 esse
774 2904 1083 2959 mortalium
1103 2904 1369 2973 vagitibus
1400 2905 1603 2974 prodit;
1634 2914 1690 2961 et
1716 2921 1839 2961 cum

246 2994 380 3047 nihil
407 2995 460 3050 ei
486 2995 556 3049 de
582 2992 803 3049 infantia
828 2994 984 3061 desit,
1017 2994 1162 3049 nulla
1191 3002 1371 3050 tamen
1401 2995 1475 3049 illi
1502 3003 1587 3050 est
1606 2996 1753 3051 velut
1783 2998 1835 3051 in

245 3079 455 3140 infante
478 3086 775 3155 corruptio.
816 3082 1014 3141 Pannis
1043 3086 1250 3142 obsitus
1276 3087 1486 3153 sordet;
1521 3087 1615 3143 sed
1641 3089 1834 3145 omium

1946 1896 2037 1952 ille
2073 1896 2255 1953 furore
2299 1914 2398 1953 suo
2438 1908 2670 1955 emeatus
2701 1901 2775 1955 ait
2813 1900 2878 1954 ad
2910 1902 3189 1957 Dominum
3224 1921 3235 1955 :
3271 1902 3331 1957 Si
3362 1902 3529 1958 Filius

1947 1987 2044 2043 Dei
2084 2006 2158 2054 es,
2201 1989 2284 2044 dic
2326 2000 2381 2043 ut
2418 1991 2617 2062 lapides
2660 1994 2747 2046 isti
2790 2010 2950 2063 panes
2991 1994 3121 2063 ﬁant
3164 1994 3375 2065 (Matth.
3433 1996 3527 2065 Iv).

1941 2080 2264 2137 Stultissima
2295 2082 2407 2137 hsce
2437 2082 2553 2152 ejus
2581 2084 2860 2153 inanisque
2890 2085 3166 2154 subreptio
3203 2104 3214 2139 :
3248 2102 3345 2155 per
3376 2097 3399 2135 ες
3432 2074 3528 2157 pa-

1943 2186 2065 2224 nent
2095 2187 2216 2224 eum
2248 2172 2359 2226 vult
2390 2181 2618 2237 tentare,
2645 2175 2736 2241 qui
2771 2174 2922 2243 panis
2950 2182 3050 2239 est,
3082 2177 3351 2232 testimans
3383 2178 3528 2232 illum

1941 2276 2081 2316 εδοξε
2110 2262 2331 2331 penuria
2381 2262 2647 2328 laborare,
2685 2265 2777 2331 qui
2817 2265 3174 2319 voluntariam
3222 2266 3526 2335 perferebat

1943 2354 2194 2409 esuriem.
2221 2354 2317 2410 Cui
2340 2356 2617 2427 respondit
2644 2355 2900 2412 Dominus
2925 2375 2936 2411 :
2971 2357 3231 2427 Scriptum
3252 2368 3326 2414 cst
3355 2377 3370 2413 :
3404 2358 3527 2413 Non

1941 2444 1998 2496 in
2043 2461 2175 2513 pane
2218 2454 2418 2499 tantum
2466 2446 2587 2498 vivit
2626 2446 2795 2508 homo,
2828 2446 2916 2499 sed
2956 2448 3010 2499 in
3048 2449 3187 2500 omni
3234 2447 3382 2501 verba
3428 2446 3525 2501 Dei

1945 2534 2120 2607 (Deut.
2156 2537 2288 2605 vui).
2321 2536 2436 2592 ΙΙοε
2456 2545 2539 2593 est
2566 2536 2747 2592 dicere
2775 2556 2786 2590 :
2813 2537 3051 2604 Frustra,
3077 2538 3307 2604 diabole,
3333 2540 3527 2594 iterum

1940 2641 2038 2695 per
2058 2641 2238 2681 escam
2267 2627 2611 2696 supplantare
2646 2629 2860 2683 conaris
2885 2646 2896 2681 :
2921 2627 3153 2684 sufficiat
3177 2629 3269 2684 tibi
3299 2630 3525 2684 suadeti-

1941 2717 2010 2771 do
2040 2720 2067 2754 ιι
2098 2718 2247 2773 cibos
2294 2719 2512 2774 illicitos
2556 2720 2607 2773 in
2656 2720 2905 2790 paradiso
2950 2718 3118 2773 Adam
3158 2735 3255 2790 per
3284 2729 3335 2775 te
3364 2720 3525 2776 fuisse

1940 2807 2246 2877 deceptum.
2279 2807 2389 2863 Nec
2419 2809 2623 2864 esuries
2648 2823 2733 2863 me
2772 2809 2955 2875 vincit,
2988 2825 3087 2865 nec
3126 2810 3230 2865 tuis
3257 2812 3525 2865 suasioni-

1941 2898 2039 2953 bus
2076 2899 2089 2935 ί
2126 2898 2283 2965 cedo,
2309 2899 2555 2954 voluntas
2584 2901 2727 2953 enim
2755 2899 2850 2954 Dei
2880 2900 3031 2955 cibus
3060 2909 3141 2954 est
3177 2916 3330 2956 meus
3361 2920 3372 2953 :
3405 2918 3523 2956 ver-

1940 2988 2064 3042 bum
2094 2987 2225 3042 Deil
2266 2990 2398 3044 mihi
2426 2999 2509 3044 est
2548 2990 2787 3060 perfecta
2834 2989 3081 3046 refectio.
3119 2990 3233 3057 Qua
3258 2992 3521 3047 sententia

1943 3096 2310 3150 repercussus,
2343 3084 2557 3149 iterum,
2582 3095 2639 3137 ut
2659 3084 2885 3150 mstimo,
2918 3084 3053 3139 dixit
3081 3084 3325 3140 diabolus
3351 3102 3363 3137 :
3386 3084 3522 3152 Quid

246 3177 316 3231 ini
360 3178 516 3233 radio
556 3178 725 3233 stella}
761 3179 983 3233 ιπιίοιιίς
1026 3179 1245 3245 arridet,
1295 3189 1456 3249 alque
1485 3181 1537 3235 ίη
1568 3182 1832 3236 honorem
1861 3158 1906 3221 C
1939 3173 2044 3227 hoc
2070 3172 2148 3226 rei
2170 3182 2272 3237 est,
2295 3174 2452 3229 video
2474 3175 2619 3228 illum
2644 3176 2868 3241 esurire,
2898 3186 2951 3229 et
2972 3176 3344 3231 necessitatem
3368 3175 3390 3213 κ
3416 3192 3523 3232 non

246 3268 415 3339 ipsius
457 3270 824 3324 ministrantes
865 3271 913 3325 ei
957 3271 1130 3339 angeli
1173 3271 1312 3325 inter
1339 3272 1513 3324 sidera
1558 3280 1833 3341 terrasque

245 3369 608 3421 concurrunt,
653 3368 707 3414 et
751 3362 1081 3415 exsultantes
1126 3362 1471 3426 annuntiant,
1523 3376 1682 3430 quam
1724 3376 1830 3416 non

246 3450 488 3519 intelligo
530 3452 846 3506 novitatem.
893 3450 1029 3517 Quid
1071 3453 1174 3507 hoc
1217 3453 1459 3507 miraculi
1500 3454 1619 3506 est?
1665 3450 1833 3507 Video

247 3542 387 3610 quod
434 3542 719 3597 advertere
764 3558 995 3613 nequeo,
1040 3544 1197 3598 audio
1244 3543 1389 3613 quod
1429 3544 1692 3598 sustinere
1725 3560 1831 3597 non

247 3648 497 3702 possum;
529 3642 587 3689 ut
615 3635 775 3689 homo
796 3644 954 3690 natus
976 3635 1273 3690 honoratur
1294 3644 1351 3689 ut
1378 3635 1537 3690 Deus.
1564 3635 1606 3687 A
1627 3635 1834 3689 s'eculis

246 3739 522 3793 nunquam
552 3725 682 3780 mihi
710 3725 821 3783 hoc
839 3725 1081 3793 contigit,
1115 3734 1173 3779 ut
1201 3724 1482 3794 quisquam
1526 3733 1834 3779 nasceretur

246 3814 429 3880 homo,
460 3825 516 3869 et
554 3816 772 3870 humani
818 3817 931 3870 vitii
971 3817 1104 3870 nihil
1138 3815 1381 3870 haberet.
1415 3814 1544 3882 Qum
1580 3817 1690 3871 huic
1722 3824 1833 3871 tam

244 3922 380 3960 nova
424 3914 727 3977 potensque
772 3908 1049 3976 generatio
1094 3909 1212 3962 est?
1257 3906 1401 3962 Inter
1440 3916 1753 3977 peccatores
1780 3915 1835 3962 et

246 3998 437 4069 impios
485 4007 666 4064 natus,
712 3998 926 4052 mortali
966 3999 1131 4052 etiam
1168 3998 1237 4052 de
1282 4004 1453 4051 matre
1499 4013 1831 4067 progressus,

245 4089 522 4158 pnrgatior
558 4088 765 4143 cunctis
793 4088 1136 4143 nascentibus
1170 4096 1224 4143 et
1262 4088 1379 4156 ipso
1408 4089 1536 4141 mihi
1566 4089 1703 4143 coelo
1732 4105 1829 4158 pu-

245 4181 354 4235 rior
379 4190 625 4250 apparet.
658 4180 909 4234 Avaritiae
949 4180 1000 4233 in
1046 4195 1112 4234 eo
1145 4181 1295 4234 radix
1344 4180 1488 4234 nulla
1537 4183 1829 4248 consurgit,

246 4272 387 4325 nulla
413 4288 511 4327 cor
535 4272 655 4339 ejus
682 4271 864 4340 pulsat
892 4270 1108 4334 invidia,
1139 4272 1310 4327 nescit
1334 4272 1515 4340 lingua
1542 4271 1658 4340 ejus
1683 4289 1834 4326 men-

243 4361 472 4428 dacium,
505 4363 649 4417 oeuli
678 4362 796 4431 ejus
826 4363 1315 4431 concupiscentiam
1363 4380 1472 4419 non
1522 4364 1828 4429 admittunt,

246 4454 387 4507 nulla
417 4455 629 4507 aurium
668 4454 943 4524 voluptate
972 4455 1239 4521 mollitur;
1272 4456 1509 4511 luxuries
1537 4464 1703 4519 certe,
1736 4470 1833 4524 per

1938 3263 2152 3318 invenio
2182 3266 2568 3330 manducandi;
2600 3268 2777 3320 omnia
2801 3275 2859 3319 ut
2884 3267 3046 3321 homo
3085 3267 3302 3336 patitur,
3330 3274 3386 3321 et
3406 3282 3523 3322 om-

1937 3354 2025 3407 nia
2054 3354 2220 3409 vincit
2247 3364 2301 3408 ut
2332 3354 2491 3409 Deus.
2536 3356 2697 3410 Adam
2728 3358 2835 3421 ille,
2872 3357 2967 3411 Dei
2996 3367 3145 3413 certe
3168 3359 3410 3414 manibus
3441 3359 3519 3413 fa-

1936 3454 2075 3510 ctus,
2108 3447 2243 3501 meis
2262 3438 2530 3515 q'uondam
2563 3448 2724 3501 cessit
2752 3447 2974 3511 insidiis,
3014 3448 3103 3503 hic
3132 3457 3288 3503 natus
3313 3464 3344 3504 c
3363 3448 3518 3503 femi-

1939 3554 2027 3604 na,
2058 3553 2233 3607 ueque
2278 3538 2389 3593 suis
2428 3539 2836 3593 necessitatibus
2873 3538 3125 3604 ﬂectitur,
3169 3554 3345 3607 neque
3388 3541 3522 3594 meis

1938 3626 2175 3684 consiliis
2204 3629 2527 3697 acquiescit;
2560 3628 2704 3682 illum
2730 3630 2995 3698 serpentis
3015 3644 3109 3683 ore
3137 3630 3405 3697 superavi,
3434 3630 3521 3686 hic

1939 3735 2023 3774 me
2052 3719 2213 3775 etiam
2240 3719 2409 3790 ipsum
2451 3719 2757 3786 loquentem
2787 3719 3102 3773 contemnit.
3136 3717 3331 3773 Iterum
3360 3720 3520 3773 stanti

1937 3809 2166 3865 Domino
2207 3825 2370 3879 super
2411 3810 2628 3879 pinnam
2659 3809 2841 3879 templi
2872 3809 2946 3862 ait
2978 3827 2989 3862 :
3026 3807 3087 3865 Si
3123 3808 3292 3863 Filius
3321 3807 3417 3864 Dei
3444 3826 3519 3874 es,

1890 3952 1901 3957 -
1936 3906 2079 3959 mitte
2102 3913 2149 3957 te
2175 3905 2188 3940 ι
2225 3905 2463 3958 deorsum
2494 3901 2709 3975 (Matth.
2738 3904 2831 3971 iv).
2858 3912 2894 3938 οι
2932 3900 3103 3967 Quam
3135 3901 3380 3957 turbatus
3408 3902 3521 3957 haec

1938 3998 2194 4066 loquitur,
2227 3996 2314 4050 cui
2335 4011 2394 4049 se
2422 4003 2575 4063 putat
2603 3993 2958 4064 prtecipitium
2992 3991 3337 4062 persuadere,
3364 4007 3395 4046 a
3414 4006 3521 4059 quo

1938 4089 2069 4143 nihil
2098 4089 2273 4158 potuit
2299 4088 2366 4144 de
2385 4087 2613 4157 panibus
2640 4088 2946 4156 impetrare.
2978 4084 3076 4139 Cui
3109 4084 3464 4154 respondetur
3490 4098 3521 4135 a

1936 4180 2154 4237 Christo
2182 4199 2194 4233 :
2231 4180 2498 4250 Scriptum
2527 4187 2637 4233 est:
2671 4177 2794 4232 Non
2817 4178 3034 4231 tentabis
3059 4176 3337 4231 Dominum
3362 4175 3520 4231 Deum

1938 4286 2079 4328 tuum
2110 4272 2284 4343 (Deut.
2317 4271 2450 4341 vin).
2500 4270 2557 4324 Id
2600 4278 2702 4333 est,
2733 4270 2837 4323 hoc
2865 4266 3007 4337 quo'd
3046 4269 3257 4334 suades,
3287 4269 3517 4335 diabole,

1936 4364 2251 4419 teutationis
2292 4361 2637 4433 prtesumptio
2675 4367 2776 4425 est,
2812 4375 2915 4413 non
2946 4359 3229 4415 consilium
3259 4368 3287 4396 ιι
3320 4360 3520 4414 sanita-

1938 4458 2026 4521 tis,
2053 4456 2326 4525 jaetantite
2351 4454 2579 4519 vanitas,
2611 4468 2717 4508 non
2756 4451 2971 4506 virtutis
2998 4450 3332 4518 exemplum;
3364 4450 3520 4503 inane

244 4560 403 4613 quam
433 4545 565 4599 mihi
590 4544 885 4599 humanum
913 4546 1113 4615 subjcci
1142 4559 1328 4614 genus,
1364 4554 1550 4616 pectus
1578 4544 1695 4614 ejus
1720 4560 1827 4601 non
1857 4526 1913 4588 D
1937 4558 2019 4604 est
2042 4550 2186 4603 enim
2215 4564 2374 4603 omne
2397 4547 2736 4612 miraculum,
2762 4544 2906 4614 quod
2932 4544 3213 4599 utilitatem
3234 4542 3391 4597 saluti
3412 4558 3519 4597 non

246 4645 421 4704 potest
440 4643 757 4705 penetrare:
781 4635 923 4690 nulla
946 4636 1018 4689 illi
1036 4635 1290 4703 jactantia
1316 4637 1470 4699 inest,
1497 4635 1641 4689 nulla
1666 4646 1688 4673 σε
1712 4649 1828 4689 ma-

244 4728 377 4784 litia.
409 4729 476 4782 Et
504 4729 635 4799 quid
665 4730 855 4800 plura?
883 4729 1021 4784 Nihil
1048 4731 1098 4784 in
1129 4746 1196 4786 eo
1218 4733 1427 4799 reperio
1456 4730 1600 4799 quod
1628 4746 1717 4785 me
1738 4731 1831 4785 de-

246 4819 433 4888 lectet;
465 4837 658 4876 omnes
702 4836 857 4877 meos
901 4832 1127 4877 conatus
1170 4830 1413 4877 evacuat.
1450 4820 1589 4887 Quid
1636 4821 1831 4887 agam?

243 4928 352 4982 quo
378 4929 465 4969 me
492 4915 847 4969 convertam?
869 4914 1169 4970 Fortiorem
1196 4916 1401 4978 sentio;
1434 4922 1564 4984 puto
1597 4912 1747 4969 illum
1778 4913 1829 4967 in

243 5017 408 5073 regno
427 5020 551 5061 meo
568 5005 710 5061 velle
729 5019 976 5075 regnare,
1003 5022 1069 5062 ne
1095 5007 1232 5063 forte
1262 5007 1403 5062 Deus
1429 5008 1497 5063 sit
1525 5008 1647 5071 iste,
1666 5021 1827 5076 quem

323 5235 349 5299 ἢ
367 5227 423 5281 In
448 5228 540 5283 cit.
572 5243 691 5299 cap.
723 5226 757 5281 5
785 5226 852 5282 dc
888 5225 1066 5298 Myst.,
1111 5244 1203 5294 pro
1246 5226 1390 5280 nobis
1437 5227 1686 5297 loquendo
1715 5244 1825 5279 cer-

246 5298 390 5352 terit.

320 5366 345 5404 ⁸⁸
375 5367 505 5424 Cod.
533 5368 769 5431 Martin.,
801 5385 1072 5438 cognosco.

322 5446 343 5474 ι’
372 5438 501 5494 Cod.
532 5440 653 5495 Vat.
682 5439 837 5501 1‘268,
866 5435 1002 5492 Edita
1038 5436 1173 5488 Filio
1210 5435 1322 5488 Dei.

315 5506 342 5543 ἀ
371 5508 509 5564 Idem
539 5512 661 5565 cod.
691 5510 840 5571 Vat.,
882 5517 935 5562 et
964 5507 1202 5571 M;ll'llll.,
1231 5509 1546 5577 similemque
1575 5524 1626 5559 se
1656 5523 1780 5559 esse.

320 5588 344 5615 ε
374 5578 511 5634 Idem
540 5582 661 5635 cod.
695 5577 839 5642 νει..
872 5588 925 5633 et
948 5578 1186 5643 Mat'lltt.,
1220 5580 1361 5631 nulla
1391 5578 1651 5631 mollities.

324 5646 340 5685 ί
365 5646 505 5704 Idem
533 5651 654 5705 cod.
689 5651 832 5712 Vah,
864 5648 1155 5716 persuadet.

320 5727 345 5766 ε
371 5717 510 5775 Idem
532 5722 676 5782 cod.,
707 5739 797 5785 per
823 5736 1005 5784 partem
1037 5721 1169 5773 cnim
1200 5736 1309 5771 cum
1343 5718 1442 5772 vult
1474 5728 1690 5771 tentare.

1936 4650 2191 4711 cperatur
2220 4640 2483 4693 humanm.
2514 4636 2578 4691 Et
2606 4638 2708 4692 hac
2731 4636 2945 4692 Domini
2974 4633 3321 4704 responsione
3341 4646 3519 4685 cassa-

1933 4740 2037 4795 tus,
2062 4730 2297 4785 ostendit
2317 4730 2363 4784 ei
2386 4729 2564 4784 omnia
2593 4743 2759 4797 regna
2787 4726 2969 4781 mundi
2989 4733 3043 4780 et
3070 4725 3304 4779 honores
3330 4736 3518 4776 eorum

1933 4821 2118 4876 dicens
2151 4840 2162 4872 :
2190 4819 2318 4874 llwc
2346 4820 2523 4873 omnia
2554 4818 2643 4873 tibi
2673 4818 2823 4880 dabo,
2856 4818 2901 4869 si
2930 4814 3199 4885 precidem
3221 4811 3518 4865 adorareria

1932 4930 2011 4967 me
2052 4911 2266 4982 (Matth.
2310 4912 2404 4981 tv).
2447 4909 2546 4966 Cui
2591 4911 2785 4964 iterum
2821 4904 3177 4975 respondetur
3209 4919 3221 4956 :
3252 4901 3517 4972 Scriptum

1934 5014 2046 5059 est:
2071 5001 2349 5059 Dominum
2376 5002 2538 5056 Deum
2562 5010 2702 5055 tuum
2729 4996 2990 5063 adorabis,
3023 5003 3071 5048 et
3100 4993 3177 5049 illi
3206 4993 3302 5049 soli
3331 4993 3517 5046 servies

2002 5222 2026 5260 δ
2053 5222 2184 5277 Cod.
2219 5221 2454 5283 Martin.,
2489 5218 2611 5271 cibis
2641 5213 2854 5268 illicitis.

2009 5294 2022 5331 ί
2058 5294 2140 5347 AI.
2173 5293 2342 5346 credo.

2007 5368 2019 5412 l
2058 5362 2190 5417 Cod.
2220 5360 2565 5421 Camberon.,
2594 5373 2706 5409 mea
2736 5362 2830 5409 est.

2002 5433 2025 5470 ι
2055 5434 2214 5487 Idem.
2248 5430 2391 5491 cod.,
2425 5439 2470 5482 et
2509 5428 2861 5481 necessitatem
2886 5428 2939 5479 in
2969 5444 3026 5481 eo
3058 5444 3157 5480 non
3183 5428 3400 5481 invenio.

2004 5504 2017 5539 ἶ
2055 5502 2188 5556 Cod.
2214 5501 2425 5554 Martiu.
2458 5498 2603 5553 addit
2630 5499 2811 5556 inquit.

1999 5585 2034 5611 οι
2067 5573 2209 5627 Idem
2240 5570 2383 5631 cod.,
2421 5570 2585 5633 Quam
2608 5568 2839 5623 turbatus
2870 5568 2961 5620 hoc
2993 5568 3234 5638 loquitur,
3258 5568 3338 5620 cui
3367 5570 3512 5634 putat

1926 5648 1969 5697 ei
1995 5662 2047 5697 se
2067 5659 2216 5710 posse
2237 5641 2575 5713 prtt'cipitium
2606 5639 2929 5713 persuadere.

2002 5725 2024 5749 ιι
2060 5713 2138 5767 Al.
2167 5712 2479 5765 sanctitatis.

3571 789 3588 819 Κ
