4042 6192
527 350 630 409 807

1746 340 1802 398 S.
1843 336 2085 394 MAXIMI
2124 333 2576 393 TAURINE’NSIS

526 464 705 530 (Deut.
733 459 863 533 νιιι).
888 458 944 516 Id
964 466 1068 529 est,
1095 457 1186 528 qui
1214 465 1285 522 te,
1309 454 1536 521 daemon,
1560 452 1883 516 adoraverit,
1908 465 2015 505 non
2052 449 2103 504 ei
2132 451 2179 511 Α
2205 450 2425 519 spergit.
2455 446 2766 505 Sanctiﬁcat
2788 447 3068 517 jejunium,
3105 445 3199 517 qui
3240 444 3559 516 litigantium
3588 446 3792 504 tumul-

524 568 711 624 regna,
736 550 830 607 sed
853 549 1058 605 inferna
1076 548 1357 604 debentur.
1384 543 1630 600 Adorare'
1666 556 1897 610 namque
1932 540 2105 595 Deum

528 657 710 699 verum
737 641 894 710 eique
918 639 1140 701 servire,
1165 635 1518 707 praerogativa
1548 633 1806 703 regnandi
1831 642 1913 687 est
1941 646 1955 685 :
1989 640 2015 665 ⁸
2046 638 2104 684 ιιι

525 744 723 799 autem,
766 732 859 802 qui
898 731 1134 785 honores
1176 726 1359 782 mundi
1403 725 1637 796 expetita
1666 719 2105 794 pnevaricatiune

524 824 818 896 promittis,
848 837 949 879 nec
986 834 1212 890 regnum
1238 819 1368 873 dare
1398 831 1558 887 posse
1593 823 1648 869 te
1675 814 1909 869 noveris.
1940 811 2102 878 Ecce,

525 923 787 981 tentator,
820 912 961 967 trina
984 910 1096 981 jam
1137 908 1560 977 interrogatione
1588 904 1716 960 nihil
1752 903 1993 974 prolicit;
2024 902 2105 956 in-

524 1015 705 1063 certus
730 1004 896 1069 venit,
934 1003 1072 1058 redit
1100 1000 1384 1065 incertior;
1415 1010 1698 1067 aggressus
1741 996 1896 1066 109
1935 1000 2019 1049 est
2047 1000 2107 1047 ut

521 1097 797 1168 probaret,
836 1093 1157 1164 reprobatus
1195 1088 1475 1145 abscessit.
1522 1086 1663 1156 Ergo
1703 1100 1869 1148 nunc,
1912 1082 2106 1138 fratres

522 1183 822 1249 carissimi,
870 1182 995 1252 quia
1030 1178 1322 1250 jejunantis
1363 1176 1573 1231 Domini
1618 1174 1871 1230 victorias
1917 1187 2108 1228 recen-

523 1284 726 1341 sentes,
756 1274 1084 1344 triumphum
1110 1278 1311 1326 nostra:
1336 1268 1522 1324 salutis
1547 1266 1878 1336 agnovimus,
1903 1262 2107 1333 jejunia

523 1374 708 1423 nostra
731 1364 999 1432 religiosis
1019 1360 1415 1418 sanctiﬁcemus
1442 1357 1732 1426 obsequiis.
1759 1354 1897 1422 Quid
1924 1360 2105 1408 autem

522 1465 605 1512 est
632 1456 774 1511 aliud
802 1453 1139 1510 sanetilicare
1161 1450 1442 1522 jejunium,
1466 1448 1569 1503 nisi
1590 1446 1777 1517 jejunii
1796 1459 1957 1501 causa
1981 1458 2108 1500 san-

521 1558 609 1606 cta
637 1549 795 1615 velle,
821 1548 963 1619 justa
994 1545 1191 1610 facere,
1223 1544 1405 1611 iniqua
1438 1541 1643 1596 vitare?
1678 1537 1991 1594 Sanctiﬁcat
2016 1535 2107 1590 ille

520 1639 811 1710 jejunium,
858 1636 1013 1706 cujus
1055 1650 1152 1691 cor
1196 1634 1433 1689 adulatio
1478 1638 1759 1701 potentum
1805 1628 2105 1683 amicorum

521 1738 911 1802 parentumque
933 1728 1127 1797 gratia,
1151 1726 1403 1780 clientum
1432 1721 1596 1777 etiam
1620 1734 1785 1791 parva
1807 1731 2105 1787 magnaque

2205 550 2292 597 tus
2317 539 2528 611 paciﬁci
2557 541 2786 596 sanitate
2810 541 3096 607 sermonis,
3127 547 3184 595 et
3205 540 3395 608 lingua:
3422 537 3791 608 prudentium

2204 640 2322 687 arte
2343 632 2656 702 compescit.
2692 630 3005 687 Sanctiﬁcat
3025 629 3309 700 jejunium,
3339 630 3429 699 qui
3458 644 3793 700 consurgen-

2205 729 2287 778 tes
2308 724 2361 777 in
2390 723 2679 791 semetipso
2708 737 2967 777 vanarum
2994 722 3378 790 cogitationum
3420 723 3575 793 ιιο
3602 723 3792 792 spinas

2204 812 2516 880 evangelica
2559 812 2802 867 sulcante
2843 826 3077 877 vomere,
3106 812 3256 867 velut
3292 812 3509 881 quidam
3550 814 3790 882 pectoris

2204 901 2287 958 sui
2315 909 2501 959 arator
2530 902 2751 958 excidit.
2792 900 3106 959 Sanctiﬁcat
3134 902 3418 973 jejunium,
3447 904 3541 974 qui
3576 904 3791 974 inopias

2204 1009 2496 1064 egenorum
2526 1010 2625 1065 pro
2650 995 2951 1063 quantitate
2987 994 3296 1049 substantias
3337 1008 3449 1049 sure
3483 995 3791 1051 miserantis

2204 1101 2399 1141 manus
2429 1086 2762 1140 humanitate
2810 1085 3035 1141 solatur.
3066 1085 3322 1155 Apprime
3360 1084 3663 1142 sanctiﬁcat
3698 1088 3793 1142 ille

2200 1173 2485 1243 jejunium,
2511 1174 2603 1242 qui
2633 1173 2913 1243 praeceptis
2936 1173 3128 1229 divina:
3155 1174 3288 1243 legis
3316 1174 3570 1241 intentus,
3600 1176 3795 1232 diabm

2204 1264 2309 1321 lica
2336 1280 2368 1320 a
2397 1266 2561 1321 corde
2587 1279 2687 1320 suo
2714 1264 2921 1335 respuit
2947 1272 3297 1320 tentamenta.
3320 1265 3389 1319 Et
3415 1266 3560 1333 ideo,
3594 1266 3794 1321 fratres

2205 1358 2502 1426 carissimi,
2541 1358 2589 1412 si
2615 1357 2862 1412 volumus
2888 1357 3002 1413 Deo
3044 1356 3243 1427 placita
3275 1357 3533 1413 exhibere
3556 1356 3789 1426 jejunia,

2204 1448 2372 1504 simus
2401 1448 2454 1503 in
2479 1445 2505 1485 ἀ
2532 1446 2699 1503 corde
2738 1447 2925 1513 fortes,
2958 1446 3011 1501 in
3039 1445 3255 1516 judieiis
3288 1445 3438 1515 justi,
3468 1447 3521 1501 in
3552 1447 3792 1502 amicitia

2206 1537 2407 1603 ﬁdeles,
2437 1537 2491 1592 in
2520 1536 2731 1606 injuriis
2754 1537 3040 1607 patientes,
3067 1535 3122 1591 in
3144 1536 3579 1592 contentionibus
3604 1536 3795 1591 mode-

2203 1628 2326 1692 rati,
2368 1626 2696 1695 refugiamus
2736 1625 3085 1695 turpiloqnia,
3133 1624 3393 1681 adversus
3434 1625 3617 1694 iniqua
3656 1641 3793 1680 eon-

2203 1726 2443 1783 stantes,
2485 1718 2538 1773 in
2577 1718 2839 1774 conviviis
2883 1717 3069 1784 sobrii,
3114 1718 3167 1773 in
3212 1718 3443 1774 caritate
3491 1719 3790 1789 simplices.

521 1821 835 1878 munuscula
860 1820 887 1858 ιι
916 1834 946 1873 a
973 1819 1110 1873 recti
1130 1816 1344 1871 tramite
1365 1827 1473 1869 non
1495 1819 1763 1868 avertunt.
1793 1807 2105 1865 Sanctiﬁcat
2137 1805 2177 1864 Β
2208 1809 2349 1863 inter
2374 1808 2629 1865 subdolos
2651 1808 2814 1875 cauti,
2845 1808 3196 1865 condolentes
3217 1810 3475 1872 tristibus,
3504 1818 3792 1866 contuma-

520 1914 775 1985 jejunium
805 1926 977 1976 suum,
1002 1907 1156 1977 cujus
1177 1906 1384 1975 justitia
1417 1914 1439 1943 ο
1469 1918 1564 1959 cor
1589 1917 1699 1957 non
1717 1901 1945 1957 vilescit.
1964 1898 2102 1954 San-

518 2005 724 2063 ctiﬁcat
744 2005 833 2060 ille
846 2002 1128 2072 jejunium,
1154 1999 1247 2068 qui
1266 1998 1507 2052 ﬂammas
1527 1994 1794 2050 saevientis
1814 1991 2101 2048 iracundiae

519 2104 814 2153 mansuetae
838 2093 1035 2149 mentis
1066 2089 1432 2162 placabilitate
1458 2086 1761 2154 restinguit.
1796 2082 2104 2140 Sanctiﬁcat

518 2185 799 2257 jejunium,
837 2183 932 2253 qui
975 2181 1315 2237 lascivientes
1362 2178 1551 2234 oculos
1591 2177 1732 2247 turpi
1772 2175 1840 2231 ab
1881 2179 2103 2245 aspectu

518 2276 742 2332 habenis
771 2273 1038 2330 castitatis
1082 2271 1297 2326 avertit.
1345 2268 1659 2324 Sanctiﬁcat
1698 2265 1982 2336 jejunium,
2010 2266 2102 2334 qui

520 2367 882 2456 conviciorpm
914 2363 1112 2434 jacula,
1152 2368 1308 2417 scuto
1352 2358 1624 2430 patientiae
1668 2370 1984 2428 repercussa
2021 2354 2105 2410 di-

2206 1901 2357 1955 cibus
2389 1900 2721 1965 resistentes,
2746 1900 2799 1954 in
2827 1900 3223 1969 suspicionibus
3250 1901 3421 1970 parci,
3455 1901 3594 1955 inter
3633 1900 3791 1955 mali-

2208 1991 2399 2060 loquos
2426 1991 2594 2053 taciti,
2626 1990 2767 2044 inter
2795 1990 3023 2045 humiles
3048 1990 3368 2059 coaequales.
3396 1989 3452 2045 Si
3483 1987 3791 2058 hujusmodi

2206 2082 2491 2139 virtutibus
2545 2087 2727 2135 nostra
2784 2080 3115 2134 voluerimus
3166 2077 3503 2134 sanetilicare
3548 2076 3790 2146 jejunia,

2207 2173 2475 2229 tribuente
2512 2170 2758 2235 Domino,
2789 2169 2856 2224 ad
2899 2169 3242 2224 festivitatem
3280 2168 3542 2238 paschalis
3577 2168 3787 2236 gratiae,

2206 2273 2264 2321 et
2304 2263 2372 2319 ad
2419 2263 2610 2332 gaudia
2656 2262 2953 2318 cmlestium
3008 2262 3442 2331 promissionum,
3490 2260 3788 2316 indubitata

2209 2354 2402 2411 ﬁducia
2430 2363 2487 2411 et
2511 2353 2841 2411 conscientia
2868 2352 3074 2408 laetiore
3095 2352 3388 2409 veniemus.

1757 2469 2101 2530 HOMILIA
2157 2468 2518 2533 XXXVIII.

1827 2566 1906 2621 De
1934 2565 2345 2638 Quadragesima
2382 2567 2466 2622 11.

1959 2663 2350 2719 ADMONITIO.

588 2762 669 2818 Ab
696 2762 895 2816 usitato
923 2760 1188 2816 editorum
1225 2760 1416 2817 ordine
1455 2761 1542 2816 hic
1570 2758 1897 2820 recedimus,
1940 2773 1999 2812 ut
2033 2758 2172 2813 hanc
2208 2758 2483 2813 homiliam
2515 2752 2655 2811 inter
2681 2758 2891 2825 priores
2918 2758 2987 2814 de
3014 2757 3430 2825 Quadragesima
3457 2756 3776 2812 referamus.

518 2832 627 2887 Nos
656 2848 762 2886 non
785 2840 891 2884 tam
921 2831 1219 2900 aliquorum
1246 2832 1490 2886 codicum
1512 2831 1799 2900 auctoritas
1826 2835 2119 2900 permovet.
2149 2843 2308 2900 quam
2339 2828 2509 2900 ipsius
2533 2826 2764 2900 homiliam:
2790 2829 2956 2900 ratio.
2971 2829 3115 2900 Nam
3136 2826 3195 2882 8.
3224 2826 3483 2900 RIaximus
3502 2826 3569 2900 de
3588 2826 3781 2900 jejuuii

558 2900 993 2968 nadragesimalis
1011 2896 1289 2970 praecepto
1335 2900 1675 2969 adimplendo
1716 2896 1882 2970 τιδίῑῇ
1909 2896 2369 2970 Profectotitulus
2396 2897 2596 2970 codicis
2624 2897 2867 2953 Vaticani
2897 2898 3054 2970 1278.
3087 2912 3216 2970 pag.
3242 2897 3294 2961 9,
3326 2896 3739 2970 esthnjusmodj
3766 2915 3780 2950 :

558 2917 993 2968 naurageSImatts
1019 2917 1289 2970 praecepto
1335 2917 1675 2969 adimplenda
1716 2917 1843 2966 ag“.
1909 2917 2157 2952 ιιι-ωειςιο
2184 2917 2369 2952 "ullus
2396 2917 2596 2953 οοαιειδ
2633 2917 2867 2953 vattcant
2897 2917 3054 2952 ιΖιδ.
3124 2917 3210 2966 ag.
3242 2917 3294 2961 υ,
3326 2917 3410 2951 εει
3434 2917 3739 2961 unjusmoul
3766 2917 3779 2950 ἶ

518 2917 585 3027 9a
606 2972 866 3025 dominica
889 2971 1057 3041 prima
1085 2968 1508 3041 Quadragesima:
1536 2985 1714 3041 88T_MO_
1725 2968 1794 3041 _S.
1827 2967 2045 3041 Maximi
2076 2968 2340 3041 episcopi;
2381 2968 2602 3041 alterius
2629 2982 2850 3041 quoque
2862 2967 3071 3041 codicis
3087 2917 3340 3041 Vaticani
3362 2965 3671 3041 6452,_pag.
3704 2967 3741 3020 '5
3766 2984 3779 3019 :

520 2985 585 3027 ιη
606 2985 866 3025 dominica
889 2987 1057 3039 prima
1085 2985 1508 3041 quadragesima:
1536 2985 1702 3023 sermo
1733 2985 1794 3023 δ.
1827 2985 2045 3022 maximi
2076 2985 2246 3037 episca
2323 2986 2340 3033 ;
2381 2985 2602 3022 alterius
2629 2985 2844 3036 quoque
2869 2985 3071 3023 coutcts
3108 2985 3340 3023 vaucam
3362 2985 3519 3030 mox,
3549 2985 3671 3035 pag.
3704 2985 3741 3020 ο
3766 2985 3779 3019 :

520 3041 586 3094 In
613 3041 872 3094 dominica
909 3037 1360 3110 Quadragesimw__
1375 3056 1543 3110 sermo
1571 3038 1648 3110 _S.
1689 3037 1911 3110 Maximi
1940 3038 2190 3110 episcopi.
2339 3037 2558 3110 reliquis
2597 3044 2727 3110 quot
2754 3038 2987 3110 codices,
3020 3045 3101 3092 tot
3127 3036 3350 3110 diversa:
3380 3036 3779 3110 inscriptiones.

517 3110 649 3166 Nam
669 3104 1147 3178 Vaticanu571268',
1176 3122 1298 3178 pag.
1332 3107 1419 3172 56,
1450 3107 1666 3178 pra:fert
1698 3125 1710 3160 :
1752 3106 1832 3178 _De
1870 3104 2072 3178 jejunio
2114 3104 2570 3178 Quadragesimgc;
2615 3104 2786 3178 codex
2826 3106 2895 3161 99
2932 3106 3145 3178 Sanctae
3174 3106 3359 3178 crucis
3400 3106 3453 3160 in
3481 3104 3782 3178 Jerusalem

519 3179 703 3234 homil.
735 3180 803 3250 59
844 3178 924 3250 D_e
951 3177 1012 3250 S.
1043 3174 1484 3250 Quadi-agmina}
1524 3178 1631 3250 duo
1667 3174 1884 3250 codices
1922 3174 2312 3250 Medoetienses
2331 3174 2443 3250 E‘la
2473 3174 2881 3250 Quadragesima
2904 3192 3080 3250 sermo
3104 3177 3239 3230 beati
3269 3175 3490 3250 Hanginti
3517 3175 3779 3250 episcopi;

522 3250 651 3303 item
680 3248 850 3304 codex
880 3248 1159 3303 Bobiensis
1188 3247 1229 3300 L
1257 3243 1319 3309 '>I4
1343 3288 1358 3312 ,
1391 3247 1644 3302 Lucensis
1690 3246 1761 3300 85
1792 3264 1805 3299 :
1848 3245 1914 3301 In
1943 3246 2203 3300 dominica
2239 3248 2302 3316 in
2341 3243 2796 3316 Quadragesima;_
2823 3245 3197 3316 Vallicellanus
3222 3252 3357 3299 tom.
3381 3244 3444 3310 II,
3476 3243 3722 3316 pagLHI
3763 3262 3777 3316 ς

523 3319 709 3374 Sermo
740 3319 906 3372 sancti
936 3316 1157 3371 Maximi
1180 3318 1245 3371 de
1274 3316 1713 3387 Quadragesima;
1745 3316 2135 3387 Laurentianus
2163 3332 2205 3387 ιἓ
2238 3314 2379 3387 Plut.
2409 3332 2516 3387 xlv,
2555 3312 3065 3387 pag._108,_a_tergo
3094 3334 3106 3369 :
3140 3314 3321 3370 Sermo
3351 3312 3518 3387 sancti
3556 3312 3784 3387 Maximi

520 3389 659 3458 unde
693 3404 879 3458 supra;
910 3403 975 3441 ac
1001 3388 1254 3457 praecedit
1282 3382 1555 3458 homiliam
1583 3389 1638 3440 in
1676 3387 1762 3440 die
1802 3384 2061 3458 Cinerum.
2092 3385 2279 3458 Codex
2308 3386 2443 3458 B_ibl.
2472 3382 2653 3458 Sancti
2680 3383 2843 3458 Marci
2868 3382 3057 3458 Venet:
3090 3399 3215 3458 CLIII
3243 3398 3366 3458 pag.
3396 3383 3521 3437 200.
3555 3382 3783 3458 “803-th

520 3451 932 3528 Quadraéesima
959 3451 1126 3511 sermo
1146 3458 1313 3528 sancti
1347 3456 1572 3510 Maximi
1596 3456 1853 3528 episcopi;
1883 3455 2050 3528 codex
2068 3455 2291 3528 tandem
2325 3455 2666 3528 Taurinensis
2691 3471 2704 3507 :
2742 3454 2884 3528 [rem
2912 3454 2989 3528 de
3015 3451 3426 3528 Quadragesima
3452 3469 3619 3507 sermo
3638 3451 3775 3528 _III.

517 3525 575 3582 Si
603 3535 684 3582 tot
706 3521 974 3592 tantaeque
1000 3527 1350 3581 auctoritates
1372 3541 1501 3581 mss.
1534 3521 1779 3580 codicum
1805 3524 2186 3579 Benedictinos
2211 3525 2503 3579 monachos
2526 3537 2711 3592 congr.
2739 3523 2796 3578 8.
2823 3523 2991 3577 Mauri
3034 3540 3139 3577 non
3183 3521 3464 3592 latuissent
3486 3563 3502 3587 ,
3530 3521 3779 3592 profecto

517 3542 575 3582 δι
603 3542 684 3582 tot
706 3542 867 3580 tanta:
908 3542 974 3581 ue
1000 3542 1350 3581 auctoritates
1372 3542 1501 3581 mss.
1534 3542 1779 3580 conicum
1805 3542 2186 3579 uenemcttnos
2211 3542 2503 3579 monacnos
2526 3542 2711 3592 congr.
2739 3542 2796 3578 8.
2823 3542 2991 3577 mann
3034 3542 3139 3577 non
3183 3542 3464 3578 Iattllssent
3486 3563 3502 3587 ,
3530 3542 3777 3592 prmecw

517 3598 720 3652 certius
746 3598 849 3652 hac
869 3542 936 3650 3e
974 3596 1193 3665 humilia
1227 3596 1488 3664 judicium
1518 3595 1974 3665 pronuntiassent.
2016 3593 2157 3665 cum,
2175 3609 2307 3665 vero
2346 3593 2475 3665 ipsis
2511 3600 2623 3648 tres
2650 3601 2853 3647 tantum
2889 3602 3085 3665 prgrsto
3116 3592 3309 3665 fuerint
3333 3591 3564 3655 codices,
3589 3591 3777 3665 Remi-

517 3667 703 3735 gianus
732 3682 869 3721 unus
896 3673 951 3720 et
993 3667 1100 3721 duo
1143 3660 1535 3720 Germanenses
1553 3705 1567 3728 ,
1600 3665 1691 3735 qui
1719 3664 2029 3735 inscriptum
2058 3663 2115 3718 S.
2141 3660 2382 3735 Marimi'
2400 3678 2594 3735 nomen
2623 3660 2911 3735 gerebant,
2938 3661 3336 3735 dubitanter_de
3363 3677 3430 3716 eo
3456 3660 3776 3735 pronuntia-

517 3728 660 3789 runt.
711 3735 829 3789 Vid.
878 3735 1008 3789 edit.
1057 3751 1183 3804 opp.
1232 3735 1288 3789 S.
1341 3736 1587 3789 Ambros.
1616 3728 1806 3788 'Paris.
1836 3728 2011 3804 I690,
2063 3743 2192 3788 tom.
2226 3731 2304 3804 _II,
2335 3747 2467 3804 pag.
2499 3728 2648 3804 429,:
2671 3733 2723 3785 in
2745 3732 2901 3804 puer.
2926 3747 3088 3804 serm.
3119 3730 3207 3785 28.
3245 3730 3438 3804 Itaque
3457 3728 3776 3798 corrigenda

518 3804 797 3874 inscriptio
825 3812 908 3858 est
935 3804 989 3857 in
1017 3800 1287 3859 veteribus
1314 3804 1639 3859 editionibus
1667 3819 1794 3872 opp.
1826 3802 1884 3857 S.
1916 3804 2200 3867 Ambrosii,
2225 3800 2487 3857 PariSien.
2520 3800 2657 3857 1569
2682 3800 2926 3865 θΗϐΟὸ,
2956 3809 3010 3855 et
3037 3802 3277 3856 Romana
3310 3800 3468 3856 1599.

520 3910 907 3966 Ακαωιιεκτυκ.
931 3910 1323 3981 —-Spirituales
1351 3911 1813 3980 quadragesimatis
1827 3911 2093 3964 observan-
2120 3913 2166 3975 (ζ
2196 3913 2395 3965 bonum
2421 3919 2504 3966 est
2523 3911 2747 3974 homini,
2778 3910 2805 3948 1³
2834 3919 2893 3965 ιιι
2919 3912 3117 3966 dictum
3142 3926 3420 3966 numerum
3447 3913 3564 3966 sine
3590 3909 3778 3965 labore

587 3979 1479 4074 εἰσί,ίῖπῗίῖιὲ,ἶῖεθίῖἒῗξλξίίξπξῗῖῗξί
1510 3995 1625 4074 ⁰²⁴Ϊῖ⁸
1652 3996 1882 4074 l’f'qu-‘i’l'
1898 3982 2093 4074 £fo}:
2194 4000 2402 4070 ieiunet
2423 4042 2438 4067 ν
2483 4010 2539 4057 ει
2584 4003 2749 4058 totius
2775 4002 3204 4072 Quadrasesimm
3229 4012 3589 4074 consequatur
3620 4006 3774 4073 ιιι

589 4049 765 4105 tantur
792 4059 1001 4120 peccata
1023 4089 1039 4115 ,
1071 4049 1283 4120 viridior
1310 4050 1473 4119 pietas
1498 4088 1514 4113 ,
1560 4058 1610 4102 et
1655 4049 1869 4120 solidior
1885 4050 2093 4120 justitia

587 4118 907 4182 succrescat;
953 4136 1013 4174 eo
1059 4119 1212 4188 plane
1249 4118 1421 4184 mede,
1472 4135 1570 4188 quo
1606 4119 1752 4173 tellus
1788 4118 1851 4172 ab
1881 4118 2089 4173 hiemali

589 4137 907 4182 succrescat;
953 4137 1013 4174 eo
1059 4137 1212 4188 ptaue
1249 4137 1421 4184 moao,
1506 4137 1570 4173 uo
1606 4137 1752 4173 tenus
1788 4137 1851 4172 ao
1881 4137 2088 4173 memon

589 4193 781 4262 frigore
827 4189 1043 4260 geluque
1063 4190 1335 4243 constricta
1358 4229 1373 4253 ,
1405 4137 1612 4312 afante
1639 4206 1782 4255 vere,
1813 4189 2092 4260 solutisque

589 4260 785 4312 nivibus
812 4263 867 4312 in
897 4260 1132 4312 aramina
1159 4267 1207 4312 et
1236 4260 1387 4312 ﬂores
1407 4276 1437 4312 α
1461 4260 1629 4312 acrior
1655 4260 1892 4312 erumpit.

589 4260 785 4316 nivibus
812 4263 867 4313 in
896 4260 1132 4330 gramina
1159 4267 1207 4313 et
1234 4260 1387 4327 ﬂores
1407 4260 1629 4312 alacrior
1655 4260 1892 4330 erumpit.

592 4363 617 4391 ο
664 4351 805 4405 Ante
860 4350 975 4405 dies
1028 4351 1371 4405 devotionem
1427 4359 1624 4406 sanctae
1669 4350 2095 4419 Quadragesimce

519 4443 870 4516 praedicantes
914 4456 1187 4495 sacrarum
1236 4441 1531 4495 litterarum
1580 4441 1824 4512 exempla
1869 4442 2097 4512 protuli—

522 4551 671 4598 mus,
719 4534 916 4603 quibus
958 4533 1383 4601 approbaremus
1429 4532 1572 4587 hunc
1614 4533 2096 4602 quadragenarium

519 4641 802 4683 numerum
835 4623 853 4663 ί
888 4639 995 4679 non
1017 4639 1136 4678 esse
1164 4623 1232 4677 ab
1260 4624 1568 4679 hominibus
1596 4625 1941 4681 constitutum
1960 4666 1976 4692 ,
2003 4625 2098 4680 sed

518 4719 774 4774 divinitus
814 4722 1215 4780 consecratum;
1258 4731 1360 4771 nec
1398 4723 1611 4770 terrena
1652 4716 1976 4784 cogitatione
2014 4716 2097 4770 in-

517 4817 770 4871 ventum,
816 4805 908 4863 sed
955 4806 1161 4861 cmlesti
1210 4804 1491 4873 majestate
1530 4813 1874 4875 praeceptum.
1924 4804 2099 4874 Atque

520 4902 643 4958 ideo
671 4904 763 4972 qui
790 4903 1139 4958 constitutum
1168 4917 1448 4956 numerum
1478 4917 1582 4955 una
1612 4901 1699 4957 die
1728 4901 2099 4955 manducando

520 4997 785 5063 praeterit,
816 5013 921 5051 non
947 5006 972 5044 ε
1003 5004 1063 5051 ut
1101 4997 1257 5051 unius
1285 4994 1390 5049 diei
1420 4994 1648 5049 violator
1674 5003 1973 5060 accusatur,
2003 4993 2096 5049 sed

521 5094 580 5141 ut
601 5088 768 5142 totius
794 5087 1224 5157 Quadragesimze
1252 5095 1616 5156 transgressor
1636 5085 1893 5154 arguitur.
1950 5084 2101 5142 Unde

591 5249 620 5310 9
646 5238 790 5310 Idem
811 5238 954 5310 cod.,
979 5246 1033 5291 tu
1054 5247 1241 5301 mitem,
1268 5241 1450 5310 inquit,
1474 5238 1692 5292 honores
1717 5234 1915 5291 mundi.

591 5308 617 5348 δ
655 5309 798 5364 Idem
822 5307 968 5372 cod.,
998 5326 1030 5360 α
1055 5316 1192 5362 recto
1216 5307 1437 5364 tramite.

593 5391 617 5418 ο
656 5378 801 5433 Idem
822 5379 964 5441 cod.,
998 5377 1142 5447 cujus
1164 5379 1365 5448 justitia
1388 5378 1551 5448 pretio
1578 5393 1680 5430 non
1709 5376 1924 5430 uitescit.

595 5448 617 5485 ‘
658 5448 801 5502 Idem
823 5448 970 5512 cod.,
993 5449 1150 5501 simus
1171 5449 1224 5499 in
1247 5448 1349 5516 ﬁde
1379 5451 1556 5517 fortes.

596 5530 619 5556 ⁸
657 5517 790 5572 Cod.
822 5518 1068 5579 Bubicn.,
1100 5517 1230 5569 Ante
1252 5534 1442 5583 paucos
1471 5517 1600 5573 dies.

596 5588 618 5626 ί
658 5587 791 5643 Cod.
843 5587 1097 5641 Laurent.
1135 5603 1170 5652 I,
1205 5584 1345 5640 Plut.
1380 5603 1487 5650 xw,
1531 5588 1621 5655 qui
1653 5600 1845 5655 supra,
1887 5602 1987 5639 non
2031 5586 2094 5638 ab

525 5658 808 5715 hominibus
849 5660 1155 5712 institutum.
1198 5655 1330 5710 Cod.
1377 5656 1497 5709 Vat.
1547 5656 1681 5710 1278
1708 5665 1763 5711 et
1799 5655 1885 5721 99,
1914 5657 2122 5709 initum.

520 5730 653 5788 Item
678 5728 810 5786 Cod.
854 5728 910 5785 S.
954 5728 1141 5783 Crucis
1181 5727 1235 5781 in
1271 5725 1597 5792 Jerusalem,
1631 5738 1682 5782 et
1712 5728 1929 5784 Bobien.
1961 5725 2093 5782 Cod.

2201 4093 2405 4163 pariter
2431 4094 2791 4148 sanctitatem.
2825 4093 2951 4149 Haec
2973 4103 3152 4149 autem
3184 4110 3290 4149 non
3308 4102 3415 4148 tam
3435 4095 3775 4149 sacerdotum

2199 4192 2464 4255 pnecepta
2510 4198 2669 4252 quam
2698 4185 2793 4239 Dei
2834 4192 2976 4240 sunt.
3029 4184 3203 4254 Atque
3243 4185 3364 4239 ideo
3414 4185 3505 4253 qui
3544 4184 3771 4253 spentit,

2201 4289 2309 4329 non
2337 4273 2669 4329 sacerdotem
2710 4275 2948 4342 spernit,
2992 4274 3085 4329 sed
3127 4274 3427 4339 Christum,
3475 4274 3565 4342 qui
3594 4274 3647 4327 in
3677 4289 3780 4327 suo

2208 4362 2223 4400 ί
2260 4362 2495 4433 loquitur
2528 4362 2828 4418 sacerdote.
2877 4363 3165 4419 Videamus
3210 4364 3367 4432 igitur
3403 4378 3511 4433 quo
3538 4372 3781 4432 tempore

2201 4455 2339 4509 hanc
2382 4454 2778 4508 observantiam
2822 4456 2978 4510 nobis
3005 4455 3256 4510 indixerit
3282 4456 3569 4520 Dominus,
3600 4455 3645 4509 si
3668 4471 3779 4508 non

2199 4544 2363 4598 veluti
2391 4559 2489 4614 per
2513 4544 2669 4599 istam
2697 4544 3041 4601 devotionem
3070 4554 3263 4600 cuncta
3293 4546 3557 4600 elementa
3585 4545 3778 4599 voluc-

2197 4635 2269 4690 rit
2314 4636 2511 4691 habere
2550 4636 2869 4707 profectum.
2925 4636 3064 4693 Ecce
3091 4638 3231 4691 enim
3264 4641 3279 4688 t
3313 4636 3505 4692 indicta
3535 4636 3776 4702 Quadra-

2199 4728 2429 4796 gesima,
2479 4728 2767 4783 constricta
2808 4728 3022 4782 hiemali
3064 4728 3184 4795 gelu
3216 4736 3356 4781 terra
3386 4727 3691 4789 resolvitur,
3725 4734 3779 4780 et

2202 4832 2459 4887 aquarum
2489 4818 2687 4872 ﬂuenta
2727 4826 2937 4873 meatus
2964 4833 3112 4881 suos,
3147 4816 3319 4884 glacie
3347 4814 3655 4884 liquefacta,
3688 4829 3780 4868 re-

2200 4906 2433 4975 cipiunt;
2461 4907 2538 4962 sic
2565 4921 2780 4976 quoque
2807 4922 3092 4977 corporum
3121 4913 3425 4960 nostrorum
3456 4904 3561 4959 hoc
3588 4903 3779 4958 eodem

2202 5004 2446 5066 tempore
2482 5005 2760 5052 contracta
2801 4996 3091 5051 sceleribus
3126 5004 3346 5066 peccata
3386 4994 3694 5057 solvuntur,
3726 5002 3780 5049 et

2204 5088 2325 5142 vita:
2353 5096 2550 5143 nostra:
2576 5090 2762 5159 purior
2786 5103 3005 5154 cursus,
3038 5084 3323 5157 liquefacto
3350 5085 3529 5153 rigore
3555 5083 3778 5148 diaboli,

2123 5239 2177 5298 D
2203 5237 2321 5291 Vat.
2356 5236 2510 5300 1268,
2541 5238 2781 5292 inditum.

2274 5318 2297 5355 ε
2337 5306 2394 5360 In
2423 5308 2545 5362 eod.
2576 5308 2697 5362 cod.
2726 5306 2813 5362 99.
2844 5306 2901 5362 S.
2935 5304 3120 5362 Crucis
3146 5306 3198 5360 in
3219 5303 3328 5359 Jer.
3360 5304 3513 5359 deest
3530 5311 3605 5356 ut.

2270 5374 2298 5414 ¹²
2336 5376 2467 5432 Cod.
2494 5377 2674 5442 Laur.,
2704 5384 2760 5430 ut
2789 5388 2839 5430 et
2859 5378 2998 5432 diem
3028 5379 3139 5429 sine
3166 5374 3362 5437 labore,
3392 5381 3497 5429 etc.
3523 5373 3657 5427 Cod.
3690 5389 3777 5429 ve-

2199 5462 2261 5500 ro
2290 5446 2346 5501 S.
2379 5446 2564 5501 Crucis
2605 5447 2657 5500 in
2697 5446 2830 5510 Jer.,
2860 5454 2915 5501 et
2959 5446 3147 5500 Vallic.
3181 5462 3231 5509 ι,
3263 5453 3320 5498 ut
3351 5444 3421 5498 ad
3456 5444 3611 5497 diem.
3644 5442 3779 5513 Cod.

2197 5516 2451 5583 Βοιὼ-πη
2474 5526 2527 5569 ιιι
2556 5517 2747 5569 dictum
2768 5532 3034 5569 numerum
3061 5516 3129 5568 ad
3156 5516 3311 5568 diem.

2277 5586 2291 5624 ί
2338 5586 2481 5657 Idem
2505 5586 2651 5657 cod.,
2678 5588 2773 5657 qui
2793 5587 2845 5640 in
2874 5603 2965 5640 suo
2989 5587 3189 5639 locutus
3218 5596 3293 5657 est
3321 5583 3607 5640 sacerdote.

2275 5656 2288 5707 i
2338 5655 2470 5711 Cod.
2504 5654 2700 5723 Paris,
2727 5654 2862 5711 Ecce
2890 5658 3029 5711 enim
3050 5663 3103 5709 ut
3134 5657 3192 5711 ia
3222 5654 3382 5710 dicta.
