4042 6192
220 346 317 401 3119

1584 311 1865 405 uerutis
1902 348 2132 406 χχχιιι.

3370 358 3472 413 310

220 463 448 512 meatum
495 468 651 508 suum
703 453 984 524 pristinum
1026 454 1384 522 recognoscit.
1450 453 1647 522 Terra,
1705 460 1789 513 in-
1822 465 1865 520 Α
1893 459 1980 515 tia:
2006 474 2117 515 suae
2142 459 2292 514 radix
2323 467 2435 527 est;
2478 461 2629 533 spina
2669 463 2783 521 viro
2821 462 2965 519 bono
3004 462 3224 518 honoris
3252 466 3473 522 ambitio

219 562 370 616 quam
395 586 409 608 ,
461 544 659 599 indicta
708 544 1154 613 Quadragesima,
1193 545 1535 614 asperitatem
1571 546 1793 617 deponit

221 636 404 691 hiemis
425 673 443 696 ,
492 643 518 672 ⁸
549 648 671 702 ego,
722 634 917 689 indicta
950 634 1363 703 Quadragesima
1383 673 1397 697 ,
1448 636 1791 705 asperitatem

220 727 457 796 relinquo
498 724 837 780 delictorum.
884 725 978 779 Illa
1026 734 1170 780 terra
1199 727 1397 781 aratris
1423 727 1702 793 scinditur,
1734 737 1793 781 ut

220 819 499 873 mundanis
534 818 605 872 sit
644 830 880 885 congrua
922 816 1197 885 frugibus:
1242 833 1360 872 mea
1398 826 1542 872 terra
1575 818 1793 888 jejuniis

224 918 485 973 curatur,
535 917 593 964 ut
641 908 953 965 caelestibus
999 909 1069 964 sit
1114 917 1239 979 apta
1285 910 1598 965 seminibus.
1642 910 1794 966 Sicut

251 1001 353 1056 uim
399 999 630 1054 reditum
677 998 983 1054 uberiorem
1022 998 1194 1069 capit,
1223 999 1315 1070 qui
1343 998 1676 1069 frequentius
1701 1016 1793 1057 ve—

223 1090 390 1147 rando
416 1096 637 1145 exercet
662 1104 952 1159 campum;
978 1088 1009 1130 δ
1035 1091 1110 1145 ita
1131 1090 1392 1160 majorem
1420 1093 1646 1161 gratiam
1672 1108 1796 1163 per-

221 1185 360 1253 cipit,
383 1183 477 1252 qni
508 1189 728 1237 exercet
763 1181 1009 1252 corporis
1048 1184 1131 1237 sui
1157 1198 1404 1253 campum
1440 1184 1633 1254 saepius
1651 1182 1791 1254 jeju-

220 1272 408 1327 nando.
449 1271 592 1326 Ecce
619 1271 764 1327 enim
802 1271 1139 1328 abstinentia:
1169 1280 1412 1343 tempore
1445 1274 1617 1329 herba
1647 1286 1670 1314 ε
1701 1290 1791 1331 se-

218 1372 389 1433 getum
417 1362 446 1400 ει
475 1363 757 1418 revirescit
785 1363 839 1417 in
853 1378 1104 1429 messem,
1127 1366 1371 1420 surculus
1390 1366 1601 1422 arboris
1629 1381 1796 1422 cona-

220 1465 298 1510 tur
314 1455 370 1508 in
393 1453 661 1519 fruticem,
682 1453 889 1523 palmes
906 1454 1075 1510 vinea:
1093 1455 1338 1525 pubescit
1356 1456 1412 1511 in
1430 1471 1716 1525 gemmam,
1741 1464 1797 1511 et

217 1545 387 1600 omnia
414 1543 485 1598 de
508 1541 848 1598 inferioribus
868 1543 935 1597 ad
955 1544 1146 1599 altiora
1173 1559 1233 1599 se
1259 1545 1538 1614 subrigunt
1562 1562 1575 1598 :
1599 1545 1673 1600 ita
1692 1545 1797 1602 hoc

218 1635 509 1703 eodemque
530 1641 772 1705 tempore
798 1634 1071 1689 hominum
1093 1644 1254 1704 spes°
1274 1634 1626 1690 intermortua
1650 1634 1793 1689 revi-

218 1726 361 1781 viscit
380 1726 437 1780 in
452 1733 752 1795 posterum,
770 1724 902 1779 ﬁdes
916 1724 1126 1794 perdita
1154 1731 1435 1793 reparatur
1465 1723 1518 1777 in
1546 1722 1793 1792 gloriam,

1894 559 1979 607 est
2004 570 2016 605 :
2046 552 2294 607 videntur
2326 552 2468 607 enim
2509 553 2689 623 specie
2715 554 2856 625 apud
2885 570 3014 609 suos
3034 562 3185 622 grata
3209 570 3346 621 esse,
3378 559 3473 611 sed

1895 644 2112 699 laedunt.
2155 644 2249 700 His
2292 659 2420 714 ergo
2464 646 2565 700 nisi
2614 647 2878 715 vigilando
2922 655 2979 701 et
2999 645 3295 715 jejunando
3324 657 3349 683 υ
3378 662 3441 703 ca

1895 750 2015 790 rere
2057 752 2163 790 non
2211 752 2527 806 possumus;
2569 739 2697 807 quin
2746 740 2923 808 potius
2959 755 3055 807 per
3094 740 3471 794 abstinentiam

1896 826 2024 896 ipsa:
2050 828 2217 897 spime
2240 838 2517 884 vertentur
2544 840 2569 864 υ
2603 831 2656 884 in
2686 845 2887 886 rosam.
2944 829 3199 886 Producit
3225 846 3368 888 enim
3390 835 3469 900 je-

1889 916 2129 985 junando
2176 918 2338 974 libido
2377 920 2781 986 castimoniam,
2818 922 3065 992 superbia
3094 921 3468 976 humilitatem.

1895 1006 2162 1061 sobrietas
2200 1008 2535 1077 parcitatem.
2596 1008 2662 1063 Ili
2708 1010 2850 1063 enim
2887 1018 3012 1065 sunt
3038 1010 3197 1065 flores
3221 1011 3342 1065 vita:
3369 1028 3470 1066 no»

1896 1109 2041 1162 strue,
2071 1098 2160 1166 qui
2188 1113 2353 1155 suave
2379 1098 2596 1155 Christo
2624 1100 2886 1166 redolent,
2918 1102 3009 1170 qui
3031 1101 3251 1156 odorem
3271 1101 3469 1156 bonum

1898 1186 2009 1240 Deo
2055 1176 2279 1257 spirant.
2332 1186 2485 1244 Unde
2524 1189 2598 1243 ait
2640 1187 2961 1259 Apostolus.
2998 1188 3254 1255 Quoniam
3282 1190 3473 1250 Christi

1896 1276 2056 1331 bonus
2084 1277 2213 1333 odor
2245 1295 2419 1335 sumus
2456 1279 2567 1334 Deo
2614 1279 2677 1350 (1
2706 1278 2827 1337 Cor.
2859 1282 2953 1348 ιι).
2994 1281 3143 1337 llanc
3170 1297 3298 1350 ergo
3325 1282 3471 1347 Qua-

1897 1367 2249 1435 dragesimam
2292 1369 2515 1437 largitus
2559 1379 2644 1426 est
2688 1372 2844 1428 nobis
2896 1372 3172 1439 Dominus,
3213 1381 3273 1428 ut
3318 1373 3475 1442 hujus

1898 1458 2151 1529 temporis
2166 1459 2343 1529 spatio
2364 1460 2416 1515 in
2443 1476 2647 1516 morem
2670 1463 2831 1517 totius
2847 1473 3110 1518 creatura:
3134 1481 3277 1520 nunc
3302 1477 3324 1512 ι’
3348 1470 3497 1520 coni

1897 1549 2157 1618 cipiamus
2167 1550 2422 1605 virtutum
2446 1551 2704 1618 germina,
2728 1554 2864 1608 utin
2886 1553 2973 1609 die
2995 1553 3215 1610 Pascha:
3242 1553 3473 1610 fructum

1891 1639 2113 1709 justitize
2148 1639 2502 1710 proferamus.
2561 1640 2676 1697 Hoc
2702 1645 2882 1697 autem
2919 1644 3345 1712 quadragenario
3372 1661 3472 1699 nu-

1898 1745 2049 1785 mero
2079 1741 2105 1780 ιι
2132 1745 2191 1785 se
2232 1730 2346 1799 ipse
2373 1730 2631 1785 Dominus
2657 1732 2928 1797 exercuit,
2958 1749 3065 1786 non
3091 1741 3151 1787 ut
3175 1733 3472 1803 profectum

220 1815 523 1886 temporalis
543 1815 651 1869 vita
676 1812 889 1885 proﬁcit
916 1814 969 1868 in
996 1822 1253 1868 mtcrnam
1269 1821 1324 1868 et
1342 1828 1502 1868 omne
1516 1827 1683 1881 genus
1696 1813 1796 1867 1111-
1826 1830 1872 1891 B
1899 1820 2011 1890 ipse
2052 1829 2304 1890 caperet,
2345 1821 2439 1877 sed
2478 1830 2535 1875 ut
2562 1822 2862 1891 profectum
2891 1822 3079 1878 salutis
3109 1824 3263 1879 nobis
3290 1833 3472 1880 osten-

222 1922 426 1962 manum
476 1906 546 1962 ad
597 1905 835 1961 coelestia
883 1919 943 1960 se
984 1904 1266 1973 subrigens
1288 1944 1303 1969 ,
1367 1905 1435 1959 ab
1482 1901 1676 1958 inlimis
1729 1901 1798 1957 ad

223 1998 406 2051 altiora
454 1996 753 2064 consurgit.
818 1994 978 2049 Modo
1033 1993 1232 2049 ferrum
1276 2003 1491 2063 gestans
1538 1994 1794 2063 agricola,

221 2095 485 2141 sarmenta
509 2086 731 2155 deputat
756 2085 1052 2139 vinearum.
1092 2084 1168 2138 Ita
1196 2092 1252 2139 et
1283 2100 1424 2139 nunc
1449 2084 1796 2152 Evangelium

225 2184 451 2229 tractans
481 2176 800 2244 episcopus,
843 2173 1031 2228 sordes
1068 2181 1308 2243 amputat
1333 2174 1654 2243 populorum
1676 2214 1692 2238 ,
1741 2180 1798 2227 et

226 2269 329 2336 ipso
377 2266 808 2336 quadragenario
862 2264 1132 2320 curriculo
1182 2265 1444 2319 universae
1489 2263 1594 2317 hoc
1631 2270 1795 2331 agunt

220 2366 476 2411 creatura:
493 2396 507 2419 ,
530 2363 797 2422 quatenus
819 2394 835 2418 ,
864 2354 1121 2424 depositis
1147 2352 1447 2423 superﬂuis,
1477 2362 1680 2407 ornatae
1709 2353 1793 2408 vel

221 2456 441 2515 corrupta:
472 2446 524 2499 in
556 2444 759 2500 Pascha
794 2443 812 2481 τ
848 2445 1163 2515 procedant.
1197 2444 1353 2498 Modo
1381 2445 1559 2499 omnia
1587 2453 1712 2499 sunt
1741 2445 1793 2499 in

219 2546 363 2606 partu
386 2576 403 2600 ,
438 2544 500 2590 ut
544 2544 671 2590 tunc
699 2545 724 2583 κ
758 2535 1098 2605 reperiantur
1143 2534 1197 2588 in
1234 2533 1431 2590 fructu.
1473 2533 1624 2589 Tunc
1648 2535 1792 2590 enim

219 2638 396 2685 contra
434 2636 640 2682 natura:
679 2627 913 2697 speciem
949 2628 1104 2697 spina
1131 2626 1335 2698 profert
1360 2641 1557 2693 rosam,
1588 2624 1618 2664 ιι
1645 2627 1791 2681 cala-

221 2735 329 2773 mus
355 2720 562 2788 fragrat
588 2718 752 2772 lilium
774 2757 789 2784 ,
820 2718 1140 2772 suavitatem
1169 2717 1317 2772 arida
1346 2717 1573 2786 virgulta
1601 2714 1796 2786 depro-

220 2822 359 2865 munt
389 2830 404 2864 :
451 2812 527 2864 ita
563 2809 576 2847 ί
605 2818 661 2865 et
680 2817 874 2866 cuncta
910 2809 1130 2866 ﬂoribus
1167 2810 1517 2873 adornantur,
1555 2812 1708 2881 112
1737 2815 1795 2863 ut

220 2904 555 2959 festivitatem
583 2906 597 2954 l
631 2901 737 2958 diei
763 2904 939 2972 magni
968 2911 1213 2959 creatura
1243 2902 1355 2972 ipsa
1384 2903 1560 2956 nitore
1586 2901 1670 2956 sui
1698 2914 1792 2957 ce-

220 2994 420 3050 lebrare
448 2994 723 3049 credatur.
753 2992 778 3031 ιι
811 2992 979 3064 Igitur
1006 3001 1061 3048 et
1086 3009 1187 3048 nos
1214 2992 1319 3048 hoc
1346 2992 1537 3048 eodem
1557 2990 1793 3064 jejunio-

218 3109 327 3149 rmn
345 3104 596 3164 tempore
614 3092 970 3164 producamus
989 3092 1057 3147 de
1084 3089 1253 3161 Spinis
1274 3089 1473 3146 nostris
1492 3104 1667 3154 rosas,
1688 3089 1792 3144 hoc

1899 1911 2071 1968 deret.
2097 1911 2204 1968 Nec
2233 1914 2375 1968 enim
2404 1923 2521 1969 erat
2562 1914 2615 1968 in
2642 1914 2734 1970 illo
2761 1915 2915 1985 spina
2944 1917 3180 1986 peccati,
3208 1932 3328 1985 qua:
3356 1934 3473 1973 ver-

1900 2012 2107 2060 teretur
2134 2005 2185 2058 in
2222 2003 2442 2071 florem;
2480 2005 2595 2074 ipse
2635 2006 2777 2060 enim
2816 2014 2935 2061 erat
2956 2002 3059 2061 "llos
3085 2016 3243 2061 natus
3273 2024 3380 2062 non
3410 2008 3475 2062 de

1896 2096 2072 2166 spina,
2097 2097 2191 2151 sed
2208 2096 2275 2151 de
2293 2096 2456 2165 virga,
2480 2095 2618 2151 sicut
2644 2097 2720 2149 ait
2747 2097 3047 2166 propheta:
3074 2108 3093 2135 τ
3122 2096 3298 2151 Exibit
3330 2100 3475 2169 virga

1897 2187 1960 2241 de
1988 2186 2160 2240 radice
2178 2185 2323 2241 Jesse
2340 2194 2390 2240 et
2410 2186 2504 2248 llos
2526 2184 2588 2239 de
2610 2186 2783 2240 radice
2802 2187 2913 2257 ejus
2935 2186 3175 2240 ascendet
3201 2186 3355 2258 (Isai.
3378 2187 3469 2256 x1):

1896 2276 2041 2344 virga
2070 2277 2213 2331 enim
2239 2284 2356 2330 erat
2382 2276 2567 2342 Maria,
2604 2276 2792 2341 nitida,
2821 2276 3046 2341 subtilis,
3078 2284 3132 2331 et
3159 2276 3327 2345 virgo,
3356 2290 3475 2344 quae

1895 2365 2166 2421 Christum
2208 2365 2373 2419 veluti
2412 2364 2599 2420 florem
2642 2366 2945 2433 integritate
2972 2366 3053 2420 sui
3082 2366 3324 2434 corporis
3351 2379 3473 2433 ger-

1895 2454 2138 2509 minavit.
2188 2453 2525 2511 Continuatis
2564 2468 2693 2523 ergo
2720 2453 3073 2522 quadraginta
3101 2453 3288 2507 diebus
3309 2461 3331 2487 '
3365 2454 3475 2508 hate

1891 2543 2093 2614 jejunia
2136 2559 2245 2597 non
2288 2545 2530 2599 esuriens
2575 2543 2831 2599 Dominus
2859 2543 3165 2613 procuravit
3193 2560 3206 2595 :
3235 2543 3326 2597 sed
3351 2543 3476 2596 dicit

1895 2636 2043 2692 illum
2072 2635 2398 2706 evangelista
2434 2634 2649 2705 (Matth.
2684 2633 2792 2704 vni)
2814 2634 3065 2689 esuriisse
3094 2642 3299 2703 postea.
3333 2633 3473 2699 Quo-

1894 2725 2055 2781 modo
2086 2739 2214 2794 ergo
2242 2733 2421 2796 potest
2450 2726 2595 2791 fieri,
2644 2733 2703 2779 ut
2729 2726 2821 2794 qui
2857 2726 2869 2761 ι
2910 2732 2993 2778 tot
3019 2725 3225 2779 dierum
3249 2741 3474 2778 numero

1893 2817 2086 2872 famem
2108 2817 2355 2886 sititnque
2375 2833 2481 2871 non
2503 2816 2748 2879 senserit,
2765 2824 2949 2886 postea
2970 2816 3241 2871 esuriat-it?
3270 2815 3474 2870 Esurie-

1892 2909 1986 2965 bat
2001 2909 2177 2978 plane,
2192 2924 2291 2964 nec
2304 2922 2502 2977 negare
2521 2925 2805 2979 possumus
2822 2907 2965 2976 quod
2985 2908 3227 2962 esurierit
3248 2926 3261 2972 ;
3288 2908 3475 2963 csurilt

1893 3000 2034 3055 enim
2070 3015 2173 3053 non
2211 2999 2388 3055 cibum
2434 2999 2739 3064 hominum,
2770 2999 2862 3053 sed
2892 2999 3117 3053 salutem
3146 3018 3156 3051 :
3192 3014 3291 3053 nec
3318 3001 3473 3069 113

1892 3105 2134 3146 escarum
2157 3088 2493 3144 saaculariutn
2520 3088 2702 3158 epulas
2722 3088 3045 3158 concupivit,
3060 3088 3151 3143 sed
3176 3089 3472 3142 animarum

219 3191 293 3239 est
330 3185 402 3239 de
448 3182 686 3254 peccatis
727 3181 1014 3251 justitiam,
1064 3180 1132 3236 de
1155 3181 1443 3237 severitate
1486 3179 1787 3234 misericor-
1810 3189 1857 3250 (ζ
1886 3182 2205 3238 desideravit
2223 3181 2516 3236 cmlestium
2537 3180 2895 3235 sanctitatem.
2926 3178 3089 3234 Cibus
3107 3180 3247 3234 enim
3276 3178 3473 3233 Christi

218 3277 367 3341 diam,
397 3276 473 3331 de
500 3274 725 3329 avaritia
755 3273 1075 3343 largitatem.
1115 3270 1131 3309 ι
1162 3272 1295 3343 Ipsa:
1319 3272 1459 3327 enim
1481 3270 1648 3341 spina:
1667 3278 1791 3325 sunt

218 3369 456 3439 corporis
501 3368 705 3431 nostri,
734 3381 854 3439 quae
896 3365 1188 3435 prmfocant
1233 3365 1463 3419 animam
1502 3362 1571 3419 de
1597 3362 1792 3433 quibus

218 3463 286 3515 ait
307 3460 587 3530 Scriptura
615 3477 628 3512 :
662 3458 856 3529 Spinas
886 3467 935 3511 et
965 3456 1173 3511 tribulos
1205 3455 1294 3510 tibi
1320 3455 1625 3527 germinabit
1653 3462 1792 3509 terra

220 3550 363 3619 (Gen.
388 3552 492 3619 ιιι).
538 3549 818 3605 Genninat
845 3549 987 3604 enim
1018 3549 1148 3603 mihi
1177 3556 1321 3603 terra
1349 3562 1467 3602 mea
1495 3548 1705 3618 spinas,
1746 3547 1790 3601 si

217 3658 295 3699 me
312 3643 611 3714 corporalis
639 3642 872 3697 libidinis
892 3651 931 3678 ω
963 3641 1309 3696 tribulatione
1335 3641 1659 3711 eompungit.
1686 3638 1783 3694 Ge-

220 3742 360 3788 nerat
379 3732 514 3787 ’mihi
552 3731 807 3796 tribulos,
847 3747 968 3787 cum
995 3747 1082 3787 me
1118 3730 1421 3785 divitiarum
1458 3729 1790 3785 smcularium

218 3824 506 3893 cupiditate
543 3820 847 3877 discruciat.
888 3819 1054 3892 Spina
1080 3820 1235 3876 enim
1270 3819 1574 3877 Christiano
1613 3820 1789 3873 avari-

1891 3281 1975 3328 est
1996 3271 2296 3341 redemptio
2325 3271 2675 3342 populorum;
2725 3271 2875 3325 cibus
2900 3270 3096 3324 Christi
3126 3278 3208 3323 est
3234 3278 3473 3338 paterna:

1888 3362 2178 3418 voluntatis
2204 3360 2423 3416 ell‘cctus
2447 3378 2459 3413 :
2484 3359 2747 3429 sicutipse
2760 3359 2835 3413 ait
2860 3375 2873 3412 :
2906 3368 2934 3394 υ
2957 3359 3105 3413 Meus
3135 3360 3274 3414 cibus
3300 3367 3395 3420 est,
3416 3367 3473 3412 ut

1891 3456 2082 3527 faciam
2120 3453 2432 3508 voluntatem
2470 3450 2669 3516 Patris,
2711 3451 2797 3521 qui
2839 3465 2920 3504 me
2964 3450 3104 3503 misit
3139 3449 3318 3520 (Joan.
3370 3449 3467 3519 tv).

1893 3545 2045 3601 Unde
2073 3554 2127 3599 et
2156 3560 2254 3599 nos
2293 3543 2451 3615 114¹
2484 3542 2781 3600 esuriamus
2807 3541 3006 3605 cibum,
3038 3556 3146 3596 non
3173 3542 3262 3610 qui
3296 3548 3468 3594 terre-

1896 3637 1979 3691 nis
2007 3636 2178 3705 epulis
2221 3642 2532 3705 apparatur,
2582 3632 2676 3687 sed
2714 3632 2805 3701 qui
2841 3631 3140 3686 divinarum
3169 3631 3458 3701 Scriptura-

1895 3746 2012 3785 rum
2034 3730 2265 3785 lectione
2293 3727 2580 3795 colligitur.
2603 3734 2630 3764 ν
2664 3724 2757 3780 Ille
2781 3723 2923 3779 enim
2951 3739 3145 3794 corpus
3173 3724 3239 3779 ad
3263 3732 3470 3793 tempus

1896 3821 2084 3885 nutrit,
2118 3828 2145 3857 ι
2174 3820 2261 3875 hic
2284 3819 2516 3875 animam
2540 3815 2714 3874 reiicit
2747 3817 2800 3873 in
2828 3823 3086 3872 teternum
3106 3827 3154 3873 ι.
3186 3815 3430 3887 Explicit.

1484 3933 1830 3994 HOMILIA
1893 3933 2202 4003 XXXIX.

1440 4030 1573 4083 Item
1599 4030 1664 4083 de
1694 4027 2104 4102 Quadragesima
2132 4029 2252 4087 111.

1640 4119 2029 4176 ADMONITIO.

277 4212 408 4267 Tres
428 4223 719 4282 sequentes
775 4210 1004 4271 homilitc
1057 4212 1217 4270 edita:
1239 4208 1488 4282 fuerunt
1509 4224 1542 4282 a
1578 4210 1943 4282 Denedictinis
1969 4210 2251 4282 monachis
2277 4217 2589 4282 congregat.
2621 4209 2802 4282 Sgaiicti
2831 4209 3000 4264 Mauri
3031 4212 3169 4267 inter
3194 4228 3467 4270 sermones

219 4278 610 4350 Ambrosianus,
632 4283 802 4339 Paris.
829 4298 920 4338 an.
944 4282 1101 4350 1690,
1132 4297 1186 4337 ιι.
1231 4278 1318 4347 l9,
1350 4279 1440 4347 20,
1460 4278 1551 4336 2|.
1581 4279 1659 4335 Ex
1683 4296 1868 4336 eorum
1893 4281 2111 4338 monitis
2133 4280 2240 4335 duo
2264 4278 2531 4353 praecipue
2556 4278 2857 4346 colligimus
2888 4297 2901 4332 :
2932 4296 3114 4344 unum,
3144 4283 3285 4351 quod
3313 4284 3466 4339 valde

338 4488 474 4545 Cod.
504 4486 628 4542 Vat.
660 4485 814 4560 I268,
863 4504 1046 4560 corpus
1088 4503 1204 4543 vero
1248 4485 1454 4560 indicta
1476 4482 1780 4560 Quadrage-
1868 4539 1872 4541 Α

215 4560 335 4629 sima
362 4560 695 4629 asperitatem
732 4559 897 4629 rejicit
935 4552 1255 4629 delictorum.
1307 4554 1477 4629 codd.
1596 4552 1785 4629 crucis

216 4627 260 4680 in
287 4623 973 4698 ler.,'asperitatem'rejicio
1002 4628 1323 4683 delictorum.
1360 4623 1437 4679 Ita
1464 4624 1625 4679 etiam
1655 4623 1784 4693 legit

216 4698 323 4753 rod.
358 4699 582 4752 Bobien.

310 4740 323 4752 .
358 4700 582 4752 Bobien.

277 4768 302 4805 δ
338 4768 472 4824 Cod.
499 4767 749 4838 Bobien.,
779 4768 849 4821 ita
871 4776 920 4838 et
939 4768 1209 4838 majorem.

277 4848 300 4909 ε
338 4838 471 4909 Cod.
506 4837 562 4892 S.
596 4836 785 4909 Crucis
812 4839 864 4892 in
893 4836 1032 4901 Jer.,‘
1051 4837 1258 4909 segetis.

276 4906 302 4944 ‘
338 4907 481 4962 Idem
504 4908 653 4971 cod.,
682 4909 933 4961 reviviscit
953 4910 1008 4960 in
1034 4906 1265 4964 messem.
1297 4912 1401 4958 etc.

277 4985 301 5014 ⁸
337 4976 471 5033 Cod.
504 4976 759 5045 Laurent.
802 4984 858 5031 et
886 4977 1140 5040 Bobien.,
1173 4992 1288 5045 spes
1316 4973 1522 5027 interim
1552 4981 1774 5027 mortua.

213 5043 337 5101 Cod.
369 5056 548 5103 autem
577 5046 634 5102 S.
666 5044 852 5101 Crucis
882 5047 933 5099 in
954 5045 1062 5101 Jer.
1096 5045 1183 5112 99,
1201 5043 1267 5098 in
1299 5054 1434 5097 terra
1463 5053 1685 5096 mortua.

284 5114 303 5156 ί
340 5116 475 5172 Cod.
506 5116 753 5179 Bobien.,
785 5116 1080 5179 procedant.

284 5133 301 5156 ι
340 5133 475 5172 Coa.
507 5133 753 5179 rientem,
821 5133 1080 5170 roceaant.

276 5195 303 5234 ε
341 5187 476 5241 Cod.
508 5186 680 5241 Vatic.
710 5133 905 5251 Palat,
940 5194 995 5238 ut
1020 5196 1138 5238 tunc
1166 5184 1479 5251 recipiantur
1505 5182 1578 5243 in,
1610 5189 1714 5237 etc.

276 5252 305 5293 δ
339 5255 474 5311 Cod.
501 5255 750 5320 Bobien.,
778 5256 1010 5309 calamus
1030 5256 1239 5326 ﬂagrat,
1261 5252 1424 5326 lilium
1444 5253 1635 5306 redolet
1659 5268 1782 5326 sua-

209 5328 415 5449 mtem
434 5365 451 5391 ,
496 5326 649 5381 arida
697 5327 917 5396 uirgulta
944 5323 1276 5394 depromunt,
1305 5332 1354 5377 et
1380 5325 1454 5377 ita
1476 5332 1656 5376 cuncta
1685 5323 1783 5391 ﬂo-

317 5413 365 5449 s.

282 5464 297 5501 ί
341 5464 477 5520 Cod.
507 5463 786 5525 Laurent.,
816 5472 865 5516 et
885 5466 959 5517 ita
979 5473 1181 5530 cuncta,
1213 5471 1350 5529 etc.;
1392 5462 1627 5532 itemque
1656 5461 1775 5516 cod.

208 5534 273 5588 99
294 5534 504 5590 Sancta:
528 5534 712 5591 Crucis
736 5534 788 5587 in
814 5532 1126 5587 Jerusalem.

279 5608 292 5675 ξ
504 5603 750 5675 Bobien.,
778 5603 1074 5675 Deimagni
1100 5617 1200 5672 pro
1228 5602 1329 5657 diei
1357 5603 1549 5672 magni.

276 5673 299 5710 ¹ι
338 5673 519 5729 Codex
544 5674 664 5727 Vat.
698 5673 834 5735 PaL,
868 5673 953 5728 Ita
980 5673 1028 5728 et
1052 5690 1165 5728 nos.

280 5742 297 5781 ι
339 5743 505 5801 Codd.
533 5745 604 5801 90
631 5752 687 5801 et
708 5744 795 5807 99,
824 5745 879 5801 S.
904 5744 1089 5801 Crucis
1116 5744 1171 5800 in
1196 5741 1330 5803 Jcr.,
1363 5738 1509 5796 Istat.

1962 4495 2000 4522 ιη
2039 4484 2174 4542 Cod.
2200 4484 2450 4551 Bobien.,
2469 4484 2761 4539 titillatione
2780 4498 2879 4554 pro
2909 4482 3248 4536 tribulatione.

1959 4564 1983 4591 "
2025 4555 2159 4625 Cod.
2192 4555 2439 4620 Bobien.,
2470 4555 2641 4625 curari
2661 4571 2765 4609 non
2792 4569 3075 4625 possemus.

1962 4634 1988 4660 θ
2027 4624 2159 4679 Cod.
2192 4625 2314 4679 Vat.
2344 4633 2401 4680 et
2428 4625 2548 4680 cod.
2579 4624 2825 4687 Bobien.,
2858 4625 2911 4678 in
2943 4639 3104 4677 rosas.

1962 4704 1988 4743 ι’
2025 4694 2158 4748 Cod.
2192 4694 2435 4763 Bobien.,
2467 4696 2905 4763 concupiscamus.

1961 4774 1987 4813 ιι
2025 4763 2083 4817 In
2111 4762 2245 4818 Cod.
2284 4763 2353 4817 99
2381 4764 2594 4818 additur
2630 4758 2890 4818 'Cltristus.
2940 4760 3071 4814 Cod.
3116 4776 3243 4812 vero
3292 4758 3359 4811 90
3400 4762 3455 4813 S.

1889 4832 2077 4888 Crucis
2102 4834 2152 4887 in
2180 4831 2289 4886 Jer.
2317 4833 2444 4901 legit
2472 4850 2526 4887 se
2554 4834 2722 4893 ipsum
2752 4831 3008 4901 Dominus
3042 4828 3274 4882 Christus
3314 4845 3448 4901 eaer-

1807 4893 1857 4954 1)
1883 4905 2005 4958 cuit.
2032 4893 2447 4974 Cod._Bobien.,
2479 4899 3120 4974 ipsellominusAChristus
3140 4916 3195 4953 se
3211 4900 3456 4953 exercuit.

1954 4984 1975 5010 τ
2016 4972 2293 5050 ροίι..νει.ι.
2326 4971 2520 5050 Palat;
2552 4971 2806 5050 Exsurge}
2834 4971 3012 5050 ruga...
3097 5045 3107 5050 Δ
3181 5044 3189 5050 Δ
3311 5038 3342 5050 Α

1955 5051 1975 5076 ’³
2017 5042 2185 5098 Codd.
2218 5042 2361 5107 Vat.,
2396 5043 2648 5098 Laurent.
2677 5037 3115 5107 et'Vallraddunt
3140 5038 3455 5107 etnoctibus.

1956 5115 1974 5149 ί
2020 5113 2160 5167 Idem
2185 5113 2304 5168 cod.
2337 5106 2591 5167 Laurent.
2615 5118 2671 5166 et
2697 5108 2817 5165 cod.
2850 5106 2918 5162 90
2949 5106 3005 5162 S.
3032 5106 3219 5163 Crucis
3245 5108 3298 5163 in
3324 5106 3460 5176 Jer.,

1883 5184 1970 5255 qui
2000 5192 2259 5255 tantorum
2287 5183 2508 5255 dierum.

1953 5262 1982 5291 ιι
2020 5251 2151 5308 Cod.
2183 5251 2301 5307 Vat.
2328 5251 2467 5317 PaL,
2492 5248 2636 5303 Meus
2680 5246 2819 5319 cibus
2842 5255 2993 5319 estut
3013 5248 3200 5319 faciam
3225 5248 3459 5319 uolunta-

1884 5332 1984 5395 tem
2023 5321 2200 5376 Patris
2230 5324 2348 5395 mei,
2378 5316 2462 5395 qui
2482 5322 2622 5373 misit
2641 5335 2742 5373 me.
2773 5317 2908 5375 Cod.
2932 5317 2990 5374 S.
3014 5316 3204 5373 Crucis
3236 5318 3289 5373 in
3320 5316 3460 5385 Jer.,

1889 5392 2036 5446 Meus
2057 5402 2227 5446 autem
2255 5392 2415 5453 cibus,
2448 5401 2553 5444 etc.

1958 5474 1985 5501 ν
2023 5461 2179 5523 Cod.,
2201 5460 2323 5513 432.
2351 5461 2472 5518 Vat.
2506 5458 2641 5523 I‘al.,
2670 5456 2790 5526 Ipse
2808 5461 2965 5512 enim.

1959 5542 1981 5568 ι
2021 5531 2078 5585 1η
2100 5531 2256 5585 codd.
2289 5530 2346 5585 S.
2370 5530 2555 5585 Crucis
2584 5528 2636 5583 in
2666 5527 2797 5591 Jer.,
2823 5526 3138 5590 etBobien.,
3166 5526 3246 5578 hic
3266 5535 3455 5580 autem.

1953 5611 1978 5647 ἱ
2002 5600 2134 5654 Cod.
2170 5599 2291 5653 Vat.
2345 5598 2454 5653 Pal.
2488 5598 2665 5663 addit,
2710 5596 3001 5652 Prwstaute
3031 5594 3253 5650 Domino
3282 5605 3458 5649 nostro

1881 5670 2006 5724 Iesu
2032 5668 2253 5729 Christo,
2283 5670 2370 5739 qui
2396 5685 2509 5723 cum
2558 5668 2716 5723 Patre
2744 5677 2792 5721 et
2816 5668 3016 5736 Spiritu
3043 5674 3224 5721 sancto
3262 5667 3380 5739 vit'it
3406 5673 3456 5718 et

1880 5748 2060 5808 regnat
2083 5740 2137 5793 in
2157 5735 2347 5794 sazcula
2373 5741 2693 5796 circulorum.
2720 5740 2902 5793 Amen.
3325 5735 3328 5739 ⁴
