  <div class='ocr_page' id='page_1' title='image "/cluster/home/n/w/nwhite01/storage/ocr_20150623/57/hvd.32044054758669/171.png"; bbox 0 0 4042 6192; ppageno 0'>
   <div class='ocr_carea' id='block_1_1' title="bbox 535 346 3817 408">
    <p class='ocr_par' dir='ltr' id='par_1_1' title="bbox 535 346 3817 408">
     <span class='ocr_line' id='line_1_1' title="bbox 535 346 3817 408; baseline 0 -2"><span class='ocrx_word' id='word_1_1' title='bbox 535 349 630 406; x_wconf 75' lang='lat' dir='ltr'><strong>5H</strong></span> <span class='ocrx_word' id='word_1_2' title='bbox 1515 372 1538 391; x_wconf 64' lang='grc' dir='ltr'><strong>α</strong></span> <span class='ocrx_word' id='word_1_3' title='bbox 1738 349 1795 407; x_wconf 92' lang='lat' dir='ltr'><strong>S.</strong></span> <span class='ocrx_word' id='word_1_4' title='bbox 1835 346 2080 406; x_wconf 65' lang='lat' dir='ltr'><strong>MAXIMI</strong></span> <span class='ocrx_word' id='word_1_5' title='bbox 2116 348 2572 408; x_wconf 66' lang='lat' dir='ltr'><strong>TAUBINEIISIS</strong></span> <span class='ocrx_word' id='word_1_6' title='bbox 3708 348 3817 407; x_wconf 66' lang='grc'><strong>512</strong></span> 
     </span>
    </p>
   </div>
   <div class='ocr_carea' id='block_1_2' title="bbox 535 461 3818 536">
    <p class='ocr_par' dir='ltr' id='par_1_2' title="bbox 535 461 3818 536">
     <span class='ocr_line' id='line_1_2' title="bbox 535 461 3818 536; baseline 0 -17"><span class='ocrx_word' id='word_1_7' title='bbox 535 461 829 536; x_wconf 75' lang='lat' dir='ltr'><strong>dubitarint</strong></span> <span class='ocrx_word' id='word_1_8' title='bbox 860 477 931 519; x_wconf 87' lang='lat' dir='ltr'><strong>an</strong></span> <span class='ocrx_word' id='word_1_9' title='bbox 966 462 1026 519; x_wconf 89' lang='lat' dir='ltr'><strong>S.</strong></span> <span class='ocrx_word' id='word_1_10' title='bbox 1049 462 1474 536; x_wconf 77' lang='lat' dir='ltr'><strong>Ambrosiosint</strong></span> <span class='ocrx_word' id='word_1_11' title='bbox 1498 463 1823 530; x_wconf 67' lang='lat' dir='ltr'><strong>tribuendas;</strong></span> <span class='ocrx_word' id='word_1_12' title='bbox 1852 464 2084 520; x_wconf 86' lang='lat' dir='ltr'><strong>alterum</strong></span> <span class='ocrx_word' id='word_1_13' title='bbox 2104 505 2118 529; x_wconf 88' lang='lat'><strong>,</strong></span> <span class='ocrx_word' id='word_1_14' title='bbox 2146 464 2293 536; x_wconf 81' lang='lat' dir='ltr'><strong>quod</strong></span> <span class='ocrx_word' id='word_1_15' title='bbox 2332 478 2523 536; x_wconf 82' lang='lat' dir='ltr'><strong>omnes</strong></span> <span class='ocrx_word' id='word_1_16' title='bbox 2547 461 2846 536; x_wconf 57' lang='lat' dir='ltr'><strong>essedel!</strong></span> <span class='ocrx_word' id='word_1_17' title='bbox 2875 462 3024 520; x_wconf 76' lang='lat' dir='ltr'><strong>fonte</strong></span> <span class='ocrx_word' id='word_1_18' title='bbox 3043 475 3291 536; x_wconf 49' lang='lat' dir='ltr'><strong>manage</strong></span> <span class='ocrx_word' id='word_1_19' title='bbox 3312 462 3571 536; x_wconf 57' lang='lat' dir='ltr'><strong>ausint.</strong></span> <span class='ocrx_word' id='word_1_20' title='bbox 3601 462 3818 536; x_wconf 71' lang='lat' dir='ltr'><strong>Styhnu</strong></span> 
     </span>
    </p>
   </div>
   <div class='ocr_carea' id='block_1_3' title="bbox 534 530 3815 605">
    <p class='ocr_par' dir='ltr' id='par_1_3' title="bbox 534 530 3815 605">
     <span class='ocr_line' id='line_1_3' title="bbox 534 530 3815 605; baseline -0 -15"><span class='ocrx_word' id='word_1_21' title='bbox 534 534 685 605; x_wconf 11' lang='lat' dir='ltr'><strong>enim,</strong></span> <span class='ocrx_word' id='word_1_22' title='bbox 708 530 1028 605; x_wconf 72' lang='lat' dir='ltr'><strong>uniformem</strong></span> <span class='ocrx_word' id='word_1_23' title='bbox 1051 533 1308 589; x_wconf 81' lang='lat' dir='ltr'><strong>exhibent</strong></span> <span class='ocrx_word' id='word_1_24' title='bbox 1337 532 1587 605; x_wconf 80' lang='lat' dir='ltr'><strong>idemque</strong></span> <span class='ocrx_word' id='word_1_25' title='bbox 1610 544 2005 603; x_wconf 80' lang='lat' dir='ltr'><strong>argumentum,</strong></span> <span class='ocrx_word' id='word_1_26' title='bbox 2034 530 2182 604; x_wconf 88' lang='lat' dir='ltr'><strong>quod</strong></span> <span class='ocrx_word' id='word_1_27' title='bbox 2210 535 2265 589; x_wconf 91' lang='lat' dir='ltr'><strong>in</strong></span> <span class='ocrx_word' id='word_1_28' title='bbox 2294 534 2463 605; x_wconf 80' lang='lat' dir='ltr'><strong>prima</strong></span> <span class='ocrx_word' id='word_1_29' title='bbox 2488 534 2711 605; x_wconf 82' lang='lat' dir='ltr'><strong>humilia</strong></span> <span class='ocrx_word' id='word_1_30' title='bbox 2740 535 3076 605; x_wconf 69' lang='lat' dir='ltr'><strong>proponitur,</strong></span> <span class='ocrx_word' id='word_1_31' title='bbox 3108 534 3162 589; x_wconf 89' lang='lat' dir='ltr'><strong>in</strong></span> <span class='ocrx_word' id='word_1_32' title='bbox 3208 532 3417 589; x_wconf 91' lang='lat' dir='ltr'><strong>duabus</strong></span> <span class='ocrx_word' id='word_1_33' title='bbox 3444 530 3815 605; x_wconf 63' lang='lat' dir='ltr'><strong>reliquis&#39;am-</strong></span> 
     </span>
    </p>
   </div>
   <div class='ocr_carea' id='block_1_4' title="bbox 533 601 3816 675">
    <p class='ocr_par' dir='ltr' id='par_1_4' title="bbox 533 601 3816 675">
     <span class='ocr_line' id='line_1_4' title="bbox 533 601 3816 675; baseline -0 -18"><span class='ocrx_word' id='word_1_34' title='bbox 533 603 692 675; x_wconf 85' lang='lat' dir='ltr'><strong>pliori</strong></span> <span class='ocrx_word' id='word_1_35' title='bbox 720 604 1393 675; x_wconf 60' lang='lat' dir='ltr'><strong>espositione_esorna_tur,</strong></span> <span class='ocrx_word' id='word_1_36' title='bbox 1414 601 1660 675; x_wconf 81' lang='lat' dir='ltr'><strong>adeoque</strong></span> <span class='ocrx_word' id='word_1_37' title='bbox 1680 601 1821 675; x_wconf 86' lang='lat' dir='ltr'><strong>inter</strong></span> <span class='ocrx_word' id='word_1_38' title='bbox 1848 620 1909 675; x_wconf 79' lang='lat' dir='ltr'><strong>se</strong></span> <span class='ocrx_word' id='word_1_39' title='bbox 1928 601 2270 675; x_wconf 74' lang='lat' dir='ltr'><strong>colligantur,</strong></span> <span class='ocrx_word' id='word_1_40' title='bbox 2297 601 2361 659; x_wconf 80' lang='lat' dir='ltr'><strong>ut</strong></span> <span class='ocrx_word' id='word_1_41' title='bbox 2387 604 2625 660; x_wconf 88' lang='lat' dir='ltr'><strong>secunda</strong></span> <span class='ocrx_word' id='word_1_42' title='bbox 2655 601 2873 675; x_wconf 79' lang='lat' dir='ltr'><strong>humilia</strong></span> <span class='ocrx_word' id='word_1_43' title='bbox 2896 604 3236 675; x_wconf 60' lang='lat' dir='ltr'><strong>adprimam,</strong></span> <span class='ocrx_word' id='word_1_44' title='bbox 3264 610 3321 657; x_wconf 90' lang='lat' dir='ltr'><strong>et</strong></span> <span class='ocrx_word' id='word_1_45' title='bbox 3348 602 3504 675; x_wconf 81' lang='lat' dir='ltr'><strong>tertia</strong></span> <span class='ocrx_word' id='word_1_46' title='bbox 3526 601 3593 657; x_wconf 88' lang='lat' dir='ltr'><strong>ad</strong></span> <span class='ocrx_word' id='word_1_47' title='bbox 3620 618 3816 675; x_wconf 38' lang='lat' dir='ltr'><strong>serunt</strong></span> 
     </span>
    </p>
   </div>
   <div class='ocr_carea' id='block_1_5' title="bbox 534 671 3817 744">
    <p class='ocr_par' dir='ltr' id='par_1_5' title="bbox 534 671 3817 744">
     <span class='ocr_line' id='line_1_5' title="bbox 534 671 3817 744; baseline 0.001 -17"><span class='ocrx_word' id='word_1_48' title='bbox 534 671 655 727; x_wconf 80' lang='lat' dir='ltr'><strong>dam</strong></span> <span class='ocrx_word' id='word_1_49' title='bbox 685 671 1003 728; x_wconf 78' lang='lat' dir='ltr'><strong>referantur.</strong></span> <span class='ocrx_word' id='word_1_50' title='bbox 1044 672 1152 728; x_wconf 88' lang='lat' dir='ltr'><strong>Sed</strong></span> <span class='ocrx_word' id='word_1_51' title='bbox 1184 673 1378 744; x_wconf 84' lang='lat' dir='ltr'><strong>quibus</strong></span> <span class='ocrx_word' id='word_1_52' title='bbox 1407 688 1507 728; x_wconf 91' lang='lat' dir='ltr'><strong>nos</strong></span> <span class='ocrx_word' id='word_1_53' title='bbox 1530 671 1851 730; x_wconf 84' lang='lat' dir='ltr'><strong>testimoniis</strong></span> <span class='ocrx_word' id='word_1_54' title='bbox 1878 673 1936 730; x_wconf 89' lang='lat' dir='ltr'><strong>S.</strong></span> <span class='ocrx_word' id='word_1_55' title='bbox 1963 671 2253 744; x_wconf 65' lang='lat' dir='ltr'><strong>Maiimum</strong></span> <span class='ocrx_word' id='word_1_56' title='bbox 2278 682 2555 730; x_wconf 78' lang='lat' dir='ltr'><strong>auctorem</strong></span> <span class='ocrx_word' id='word_1_57' title='bbox 2602 674 2947 744; x_wconf 86' lang='lat' dir='ltr'><strong>probabimus</strong></span> <span class='ocrx_word' id='word_1_58' title='bbox 2960 671 3276 728; x_wconf 48' lang='lat' dir='ltr'><strong>i‘Fatemur</strong></span> <span class='ocrx_word' id='word_1_59' title='bbox 3300 672 3571 744; x_wconf 43' lang='lat' dir='ltr'><strong>equidem,</strong></span> <span class='ocrx_word' id='word_1_60' title='bbox 3598 673 3817 729; x_wconf 91' lang='lat' dir='ltr'><strong>nonnisi</strong></span> 
     </span>
    </p>
   </div>
   <div class='ocr_carea' id='block_1_6' title="bbox 534 740 3819 813">
    <p class='ocr_par' dir='ltr' id='par_1_6' title="bbox 534 740 3819 813">
     <span class='ocr_line' id='line_1_6' title="bbox 534 740 3819 813; baseline 0.001 -16"><span class='ocrx_word' id='word_1_61' title='bbox 534 751 644 813; x_wconf 76' lang='lat' dir='ltr'><strong>tres</strong></span> <span class='ocrx_word' id='word_1_62' title='bbox 671 744 885 798; x_wconf 83' lang='lat' dir='ltr'><strong>codices</strong></span> <span class='ocrx_word' id='word_1_63' title='bbox 925 759 1023 798; x_wconf 90' lang='lat' dir='ltr'><strong>nos</strong></span> <span class='ocrx_word' id='word_1_64' title='bbox 1050 740 1335 813; x_wconf 79' lang='lat' dir='ltr'><strong>invenisse,</strong></span> <span class='ocrx_word' id='word_1_65' title='bbox 1358 744 1453 812; x_wconf 91' lang='lat' dir='ltr'><strong>qui</strong></span> <span class='ocrx_word' id='word_1_66' title='bbox 1496 744 1637 813; x_wconf 79' lang='lat' dir='ltr'><strong>hanc</strong></span> <span class='ocrx_word' id='word_1_67' title='bbox 1658 746 1889 813; x_wconf 88' lang='lat' dir='ltr'><strong>primam</strong></span> <span class='ocrx_word' id='word_1_68' title='bbox 1918 745 2193 800; x_wconf 90' lang='lat' dir='ltr'><strong>homiliam</strong></span> <span class='ocrx_word' id='word_1_69' title='bbox 2218 743 2276 799; x_wconf 90' lang='lat' dir='ltr'><strong>S.</strong></span> <span class='ocrx_word' id='word_1_70' title='bbox 2301 745 2529 800; x_wconf 88' lang='lat' dir='ltr'><strong>antistiti</strong></span> <span class='ocrx_word' id='word_1_71' title='bbox 2570 740 2756 799; x_wconf 81' lang='lat' dir='ltr'><strong>nostro</strong></span> <span class='ocrx_word' id='word_1_72' title='bbox 2781 749 3049 810; x_wconf 78' lang='lat' dir='ltr'><strong>asserunt,</strong></span> <span class='ocrx_word' id='word_1_73' title='bbox 3078 757 3274 813; x_wconf 82' lang='lat' dir='ltr'><strong>nempe</strong></span> <span class='ocrx_word' id='word_1_74' title='bbox 3292 740 3415 813; x_wconf 68' lang='lat' dir='ltr'><strong>eod.</strong></span> <span class='ocrx_word' id='word_1_75' title='bbox 3438 740 3508 795; x_wconf 87' lang='lat'><strong>99</strong></span> <span class='ocrx_word' id='word_1_76' title='bbox 3535 741 3593 797; x_wconf 91' lang='lat' dir='ltr'><strong>S.</strong></span> <span class='ocrx_word' id='word_1_77' title='bbox 3620 744 3819 800; x_wconf 85' lang='lat' dir='ltr'><strong>Crucis</strong></span> 
     </span>
    </p>
   </div>
   <div class='ocr_carea' id='block_1_7' title="bbox 534 759 3819 895">
    <p class='ocr_par' dir='ltr' id='par_1_7' title="bbox 534 759 3819 895">
     <span class='ocr_line' id='line_1_7' title="bbox 534 759 3819 813; baseline 0.001 -17"><span class='ocrx_word' id='word_1_78' title='bbox 534 759 644 796; x_wconf 78' lang='lat' dir='ltr'><strong>tres</strong></span> <span class='ocrx_word' id='word_1_79' title='bbox 671 759 885 798; x_wconf 75' lang='lat' dir='ltr'><strong>coerces</strong></span> <span class='ocrx_word' id='word_1_80' title='bbox 925 759 1023 798; x_wconf 90' lang='lat' dir='ltr'><strong>nos</strong></span> <span class='ocrx_word' id='word_1_81' title='bbox 1050 759 1335 806; x_wconf 80' lang='lat' dir='ltr'><strong>invenisse,</strong></span> <span class='ocrx_word' id='word_1_82' title='bbox 1358 759 1453 812; x_wconf 87' lang='lat' dir='ltr'><strong>qm</strong></span> <span class='ocrx_word' id='word_1_83' title='bbox 1498 759 1637 799; x_wconf 88' lang='lat' dir='ltr'><strong>naue</strong></span> <span class='ocrx_word' id='word_1_84' title='bbox 1700 759 1889 799; x_wconf 79' lang='lat' dir='ltr'><strong>rimam</strong></span> <span class='ocrx_word' id='word_1_85' title='bbox 1918 759 2193 800; x_wconf 90' lang='lat' dir='ltr'><strong>nommam</strong></span> <span class='ocrx_word' id='word_1_86' title='bbox 2218 759 2276 799; x_wconf 70' lang='grc' dir='ltr'><strong>δ.</strong></span> <span class='ocrx_word' id='word_1_87' title='bbox 2301 759 2529 800; x_wconf 84' lang='lat' dir='ltr'><strong>annsun</strong></span> <span class='ocrx_word' id='word_1_88' title='bbox 2570 759 2756 799; x_wconf 83' lang='lat' dir='ltr'><strong>nostro</strong></span> <span class='ocrx_word' id='word_1_89' title='bbox 2781 759 3049 810; x_wconf 78' lang='lat' dir='ltr'><strong>asserunt,</strong></span> <span class='ocrx_word' id='word_1_90' title='bbox 3078 759 3274 813; x_wconf 80' lang='lat' dir='ltr'><strong>nempe</strong></span> <span class='ocrx_word' id='word_1_91' title='bbox 3292 759 3415 797; x_wconf 85' lang='lat' dir='ltr'><strong>eoa.</strong></span> <span class='ocrx_word' id='word_1_92' title='bbox 3438 759 3508 795; x_wconf 70' lang='lat' dir='ltr'><strong>ua</strong></span> <span class='ocrx_word' id='word_1_93' title='bbox 3535 759 3593 797; x_wconf 73' lang='grc' dir='ltr'><strong>δ.</strong></span> <span class='ocrx_word' id='word_1_94' title='bbox 3620 759 3819 800; x_wconf 70' lang='lat' dir='ltr'><strong>urnas</strong></span> 
     </span>
     <span class='ocr_line' id='line_1_8' title="bbox 534 759 3819 895; baseline 0.001 -28"><span class='ocrx_word' id='word_1_95' title='bbox 534 812 592 895; x_wconf 64' lang='lat' dir='ltr'><strong>in</strong></span> <span class='ocrx_word' id='word_1_96' title='bbox 611 812 913 895; x_wconf 67' lang='lat' dir='ltr'><strong>Jerusalem</strong></span> <span class='ocrx_word' id='word_1_97' title='bbox 931 813 1118 895; x_wconf 64' lang='lat' dir='ltr'><strong>homil.</strong></span> <span class='ocrx_word' id='word_1_98' title='bbox 1136 813 1202 895; x_wconf 62' lang='grc' dir='ltr'><strong>ΓΙ</strong></span> <span class='ocrx_word' id='word_1_99' title='bbox 1215 812 1298 868; x_wconf 87' lang='lat' dir='ltr'><strong>De</strong></span> <span class='ocrx_word' id='word_1_100' title='bbox 1308 823 1498 895; x_wconf 67' lang='lat' dir='ltr'><strong>sancta</strong></span> <span class='ocrx_word' id='word_1_101' title='bbox 1970 815 2143 895; x_wconf 73' lang='lat' dir='ltr'><strong>codex</strong></span> <span class='ocrx_word' id='word_1_102' title='bbox 2164 813 2633 895; x_wconf 58' lang='lat' dir='ltr'><strong>Laurentianus},</strong></span> <span class='ocrx_word' id='word_1_103' title='bbox 2658 813 2798 895; x_wconf 65' lang='lat' dir='ltr'><strong>Plut.</strong></span> <span class='ocrx_word' id='word_1_104' title='bbox 2819 830 2927 879; x_wconf 75' lang='lat' dir='ltr'><strong>xiv,</strong></span> <span class='ocrx_word' id='word_1_105' title='bbox 2951 827 3074 884; x_wconf 81' lang='lat' dir='ltr'><strong>pag.</strong></span> <span class='ocrx_word' id='word_1_106' title='bbox 3088 811 3306 895; x_wconf 47' lang='lat' dir='ltr'><strong>eius:</strong></span> <span class='ocrx_word' id='word_1_107' title='bbox 3326 812 3673 895; x_wconf 62' lang='lat' dir='ltr'><strong>:I‘aurinensis</strong></span> <span class='ocrx_word' id='word_1_108' title='bbox 3691 830 3819 895; x_wconf 65' lang='lat' dir='ltr'><strong>uim</strong></span> 
     </span>
    </p>
   </div>
   <div class='ocr_carea' id='block_1_8' title="bbox 536 881 3818 955">
    <p class='ocr_par' dir='ltr' id='par_1_8' title="bbox 536 881 3818 955">
     <span class='ocr_line' id='line_1_9' title="bbox 536 881 3818 955; baseline 0.001 -21"><span class='ocrx_word' id='word_1_109' title='bbox 536 882 690 955; x_wconf 79' lang='lat' dir='ltr'><strong>titulo</strong></span> <span class='ocrx_word' id='word_1_110' title='bbox 703 900 727 955; x_wconf 72' lang='grc' dir='ltr'><strong>Δς</strong></span> <span class='ocrx_word' id='word_1_111' title='bbox 760 881 899 955; x_wconf 57' lang='lat' dir='ltr'><strong>(tetu</strong></span> <span class='ocrx_word' id='word_1_112' title='bbox 915 882 978 937; x_wconf 84' lang='lat' dir='ltr'><strong>de</strong></span> <span class='ocrx_word' id='word_1_113' title='bbox 1000 881 1406 955; x_wconf 60' lang='lat' dir='ltr'><strong>Quadragesima</strong></span> <span class='ocrx_word' id='word_1_114' title='bbox 1428 881 1751 955; x_wconf 71' lang='lat' dir='ltr'><strong>sermoXXI</strong></span> <span class='ocrx_word' id='word_1_115' title='bbox 1769 884 1827 939; x_wconf 91' lang='lat' dir='ltr'><strong>In</strong></span> <span class='ocrx_word' id='word_1_116' title='bbox 1852 893 1952 950; x_wconf 90' lang='lat' dir='ltr'><strong>tot,</strong></span> <span class='ocrx_word' id='word_1_117' title='bbox 1982 886 2249 955; x_wconf 91' lang='lat' dir='ltr'><strong>tantisque</strong></span> <span class='ocrx_word' id='word_1_118' title='bbox 2267 883 2428 939; x_wconf 90' lang='lat' dir='ltr'><strong>codd.</strong></span> <span class='ocrx_word' id='word_1_119' title='bbox 2454 882 2730 955; x_wconf 74' lang='lat' dir='ltr'><strong>Vaticanis</strong></span> <span class='ocrx_word' id='word_1_120' title='bbox 2756 900 2864 955; x_wconf 92' lang='lat' dir='ltr'><strong>non</strong></span> <span class='ocrx_word' id='word_1_121' title='bbox 2891 881 3128 955; x_wconf 76' lang='lat' dir='ltr'><strong>occurrit</strong></span> <span class='ocrx_word' id='word_1_122' title='bbox 3155 883 3311 938; x_wconf 88' lang='lat' dir='ltr'><strong>nobis</strong></span> <span class='ocrx_word' id='word_1_123' title='bbox 3326 881 3440 937; x_wconf 60' lang='lat' dir='ltr'><strong>haec</strong></span> <span class='ocrx_word' id='word_1_124' title='bbox 3461 883 3682 955; x_wconf 82' lang='lat' dir='ltr'><strong>humilia</strong></span> <span class='ocrx_word' id='word_1_125' title='bbox 3711 884 3818 955; x_wconf 68' lang='lat' dir='ltr'><strong>nisi</strong></span> 
     </span>
    </p>
   </div>
   <div class='ocr_carea' id='block_1_9' title="bbox 533 950 3833 1027">
    <p class='ocr_par' dir='ltr' id='par_1_9' title="bbox 533 950 3833 1027">
     <span class='ocr_line' id='line_1_10' title="bbox 533 950 3833 1027; baseline 0.001 -22"><span class='ocrx_word' id='word_1_126' title='bbox 533 951 587 1027; x_wconf 81' lang='lat' dir='ltr'><strong>in</strong></span> <span class='ocrx_word' id='word_1_127' title='bbox 617 951 740 1027; x_wconf 71' lang='lat' dir='ltr'><strong>cod.</strong></span> <span class='ocrx_word' id='word_1_128' title='bbox 769 951 940 1027; x_wconf 57' lang='grc' dir='ltr'><strong>1268Ἀ</strong></span> <span class='ocrx_word' id='word_1_129' title='bbox 960 968 1082 1027; x_wconf 72' lang='lat' dir='ltr'><strong>pag.</strong></span> <span class='ocrx_word' id='word_1_130' title='bbox 1114 950 1254 1027; x_wconf 58' lang='lat'><strong>39,11</strong></span> <span class='ocrx_word' id='word_1_131' title='bbox 1280 961 1453 1020; x_wconf 80' lang='lat' dir='ltr'><strong>tergo,</strong></span> <span class='ocrx_word' id='word_1_132' title='bbox 1472 954 1556 1008; x_wconf 91' lang='lat' dir='ltr'><strong>cui</strong></span> <span class='ocrx_word' id='word_1_133' title='bbox 1580 952 1936 1027; x_wconf 31' lang='lat' dir='ltr'><strong>Aman‘uensis</strong></span> <span class='ocrx_word' id='word_1_134' title='bbox 1963 950 2506 1027; x_wconf 72' lang='lat' dir='ltr'><strong>dubitansinscripsit</strong></span> <span class='ocrx_word' id='word_1_135' title='bbox 2524 972 2546 1027; x_wconf 63' lang='grc' dir='ltr'><strong>εΔ</strong></span> <span class='ocrx_word' id='word_1_136' title='bbox 2571 952 2650 1008; x_wconf 88' lang='lat' dir='ltr'><strong>De</strong></span> <span class='ocrx_word' id='word_1_137' title='bbox 2685 954 2865 1027; x_wconf 74' lang='lat' dir='ltr'><strong>eodem</strong></span> <span class='ocrx_word' id='word_1_138' title='bbox 2882 954 3107 1026; x_wconf 77' lang='lat' dir='ltr'><strong>jejunio,</strong></span> <span class='ocrx_word' id='word_1_139' title='bbox 3137 961 3192 1005; x_wconf 88' lang='lat' dir='ltr'><strong>ut</strong></span> <span class='ocrx_word' id='word_1_140' title='bbox 3212 950 3714 1027; x_wconf 51' lang='lat' dir='ltr'><strong>nitaturdmbrosii.</strong></span> <span class='ocrx_word' id='word_1_141' title='bbox 3748 952 3833 1008; x_wconf 64' lang='lat' dir='ltr'><strong>Et</strong></span> 
     </span>
    </p>
   </div>
   <div class='ocr_carea' id='block_1_10' title="bbox 530 1022 3825 1153">
    <p class='ocr_par' dir='ltr' id='par_1_10' title="bbox 530 1022 3825 1153">
     <span class='ocr_line' id='line_1_11' title="bbox 530 1022 3816 1106; baseline 0 -30"><span class='ocrx_word' id='word_1_142' title='bbox 530 1022 649 1104; x_wconf 80' lang='lat' dir='ltr'><strong>jure</strong></span> <span class='ocrx_word' id='word_1_143' title='bbox 672 1022 769 1077; x_wconf 87' lang='lat' dir='ltr'><strong>fuit</strong></span> <span class='ocrx_word' id='word_1_144' title='bbox 788 1023 891 1105; x_wconf 80' lang='lat' dir='ltr'><strong>ipsi</strong></span> <span class='ocrx_word' id='word_1_145' title='bbox 911 1022 1435 1105; x_wconf 34' lang='lat' dir='ltr'><strong>dubitandumhcum</strong></span> <span class='ocrx_word' id='word_1_146' title='bbox 1462 1025 1666 1093; x_wconf 85' lang='lat' dir='ltr'><strong>perrari</strong></span> <span class='ocrx_word' id='word_1_147' title='bbox 1698 1023 1986 1081; x_wconf 85' lang='lat' dir='ltr'><strong>admodum</strong></span> <span class='ocrx_word' id='word_1_148' title='bbox 2002 1025 2109 1080; x_wconf 91' lang='lat' dir='ltr'><strong>sint</strong></span> <span class='ocrx_word' id='word_1_149' title='bbox 2136 1024 2372 1106; x_wconf 74' lang='lat' dir='ltr'><strong>codices,</strong></span> <span class='ocrx_word' id='word_1_150' title='bbox 2402 1022 2496 1095; x_wconf 68' lang='lat' dir='ltr'><strong>qui</strong></span> <span class='ocrx_word' id='word_1_151' title='bbox 2534 1025 2677 1080; x_wconf 90' lang='lat' dir='ltr'><strong>hanc</strong></span> <span class='ocrx_word' id='word_1_152' title='bbox 2700 1031 2754 1079; x_wconf 91' lang='lat' dir='ltr'><strong>et</strong></span> <span class='ocrx_word' id='word_1_153' title='bbox 2782 1022 2916 1079; x_wconf 80' lang='lat' dir='ltr'><strong>duas</strong></span> <span class='ocrx_word' id='word_1_154' title='bbox 2935 1022 3240 1105; x_wconf 73' lang='lat' dir='ltr'><strong>sequentes</strong></span> <span class='ocrx_word' id='word_1_155' title='bbox 3258 1022 3511 1104; x_wconf 72' lang='lat' dir='ltr'><strong>homiiias</strong></span> <span class='ocrx_word' id='word_1_156' title='bbox 3537 1022 3787 1105; x_wconf 56' lang='lat' dir='ltr'><strong>referant</strong></span> <span class='ocrx_word' id='word_1_157' title='bbox 3800 1040 3816 1089; x_wconf 91' lang='lat'><strong>;</strong></span> 
     </span>
     <span class='ocr_line' id='line_1_12' title="bbox 531 1091 3825 1153; baseline 0.002 -8"><span class='ocrx_word' id='word_1_158' title='bbox 531 1099 605 1145; x_wconf 79' lang='lat' dir='ltr'><strong>ita</strong></span> <span class='ocrx_word' id='word_1_159' title='bbox 632 1101 692 1146; x_wconf 90' lang='lat' dir='ltr'><strong>ut</strong></span> <span class='ocrx_word' id='word_1_160' title='bbox 712 1107 815 1148; x_wconf 89' lang='lat' dir='ltr'><strong>nec</strong></span> <span class='ocrx_word' id='word_1_161' title='bbox 835 1093 936 1153; x_wconf 80' lang='lat' dir='ltr'><strong>Iasi</strong></span> <span class='ocrx_word' id='word_1_162' title='bbox 972 1093 1304 1149; x_wconf 67' lang='lat' dir='ltr'><strong>Benedictum</strong></span> <span class='ocrx_word' id='word_1_163' title='bbox 1348 1094 1603 1149; x_wconf 85' lang='lat' dir='ltr'><strong>monachi</strong></span> <span class='ocrx_word' id='word_1_164' title='bbox 1628 1094 1866 1151; x_wconf 80' lang='lat' dir='ltr'><strong>editores</strong></span> <span class='ocrx_word' id='word_1_165' title='bbox 1890 1096 1959 1151; x_wconf 89' lang='lat' dir='ltr'><strong>de</strong></span> <span class='ocrx_word' id='word_1_166' title='bbox 1998 1095 2110 1151; x_wconf 90' lang='lat' dir='ltr'><strong>ullo</strong></span> <span class='ocrx_word' id='word_1_167' title='bbox 2146 1094 2338 1150; x_wconf 80' lang='lat' dir='ltr'><strong>codice</strong></span> <span class='ocrx_word' id='word_1_168' title='bbox 2364 1110 2495 1149; x_wconf 88' lang='lat' dir='ltr'><strong>mss.</strong></span> <span class='ocrx_word' id='word_1_169' title='bbox 2520 1095 2855 1151; x_wconf 77' lang='lat' dir='ltr'><strong>mentionem</strong></span> <span class='ocrx_word' id='word_1_170' title='bbox 2893 1094 3111 1149; x_wconf 77' lang='lat' dir='ltr'><strong>iactant.</strong></span> <span class='ocrx_word' id='word_1_171' title='bbox 3155 1091 3465 1149; x_wconf 71' lang='lat' dir='ltr'><strong>lieruoratrs</strong></span> <span class='ocrx_word' id='word_1_172' title='bbox 3494 1100 3825 1153; x_wconf 66' lang='lat' dir='ltr'><strong>testimoniis</strong></span> 
     </span>
    </p>
   </div>
   <div class='ocr_carea' id='block_1_11' title="bbox 530 1161 3816 1236">
    <p class='ocr_par' dir='ltr' id='par_1_11' title="bbox 530 1161 3816 1236">
     <span class='ocr_line' id='line_1_13' title="bbox 530 1161 3816 1236; baseline 0.001 -22"><span class='ocrx_word' id='word_1_173' title='bbox 530 1161 765 1236; x_wconf 62' lang='grc' dir='ltr'><strong>Μεξῇωο</strong></span> <span class='ocrx_word' id='word_1_174' title='bbox 786 1161 1198 1236; x_wconf 76' lang='lat' dir='ltr'><strong>suifragantibus</strong></span> <span class='ocrx_word' id='word_1_175' title='bbox 1218 1177 1410 1236; x_wconf 70' lang='lat' dir='ltr'><strong>graves</strong></span> <span class='ocrx_word' id='word_1_176' title='bbox 1439 1165 1701 1236; x_wconf 77' lang='lat' dir='ltr'><strong>accedunt</strong></span> <span class='ocrx_word' id='word_1_177' title='bbox 1719 1164 2065 1234; x_wconf 60' lang='lat' dir='ltr'><strong>conjectura},</strong></span> <span class='ocrx_word' id='word_1_178' title='bbox 2092 1180 2458 1236; x_wconf 71' lang='lat' dir='ltr'><strong>quarumuna</strong></span> <span class='ocrx_word' id='word_1_179' title='bbox 2482 1173 2566 1236; x_wconf 87' lang='lat' dir='ltr'><strong>est</strong></span> <span class='ocrx_word' id='word_1_180' title='bbox 2591 1165 2712 1236; x_wconf 70' lang='lat' dir='ltr'><strong>styli</strong></span> <span class='ocrx_word' id='word_1_181' title='bbox 2744 1163 3204 1236; x_wconf 37' lang='lat' dir='ltr'><strong>similitudoucum</strong></span> <span class='ocrx_word' id='word_1_182' title='bbox 3235 1161 3591 1236; x_wconf 62' lang='lat' dir='ltr'><strong>prgucedenti;</strong></span> <span class='ocrx_word' id='word_1_183' title='bbox 3623 1163 3816 1236; x_wconf 83' lang='lat' dir='ltr'><strong>altera,</strong></span> 
     </span>
    </p>
   </div>
   <div class='ocr_carea' id='block_1_12' title="bbox 531 1230 3817 1305">
    <p class='ocr_par' dir='ltr' id='par_1_12' title="bbox 531 1230 3817 1305">
     <span class='ocr_line' id='line_1_14' title="bbox 531 1230 3817 1305; baseline 0 -20"><span class='ocrx_word' id='word_1_184' title='bbox 531 1232 770 1305; x_wconf 82' lang='lat' dir='ltr'><strong>studiosa</strong></span> <span class='ocrx_word' id='word_1_185' title='bbox 797 1234 938 1289; x_wconf 87' lang='lat' dir='ltr'><strong>inter</strong></span> <span class='ocrx_word' id='word_1_186' title='bbox 962 1230 1124 1304; x_wconf 51' lang='lat' dir='ltr'><strong>&#39;ipsas</strong></span> <span class='ocrx_word' id='word_1_187' title='bbox 1167 1230 1425 1305; x_wconf 15' lang='lat' dir='ltr'><strong>inomiliasi</strong></span> <span class='ocrx_word' id='word_1_188' title='bbox 1438 1230 1734 1305; x_wconf 85' lang='lat' dir='ltr'><strong>colligatio,</strong></span> <span class='ocrx_word' id='word_1_189' title='bbox 1764 1230 1893 1305; x_wconf 56' lang='lat' dir='ltr'><strong>qua}</strong></span> <span class='ocrx_word' id='word_1_190' title='bbox 1922 1230 2137 1305; x_wconf 83' lang='lat' dir='ltr'><strong>propria</strong></span> <span class='ocrx_word' id='word_1_191' title='bbox 2156 1242 2266 1305; x_wconf 15' lang='lat' dir='ltr'><strong>gest</strong></span> <span class='ocrx_word' id='word_1_192' title='bbox 2292 1233 2529 1305; x_wconf 78' lang='lat' dir='ltr'><strong>Maximi,</strong></span> <span class='ocrx_word' id='word_1_193' title='bbox 2569 1243 2630 1291; x_wconf 93' lang='lat' dir='ltr'><strong>ut</strong></span> <span class='ocrx_word' id='word_1_194' title='bbox 2644 1230 2930 1305; x_wconf 60' lang='lat' dir='ltr'><strong>&#39;Remigius</strong></span> <span class='ocrx_word' id='word_1_195' title='bbox 2958 1230 3601 1305; x_wconf 58' lang='lat' dir='ltr'><strong>Ceillerius&#39;obsen&#39;avit;</strong></span> <span class='ocrx_word' id='word_1_196' title='bbox 3633 1234 3817 1295; x_wconf 88' lang='lat' dir='ltr'><strong>tertia,</strong></span> 
     </span>
    </p>
   </div>
   <div class='ocr_carea' id='block_1_13' title="bbox 529 1301 3819 1385">
    <p class='ocr_par' dir='ltr' id='par_1_13' title="bbox 529 1301 3819 1385">
     <span class='ocr_line' id='line_1_15' title="bbox 529 1301 3819 1385; baseline 0.001 -31"><span class='ocrx_word' id='word_1_197' title='bbox 529 1301 654 1382; x_wconf 74' lang='lat' dir='ltr'><strong>quia</strong></span> <span class='ocrx_word' id='word_1_198' title='bbox 684 1303 873 1357; x_wconf 90' lang='lat' dir='ltr'><strong>harum</strong></span> <span class='ocrx_word' id='word_1_199' title='bbox 903 1301 1235 1385; x_wconf 67' lang='lat' dir='ltr'><strong>postremam</strong></span> <span class='ocrx_word' id='word_1_200' title='bbox 1262 1304 1539 1385; x_wconf 53' lang='lat' dir='ltr'><strong>humiliari}</strong></span> <span class='ocrx_word' id='word_1_201' title='bbox 1572 1301 2379 1385; x_wconf 20' lang='lat' dir='ltr'><strong>4plures&#39;cgd‘i‘ces&#39;conﬁrmant.</strong></span> <span class='ocrx_word' id='word_1_202' title='bbox 2410 1302 2540 1372; x_wconf 67' lang='lat' dir='ltr'><strong>Quae</strong></span> <span class='ocrx_word' id='word_1_203' title='bbox 2560 1313 2687 1361; x_wconf 71' lang='lat' dir='ltr'><strong>tres&#39;</strong></span> <span class='ocrx_word' id='word_1_204' title='bbox 2718 1301 2957 1360; x_wconf 69' lang='lat' dir='ltr'><strong>homilia:</strong></span> <span class='ocrx_word' id='word_1_205' title='bbox 2984 1317 3016 1358; x_wconf 86' lang='lat' dir='ltr'><strong>a</strong></span> <span class='ocrx_word' id='word_1_206' title='bbox 3056 1302 3214 1360; x_wconf 86' lang='lat' dir='ltr'><strong>nobis</strong></span> <span class='ocrx_word' id='word_1_207' title='bbox 3242 1302 3494 1369; x_wconf 89' lang='lat' dir='ltr'><strong>eduntur,</strong></span> <span class='ocrx_word' id='word_1_208' title='bbox 3518 1309 3579 1357; x_wconf 92' lang='lat' dir='ltr'><strong>ut</strong></span> <span class='ocrx_word' id='word_1_209' title='bbox 3599 1309 3819 1359; x_wconf 79' lang='lat' dir='ltr'><strong>exstant</strong></span> 
     </span>
    </p>
   </div>
   <div class='ocr_carea' id='block_1_14' title="bbox 530 1371 1956 1443">
    <p class='ocr_par' dir='ltr' id='par_1_14' title="bbox 530 1371 1956 1443">
     <span class='ocr_line' id='line_1_16' title="bbox 530 1371 1956 1443; baseline 0.004 -18"><span class='ocrx_word' id='word_1_210' title='bbox 530 1371 584 1425; x_wconf 87' lang='lat' dir='ltr'><strong>in</strong></span> <span class='ocrx_word' id='word_1_211' title='bbox 615 1386 743 1443; x_wconf 92' lang='lat' dir='ltr'><strong>opp.</strong></span> <span class='ocrx_word' id='word_1_212' title='bbox 774 1371 949 1429; x_wconf 78' lang='lat' dir='ltr'><strong>sancti</strong></span> <span class='ocrx_word' id='word_1_213' title='bbox 969 1373 1239 1430; x_wconf 85' lang='lat' dir='ltr'><strong>Ambrosii</strong></span> <span class='ocrx_word' id='word_1_214' title='bbox 1257 1373 1386 1428; x_wconf 84' lang='lat' dir='ltr'><strong>edit.</strong></span> <span class='ocrx_word' id='word_1_215' title='bbox 1415 1371 1677 1429; x_wconf 71' lang='lat' dir='ltr'><strong>Parisién.</strong></span> <span class='ocrx_word' id='word_1_216' title='bbox 1703 1387 1773 1428; x_wconf 89' lang='lat' dir='ltr'><strong>an</strong></span> <span class='ocrx_word' id='word_1_217' title='bbox 1797 1372 1956 1430; x_wconf 79' lang='lat' dir='ltr'><strong>I569.</strong></span> 
     </span>
    </p>
   </div>
   <div class='ocr_carea' id='block_1_15' title="bbox 530 1481 3829 1609">
    <p class='ocr_par' dir='ltr' id='par_1_15' title="bbox 530 1481 3829 1609">
     <span class='ocr_line' id='line_1_17' title="bbox 530 1481 3829 1609; baseline 0.001 -70"><span class='ocrx_word' id='word_1_218' title='bbox 530 1485 921 1539; x_wconf 70' lang='lat' dir='ltr'><strong>Aneuumrnu.</strong></span> <span class='ocrx_word' id='word_1_219' title='bbox 938 1517 1009 1527; x_wconf 87' lang='lat'><strong><em>—</em></strong></span> <span class='ocrx_word' id='word_1_220' title='bbox 1036 1481 1488 1608; x_wconf 53' lang='lat' dir='ltr'><strong>(Ihrizgfdelibus</strong></span> <span class='ocrx_word' id='word_1_221' title='bbox 1513 1483 1956 1567; x_wconf 77' lang='lat' dir='ltr'><strong>quadragesimale</strong></span> <span class='ocrx_word' id='word_1_222' title='bbox 1975 1487 2119 1609; x_wconf 50' lang='grc' dir='ltr'><strong>,ἰξίας</strong></span> <span class='ocrx_word' id='word_1_223' title='bbox 2150 1489 2197 1549; x_wconf 80' lang='grc' dir='ltr'>Α</span> <span class='ocrx_word' id='word_1_224' title='bbox 2222 1484 2450 1552; x_wconf 79' lang='lat' dir='ltr'><strong>ﬂcimur,</strong></span> <span class='ocrx_word' id='word_1_225' title='bbox 2478 1483 2556 1540; x_wconf 87' lang='lat' dir='ltr'><strong>ita</strong></span> <span class='ocrx_word' id='word_1_226' title='bbox 2602 1498 2664 1541; x_wconf 80' lang='lat' dir='ltr'><strong>ut</strong></span> <span class='ocrx_word' id='word_1_227' title='bbox 2686 1486 2846 1542; x_wconf 85' lang='lat' dir='ltr'><strong>citius</strong></span> <span class='ocrx_word' id='word_1_228' title='bbox 2884 1484 3039 1558; x_wconf 73' lang='lat'><strong>115</strong></span> <span class='ocrx_word' id='word_1_229' title='bbox 3084 1486 3385 1557; x_wconf 80' lang='lat' dir='ltr'><strong>perveniat,</strong></span> <span class='ocrx_word' id='word_1_230' title='bbox 3429 1483 3521 1556; x_wconf 87' lang='lat' dir='ltr'><strong>qui</strong></span> <span class='ocrx_word' id='word_1_231' title='bbox 3568 1484 3829 1542; x_wconf 70' lang='lat' dir='ltr'><strong>devotius</strong></span> 
     </span>
     <span class='ocr_line' id='line_1_18' title="bbox 596 1555 3816 1609; baseline 0.001 -2"><span class='ocrx_word' id='word_1_232' title='bbox 596 1557 742 1608; x_wconf 75' lang='lat' dir='ltr'><strong>nium</strong></span> <span class='ocrx_word' id='word_1_233' title='bbox 770 1563 1083 1609; x_wconf 65' lang='lat' dir='ltr'><strong>suscepturus</strong></span> <span class='ocrx_word' id='word_1_234' title='bbox 1127 1572 1156 1607; x_wconf 86' lang='lat' dir='ltr'><strong>r</strong></span> <span class='ocrx_word' id='word_1_235' title='bbox 1257 1556 1362 1608; x_wconf 84' lang='lat' dir='ltr'><strong>itur</strong></span> <span class='ocrx_word' id='word_1_236' title='bbox 1387 1563 1523 1609; x_wconf 69' lang='lat' dir='ltr'><strong>ratio</strong></span> <span class='ocrx_word' id='word_1_237' title='bbox 1561 1569 1655 1608; x_wconf 87' lang='lat' dir='ltr'><strong>cur</strong></span> <span class='ocrx_word' id='word_1_238' title='bbox 1680 1555 1971 1609; x_wconf 71' lang='lat' dir='ltr'><strong>huiusmodi</strong></span> <span class='ocrx_word' id='word_1_239' title='bbox 2037 1559 2113 1609; x_wconf 86' lang='lat' dir='ltr'><strong>ie-</strong></span> <span class='ocrx_word' id='word_1_240' title='bbox 2218 1566 2473 1609; x_wconf 45' lang='grc' dir='ltr'><strong>δέξηηηπςο</strong></span> <span class='ocrx_word' id='word_1_241' title='bbox 2525 1573 2692 1609; x_wconf 52' lang='lat' dir='ltr'><strong>una...</strong></span> <span class='ocrx_word' id='word_1_242' title='bbox 2716 1574 2928 1609; x_wconf 70' lang='grc' dir='ltr'><strong>,ιηςιιηηη</strong></span> <span class='ocrx_word' id='word_1_243' title='bbox 2952 1576 3144 1609; x_wconf 51' lang='lat' dir='ltr'><strong>“zu...</strong></span> <span class='ocrx_word' id='word_1_244' title='bbox 3178 1585 3204 1609; x_wconf 78' lang='lat'><em>.</em></span> <span class='ocrx_word' id='word_1_245' title='bbox 3232 1575 3478 1609; x_wconf 61' lang='grc' dir='ltr'><strong>ηοηεηω</strong></span> <span class='ocrx_word' id='word_1_246' title='bbox 3519 1583 3642 1609; x_wconf 63' lang='grc' dir='ltr'><strong>ειη...</strong></span> <span class='ocrx_word' id='word_1_247' title='bbox 3682 1574 3816 1609; x_wconf 65' lang='grc' dir='ltr'><em>κδ...</em></span> 
     </span>
    </p>
   </div>
   <div class='ocr_carea' id='block_1_16' title="bbox 596 1555 1971 1625">
    <p class='ocr_par' dir='ltr' id='par_1_16' title="bbox 596 1555 1971 1625">
     <span class='ocr_line' id='line_1_19' title="bbox 596 1555 1971 1625; baseline 0.002 -18"><span class='ocrx_word' id='word_1_248' title='bbox 596 1557 742 1608; x_wconf 72' lang='lat' dir='ltr'><strong>nium</strong></span> <span class='ocrx_word' id='word_1_249' title='bbox 770 1556 1083 1624; x_wconf 81' lang='lat' dir='ltr'><strong>suscepturis</strong></span> <span class='ocrx_word' id='word_1_250' title='bbox 1127 1555 1362 1625; x_wconf 81' lang='lat' dir='ltr'><strong>redditur</strong></span> <span class='ocrx_word' id='word_1_251' title='bbox 1387 1555 1523 1610; x_wconf 82' lang='lat' dir='ltr'><strong>ratio</strong></span> <span class='ocrx_word' id='word_1_252' title='bbox 1561 1569 1655 1625; x_wconf 80' lang='lat' dir='ltr'><strong>cur</strong></span> <span class='ocrx_word' id='word_1_253' title='bbox 1680 1555 1971 1625; x_wconf 72' lang='lat' dir='ltr'><strong>huiusmodi</strong></span> 
     </span>
    </p>
   </div>
   <div class='ocr_carea' id='block_1_17' title="bbox 596 1623 2117 1696">
    <p class='ocr_par' dir='ltr' id='par_1_17' title="bbox 596 1623 2117 1696">
     <span class='ocr_line' id='line_1_20' title="bbox 596 1623 2117 1696; baseline 0.001 -17"><span class='ocrx_word' id='word_1_254' title='bbox 596 1641 712 1696; x_wconf 80' lang='lat' dir='ltr'><strong>rum</strong></span> <span class='ocrx_word' id='word_1_255' title='bbox 745 1623 959 1679; x_wconf 72' lang='lat' dir='ltr'><strong>nam</strong></span> <span class='ocrx_word' id='word_1_256' title='bbox 1258 1624 1331 1680; x_wconf 85' lang='lat' dir='ltr'><strong>sit</strong></span> <span class='ocrx_word' id='word_1_257' title='bbox 1350 1623 1998 1696; x_wconf 70' lang='lat' dir='ltr'><strong>jejuuandipneceptum;</strong></span> <span class='ocrx_word' id='word_1_258' title='bbox 2032 1628 2117 1682; x_wconf 86' lang='lat' dir='ltr'><strong>iu-</strong></span> 
     </span>
    </p>
   </div>
   <div class='ocr_carea' id='block_1_18' title="bbox 597 1695 2116 1767">
    <p class='ocr_par' dir='ltr' id='par_1_18' title="bbox 597 1695 2116 1767">
     <span class='ocr_line' id='line_1_21' title="bbox 597 1695 2116 1767; baseline 0.001 -18"><span class='ocrx_word' id='word_1_259' title='bbox 597 1695 758 1767; x_wconf 68' lang='lat' dir='ltr'><strong>deque</strong></span> <span class='ocrx_word' id='word_1_260' title='bbox 785 1695 1026 1767; x_wconf 81' lang='lat' dir='ltr'><strong>cognosci</strong></span> <span class='ocrx_word' id='word_1_261' title='bbox 1046 1695 1554 1767; x_wconf 69' lang='lat' dir='ltr'><strong>ecclesiastiaelegis</strong></span> <span class='ocrx_word' id='word_1_262' title='bbox 1575 1695 1740 1766; x_wconf 87' lang='lat' dir='ltr'><strong>origo.</strong></span> <span class='ocrx_word' id='word_1_263' title='bbox 1768 1706 1819 1751; x_wconf 84' lang='lat' dir='ltr'><strong>et</strong></span> <span class='ocrx_word' id='word_1_264' title='bbox 1838 1712 1871 1751; x_wconf 85' lang='grc' dir='ltr'><em>α</em></span> <span class='ocrx_word' id='word_1_265' title='bbox 1897 1698 2116 1767; x_wconf 74' lang='lat' dir='ltr'><strong>majm-i-</strong></span> 
     </span>
    </p>
   </div>
   <div class='ocr_carea' id='block_1_19' title="bbox 599 1762 1457 1837">
    <p class='ocr_par' dir='ltr' id='par_1_19' title="bbox 599 1762 1457 1837">
     <span class='ocr_line' id='line_1_22' title="bbox 599 1762 1457 1837; baseline 0.002 -20"><span class='ocrx_word' id='word_1_266' title='bbox 599 1762 688 1819; x_wconf 79' lang='lat' dir='ltr'><strong>bus</strong></span> <span class='ocrx_word' id='word_1_267' title='bbox 708 1762 900 1819; x_wconf 74' lang='lat' dir='ltr'><strong>tradita</strong></span> <span class='ocrx_word' id='word_1_268' title='bbox 925 1762 1249 1820; x_wconf 74' lang='lat' dir='ltr'><strong>obseruantia</strong></span> <span class='ocrx_word' id='word_1_269' title='bbox 1272 1774 1457 1837; x_wconf 84' lang='lat' dir='ltr'><strong>potest.</strong></span> 
     </span>
    </p>
   </div>
   <div class='ocr_carea' id='block_1_20' title="bbox 596 1940 2117 2014">
    <p class='ocr_par' dir='ltr' id='par_1_20' title="bbox 596 1940 2117 2014">
     <span class='ocr_line' id='line_1_23' title="bbox 596 1940 2117 2014; baseline 0.001 -17"><span class='ocrx_word' id='word_1_270' title='bbox 596 1942 809 1998; x_wconf 71' lang='lat' dir='ltr'><strong>Sanctae</strong></span> <span class='ocrx_word' id='word_1_271' title='bbox 838 1940 1271 2012; x_wconf 69' lang='lat' dir='ltr'><strong>Quadragesima:</strong></span> <span class='ocrx_word' id='word_1_272' title='bbox 1308 1943 1572 1999; x_wconf 91' lang='lat' dir='ltr'><strong>rationem</strong></span> <span class='ocrx_word' id='word_1_273' title='bbox 1589 1983 1605 2011; x_wconf 93' lang='lat'><strong>,</strong></span> <span class='ocrx_word' id='word_1_274' title='bbox 1632 1942 1784 2014; x_wconf 90' lang='lat' dir='ltr'><strong>cujus</strong></span> <span class='ocrx_word' id='word_1_275' title='bbox 1810 1942 1973 2001; x_wconf 86' lang='lat' dir='ltr'><strong>hodie</strong></span> <span class='ocrx_word' id='word_1_276' title='bbox 2017 1945 2117 2000; x_wconf 92' lang='lat' dir='ltr'><strong>ini-</strong></span> 
     </span>
    </p>
   </div>
   <div class='ocr_carea' id='block_1_21' title="bbox 529 2032 2117 2104">
    <p class='ocr_par' dir='ltr' id='par_1_21' title="bbox 529 2032 2117 2104">
     <span class='ocr_line' id='line_1_24' title="bbox 529 2032 2117 2104; baseline 0.004 -19"><span class='ocrx_word' id='word_1_277' title='bbox 529 2034 659 2087; x_wconf 88' lang='lat' dir='ltr'><strong>tium</strong></span> <span class='ocrx_word' id='word_1_278' title='bbox 690 2032 1046 2097; x_wconf 88' lang='lat' dir='ltr'><strong>celehramus,</strong></span> <span class='ocrx_word' id='word_1_279' title='bbox 1082 2032 1393 2103; x_wconf 88' lang='lat' dir='ltr'><strong>frequenter</strong></span> <span class='ocrx_word' id='word_1_280' title='bbox 1438 2033 1729 2104; x_wconf 88' lang='lat' dir='ltr'><strong>edidimus,</strong></span> <span class='ocrx_word' id='word_1_281' title='bbox 1762 2042 1817 2092; x_wconf 90' lang='lat' dir='ltr'><strong>et</strong></span> <span class='ocrx_word' id='word_1_282' title='bbox 1859 2044 1886 2074; x_wconf 77' lang='grc'>⁸</span> <span class='ocrx_word' id='word_1_283' title='bbox 1914 2052 2011 2093; x_wconf 91' lang='lat' dir='ltr'><strong>cur</strong></span> <span class='ocrx_word' id='word_1_284' title='bbox 2037 2044 2117 2092; x_wconf 89' lang='lat' dir='ltr'><strong>tot</strong></span> 
     </span>
    </p>
   </div>
   <div class='ocr_carea' id='block_1_22' title="bbox 526 2120 2117 2205">
    <p class='ocr_par' dir='ltr' id='par_1_22' title="bbox 526 2120 2117 2205">
     <span class='ocr_line' id='line_1_25' title="bbox 526 2120 2117 2205; baseline 0.006 -27"><span class='ocrx_word' id='word_1_285' title='bbox 526 2120 734 2178; x_wconf 89' lang='lat' dir='ltr'><strong>dierum</strong></span> <span class='ocrx_word' id='word_1_286' title='bbox 774 2138 1001 2205; x_wconf 86' lang='lat' dir='ltr'><strong>numero</strong></span> <span class='ocrx_word' id='word_1_287' title='bbox 1034 2123 1339 2193; x_wconf 88' lang='lat' dir='ltr'><strong>jejunemus</strong></span> <span class='ocrx_word' id='word_1_288' title='bbox 1377 2141 1518 2198; x_wconf 70' lang='lat' dir='ltr'><strong>smpe</strong></span> <span class='ocrx_word' id='word_1_289' title='bbox 1545 2127 1846 2186; x_wconf 89' lang='lat' dir='ltr'><strong>docuimus.</strong></span> <span class='ocrx_word' id='word_1_290' title='bbox 1875 2128 2117 2188; x_wconf 79' lang='lat' dir='ltr'><strong>Diximus</strong></span> 
     </span>
    </p>
   </div>
   <div class='ocr_carea' id='block_1_23' title="bbox 526 2214 2133 2299">
    <p class='ocr_par' dir='ltr' id='par_1_23' title="bbox 526 2214 2133 2299">
     <span class='ocr_line' id='line_1_26' title="bbox 526 2214 2133 2299; baseline 0.006 -31"><span class='ocrx_word' id='word_1_291' title='bbox 526 2214 668 2270; x_wconf 89' lang='lat' dir='ltr'><strong>enim</strong></span> <span class='ocrx_word' id='word_1_292' title='bbox 703 2214 848 2287; x_wconf 91' lang='lat' dir='ltr'><strong>quod</strong></span> <span class='ocrx_word' id='word_1_293' title='bbox 903 2214 1161 2271; x_wconf 85' lang='lat' dir='ltr'><strong>Dominus</strong></span> <span class='ocrx_word' id='word_1_294' title='bbox 1202 2214 1357 2274; x_wconf 82' lang='lat' dir='ltr'><strong>Iesus</strong></span> <span class='ocrx_word' id='word_1_295' title='bbox 1407 2216 1652 2276; x_wconf 85' lang='lat' dir='ltr'><strong>Christus</strong></span> <span class='ocrx_word' id='word_1_296' title='bbox 1689 2220 1833 2277; x_wconf 92' lang='lat' dir='ltr'><strong>hunc</strong></span> <span class='ocrx_word' id='word_1_297' title='bbox 1868 2222 2133 2299; x_wconf 28' lang='lat' dir='ltr'><strong>eumdem.</strong></span> 
     </span>
    </p>
   </div>
   <div class='ocr_carea' id='block_1_24' title="bbox 526 2305 2118 2376">
    <p class='ocr_par' dir='ltr' id='par_1_24' title="bbox 526 2305 2118 2376">
     <span class='ocr_line' id='line_1_27' title="bbox 526 2305 2118 2376; baseline 0.006 -17"><span class='ocrx_word' id='word_1_298' title='bbox 526 2321 806 2360; x_wconf 89' lang='lat' dir='ltr'><strong>numerum</strong></span> <span class='ocrx_word' id='word_1_299' title='bbox 832 2305 1021 2375; x_wconf 88' lang='lat' dir='ltr'><strong>jejunii</strong></span> <span class='ocrx_word' id='word_1_300' title='bbox 1045 2310 1473 2376; x_wconf 78' lang='lat' dir='ltr'><strong>consecraverit,</strong></span> <span class='ocrx_word' id='word_1_301' title='bbox 1499 2320 1553 2365; x_wconf 90' lang='lat' dir='ltr'><strong>et</strong></span> <span class='ocrx_word' id='word_1_302' title='bbox 1576 2309 1902 2367; x_wconf 84' lang='lat' dir='ltr'><strong>continuatis</strong></span> <span class='ocrx_word' id='word_1_303' title='bbox 1929 2312 2118 2370; x_wconf 90' lang='lat' dir='ltr'><strong>diebus</strong></span> 
     </span>
    </p>
   </div>
   <div class='ocr_carea' id='block_1_25' title="bbox 526 2396 2117 2476">
    <p class='ocr_par' dir='ltr' id='par_1_25' title="bbox 526 2396 2117 2476">
     <span class='ocr_line' id='line_1_28' title="bbox 526 2396 2117 2476; baseline 0.008 -28"><span class='ocrx_word' id='word_1_304' title='bbox 526 2396 880 2467; x_wconf 83' lang='lat' dir='ltr'><strong>noctibusque</strong></span> <span class='ocrx_word' id='word_1_305' title='bbox 907 2414 1013 2453; x_wconf 89' lang='lat' dir='ltr'><strong>non</strong></span> <span class='ocrx_word' id='word_1_306' title='bbox 1044 2400 1264 2470; x_wconf 86' lang='lat' dir='ltr'><strong>capiens</strong></span> <span class='ocrx_word' id='word_1_307' title='bbox 1292 2399 1489 2466; x_wconf 89' lang='lat' dir='ltr'><strong>cibum,</strong></span> <span class='ocrx_word' id='word_1_308' title='bbox 1522 2418 1687 2456; x_wconf 90' lang='lat' dir='ltr'><strong>unum</strong></span> <span class='ocrx_word' id='word_1_309' title='bbox 1710 2401 1898 2472; x_wconf 88' lang='lat' dir='ltr'><strong>jejunii</strong></span> <span class='ocrx_word' id='word_1_310' title='bbox 1923 2420 2117 2476; x_wconf 80' lang='lat' dir='ltr'><strong>corpus</strong></span> 
     </span>
    </p>
   </div>
   <div class='ocr_carea' id='block_1_26' title="bbox 527 2486 2116 2567">
    <p class='ocr_par' dir='ltr' id='par_1_26' title="bbox 527 2486 2116 2567">
     <span class='ocr_line' id='line_1_29' title="bbox 527 2486 2116 2567; baseline 0.008 -26"><span class='ocrx_word' id='word_1_311' title='bbox 527 2486 784 2553; x_wconf 79' lang='lat' dir='ltr'><strong>effecerit,</strong></span> <span class='ocrx_word' id='word_1_312' title='bbox 827 2487 932 2544; x_wconf 92' lang='lat' dir='ltr'><strong>hoc</strong></span> <span class='ocrx_word' id='word_1_313' title='bbox 958 2496 1060 2555; x_wconf 91' lang='lat' dir='ltr'><strong>est,</strong></span> <span class='ocrx_word' id='word_1_314' title='bbox 1094 2489 1220 2546; x_wconf 89' lang='lat' dir='ltr'><strong>licet</strong></span> <span class='ocrx_word' id='word_1_315' title='bbox 1258 2491 1363 2546; x_wconf 90' lang='lat' dir='ltr'><strong>diei</strong></span> <span class='ocrx_word' id='word_1_316' title='bbox 1392 2492 1527 2548; x_wconf 91' lang='lat' dir='ltr'><strong>ordo</strong></span> <span class='ocrx_word' id='word_1_317' title='bbox 1562 2494 1735 2550; x_wconf 91' lang='lat' dir='ltr'><strong>noctis</strong></span> <span class='ocrx_word' id='word_1_318' title='bbox 1756 2494 2116 2567; x_wconf 86' lang='lat' dir='ltr'><strong>interrumpe—</strong></span> 
     </span>
    </p>
   </div>
   <div class='ocr_carea' id='block_1_27' title="bbox 529 2574 2114 2657">
    <p class='ocr_par' dir='ltr' id='par_1_27' title="bbox 529 2574 2114 2657">
     <span class='ocr_line' id='line_1_30' title="bbox 529 2574 2114 2657; baseline 0.009 -29"><span class='ocrx_word' id='word_1_319' title='bbox 529 2584 677 2630; x_wconf 90' lang='lat' dir='ltr'><strong>retur</strong></span> <span class='ocrx_word' id='word_1_320' title='bbox 704 2574 956 2641; x_wconf 89' lang='lat' dir='ltr'><strong>adventu,</strong></span> <span class='ocrx_word' id='word_1_321' title='bbox 988 2594 1093 2632; x_wconf 93' lang='lat' dir='ltr'><strong>non</strong></span> <span class='ocrx_word' id='word_1_322' title='bbox 1124 2587 1303 2635; x_wconf 89' lang='lat' dir='ltr'><strong>tamen</strong></span> <span class='ocrx_word' id='word_1_323' title='bbox 1333 2581 1664 2654; x_wconf 90' lang='lat' dir='ltr'><strong>interruptus</strong></span> <span class='ocrx_word' id='word_1_324' title='bbox 1693 2592 1776 2639; x_wconf 90' lang='lat' dir='ltr'><strong>est</strong></span> <span class='ocrx_word' id='word_1_325' title='bbox 1800 2584 1933 2640; x_wconf 90' lang='lat' dir='ltr'><strong>ordo</strong></span> <span class='ocrx_word' id='word_1_326' title='bbox 1970 2585 2114 2657; x_wconf 84' lang='lat' dir='ltr'><strong>jeju-</strong></span> 
     </span>
    </p>
   </div>
   <div class='ocr_carea' id='block_1_28' title="bbox 527 2662 2114 2743">
    <p class='ocr_par' dir='ltr' id='par_1_28' title="bbox 527 2662 2114 2743">
     <span class='ocr_line' id='line_1_31' title="bbox 527 2662 2114 2743; baseline 0.008 -25"><span class='ocrx_word' id='word_1_327' title='bbox 527 2665 617 2720; x_wconf 89' lang='lat' dir='ltr'><strong>nii.</strong></span> <span class='ocrx_word' id='word_1_328' title='bbox 650 2662 801 2720; x_wconf 86' lang='lat' dir='ltr'><strong>Unde</strong></span> <span class='ocrx_word' id='word_1_329' title='bbox 831 2675 986 2720; x_wconf 91' lang='lat' dir='ltr'><strong>erant</strong></span> <span class='ocrx_word' id='word_1_330' title='bbox 1015 2667 1157 2738; x_wconf 90' lang='lat' dir='ltr'><strong>apud</strong></span> <span class='ocrx_word' id='word_1_331' title='bbox 1198 2685 1320 2723; x_wconf 88' lang='lat' dir='ltr'><strong>eum</strong></span> <span class='ocrx_word' id='word_1_332' title='bbox 1351 2670 1578 2741; x_wconf 88' lang='lat' dir='ltr'><strong>plurima</strong></span> <span class='ocrx_word' id='word_1_333' title='bbox 1610 2680 1911 2743; x_wconf 85' lang='lat' dir='ltr'><strong>temporum</strong></span> <span class='ocrx_word' id='word_1_334' title='bbox 1940 2677 2114 2731; x_wconf 90' lang='lat' dir='ltr'><strong>curri-</strong></span> 
     </span>
    </p>
   </div>
   <div class='ocr_carea' id='block_1_29' title="bbox 525 2757 2115 2831">
    <p class='ocr_par' dir='ltr' id='par_1_29' title="bbox 525 2757 2115 2831">
     <span class='ocr_line' id='line_1_32' title="bbox 525 2757 2115 2831; baseline 0.008 -19"><span class='ocrx_word' id='word_1_335' title='bbox 525 2758 665 2825; x_wconf 87' lang='lat' dir='ltr'><strong>cula,</strong></span> <span class='ocrx_word' id='word_1_336' title='bbox 699 2757 791 2814; x_wconf 87' lang='lat' dir='ltr'><strong>sed</strong></span> <span class='ocrx_word' id='word_1_337' title='bbox 837 2759 1175 2817; x_wconf 69' lang='lat' dir='ltr'><strong>abstinentia:</strong></span> <span class='ocrx_word' id='word_1_338' title='bbox 1212 2761 1327 2819; x_wconf 89' lang='lat' dir='ltr'><strong>dies</strong></span> <span class='ocrx_word' id='word_1_339' title='bbox 1374 2780 1504 2831; x_wconf 88' lang='lat' dir='ltr'><strong>una,</strong></span> <span class='ocrx_word' id='word_1_340' title='bbox 1544 2765 1832 2822; x_wconf 89' lang='lat' dir='ltr'><strong>ostendens</strong></span> <span class='ocrx_word' id='word_1_341' title='bbox 1857 2767 2010 2823; x_wconf 89' lang='lat' dir='ltr'><strong>nobis</strong></span> <span class='ocrx_word' id='word_1_342' title='bbox 2038 2769 2115 2824; x_wconf 89' lang='lat' dir='ltr'><strong>ita</strong></span> 
     </span>
    </p>
   </div>
   <div class='ocr_carea' id='block_1_30' title="bbox 2212 1566 3817 1651">
    <p class='ocr_par' dir='ltr' id='par_1_30' title="bbox 2212 1566 3817 1651">
     <span class='ocr_line' id='line_1_33' title="bbox 2212 1566 3817 1651; baseline -0.001 -18"><span class='ocrx_word' id='word_1_343' title='bbox 2212 1566 2493 1648; x_wconf 72' lang='lat' dir='ltr'><strong>jéjunavit.</strong></span> <span class='ocrx_word' id='word_1_344' title='bbox 2525 1573 2696 1633; x_wconf 88' lang='lat' dir='ltr'><strong>Pedes</strong></span> <span class='ocrx_word' id='word_1_345' title='bbox 2715 1574 2931 1648; x_wconf 88' lang='lat' dir='ltr'><strong>quidam</strong></span> <span class='ocrx_word' id='word_1_346' title='bbox 2951 1576 3144 1631; x_wconf 63' lang='lat' dir='ltr'><strong>animae</strong></span> <span class='ocrx_word' id='word_1_347' title='bbox 3178 1585 3204 1614; x_wconf 76' lang='grc' dir='ltr'><strong><em>ο</em></strong></span> <span class='ocrx_word' id='word_1_348' title='bbox 3232 1575 3481 1651; x_wconf 87' lang='lat' dir='ltr'><strong>pernices</strong></span> <span class='ocrx_word' id='word_1_349' title='bbox 3519 1583 3648 1630; x_wconf 88' lang='lat' dir='ltr'><strong>sunt</strong></span> <span class='ocrx_word' id='word_1_350' title='bbox 3682 1574 3817 1632; x_wconf 81' lang='lat' dir='ltr'><strong>ﬁdes</strong></span> 
     </span>
    </p>
   </div>
   <div class='ocr_carea' id='block_1_31' title="bbox 2217 1665 3816 1740">
    <p class='ocr_par' dir='ltr' id='par_1_31' title="bbox 2217 1665 3816 1740">
     <span class='ocr_line' id='line_1_34' title="bbox 2217 1665 3816 1740; baseline -0.002 -16"><span class='ocrx_word' id='word_1_351' title='bbox 2217 1676 2381 1740; x_wconf 85' lang='lat' dir='ltr'><strong>atque</strong></span> <span class='ocrx_word' id='word_1_352' title='bbox 2398 1668 2695 1739; x_wconf 89' lang='lat' dir='ltr'><strong>jejunium:</strong></span> <span class='ocrx_word' id='word_1_353' title='bbox 2727 1668 2819 1737; x_wconf 87' lang='lat' dir='ltr'><strong>qui</strong></span> <span class='ocrx_word' id='word_1_354' title='bbox 2846 1666 2955 1723; x_wconf 91' lang='lat' dir='ltr'><strong>cito</strong></span> <span class='ocrx_word' id='word_1_355' title='bbox 2970 1666 3039 1722; x_wconf 90' lang='lat' dir='ltr'><strong>de</strong></span> <span class='ocrx_word' id='word_1_356' title='bbox 3065 1666 3356 1723; x_wconf 90' lang='lat' dir='ltr'><strong>humilibus</strong></span> <span class='ocrx_word' id='word_1_357' title='bbox 3376 1665 3443 1721; x_wconf 80' lang='lat' dir='ltr'><strong>ad</strong></span> <span class='ocrx_word' id='word_1_358' title='bbox 3463 1665 3656 1721; x_wconf 88' lang='lat' dir='ltr'><strong>altiora</strong></span> <span class='ocrx_word' id='word_1_359' title='bbox 3679 1680 3816 1721; x_wconf 89' lang='lat' dir='ltr'><strong>con-</strong></span> 
     </span>
    </p>
   </div>
   <div class='ocr_carea' id='block_1_32' title="bbox 2134 1755 3818 1826">
    <p class='ocr_par' dir='ltr' id='par_1_32' title="bbox 2134 1755 3818 1826">
     <span class='ocr_line' id='line_1_35' title="bbox 2134 1755 3818 1826; baseline -0.002 -10"><span class='ocrx_word' id='word_1_360' title='bbox 2134 1768 2137 1773; x_wconf 76' lang='grc'><em>’</em></span> <span class='ocrx_word' id='word_1_361' title='bbox 2217 1759 2505 1826; x_wconf 83' lang='lat' dir='ltr'><strong>secndum,</strong></span> <span class='ocrx_word' id='word_1_362' title='bbox 2541 1760 2651 1816; x_wconf 88' lang='lat' dir='ltr'><strong>cito</strong></span> <span class='ocrx_word' id='word_1_363' title='bbox 2676 1759 2745 1814; x_wconf 91' lang='lat' dir='ltr'><strong>de</strong></span> <span class='ocrx_word' id='word_1_364' title='bbox 2771 1758 3001 1814; x_wconf 89' lang='lat' dir='ltr'><strong>terrenis</strong></span> <span class='ocrx_word' id='word_1_365' title='bbox 3022 1756 3090 1811; x_wconf 91' lang='lat' dir='ltr'><strong>ad</strong></span> <span class='ocrx_word' id='word_1_366' title='bbox 3110 1757 3349 1813; x_wconf 73' lang='lat' dir='ltr'><strong>cmlestia</strong></span> <span class='ocrx_word' id='word_1_367' title='bbox 3370 1756 3709 1825; x_wconf 83' lang='lat' dir='ltr'><strong>gradiuntur.</strong></span> <span class='ocrx_word' id='word_1_368' title='bbox 3738 1755 3818 1813; x_wconf 84' lang='lat' dir='ltr'><strong>De</strong></span> 
     </span>
    </p>
   </div>
   <div class='ocr_carea' id='block_1_33' title="bbox 2216 1845 3819 1921">
    <p class='ocr_par' dir='ltr' id='par_1_33' title="bbox 2216 1845 3819 1921">
     <span class='ocr_line' id='line_1_36' title="bbox 2216 1845 3819 1921; baseline -0.003 -14"><span class='ocrx_word' id='word_1_369' title='bbox 2216 1851 2303 1907; x_wconf 88' lang='lat' dir='ltr'><strong>his</strong></span> <span class='ocrx_word' id='word_1_370' title='bbox 2339 1850 2570 1921; x_wconf 88' lang='lat' dir='ltr'><strong>pedibus</strong></span> <span class='ocrx_word' id='word_1_371' title='bbox 2601 1849 2620 1889; x_wconf 67' lang='grc' dir='ltr'><strong>ί</strong></span> <span class='ocrx_word' id='word_1_372' title='bbox 2651 1849 2782 1906; x_wconf 91' lang='lat' dir='ltr'><strong>dicit</strong></span> <span class='ocrx_word' id='word_1_373' title='bbox 2810 1848 3101 1920; x_wconf 78' lang='lat' dir='ltr'><strong>Apostolus</strong></span> <span class='ocrx_word' id='word_1_374' title='bbox 3138 1865 3152 1902; x_wconf 89' lang='lat'><strong>:</strong></span> <span class='ocrx_word' id='word_1_375' title='bbox 3201 1845 3370 1912; x_wconf 75' lang='lat' dir='ltr'><strong>Quam</strong></span> <span class='ocrx_word' id='word_1_376' title='bbox 3397 1848 3614 1919; x_wconf 83' lang='lat' dir='ltr'><strong>speciosi</strong></span> <span class='ocrx_word' id='word_1_377' title='bbox 3661 1846 3819 1918; x_wconf 78' lang='lat' dir='ltr'><strong>pedes</strong></span> 
     </span>
    </p>
   </div>
   <div class='ocr_carea' id='block_1_34' title="bbox 2215 1938 3818 2015">
    <p class='ocr_par' dir='ltr' id='par_1_34' title="bbox 2215 1938 3818 2015">
     <span class='ocr_line' id='line_1_37' title="bbox 2215 1938 3818 2015; baseline -0.001 -18"><span class='ocrx_word' id='word_1_378' title='bbox 2215 1942 2680 2015; x_wconf 68' lang='lat' dir='ltr'><strong>euangelizandum</strong></span> <span class='ocrx_word' id='word_1_379' title='bbox 2699 1941 2834 1997; x_wconf 86' lang='lat' dir='ltr'><strong>bona</strong></span> <span class='ocrx_word' id='word_1_380' title='bbox 2857 1939 3033 2009; x_wconf 82' lang='lat' dir='ltr'><strong>(Rom.</strong></span> <span class='ocrx_word' id='word_1_381' title='bbox 3063 1939 3142 2014; x_wconf 73' lang='grc' dir='ltr'><strong>ι).</strong></span> <span class='ocrx_word' id='word_1_382' title='bbox 3170 1938 3283 1997; x_wconf 77' lang='lat' dir='ltr'><strong>llos</strong></span> <span class='ocrx_word' id='word_1_383' title='bbox 3304 1938 3469 2011; x_wconf 89' lang='lat' dir='ltr'><strong>pedes</strong></span> <span class='ocrx_word' id='word_1_384' title='bbox 3488 1939 3655 1994; x_wconf 85' lang='lat' dir='ltr'><strong>lavari</strong></span> <span class='ocrx_word' id='word_1_385' title='bbox 3678 1955 3818 2011; x_wconf 69' lang='lat' dir='ltr'><strong>prte-</strong></span> 
     </span>
    </p>
   </div>
   <div class='ocr_carea' id='block_1_35' title="bbox 2216 2030 3817 2109">
    <p class='ocr_par' dir='ltr' id='par_1_35' title="bbox 2216 2030 3817 2109">
     <span class='ocr_line' id='line_1_38' title="bbox 2216 2030 3817 2109; baseline -0.002 -19"><span class='ocrx_word' id='word_1_386' title='bbox 2216 2035 2362 2104; x_wconf 91' lang='lat' dir='ltr'><strong>cepit</strong></span> <span class='ocrx_word' id='word_1_387' title='bbox 2383 2032 2828 2109; x_wconf 85' lang='lat' dir='ltr'><strong>Dominus,_sieut</strong></span> <span class='ocrx_word' id='word_1_388' title='bbox 2848 2031 3137 2102; x_wconf 80' lang='lat' dir='ltr'><strong>Apostolus</strong></span> <span class='ocrx_word' id='word_1_389' title='bbox 3164 2031 3240 2086; x_wconf 89' lang='lat' dir='ltr'><strong>ait</strong></span> <span class='ocrx_word' id='word_1_390' title='bbox 3266 2031 3334 2086; x_wconf 90' lang='lat' dir='ltr'><strong>de</strong></span> <span class='ocrx_word' id='word_1_391' title='bbox 3359 2030 3516 2086; x_wconf 85' lang='lat' dir='ltr'><strong>vidua</strong></span> <span class='ocrx_word' id='word_1_392' title='bbox 3547 2048 3561 2085; x_wconf 91' lang='lat'><strong>:</strong></span> <span class='ocrx_word' id='word_1_393' title='bbox 3596 2030 3660 2086; x_wconf 80' lang='lat' dir='ltr'><strong>Si</strong></span> <span class='ocrx_word' id='word_1_394' title='bbox 3692 2047 3817 2086; x_wconf 81' lang='lat' dir='ltr'><strong>san-</strong></span> 
     </span>
    </p>
   </div>
   <div class='ocr_carea' id='block_1_36' title="bbox 2216 2122 3816 2197">
    <p class='ocr_par' dir='ltr' id='par_1_36' title="bbox 2216 2122 3816 2197">
     <span class='ocr_line' id='line_1_39' title="bbox 2216 2122 3816 2197; baseline 0.001 -20"><span class='ocrx_word' id='word_1_395' title='bbox 2216 2133 2415 2179; x_wconf 85' lang='lat' dir='ltr'><strong>ctorum</strong></span> <span class='ocrx_word' id='word_1_396' title='bbox 2457 2123 2611 2197; x_wconf 86' lang='lat' dir='ltr'><strong>pedes</strong></span> <span class='ocrx_word' id='word_1_397' title='bbox 2639 2124 2761 2179; x_wconf 76' lang='lat' dir='ltr'><strong>lavit</strong></span> <span class='ocrx_word' id='word_1_398' title='bbox 2793 2122 2866 2193; x_wconf 90' lang='grc' dir='ltr'><strong>(Ι</strong></span> <span class='ocrx_word' id='word_1_399' title='bbox 2889 2122 3021 2178; x_wconf 85' lang='lat' dir='ltr'><strong>Tim.</strong></span> <span class='ocrx_word' id='word_1_400' title='bbox 3050 2123 3171 2193; x_wconf 80' lang='lat' dir='ltr'><strong>ili).</strong></span> <span class='ocrx_word' id='word_1_401' title='bbox 3215 2122 3371 2192; x_wconf 80' lang='lat' dir='ltr'><strong>Digni</strong></span> <span class='ocrx_word' id='word_1_402' title='bbox 3416 2122 3558 2178; x_wconf 91' lang='lat' dir='ltr'><strong>enim</strong></span> <span class='ocrx_word' id='word_1_403' title='bbox 3606 2124 3816 2179; x_wconf 88' lang='lat' dir='ltr'><strong>honore</strong></span> 
     </span>
    </p>
   </div>
   <div class='ocr_carea' id='block_1_37' title="bbox 2216 2214 3816 2287">
    <p class='ocr_par' dir='ltr' id='par_1_37' title="bbox 2216 2214 3816 2287">
     <span class='ocr_line' id='line_1_40' title="bbox 2216 2214 3816 2287; baseline 0 -17"><span class='ocrx_word' id='word_1_404' title='bbox 2216 2215 2699 2285; x_wconf 85' lang='lat' dir='ltr'><strong>evangelizantium</strong></span> <span class='ocrx_word' id='word_1_405' title='bbox 2727 2231 2918 2287; x_wconf 90' lang='lat' dir='ltr'><strong>pacem</strong></span> <span class='ocrx_word' id='word_1_406' title='bbox 2965 2214 3132 2286; x_wconf 91' lang='lat' dir='ltr'><strong>pedes</strong></span> <span class='ocrx_word' id='word_1_407' title='bbox 3172 2223 3329 2278; x_wconf 91' lang='lat' dir='ltr'><strong>sunt;</strong></span> <span class='ocrx_word' id='word_1_408' title='bbox 3373 2214 3465 2284; x_wconf 91' lang='lat' dir='ltr'><strong>qui</strong></span> <span class='ocrx_word' id='word_1_409' title='bbox 3509 2215 3816 2285; x_wconf 88' lang='lat' dir='ltr'><strong>spirituales</strong></span> 
     </span>
    </p>
   </div>
   <div class='ocr_carea' id='block_1_38' title="bbox 2217 2305 3808 2377">
    <p class='ocr_par' dir='ltr' id='par_1_38' title="bbox 2217 2305 3808 2377">
     <span class='ocr_line' id='line_1_41' title="bbox 2217 2305 3808 2377; baseline 0.001 -18"><span class='ocrx_word' id='word_1_410' title='bbox 2217 2320 2282 2361; x_wconf 91' lang='lat' dir='ltr'><strong>ac</strong></span> <span class='ocrx_word' id='word_1_411' title='bbox 2313 2306 2465 2361; x_wconf 91' lang='lat' dir='ltr'><strong>nitidi</strong></span> <span class='ocrx_word' id='word_1_412' title='bbox 2488 2306 2749 2362; x_wconf 32' lang='lat' dir='ltr'><strong>doctrina,</strong></span> <span class='ocrx_word' id='word_1_413' title='bbox 2774 2321 2935 2377; x_wconf 88' lang='lat' dir='ltr'><strong>super</strong></span> <span class='ocrx_word' id='word_1_414' title='bbox 2970 2305 3248 2361; x_wconf 90' lang='lat' dir='ltr'><strong>hominum</strong></span> <span class='ocrx_word' id='word_1_415' title='bbox 3275 2306 3438 2361; x_wconf 89' lang='lat' dir='ltr'><strong>corda</strong></span> <span class='ocrx_word' id='word_1_416' title='bbox 3469 2306 3808 2374; x_wconf 83' lang='lat' dir='ltr'><strong>gradiuntur.</strong></span> 
     </span>
    </p>
   </div>
   <div class='ocr_carea' id='block_1_39' title="bbox 2217 2394 3814 2466">
    <p class='ocr_par' dir='ltr' id='par_1_39' title="bbox 2217 2394 3814 2466">
     <span class='ocr_line' id='line_1_42' title="bbox 2217 2394 3814 2466; baseline 0.001 -15"><span class='ocrx_word' id='word_1_417' title='bbox 2217 2394 2580 2466; x_wconf 79' lang='lat' dir='ltr'><strong>Quadraginta</strong></span> <span class='ocrx_word' id='word_1_418' title='bbox 2609 2396 2771 2452; x_wconf 89' lang='lat' dir='ltr'><strong>etiam</strong></span> <span class='ocrx_word' id='word_1_419' title='bbox 2794 2404 2850 2452; x_wconf 91' lang='lat' dir='ltr'><strong>et</strong></span> <span class='ocrx_word' id='word_1_420' title='bbox 2875 2397 3105 2451; x_wconf 91' lang='lat' dir='ltr'><strong>duorum</strong></span> <span class='ocrx_word' id='word_1_421' title='bbox 3132 2396 3343 2451; x_wconf 89' lang='lat' dir='ltr'><strong>dierum</strong></span> <span class='ocrx_word' id='word_1_422' title='bbox 3386 2400 3611 2452; x_wconf 83' lang='lat' dir='ltr'><strong>numero</strong></span> <span class='ocrx_word' id='word_1_423' title='bbox 3651 2396 3814 2453; x_wconf 86' lang='lat' dir='ltr'><strong>lsrael</strong></span> 
     </span>
    </p>
   </div>
   <div class='ocr_carea' id='block_1_40' title="bbox 2218 2486 3813 2561">
    <p class='ocr_par' dir='ltr' id='par_1_40' title="bbox 2218 2486 3813 2561">
     <span class='ocr_line' id='line_1_43' title="bbox 2218 2486 3813 2561; baseline 0.001 -19"><span class='ocrx_word' id='word_1_424' title='bbox 2218 2489 2448 2560; x_wconf 91' lang='lat' dir='ltr'><strong>populus</strong></span> <span class='ocrx_word' id='word_1_425' title='bbox 2475 2490 2721 2561; x_wconf 78' lang='lat' dir='ltr'><strong>pervenit</strong></span> <span class='ocrx_word' id='word_1_426' title='bbox 2769 2488 2838 2544; x_wconf 89' lang='lat' dir='ltr'><strong>ad</strong></span> <span class='ocrx_word' id='word_1_427' title='bbox 2865 2488 3067 2544; x_wconf 83' lang='lat' dir='ltr'><strong>ﬂuenta</strong></span> <span class='ocrx_word' id='word_1_428' title='bbox 3102 2486 3385 2555; x_wconf 74' lang='lat' dir='ltr'><strong>Iordanis;</strong></span> <span class='ocrx_word' id='word_1_429' title='bbox 3441 2499 3469 2537; x_wconf 71' lang='grc' dir='ltr'><strong><em>ε</em></strong></span> <span class='ocrx_word' id='word_1_430' title='bbox 3513 2489 3813 2561; x_wconf 86' lang='lat' dir='ltr'><strong>eodemque</strong></span> 
     </span>
    </p>
   </div>
   <div class='ocr_carea' id='block_1_41' title="bbox 2216 2579 3814 2650">
    <p class='ocr_par' dir='ltr' id='par_1_41' title="bbox 2216 2579 3814 2650">
     <span class='ocr_line' id='line_1_44' title="bbox 2216 2579 3814 2650; baseline 0.002 -16"><span class='ocrx_word' id='word_1_431' title='bbox 2216 2580 2425 2635; x_wconf 89' lang='lat' dir='ltr'><strong>dierum</strong></span> <span class='ocrx_word' id='word_1_432' title='bbox 2441 2581 2645 2637; x_wconf 84' lang='lat' dir='ltr'><strong>circulo</strong></span> <span class='ocrx_word' id='word_1_433' title='bbox 2665 2580 2999 2637; x_wconf 89' lang='lat' dir='ltr'><strong>Christianus</strong></span> <span class='ocrx_word' id='word_1_434' title='bbox 3020 2580 3249 2650; x_wconf 87' lang='lat' dir='ltr'><strong>populus</strong></span> <span class='ocrx_word' id='word_1_435' title='bbox 3269 2579 3513 2650; x_wconf 80' lang='lat' dir='ltr'><strong>pervenit</strong></span> <span class='ocrx_word' id='word_1_436' title='bbox 3532 2580 3596 2634; x_wconf 86' lang='lat' dir='ltr'><strong>ad</strong></span> <span class='ocrx_word' id='word_1_437' title='bbox 3611 2581 3814 2637; x_wconf 79' lang='lat' dir='ltr'><strong>ﬂuenta</strong></span> 
     </span>
    </p>
   </div>
   <div class='ocr_carea' id='block_1_42' title="bbox 2216 2669 3815 2743">
    <p class='ocr_par' dir='ltr' id='par_1_42' title="bbox 2216 2669 3815 2743">
     <span class='ocr_line' id='line_1_45' title="bbox 2216 2669 3815 2743; baseline 0.001 -17"><span class='ocrx_word' id='word_1_438' title='bbox 2216 2671 2574 2743; x_wconf 87' lang='lat' dir='ltr'><strong>baptismatis.</strong></span> <span class='ocrx_word' id='word_1_439' title='bbox 2608 2670 2676 2727; x_wconf 85' lang='lat' dir='ltr'><strong>Et</strong></span> <span class='ocrx_word' id='word_1_440' title='bbox 2703 2672 2840 2727; x_wconf 90' lang='lat' dir='ltr'><strong>sicut</strong></span> <span class='ocrx_word' id='word_1_441' title='bbox 2867 2673 2945 2725; x_wconf 86' lang='lat' dir='ltr'><strong>ait</strong></span> <span class='ocrx_word' id='word_1_442' title='bbox 2976 2671 3237 2743; x_wconf 86' lang='lat' dir='ltr'><strong>propheta</strong></span> <span class='ocrx_word' id='word_1_443' title='bbox 3270 2689 3283 2723; x_wconf 89' lang='lat'><strong>:</strong></span> <span class='ocrx_word' id='word_1_444' title='bbox 3312 2669 3568 2726; x_wconf 77' lang='lat' dir='ltr'><strong>Iordanis</strong></span> <span class='ocrx_word' id='word_1_445' title='bbox 3595 2688 3815 2727; x_wconf 75' lang='lat' dir='ltr'><strong>conver-</strong></span> 
     </span>
    </p>
   </div>
   <div class='ocr_carea' id='block_1_43' title="bbox 2216 2748 3814 2837">
    <p class='ocr_par' dir='ltr' id='par_1_43' title="bbox 2216 2748 3814 2837">
     <span class='ocr_line' id='line_1_46' title="bbox 2216 2748 3814 2837; baseline 0 -18"><span class='ocrx_word' id='word_1_446' title='bbox 2216 2748 2304 2819; x_wconf 80' lang='lat' dir='ltr'><strong>sus</strong></span> <span class='ocrx_word' id='word_1_447' title='bbox 2346 2774 2423 2821; x_wconf 91' lang='lat' dir='ltr'><strong>est</strong></span> <span class='ocrx_word' id='word_1_448' title='bbox 2468 2774 2747 2820; x_wconf 80' lang='lat' dir='ltr'><strong>retrorsum</strong></span> <span class='ocrx_word' id='word_1_449' title='bbox 2779 2764 2953 2837; x_wconf 83' lang='lat' dir='ltr'><strong>(Psal.</strong></span> <span class='ocrx_word' id='word_1_450' title='bbox 2996 2763 3173 2834; x_wconf 81' lang='lat' dir='ltr'><strong>exui);</strong></span> <span class='ocrx_word' id='word_1_451' title='bbox 3199 2760 3227 2801; x_wconf 70' lang='grc' dir='ltr'>δ</span> <span class='ocrx_word' id='word_1_452' title='bbox 3261 2763 3369 2819; x_wconf 90' lang='lat' dir='ltr'><strong>illic</strong></span> <span class='ocrx_word' id='word_1_453' title='bbox 3397 2764 3706 2820; x_wconf 90' lang='lat' dir='ltr'><strong>introeunte</strong></span> <span class='ocrx_word' id='word_1_454' title='bbox 3733 2764 3814 2819; x_wconf 84' lang='lat' dir='ltr'><strong>Is-</strong></span> 
     </span>
    </p>
   </div>
   <div class='ocr_carea' id='block_1_44' title="bbox 526 2848 3812 2932">
    <p class='ocr_par' dir='ltr' id='par_1_44' title="bbox 526 2848 3812 2932">
     <span class='ocr_line' id='line_1_47' title="bbox 526 2848 3812 2932; baseline 0.002 -27"><span class='ocrx_word' id='word_1_455' title='bbox 526 2867 625 2907; x_wconf 87' lang='lat' dir='ltr'><strong>nos</strong></span> <span class='ocrx_word' id='word_1_456' title='bbox 645 2848 785 2907; x_wconf 87' lang='lat' dir='ltr'><strong>hunc</strong></span> <span class='ocrx_word' id='word_1_457' title='bbox 807 2869 1086 2909; x_wconf 90' lang='lat' dir='ltr'><strong>numerum</strong></span> <span class='ocrx_word' id='word_1_458' title='bbox 1110 2855 1374 2925; x_wconf 87' lang='lat' dir='ltr'><strong>integrum</strong></span> <span class='ocrx_word' id='word_1_459' title='bbox 1393 2855 1638 2926; x_wconf 88' lang='lat' dir='ltr'><strong>jejunare</strong></span> <span class='ocrx_word' id='word_1_460' title='bbox 1659 2859 1880 2927; x_wconf 89' lang='lat' dir='ltr'><strong>debere,</strong></span> <span class='ocrx_word' id='word_1_461' title='bbox 1913 2871 1971 2916; x_wconf 91' lang='lat' dir='ltr'><strong>ut</strong></span> <span class='ocrx_word' id='word_1_462' title='bbox 1989 2864 2115 2932; x_wconf 85' lang='lat' dir='ltr'><strong>quia</strong></span> <span class='ocrx_word' id='word_1_463' title='bbox 2149 2868 2190 2925; x_wconf 81' lang='grc' dir='ltr'><strong><em>Β</em></strong></span> <span class='ocrx_word' id='word_1_464' title='bbox 2218 2858 2405 2914; x_wconf 82' lang='lat' dir='ltr'><strong>raelita</strong></span> <span class='ocrx_word' id='word_1_465' title='bbox 2430 2858 2482 2913; x_wconf 89' lang='lat' dir='ltr'><strong>in</strong></span> <span class='ocrx_word' id='word_1_466' title='bbox 2510 2872 2703 2929; x_wconf 89' lang='lat' dir='ltr'><strong>aquam</strong></span> <span class='ocrx_word' id='word_1_467' title='bbox 2729 2855 2960 2913; x_wconf 83' lang='lat' dir='ltr'><strong>ﬂuminis</strong></span> <span class='ocrx_word' id='word_1_468' title='bbox 2986 2856 3125 2912; x_wconf 89' lang='lat' dir='ltr'><strong>unda</strong></span> <span class='ocrx_word' id='word_1_469' title='bbox 3154 2855 3472 2927; x_wconf 75' lang='lat' dir='ltr'><strong>superfugit,</strong></span> <span class='ocrx_word' id='word_1_470' title='bbox 3488 2856 3576 2911; x_wconf 90' lang='lat' dir='ltr'><strong>hic</strong></span> <span class='ocrx_word' id='word_1_471' title='bbox 3594 2856 3812 2911; x_wconf 86' lang='lat' dir='ltr'><strong>descen-</strong></span> 
     </span>
    </p>
   </div>
   <div class='ocr_carea' id='block_1_45' title="bbox 526 2940 2114 3022">
    <p class='ocr_par' dir='ltr' id='par_1_45' title="bbox 526 2940 2114 3022">
     <span class='ocr_line' id='line_1_48' title="bbox 526 2940 2114 3022; baseline 0.008 -23"><span class='ocrx_word' id='word_1_472' title='bbox 526 2949 694 2999; x_wconf 86' lang='lat' dir='ltr'><strong>totam</strong></span> <span class='ocrx_word' id='word_1_473' title='bbox 724 2940 1196 3013; x_wconf 85' lang='lat' dir='ltr'><strong>Quadragesimam</strong></span> <span class='ocrx_word' id='word_1_474' title='bbox 1234 2948 1515 3019; x_wconf 86' lang='lat' dir='ltr'><strong>complecti</strong></span> <span class='ocrx_word' id='word_1_475' title='bbox 1566 2966 1671 3004; x_wconf 93' lang='lat' dir='ltr'><strong>non</strong></span> <span class='ocrx_word' id='word_1_476' title='bbox 1712 2967 1994 3022; x_wconf 85' lang='lat' dir='ltr'><strong>possumus</strong></span> <span class='ocrx_word' id='word_1_477' title='bbox 2021 2972 2114 3011; x_wconf 86' lang='lat' dir='ltr'><strong>so—</strong></span> 
     </span>
    </p>
   </div>
   <div class='ocr_carea' id='block_1_46' title="bbox 526 3028 2116 3107">
    <p class='ocr_par' dir='ltr' id='par_1_46' title="bbox 526 3028 2116 3107">
     <span class='ocr_line' id='line_1_49' title="bbox 526 3028 2116 3107; baseline 0.011 -22"><span class='ocrx_word' id='word_1_478' title='bbox 526 3028 657 3097; x_wconf 87' lang='lat' dir='ltr'><strong>lido,</strong></span> <span class='ocrx_word' id='word_1_479' title='bbox 686 3041 741 3087; x_wconf 86' lang='lat' dir='ltr'><strong>et</strong></span> <span class='ocrx_word' id='word_1_480' title='bbox 770 3049 876 3087; x_wconf 91' lang='lat' dir='ltr'><strong>uno</strong></span> <span class='ocrx_word' id='word_1_481' title='bbox 891 3033 1120 3103; x_wconf 78' lang='lat' dir='ltr'><strong>jejunio,</strong></span> <span class='ocrx_word' id='word_1_482' title='bbox 1152 3036 1237 3092; x_wconf 88' lang='lat' dir='ltr'><strong>vel</strong></span> <span class='ocrx_word' id='word_1_483' title='bbox 1266 3039 1591 3107; x_wconf 88' lang='lat' dir='ltr'><strong>quotidianis</strong></span> <span class='ocrx_word' id='word_1_484' title='bbox 1618 3042 1860 3098; x_wconf 88' lang='lat' dir='ltr'><strong>eamdem</strong></span> <span class='ocrx_word' id='word_1_485' title='bbox 1890 3045 2006 3101; x_wconf 88' lang='lat' dir='ltr'><strong>sine</strong></span> <span class='ocrx_word' id='word_1_486' title='bbox 2034 3048 2116 3101; x_wconf 88' lang='lat' dir='ltr'><strong>in-</strong></span> 
     </span>
    </p>
   </div>
   <div class='ocr_carea' id='block_1_47' title="bbox 526 3122 2114 3207">
    <p class='ocr_par' dir='ltr' id='par_1_47' title="bbox 526 3122 2114 3207">
     <span class='ocr_line' id='line_1_50' title="bbox 526 3122 2114 3207; baseline 0.013 -34"><span class='ocrx_word' id='word_1_487' title='bbox 526 3122 865 3178; x_wconf 88' lang='lat' dir='ltr'><strong>termissione</strong></span> <span class='ocrx_word' id='word_1_488' title='bbox 903 3123 1123 3194; x_wconf 89' lang='lat' dir='ltr'><strong>jejuniis</strong></span> <span class='ocrx_word' id='word_1_489' title='bbox 1168 3128 1546 3185; x_wconf 90' lang='lat' dir='ltr'><strong>celebremus:</strong></span> <span class='ocrx_word' id='word_1_490' title='bbox 1581 3132 1607 3170; x_wconf 71' lang='grc' dir='ltr'>ιι</span> <span class='ocrx_word' id='word_1_491' title='bbox 1638 3141 1696 3187; x_wconf 92' lang='lat' dir='ltr'><strong>ut</strong></span> <span class='ocrx_word' id='word_1_492' title='bbox 1739 3134 1785 3189; x_wconf 90' lang='lat' dir='ltr'><strong>si</strong></span> <span class='ocrx_word' id='word_1_493' title='bbox 1832 3138 2114 3207; x_wconf 87' lang='lat' dir='ltr'><strong>quisquam</strong></span> 
     </span>
    </p>
   </div>
   <div class='ocr_carea' id='block_1_48' title="bbox 529 3212 2111 3294">
    <p class='ocr_par' dir='ltr' id='par_1_48' title="bbox 529 3212 2111 3294">
     <span class='ocr_line' id='line_1_51' title="bbox 529 3212 2111 3294; baseline 0.013 -30"><span class='ocrx_word' id='word_1_494' title='bbox 529 3227 687 3265; x_wconf 90' lang='lat' dir='ltr'><strong>unam</strong></span> <span class='ocrx_word' id='word_1_495' title='bbox 709 3212 851 3268; x_wconf 91' lang='lat' dir='ltr'><strong>diem</strong></span> <span class='ocrx_word' id='word_1_496' title='bbox 881 3215 1198 3272; x_wconf 87' lang='lat' dir='ltr'><strong>abstinendo</strong></span> <span class='ocrx_word' id='word_1_497' title='bbox 1227 3221 1647 3288; x_wconf 74' lang='lat' dir='ltr'><strong>pnetermiserit,</strong></span> <span class='ocrx_word' id='word_1_498' title='bbox 1678 3232 1846 3279; x_wconf 89' lang='lat' dir='ltr'><strong>totam</strong></span> <span class='ocrx_word' id='word_1_499' title='bbox 1870 3226 2111 3294; x_wconf 88' lang='lat' dir='ltr'><strong>Quadra-</strong></span> 
     </span>
    </p>
   </div>
   <div class='ocr_carea' id='block_1_49' title="bbox 527 3305 2110 3389">
    <p class='ocr_par' dir='ltr' id='par_1_49' title="bbox 527 3305 2110 3389">
     <span class='ocr_line' id='line_1_52' title="bbox 527 3305 2110 3389; baseline 0.009 -29"><span class='ocrx_word' id='word_1_500' title='bbox 527 3305 790 3374; x_wconf 85' lang='lat' dir='ltr'><strong>gesimam</strong></span> <span class='ocrx_word' id='word_1_501' title='bbox 819 3307 1053 3375; x_wconf 85' lang='lat' dir='ltr'><strong>violarit,</strong></span> <span class='ocrx_word' id='word_1_502' title='bbox 1077 3318 1133 3365; x_wconf 90' lang='lat' dir='ltr'><strong>et</strong></span> <span class='ocrx_word' id='word_1_503' title='bbox 1160 3319 1383 3382; x_wconf 88' lang='lat' dir='ltr'><strong>propter</strong></span> <span class='ocrx_word' id='word_1_504' title='bbox 1405 3315 1601 3370; x_wconf 89' lang='lat' dir='ltr'><strong>modici</strong></span> <span class='ocrx_word' id='word_1_505' title='bbox 1631 3319 1887 3389; x_wconf 89' lang='lat' dir='ltr'><strong>temporis</strong></span> <span class='ocrx_word' id='word_1_506' title='bbox 1912 3320 2110 3388; x_wconf 89' lang='lat' dir='ltr'><strong>cibum,</strong></span> 
     </span>
    </p>
   </div>
   <div class='ocr_carea' id='block_1_50' title="bbox 526 3396 2107 3483">
    <p class='ocr_par' dir='ltr' id='par_1_50' title="bbox 526 3396 2107 3483">
     <span class='ocr_line' id='line_1_53' title="bbox 526 3396 2107 3483; baseline 0.011 -34"><span class='ocrx_word' id='word_1_507' title='bbox 526 3397 703 3465; x_wconf 83' lang='lat' dir='ltr'><strong>magni</strong></span> <span class='ocrx_word' id='word_1_508' title='bbox 746 3396 972 3454; x_wconf 86' lang='lat' dir='ltr'><strong>fructum</strong></span> <span class='ocrx_word' id='word_1_509' title='bbox 1003 3400 1200 3456; x_wconf 88' lang='lat' dir='ltr'><strong>laboris</strong></span> <span class='ocrx_word' id='word_1_510' title='bbox 1228 3404 1484 3460; x_wconf 81' lang='lat' dir='ltr'><strong>amiserit.</strong></span> <span class='ocrx_word' id='word_1_511' title='bbox 1524 3404 1627 3461; x_wconf 87' lang='lat' dir='ltr'><strong>Sed</strong></span> <span class='ocrx_word' id='word_1_512' title='bbox 1676 3408 1818 3465; x_wconf 89' lang='lat' dir='ltr'><strong>dicet</strong></span> <span class='ocrx_word' id='word_1_513' title='bbox 1869 3413 2061 3483; x_wconf 86' lang='lat' dir='ltr'><strong>aliquis</strong></span> <span class='ocrx_word' id='word_1_514' title='bbox 2094 3431 2107 3467; x_wconf 88' lang='lat'><strong>:</strong></span> 
     </span>
    </p>
   </div>
   <div class='ocr_carea' id='block_1_51' title="bbox 523 3483 2111 3565">
    <p class='ocr_par' dir='ltr' id='par_1_51' title="bbox 523 3483 2111 3565">
     <span class='ocr_line' id='line_1_54' title="bbox 523 3483 2111 3565; baseline 0.013 -28"><span class='ocrx_word' id='word_1_515' title='bbox 523 3483 954 3554; x_wconf 66' lang='lat' dir='ltr'><strong>Quadragesimte</strong></span> <span class='ocrx_word' id='word_1_516' title='bbox 973 3488 1257 3559; x_wconf 87' lang='lat' dir='ltr'><strong>aliquoties</strong></span> <span class='ocrx_word' id='word_1_517' title='bbox 1271 3494 1576 3563; x_wconf 87' lang='lat' dir='ltr'><strong>accepimus</strong></span> <span class='ocrx_word' id='word_1_518' title='bbox 1596 3498 1880 3565; x_wconf 90' lang='lat' dir='ltr'><strong>rationem,</strong></span> <span class='ocrx_word' id='word_1_519' title='bbox 1911 3486 1964 3556; x_wconf 84' lang='lat' dir='ltr'><strong>et</strong></span> <span class='ocrx_word' id='word_1_520' title='bbox 1991 3517 2111 3557; x_wconf 86' lang='lat' dir='ltr'><strong>eam</strong></span> 
     </span>
    </p>
   </div>
   <div class='ocr_carea' id='block_1_52' title="bbox 522 3579 2110 3667">
    <p class='ocr_par' dir='ltr' id='par_1_52' title="bbox 522 3579 2110 3667">
     <span class='ocr_line' id='line_1_55' title="bbox 522 3579 2110 3667; baseline 0.012 -38"><span class='ocrx_word' id='word_1_521' title='bbox 522 3587 894 3633; x_wconf 87' lang='lat' dir='ltr'><strong>consecratam</strong></span> <span class='ocrx_word' id='word_1_522' title='bbox 944 3579 1242 3667; x_wconf 36' lang='lat' dir='ltr'><strong>a‘Domino</strong></span> <span class='ocrx_word' id='word_1_523' title='bbox 1292 3582 1601 3654; x_wconf 83' lang='lat' dir='ltr'><strong>frequenter</strong></span> <span class='ocrx_word' id='word_1_524' title='bbox 1640 3589 1940 3645; x_wconf 86' lang='lat' dir='ltr'><strong>audivimus</strong></span> <span class='ocrx_word' id='word_1_525' title='bbox 1971 3611 1983 3645; x_wconf 86' lang='lat'><strong>:</strong></span> <span class='ocrx_word' id='word_1_526' title='bbox 2016 3593 2110 3649; x_wconf 89' lang='lat' dir='ltr'><strong>sed</strong></span> 
     </span>
    </p>
   </div>
   <div class='ocr_carea' id='block_1_53' title="bbox 522 3670 2111 3750">
    <p class='ocr_par' dir='ltr' id='par_1_53' title="bbox 522 3670 2111 3750">
     <span class='ocr_line' id='line_1_56' title="bbox 522 3670 2111 3750; baseline 0.014 -29"><span class='ocrx_word' id='word_1_527' title='bbox 522 3682 619 3721; x_wconf 91' lang='lat' dir='ltr'><strong>cur</strong></span> <span class='ocrx_word' id='word_1_528' title='bbox 663 3670 853 3725; x_wconf 90' lang='lat' dir='ltr'><strong>eadem</strong></span> <span class='ocrx_word' id='word_1_529' title='bbox 906 3670 1324 3743; x_wconf 85' lang='lat' dir='ltr'><strong>Quadragesima</strong></span> <span class='ocrx_word' id='word_1_530' title='bbox 1370 3678 1724 3750; x_wconf 88' lang='lat' dir='ltr'><strong>quadraginta</strong></span> <span class='ocrx_word' id='word_1_531' title='bbox 1758 3693 1780 3723; x_wconf 78' lang='grc' dir='ltr'><strong>ο</strong></span> <span class='ocrx_word' id='word_1_532' title='bbox 1812 3684 1946 3739; x_wconf 88' lang='lat' dir='ltr'><strong>duos</strong></span> <span class='ocrx_word' id='word_1_533' title='bbox 1996 3687 2111 3743; x_wconf 89' lang='lat' dir='ltr'><strong>dies</strong></span> 
     </span>
    </p>
   </div>
   <div class='ocr_carea' id='block_1_54' title="bbox 521 3758 2120 3854">
    <p class='ocr_par' dir='ltr' id='par_1_54' title="bbox 521 3758 2120 3854">
     <span class='ocr_line' id='line_1_57' title="bbox 521 3758 2120 3854; baseline 0.015 -44"><span class='ocrx_word' id='word_1_534' title='bbox 521 3758 719 3813; x_wconf 86' lang='lat' dir='ltr'><strong>habeat</strong></span> <span class='ocrx_word' id='word_1_535' title='bbox 760 3761 944 3817; x_wconf 89' lang='lat' dir='ltr'><strong>audire</strong></span> <span class='ocrx_word' id='word_1_536' title='bbox 991 3767 1269 3854; x_wconf 59' lang='lat' dir='ltr'><strong>gestimus.</strong></span> <span class='ocrx_word' id='word_1_537' title='bbox 1311 3766 1562 3838; x_wconf 87' lang='lat' dir='ltr'><strong>Legimus</strong></span> <span class='ocrx_word' id='word_1_538' title='bbox 1600 3773 1652 3826; x_wconf 92' lang='lat' dir='ltr'><strong>in</strong></span> <span class='ocrx_word' id='word_1_539' title='bbox 1688 3774 1868 3831; x_wconf 83' lang='lat' dir='ltr'><strong>Veteri</strong></span> <span class='ocrx_word' id='word_1_540' title='bbox 1919 3777 2120 3844; x_wconf 49' lang='lat' dir='ltr'><strong>Testes</strong></span> 
     </span>
    </p>
   </div>
   <div class='ocr_carea' id='block_1_55' title="bbox 522 3850 2106 3932">
    <p class='ocr_par' dir='ltr' id='par_1_55' title="bbox 522 3850 2106 3932">
     <span class='ocr_line' id='line_1_58' title="bbox 522 3850 2106 3932; baseline 0.014 -31"><span class='ocrx_word' id='word_1_541' title='bbox 522 3858 705 3903; x_wconf 86' lang='lat' dir='ltr'><strong>mento</strong></span> <span class='ocrx_word' id='word_1_542' title='bbox 732 3850 908 3920; x_wconf 79' lang='lat' dir='ltr'><strong>(Deut.</strong></span> <span class='ocrx_word' id='word_1_543' title='bbox 938 3850 1287 3922; x_wconf 54' lang='lat' dir='ltr'><strong>muniﬁcum</strong></span> <span class='ocrx_word' id='word_1_544' title='bbox 1310 3868 1526 3915; x_wconf 83' lang='lat' dir='ltr'><strong>sanctus</strong></span> <span class='ocrx_word' id='word_1_545' title='bbox 1548 3860 1757 3932; x_wconf 84' lang='lat' dir='ltr'><strong>Moyses</strong></span> <span class='ocrx_word' id='word_1_546' title='bbox 1786 3864 1923 3921; x_wconf 82' lang='lat' dir='ltr'><strong>ﬁlios</strong></span> <span class='ocrx_word' id='word_1_547' title='bbox 1945 3868 2106 3923; x_wconf 89' lang='lat' dir='ltr'><strong>Israel</strong></span> 
     </span>
    </p>
   </div>
   <div class='ocr_carea' id='block_1_56' title="bbox 521 3938 2106 4016">
    <p class='ocr_par' dir='ltr' id='par_1_56' title="bbox 521 3938 2106 4016">
     <span class='ocr_line' id='line_1_59' title="bbox 521 3938 2106 4016; baseline 0.013 -25"><span class='ocrx_word' id='word_1_548' title='bbox 521 3939 588 3992; x_wconf 90' lang='lat' dir='ltr'><strong>de</strong></span> <span class='ocrx_word' id='word_1_549' title='bbox 611 3938 740 4006; x_wconf 87' lang='lat' dir='ltr'><strong>jugo</strong></span> <span class='ocrx_word' id='word_1_550' title='bbox 770 3938 1037 4011; x_wconf 64' lang='lat' dir='ltr'><strong>IEgyptiae</strong></span> <span class='ocrx_word' id='word_1_551' title='bbox 1081 3945 1408 4013; x_wconf 86' lang='lat' dir='ltr'><strong>captivitatis</strong></span> <span class='ocrx_word' id='word_1_552' title='bbox 1437 3957 1670 4016; x_wconf 90' lang='lat' dir='ltr'><strong>erueret,</strong></span> <span class='ocrx_word' id='word_1_553' title='bbox 1703 3959 1762 4005; x_wconf 88' lang='lat' dir='ltr'><strong>ut</strong></span> <span class='ocrx_word' id='word_1_554' title='bbox 1805 3953 1859 4007; x_wconf 91' lang='lat' dir='ltr'><strong>in</strong></span> <span class='ocrx_word' id='word_1_555' title='bbox 1904 3962 2106 4011; x_wconf 89' lang='lat' dir='ltr'><strong>terram</strong></span> 
     </span>
    </p>
   </div>
   <div class='ocr_carea' id='block_1_57' title="bbox 522 4032 2103 4110">
    <p class='ocr_par' dir='ltr' id='par_1_57' title="bbox 522 4032 2103 4110">
     <span class='ocr_line' id='line_1_60' title="bbox 522 4032 2103 4110; baseline 0.013 -26"><span class='ocrx_word' id='word_1_556' title='bbox 522 4044 618 4084; x_wconf 90' lang='lat' dir='ltr'><strong>eos</strong></span> <span class='ocrx_word' id='word_1_557' title='bbox 632 4032 1061 4101; x_wconf 87' lang='lat' dir='ltr'><strong>repromissionis</strong></span> <span class='ocrx_word' id='word_1_558' title='bbox 1090 4034 1384 4103; x_wconf 89' lang='lat' dir='ltr'><strong>induceret,</strong></span> <span class='ocrx_word' id='word_1_559' title='bbox 1416 4041 1766 4110; x_wconf 85' lang='lat' dir='ltr'><strong>quadraginta</strong></span> <span class='ocrx_word' id='word_1_560' title='bbox 1796 4052 1851 4100; x_wconf 89' lang='lat' dir='ltr'><strong>et</strong></span> <span class='ocrx_word' id='word_1_561' title='bbox 1877 4047 2103 4104; x_wconf 82' lang='lat' dir='ltr'><strong>duomm</strong></span> 
     </span>
    </p>
   </div>
   <div class='ocr_carea' id='block_1_58' title="bbox 521 4120 2105 4208">
    <p class='ocr_par' dir='ltr' id='par_1_58' title="bbox 521 4120 2105 4208">
     <span class='ocr_line' id='line_1_61' title="bbox 521 4120 2105 4208; baseline 0.013 -34"><span class='ocrx_word' id='word_1_562' title='bbox 521 4120 727 4176; x_wconf 90' lang='lat' dir='ltr'><strong>dierum</strong></span> <span class='ocrx_word' id='word_1_563' title='bbox 751 4136 873 4177; x_wconf 89' lang='lat' dir='ltr'><strong>eum</strong></span> <span class='ocrx_word' id='word_1_564' title='bbox 900 4124 969 4178; x_wconf 89' lang='lat' dir='ltr'><strong>ad</strong></span> <span class='ocrx_word' id='word_1_565' title='bbox 996 4135 1347 4199; x_wconf 82' lang='lat' dir='ltr'><strong>memoratam</strong></span> <span class='ocrx_word' id='word_1_566' title='bbox 1370 4137 1566 4185; x_wconf 87' lang='lat' dir='ltr'><strong>terram</strong></span> <span class='ocrx_word' id='word_1_567' title='bbox 1596 4135 1962 4194; x_wconf 89' lang='lat' dir='ltr'><strong>mansionibus</strong></span> <span class='ocrx_word' id='word_1_568' title='bbox 1983 4153 2105 4208; x_wconf 89' lang='lat' dir='ltr'><strong>per-</strong></span> 
     </span>
    </p>
   </div>
   <div class='ocr_carea' id='block_1_59' title="bbox 2216 2947 3813 3020">
    <p class='ocr_par' dir='ltr' id='par_1_59' title="bbox 2216 2947 3813 3020">
     <span class='ocr_line' id='line_1_62' title="bbox 2216 2947 3813 3020; baseline -0.002 -15"><span class='ocrx_word' id='word_1_569' title='bbox 2216 2950 2378 3006; x_wconf 90' lang='lat' dir='ltr'><strong>dente</strong></span> <span class='ocrx_word' id='word_1_570' title='bbox 2405 2951 2462 3006; x_wconf 90' lang='lat' dir='ltr'><strong>in</strong></span> <span class='ocrx_word' id='word_1_571' title='bbox 2485 2949 2688 3006; x_wconf 86' lang='lat' dir='ltr'><strong>fontem</strong></span> <span class='ocrx_word' id='word_1_572' title='bbox 2716 2947 3023 3005; x_wconf 89' lang='lat' dir='ltr'><strong>Christiano</strong></span> <span class='ocrx_word' id='word_1_573' title='bbox 3044 2988 3060 3013; x_wconf 89' lang='lat'><strong>,</strong></span> <span class='ocrx_word' id='word_1_574' title='bbox 3087 2947 3368 3005; x_wconf 90' lang='lat' dir='ltr'><strong>criminum</strong></span> <span class='ocrx_word' id='word_1_575' title='bbox 3397 2956 3618 3020; x_wconf 87' lang='lat' dir='ltr'><strong>peccata</strong></span> <span class='ocrx_word' id='word_1_576' title='bbox 3649 2947 3813 3002; x_wconf 79' lang='lat' dir='ltr'><strong>diﬂ&#39;u-</strong></span> 
     </span>
    </p>
   </div>
   <div class='ocr_carea' id='block_1_60' title="bbox 2214 3040 3814 3113">
    <p class='ocr_par' dir='ltr' id='par_1_60' title="bbox 2214 3040 3814 3113">
     <span class='ocr_line' id='line_1_63' title="bbox 2214 3040 3814 3113; baseline -0.001 -14"><span class='ocrx_word' id='word_1_577' title='bbox 2214 3045 2384 3113; x_wconf 87' lang='lat' dir='ltr'><strong>giunt.</strong></span> <span class='ocrx_word' id='word_1_578' title='bbox 2412 3042 2480 3099; x_wconf 87' lang='lat' dir='ltr'><strong>Et</strong></span> <span class='ocrx_word' id='word_1_579' title='bbox 2520 3044 2714 3099; x_wconf 84' lang='lat' dir='ltr'><strong>mirum</strong></span> <span class='ocrx_word' id='word_1_580' title='bbox 2746 3043 2854 3099; x_wconf 89' lang='lat' dir='ltr'><strong>illic</strong></span> <span class='ocrx_word' id='word_1_581' title='bbox 2878 3051 3176 3100; x_wconf 88' lang='lat' dir='ltr'><strong>retrorsum</strong></span> <span class='ocrx_word' id='word_1_582' title='bbox 3215 3057 3509 3098; x_wconf 88' lang='lat' dir='ltr'><strong>conversus</strong></span> <span class='ocrx_word' id='word_1_583' title='bbox 3537 3040 3731 3098; x_wconf 87' lang='lat' dir='ltr'><strong>lluvius</strong></span> <span class='ocrx_word' id='word_1_584' title='bbox 3759 3044 3814 3098; x_wconf 92' lang='lat' dir='ltr'><strong>in</strong></span> 
     </span>
    </p>
   </div>
   <div class='ocr_carea' id='block_1_61' title="bbox 2213 3132 3811 3207">
    <p class='ocr_par' dir='ltr' id='par_1_61' title="bbox 2213 3132 3811 3207">
     <span class='ocr_line' id='line_1_64' title="bbox 2213 3132 3811 3207; baseline -0.001 -15"><span class='ocrx_word' id='word_1_585' title='bbox 2213 3135 2479 3207; x_wconf 89' lang='lat' dir='ltr'><strong>originem</strong></span> <span class='ocrx_word' id='word_1_586' title='bbox 2497 3152 2649 3192; x_wconf 90' lang='lat' dir='ltr'><strong>suam</strong></span> <span class='ocrx_word' id='word_1_587' title='bbox 2678 3132 2693 3173; x_wconf 70' lang='grc' dir='ltr'>ί</span> <span class='ocrx_word' id='word_1_588' title='bbox 2723 3135 3013 3191; x_wconf 87' lang='lat' dir='ltr'><strong>revertitur</strong></span> <span class='ocrx_word' id='word_1_589' title='bbox 3039 3152 3051 3189; x_wconf 90' lang='lat'>:</span> <span class='ocrx_word' id='word_1_590' title='bbox 3084 3135 3172 3190; x_wconf 93' lang='lat' dir='ltr'><strong>hic</strong></span> <span class='ocrx_word' id='word_1_591' title='bbox 3201 3134 3552 3205; x_wconf 88' lang='lat' dir='ltr'><strong>imposterum</strong></span> <span class='ocrx_word' id='word_1_592' title='bbox 3580 3150 3811 3191; x_wconf 80' lang='lat' dir='ltr'><strong>revoca-</strong></span> 
     </span>
    </p>
   </div>
   <div class='ocr_carea' id='block_1_62' title="bbox 2214 3223 3814 3299">
    <p class='ocr_par' dir='ltr' id='par_1_62' title="bbox 2214 3223 3814 3299">
     <span class='ocr_line' id='line_1_65' title="bbox 2214 3223 3814 3299; baseline 0 -16"><span class='ocrx_word' id='word_1_593' title='bbox 2214 3240 2299 3285; x_wconf 88' lang='lat' dir='ltr'><strong>tus</strong></span> <span class='ocrx_word' id='word_1_594' title='bbox 2338 3229 2502 3285; x_wconf 92' lang='lat' dir='ltr'><strong>homo</strong></span> <span class='ocrx_word' id='word_1_595' title='bbox 2551 3228 2606 3283; x_wconf 90' lang='lat' dir='ltr'><strong>in</strong></span> <span class='ocrx_word' id='word_1_596' title='bbox 2654 3227 2877 3299; x_wconf 84' lang='lat' dir='ltr'><strong>originis</strong></span> <span class='ocrx_word' id='word_1_597' title='bbox 2902 3242 3014 3283; x_wconf 70' lang='lat' dir='ltr'><strong>sua:</strong></span> <span class='ocrx_word' id='word_1_598' title='bbox 3061 3225 3339 3282; x_wconf 83' lang='lat' dir='ltr'><strong>infantiam</strong></span> <span class='ocrx_word' id='word_1_599' title='bbox 3387 3223 3689 3297; x_wconf 79' lang='lat' dir='ltr'><strong>reparatur.</strong></span> <span class='ocrx_word' id='word_1_600' title='bbox 3732 3225 3814 3283; x_wconf 90' lang='lat' dir='ltr'><strong>Ibi</strong></span> 
     </span>
    </p>
   </div>
   <div class='ocr_carea' id='block_1_63' title="bbox 2211 3317 3811 3391">
    <p class='ocr_par' dir='ltr' id='par_1_63' title="bbox 2211 3317 3811 3391">
     <span class='ocr_line' id='line_1_66' title="bbox 2211 3317 3811 3391; baseline -0.001 -16"><span class='ocrx_word' id='word_1_601' title='bbox 2211 3320 2415 3377; x_wconf 87' lang='lat' dir='ltr'><strong>fontem</strong></span> <span class='ocrx_word' id='word_1_602' title='bbox 2448 3336 2625 3387; x_wconf 92' lang='lat' dir='ltr'><strong>suum,</strong></span> <span class='ocrx_word' id='word_1_603' title='bbox 2668 3320 2736 3377; x_wconf 90' lang='lat' dir='ltr'><strong>de</strong></span> <span class='ocrx_word' id='word_1_604' title='bbox 2760 3335 2870 3391; x_wconf 91' lang='lat' dir='ltr'><strong>quo</strong></span> <span class='ocrx_word' id='word_1_605' title='bbox 2904 3319 2918 3370; x_wconf 84' lang='lat' dir='ltr'><strong>i</strong></span> <span class='ocrx_word' id='word_1_606' title='bbox 2956 3321 3175 3389; x_wconf 83' lang='lat' dir='ltr'><strong>egressa</strong></span> <span class='ocrx_word' id='word_1_607' title='bbox 3208 3317 3403 3385; x_wconf 87' lang='lat' dir='ltr'><strong>fuerat,</strong></span> <span class='ocrx_word' id='word_1_608' title='bbox 3427 3318 3570 3374; x_wconf 89' lang='lat' dir='ltr'><strong>unda</strong></span> <span class='ocrx_word' id='word_1_609' title='bbox 3594 3319 3811 3389; x_wconf 83' lang='lat' dir='ltr'><strong>perqui-</strong></span> 
     </span>
    </p>
   </div>
   <div class='ocr_carea' id='block_1_64' title="bbox 2211 3413 3805 3485">
    <p class='ocr_par' dir='ltr' id='par_1_64' title="bbox 2211 3413 3805 3485">
     <span class='ocr_line' id='line_1_67' title="bbox 2211 3413 3805 3485; baseline -0.001 -15"><span class='ocrx_word' id='word_1_610' title='bbox 2211 3413 2317 3470; x_wconf 89' lang='lat' dir='ltr'><strong>rit:</strong></span> <span class='ocrx_word' id='word_1_611' title='bbox 2348 3414 2437 3471; x_wconf 91' lang='lat' dir='ltr'><strong>hic</strong></span> <span class='ocrx_word' id='word_1_612' title='bbox 2460 3414 2734 3470; x_wconf 90' lang='lat' dir='ltr'><strong>hominem</strong></span> <span class='ocrx_word' id='word_1_613' title='bbox 2761 3428 2947 3481; x_wconf 90' lang='lat' dir='ltr'><strong>suum,</strong></span> <span class='ocrx_word' id='word_1_614' title='bbox 2984 3429 3015 3469; x_wconf 93' lang='lat' dir='ltr'><strong>a</strong></span> <span class='ocrx_word' id='word_1_615' title='bbox 3059 3429 3168 3485; x_wconf 91' lang='lat' dir='ltr'><strong>quo</strong></span> <span class='ocrx_word' id='word_1_616' title='bbox 3209 3413 3436 3478; x_wconf 82' lang='lat' dir='ltr'><strong>exierat,</strong></span> <span class='ocrx_word' id='word_1_617' title='bbox 3490 3413 3805 3469; x_wconf 79' lang='lat' dir='ltr'><strong>innocentia</strong></span> 
     </span>
    </p>
   </div>
   <div class='ocr_carea' id='block_1_65' title="bbox 2212 3502 3808 3575">
    <p class='ocr_par' dir='ltr' id='par_1_65' title="bbox 2212 3502 3808 3575">
     <span class='ocr_line' id='line_1_68' title="bbox 2212 3502 3808 3575; baseline -0.001 -15"><span class='ocrx_word' id='word_1_618' title='bbox 2212 3506 2568 3575; x_wconf 84' lang='lat' dir='ltr'><strong>recognoscit.</strong></span> <span class='ocrx_word' id='word_1_619' title='bbox 2601 3505 2677 3561; x_wconf 90' lang='lat' dir='ltr'><strong>Ibi</strong></span> <span class='ocrx_word' id='word_1_620' title='bbox 2707 3505 3018 3562; x_wconf 77' lang='lat' dir='ltr'><strong>exinanitur</strong></span> <span class='ocrx_word' id='word_1_621' title='bbox 3050 3505 3236 3561; x_wconf 89' lang='lat' dir='ltr'><strong>alveus</strong></span> <span class='ocrx_word' id='word_1_622' title='bbox 3265 3502 3535 3568; x_wconf 83' lang='lat' dir='ltr'><strong>ﬂuctibus,</strong></span> <span class='ocrx_word' id='word_1_623' title='bbox 3565 3506 3656 3560; x_wconf 90' lang='lat' dir='ltr'><strong>hic</strong></span> <span class='ocrx_word' id='word_1_624' title='bbox 3679 3520 3808 3561; x_wconf 82' lang='lat' dir='ltr'><strong>eva-</strong></span> 
     </span>
    </p>
   </div>
   <div class='ocr_carea' id='block_1_66' title="bbox 2211 3596 3802 3666">
    <p class='ocr_par' dir='ltr' id='par_1_66' title="bbox 2211 3596 3802 3666">
     <span class='ocr_line' id='line_1_69' title="bbox 2211 3596 3802 3666; baseline -0.002 -12"><span class='ocrx_word' id='word_1_625' title='bbox 2211 3608 2439 3654; x_wconf 89' lang='lat' dir='ltr'><strong>cuantur</strong></span> <span class='ocrx_word' id='word_1_626' title='bbox 2452 3598 2615 3655; x_wconf 89' lang='lat' dir='ltr'><strong>corda</strong></span> <span class='ocrx_word' id='word_1_627' title='bbox 2639 3599 2984 3665; x_wconf 88' lang='lat' dir='ltr'><strong>criminibus;</strong></span> <span class='ocrx_word' id='word_1_628' title='bbox 3014 3599 3087 3653; x_wconf 90' lang='lat' dir='ltr'><strong>ita</strong></span> <span class='ocrx_word' id='word_1_629' title='bbox 3117 3604 3177 3653; x_wconf 91' lang='lat' dir='ltr'><strong>ut</strong></span> <span class='ocrx_word' id='word_1_630' title='bbox 3200 3613 3385 3655; x_wconf 87' lang='lat' dir='ltr'><strong>servos</strong></span> <span class='ocrx_word' id='word_1_631' title='bbox 3410 3596 3503 3652; x_wconf 89' lang='lat' dir='ltr'><strong>Dei</strong></span> <span class='ocrx_word' id='word_1_632' title='bbox 3528 3596 3636 3652; x_wconf 90' lang='lat' dir='ltr'><strong>illic</strong></span> <span class='ocrx_word' id='word_1_633' title='bbox 3662 3612 3802 3666; x_wconf 85' lang='lat' dir='ltr'><strong>aqua</strong></span> 
     </span>
    </p>
   </div>
   <div class='ocr_carea' id='block_1_67' title="bbox 2209 3683 3809 3758">
    <p class='ocr_par' dir='ltr' id='par_1_67' title="bbox 2209 3683 3809 3758">
     <span class='ocr_line' id='line_1_70' title="bbox 2209 3683 3809 3758; baseline -0.003 -9"><span class='ocrx_word' id='word_1_634' title='bbox 2209 3705 2426 3749; x_wconf 68' lang='lat' dir='ltr'><strong>emnosa</strong></span> <span class='ocrx_word' id='word_1_635' title='bbox 2447 3707 2556 3747; x_wconf 88' lang='lat' dir='ltr'><strong>non</strong></span> <span class='ocrx_word' id='word_1_636' title='bbox 2578 3690 2834 3758; x_wconf 88' lang='lat' dir='ltr'><strong>madidet,</strong></span> <span class='ocrx_word' id='word_1_637' title='bbox 2848 3690 2937 3747; x_wconf 91' lang='lat' dir='ltr'><strong>hic</strong></span> <span class='ocrx_word' id='word_1_638' title='bbox 2965 3683 3194 3746; x_wconf 84' lang='lat' dir='ltr'><strong>famulos</strong></span> <span class='ocrx_word' id='word_1_639' title='bbox 3208 3690 3305 3745; x_wconf 91' lang='lat' dir='ltr'><strong>Dei</strong></span> <span class='ocrx_word' id='word_1_640' title='bbox 3324 3688 3348 3727; x_wconf 69' lang='grc' dir='ltr'>ι</span> <span class='ocrx_word' id='word_1_641' title='bbox 3369 3690 3698 3746; x_wconf 90' lang='lat' dir='ltr'><strong>conscientia</strong></span> <span class='ocrx_word' id='word_1_642' title='bbox 3729 3699 3809 3745; x_wconf 48' lang='lat' dir='ltr'><strong>te.</strong></span> 
     </span>
    </p>
   </div>
   <div class='ocr_carea' id='block_1_68' title="bbox 2212 3782 3807 3855">
    <p class='ocr_par' dir='ltr' id='par_1_68' title="bbox 2212 3782 3807 3855">
     <span class='ocr_line' id='line_1_71' title="bbox 2212 3782 3807 3855; baseline -0.002 -16"><span class='ocrx_word' id='word_1_643' title='bbox 2212 3792 2293 3839; x_wconf 89' lang='lat' dir='ltr'><strong>tra</strong></span> <span class='ocrx_word' id='word_1_644' title='bbox 2315 3801 2422 3841; x_wconf 89' lang='lat' dir='ltr'><strong>non</strong></span> <span class='ocrx_word' id='word_1_645' title='bbox 2457 3783 2676 3855; x_wconf 86' lang='lat' dir='ltr'><strong>polluat.</strong></span> <span class='ocrx_word' id='word_1_646' title='bbox 2702 3782 2953 3839; x_wconf 77' lang='lat' dir='ltr'><strong>Iordanis</strong></span> <span class='ocrx_word' id='word_1_647' title='bbox 2981 3783 3124 3838; x_wconf 90' lang='lat' dir='ltr'><strong>enim</strong></span> <span class='ocrx_word' id='word_1_648' title='bbox 3152 3782 3367 3853; x_wconf 87' lang='lat' dir='ltr'><strong>quidam</strong></span> <span class='ocrx_word' id='word_1_649' title='bbox 3397 3791 3480 3838; x_wconf 84' lang='lat' dir='ltr'><strong>est</strong></span> <span class='ocrx_word' id='word_1_650' title='bbox 3508 3782 3628 3838; x_wconf 87' lang='lat' dir='ltr'><strong>fons</strong></span> <span class='ocrx_word' id='word_1_651' title='bbox 3654 3784 3807 3837; x_wconf 83' lang='lat' dir='ltr'><strong>lava-</strong></span> 
     </span>
    </p>
   </div>
   <div class='ocr_carea' id='block_1_69' title="bbox 2209 3872 3809 3944">
    <p class='ocr_par' dir='ltr' id='par_1_69' title="bbox 2209 3872 3809 3944">
     <span class='ocr_line' id='line_1_72' title="bbox 2209 3872 3809 3944; baseline -0.001 -16"><span class='ocrx_word' id='word_1_652' title='bbox 2209 3874 2306 3939; x_wconf 92' lang='lat' dir='ltr'><strong>cri,</strong></span> <span class='ocrx_word' id='word_1_653' title='bbox 2338 3889 2436 3944; x_wconf 86' lang='lat' dir='ltr'><strong>per</strong></span> <span class='ocrx_word' id='word_1_654' title='bbox 2454 3887 2615 3942; x_wconf 86' lang='lat' dir='ltr'><strong>quem</strong></span> <span class='ocrx_word' id='word_1_655' title='bbox 2643 3873 2735 3941; x_wconf 86' lang='lat' dir='ltr'><strong>qui</strong></span> <span class='ocrx_word' id='word_1_656' title='bbox 2768 3873 3094 3938; x_wconf 90' lang='lat' dir='ltr'><strong>transiverit,</strong></span> <span class='ocrx_word' id='word_1_657' title='bbox 3126 3872 3329 3929; x_wconf 86' lang='lat' dir='ltr'><strong>relictis</strong></span> <span class='ocrx_word' id='word_1_658' title='bbox 3354 3872 3624 3937; x_wconf 82' lang='lat' dir='ltr'><strong>sordibus,</strong></span> <span class='ocrx_word' id='word_1_659' title='bbox 3656 3888 3809 3943; x_wconf 84' lang='lat' dir='ltr'><strong>para-</strong></span> 
     </span>
    </p>
   </div>
   <div class='ocr_carea' id='block_1_70' title="bbox 2207 3948 3807 4035">
    <p class='ocr_par' dir='ltr' id='par_1_70' title="bbox 2207 3948 3807 4035">
     <span class='ocr_line' id='line_1_73' title="bbox 2207 3948 3807 4035; baseline -0.001 -16"><span class='ocrx_word' id='word_1_660' title='bbox 2207 3963 2381 4019; x_wconf 91' lang='lat' dir='ltr'><strong>disum</strong></span> <span class='ocrx_word' id='word_1_661' title='bbox 2409 3948 2842 4035; x_wconf 86' lang='lat' dir='ltr'><strong>repromissionis</strong></span> <span class='ocrx_word' id='word_1_662' title='bbox 2870 3963 3181 4032; x_wconf 84' lang='lat' dir='ltr'><strong>ingreditur.</strong></span> <span class='ocrx_word' id='word_1_663' title='bbox 3206 3962 3263 4017; x_wconf 92' lang='lat' dir='ltr'><strong>In</strong></span> <span class='ocrx_word' id='word_1_664' title='bbox 3290 3964 3394 4019; x_wconf 94' lang='lat' dir='ltr'><strong>hoc</strong></span> <span class='ocrx_word' id='word_1_665' title='bbox 3416 3977 3547 4032; x_wconf 83' lang='lat' dir='ltr'><strong>ergo</strong></span> <span class='ocrx_word' id='word_1_666' title='bbox 3575 3963 3807 4034; x_wconf 78' lang='lat' dir='ltr'><strong>quadra-</strong></span> 
     </span>
    </p>
   </div>
   <div class='ocr_carea' id='block_1_71' title="bbox 2208 4054 3807 4127">
    <p class='ocr_par' dir='ltr' id='par_1_71' title="bbox 2208 4054 3807 4127">
     <span class='ocr_line' id='line_1_74' title="bbox 2208 4054 3807 4127; baseline -0.003 -15"><span class='ocrx_word' id='word_1_667' title='bbox 2208 4056 2432 4127; x_wconf 89' lang='lat' dir='ltr'><strong>genario</strong></span> <span class='ocrx_word' id='word_1_668' title='bbox 2480 4063 2535 4111; x_wconf 90' lang='lat' dir='ltr'><strong>et</strong></span> <span class='ocrx_word' id='word_1_669' title='bbox 2575 4055 2720 4111; x_wconf 90' lang='lat' dir='ltr'><strong>duali</strong></span> <span class='ocrx_word' id='word_1_670' title='bbox 2773 4071 2998 4111; x_wconf 89' lang='lat' dir='ltr'><strong>numero</strong></span> <span class='ocrx_word' id='word_1_671' title='bbox 3032 4054 3194 4110; x_wconf 90' lang='lat' dir='ltr'><strong>Israel</strong></span> <span class='ocrx_word' id='word_1_672' title='bbox 3228 4055 3459 4125; x_wconf 90' lang='lat' dir='ltr'><strong>populus</strong></span> <span class='ocrx_word' id='word_1_673' title='bbox 3495 4054 3807 4122; x_wconf 88' lang='lat' dir='ltr'><strong>relinquens</strong></span> 
     </span>
    </p>
   </div>
   <div class='ocr_carea' id='block_1_72' title="bbox 2215 4144 3808 4219">
    <p class='ocr_par' dir='ltr' id='par_1_72' title="bbox 2215 4144 3808 4219">
     <span class='ocr_line' id='line_1_75' title="bbox 2215 4144 3808 4219; baseline -0.003 -16"><span class='ocrx_word' id='word_1_674' title='bbox 2215 4148 2524 4219; x_wconf 64' lang='lat' dir='ltr'><strong>Egyptum,</strong></span> <span class='ocrx_word' id='word_1_675' title='bbox 2556 4146 2725 4201; x_wconf 83' lang='lat' dir='ltr'><strong>Rubri</strong></span> <span class='ocrx_word' id='word_1_676' title='bbox 2771 4146 2935 4200; x_wconf 89' lang='lat' dir='ltr'><strong>maris</strong></span> <span class='ocrx_word' id='word_1_677' title='bbox 2974 4144 3172 4201; x_wconf 82' lang='lat' dir='ltr'><strong>ﬂuenta</strong></span> <span class='ocrx_word' id='word_1_678' title='bbox 3228 4146 3590 4210; x_wconf 85' lang='lat' dir='ltr'><strong>transcendit,</strong></span> <span class='ocrx_word' id='word_1_679' title='bbox 3621 4154 3677 4200; x_wconf 87' lang='lat' dir='ltr'><strong>et</strong></span> <span class='ocrx_word' id='word_1_680' title='bbox 3708 4162 3808 4199; x_wconf 85' lang='lat' dir='ltr'><strong>nos</strong></span> 
     </span>
    </p>
   </div>
   <div class='ocr_carea' id='block_1_73' title="bbox 520 4211 3801 4310">
    <p class='ocr_par' dir='ltr' id='par_1_73' title="bbox 520 4211 3801 4310">
     <span class='ocr_line' id='line_1_76' title="bbox 520 4211 3801 4310; baseline 0.006 -41"><span class='ocrx_word' id='word_1_681' title='bbox 520 4211 752 4282; x_wconf 74' lang='lat' dir='ltr'><strong>venisse,</strong></span> <span class='ocrx_word' id='word_1_682' title='bbox 784 4222 1039 4310; x_wconf 83' lang='lat' dir='ltr'><strong>tantoque</strong></span> <span class='ocrx_word' id='word_1_683' title='bbox 1065 4217 1091 4256; x_wconf 75' lang='grc' dir='ltr'>ἀ</span> <span class='ocrx_word' id='word_1_684' title='bbox 1127 4219 1273 4275; x_wconf 90' lang='lat' dir='ltr'><strong>illum</strong></span> <span class='ocrx_word' id='word_1_685' title='bbox 1297 4227 1598 4293; x_wconf 84' lang='lat' dir='ltr'><strong>temporum</strong></span> <span class='ocrx_word' id='word_1_686' title='bbox 1629 4241 1852 4284; x_wconf 89' lang='lat' dir='ltr'><strong>numero</strong></span> <span class='ocrx_word' id='word_1_687' title='bbox 1873 4229 2102 4300; x_wconf 90' lang='lat' dir='ltr'><strong>potitum</strong></span> <span class='ocrx_word' id='word_1_688' title='bbox 2131 4228 2181 4290; x_wconf 83' lang='lat' dir='ltr'><strong><em>C</em></strong></span> <span class='ocrx_word' id='word_1_689' title='bbox 2208 4211 2489 4310; x_wconf 64' lang='lat' dir='ltr'><strong>qudquein</strong></span> <span class='ocrx_word' id='word_1_690' title='bbox 2516 4239 2634 4308; x_wconf 91' lang='lat' dir='ltr'><strong>ipso</strong></span> <span class='ocrx_word' id='word_1_691' title='bbox 2650 4253 2876 4294; x_wconf 90' lang='lat' dir='ltr'><strong>numero</strong></span> <span class='ocrx_word' id='word_1_692' title='bbox 2901 4238 3269 4308; x_wconf 88' lang='lat' dir='ltr'><strong>relinquentes</strong></span> <span class='ocrx_word' id='word_1_693' title='bbox 3290 4238 3471 4293; x_wconf 89' lang='lat' dir='ltr'><strong>mundi</strong></span> <span class='ocrx_word' id='word_1_694' title='bbox 3487 4237 3801 4308; x_wconf 61' lang='lat' dir='ltr'><strong>Egyptnm,</strong></span> 
     </span>
    </p>
   </div>
   <div class='ocr_carea' id='block_1_74' title="bbox 521 4309 2103 4384">
    <p class='ocr_par' dir='ltr' id='par_1_74' title="bbox 521 4309 2103 4384">
     <span class='ocr_line' id='line_1_77' title="bbox 521 4309 2103 4384; baseline 0.011 -23"><span class='ocrx_word' id='word_1_695' title='bbox 521 4321 638 4363; x_wconf 80' lang='lat' dir='ltr'><strong>esse</strong></span> <span class='ocrx_word' id='word_1_696' title='bbox 658 4309 954 4378; x_wconf 89' lang='lat' dir='ltr'><strong>promissis,</strong></span> <span class='ocrx_word' id='word_1_697' title='bbox 978 4319 1178 4381; x_wconf 88' lang='lat' dir='ltr'><strong>quanto</strong></span> <span class='ocrx_word' id='word_1_698' title='bbox 1203 4322 1258 4367; x_wconf 87' lang='lat' dir='ltr'><strong>et</strong></span> <span class='ocrx_word' id='word_1_699' title='bbox 1286 4329 1384 4370; x_wconf 91' lang='lat' dir='ltr'><strong>nos</strong></span> <span class='ocrx_word' id='word_1_700' title='bbox 1413 4317 1690 4384; x_wconf 88' lang='lat' dir='ltr'><strong>promissis</strong></span> <span class='ocrx_word' id='word_1_701' title='bbox 1735 4320 1890 4377; x_wconf 89' lang='lat' dir='ltr'><strong>nobis</strong></span> <span class='ocrx_word' id='word_1_702' title='bbox 1918 4338 1948 4376; x_wconf 91' lang='lat' dir='ltr'><strong>a</strong></span> <span class='ocrx_word' id='word_1_703' title='bbox 1982 4323 2103 4379; x_wconf 86' lang='lat' dir='ltr'><strong>Sal-</strong></span> 
     </span>
    </p>
   </div>
   <div class='ocr_carea' id='block_1_75' title="bbox 522 4400 2104 4483">
    <p class='ocr_par' dir='ltr' id='par_1_75' title="bbox 522 4400 2104 4483">
     <span class='ocr_line' id='line_1_78' title="bbox 522 4400 2104 4483; baseline 0.013 -32"><span class='ocrx_word' id='word_1_704' title='bbox 522 4406 705 4454; x_wconf 85' lang='lat' dir='ltr'><strong>vatore</strong></span> <span class='ocrx_word' id='word_1_705' title='bbox 733 4400 932 4470; x_wconf 80' lang='lat' dir='ltr'><strong>perfrui</strong></span> <span class='ocrx_word' id='word_1_706' title='bbox 958 4404 1308 4472; x_wconf 88' lang='lat' dir='ltr'><strong>gratulamur.</strong></span> <span class='ocrx_word' id='word_1_707' title='bbox 1337 4406 1559 4473; x_wconf 89' lang='lat' dir='ltr'><strong>Eodem,</strong></span> <span class='ocrx_word' id='word_1_708' title='bbox 1611 4413 1849 4483; x_wconf 86' lang='lat' dir='ltr'><strong>inquam,</strong></span> <span class='ocrx_word' id='word_1_709' title='bbox 1881 4430 2104 4471; x_wconf 90' lang='lat' dir='ltr'><strong>numero</strong></span> 
     </span>
    </p>
   </div>
   <div class='ocr_carea' id='block_1_76' title="bbox 521 4490 2107 4578">
    <p class='ocr_par' dir='ltr' id='par_1_76' title="bbox 521 4490 2107 4578">
     <span class='ocr_line' id='line_1_79' title="bbox 521 4490 2107 4578; baseline 0.012 -32"><span class='ocrx_word' id='word_1_710' title='bbox 521 4490 730 4564; x_wconf 79' lang='lat' dir='ltr'><strong>Moyses</strong></span> <span class='ocrx_word' id='word_1_711' title='bbox 757 4509 855 4563; x_wconf 89' lang='lat' dir='ltr'><strong>per</strong></span> <span class='ocrx_word' id='word_1_712' title='bbox 898 4495 1205 4551; x_wconf 83' lang='lat' dir='ltr'><strong>mansiones</strong></span> <span class='ocrx_word' id='word_1_713' title='bbox 1232 4500 1477 4568; x_wconf 85' lang='lat' dir='ltr'><strong>pervenit</strong></span> <span class='ocrx_word' id='word_1_714' title='bbox 1526 4502 1592 4556; x_wconf 89' lang='lat' dir='ltr'><strong>ad</strong></span> <span class='ocrx_word' id='word_1_715' title='bbox 1623 4505 1882 4573; x_wconf 86' lang='lat' dir='ltr'><strong>requiem,</strong></span> <span class='ocrx_word' id='word_1_716' title='bbox 1914 4524 2023 4578; x_wconf 81' lang='lat' dir='ltr'><strong>quo</strong></span> <span class='ocrx_word' id='word_1_717' title='bbox 2051 4518 2107 4565; x_wconf 91' lang='lat' dir='ltr'><strong>ct</strong></span> 
     </span>
    </p>
   </div>
   <div class='ocr_carea' id='block_1_77' title="bbox 520 4584 2104 4666">
    <p class='ocr_par' dir='ltr' id='par_1_77' title="bbox 520 4584 2104 4666">
     <span class='ocr_line' id='line_1_80' title="bbox 520 4584 2104 4666; baseline 0.012 -29"><span class='ocrx_word' id='word_1_718' title='bbox 520 4599 618 4637; x_wconf 90' lang='lat' dir='ltr'><strong>nos</strong></span> <span class='ocrx_word' id='word_1_719' title='bbox 640 4600 736 4654; x_wconf 91' lang='lat' dir='ltr'><strong>per</strong></span> <span class='ocrx_word' id='word_1_720' title='bbox 757 4584 961 4654; x_wconf 89' lang='lat' dir='ltr'><strong>jejunia</strong></span> <span class='ocrx_word' id='word_1_721' title='bbox 996 4602 1349 4657; x_wconf 87' lang='lat' dir='ltr'><strong>properamus</strong></span> <span class='ocrx_word' id='word_1_722' title='bbox 1371 4590 1437 4647; x_wconf 85' lang='lat' dir='ltr'><strong>ad</strong></span> <span class='ocrx_word' id='word_1_723' title='bbox 1471 4595 1685 4649; x_wconf 71' lang='lat' dir='ltr'><strong>omium.</strong></span> <span class='ocrx_word' id='word_1_724' title='bbox 1721 4594 1930 4666; x_wconf 80' lang='lat' dir='ltr'><strong>Jejunia</strong></span> <span class='ocrx_word' id='word_1_725' title='bbox 1961 4601 2104 4656; x_wconf 91' lang='lat' dir='ltr'><strong>enim</strong></span> 
     </span>
    </p>
   </div>
   <div class='ocr_carea' id='block_1_78' title="bbox 518 4677 2103 4762">
    <p class='ocr_par' dir='ltr' id='par_1_78' title="bbox 518 4677 2103 4762">
     <span class='ocr_line' id='line_1_81' title="bbox 518 4677 2103 4762; baseline 0.014 -36"><span class='ocrx_word' id='word_1_726' title='bbox 518 4684 699 4729; x_wconf 88' lang='lat' dir='ltr'><strong>nostra</strong></span> <span class='ocrx_word' id='word_1_727' title='bbox 730 4677 1036 4731; x_wconf 85' lang='lat' dir='ltr'><strong>mansiones</strong></span> <span class='ocrx_word' id='word_1_728' title='bbox 1067 4678 1311 4746; x_wconf 60' lang='lat' dir='ltr'><strong>quasdam</strong></span> <span class='ocrx_word' id='word_1_729' title='bbox 1353 4691 1505 4747; x_wconf 90' lang='lat' dir='ltr'><strong>sunt,</strong></span> <span class='ocrx_word' id='word_1_730' title='bbox 1536 4700 1635 4755; x_wconf 86' lang='lat' dir='ltr'><strong>per</strong></span> <span class='ocrx_word' id='word_1_731' title='bbox 1667 4703 1788 4758; x_wconf 64' lang='lat' dir='ltr'><strong>quae</strong></span> <span class='ocrx_word' id='word_1_732' title='bbox 1815 4690 1920 4746; x_wconf 87' lang='lat' dir='ltr'><strong>iter</strong></span> <span class='ocrx_word' id='word_1_733' title='bbox 1945 4692 2103 4762; x_wconf 89' lang='lat' dir='ltr'><strong>spiri-</strong></span> 
     </span>
    </p>
   </div>
   <div class='ocr_carea' id='block_1_79' title="bbox 519 4764 2106 4849">
    <p class='ocr_par' dir='ltr' id='par_1_79' title="bbox 519 4764 2106 4849">
     <span class='ocr_line' id='line_1_82' title="bbox 519 4764 2106 4849; baseline 0.014 -32"><span class='ocrx_word' id='word_1_734' title='bbox 519 4765 737 4819; x_wconf 90' lang='lat' dir='ltr'><strong>tuaiiter</strong></span> <span class='ocrx_word' id='word_1_735' title='bbox 775 4764 1030 4823; x_wconf 83' lang='lat' dir='ltr'><strong>facientes</strong></span> <span class='ocrx_word' id='word_1_736' title='bbox 1080 4769 1272 4825; x_wconf 85' lang='lat' dir='ltr'><strong>animae</strong></span> <span class='ocrx_word' id='word_1_737' title='bbox 1312 4770 1598 4829; x_wconf 85' lang='lat' dir='ltr'><strong>virtutibus</strong></span> <span class='ocrx_word' id='word_1_738' title='bbox 1643 4779 1999 4849; x_wconf 88' lang='lat' dir='ltr'><strong>ambulamus,</strong></span> <span class='ocrx_word' id='word_1_739' title='bbox 2049 4791 2106 4838; x_wconf 89' lang='lat' dir='ltr'><strong>et</strong></span> 
     </span>
    </p>
   </div>
   <div class='ocr_carea' id='block_1_80' title="bbox 518 4855 2104 4930">
    <p class='ocr_par' dir='ltr' id='par_1_80' title="bbox 518 4855 2104 4930">
     <span class='ocr_line' id='line_1_83' title="bbox 518 4855 2104 4930; baseline 0.013 -22"><span class='ocrx_word' id='word_1_740' title='bbox 518 4855 710 4911; x_wconf 88' lang='lat' dir='ltr'><strong>diurno</strong></span> <span class='ocrx_word' id='word_1_741' title='bbox 740 4856 979 4927; x_wconf 87' lang='lat' dir='ltr'><strong>profectu</strong></span> <span class='ocrx_word' id='word_1_742' title='bbox 1001 4861 1336 4930; x_wconf 74' lang='lat' dir='ltr'><strong>rcpromissm</strong></span> <span class='ocrx_word' id='word_1_743' title='bbox 1353 4864 1507 4917; x_wconf 89' lang='lat' dir='ltr'><strong>nobis</strong></span> <span class='ocrx_word' id='word_1_744' title='bbox 1536 4874 1691 4922; x_wconf 60' lang='lat' dir='ltr'><strong>terra:</strong></span> <span class='ocrx_word' id='word_1_745' title='bbox 1710 4869 1996 4928; x_wconf 84' lang='lat' dir='ltr'><strong>viciniores</strong></span> <span class='ocrx_word' id='word_1_746' title='bbox 2023 4874 2104 4928; x_wconf 77' lang='lat' dir='ltr'><strong>ef-</strong></span> 
     </span>
    </p>
   </div>
   <div class='ocr_carea' id='block_1_81' title="bbox 560 4985 2103 5069">
    <p class='ocr_par' dir='ltr' id='par_1_81' title="bbox 560 4985 2103 5069">
     <span class='ocr_line' id='line_1_84' title="bbox 560 4985 2103 5069; baseline 0.015 -32"><span class='ocrx_word' id='word_1_747' title='bbox 560 4996 615 5063; x_wconf 26' lang='lat' dir='ltr'><strong>‘n</strong></span> <span class='ocrx_word' id='word_1_748' title='bbox 657 4985 791 5043; x_wconf 84' lang='lat' dir='ltr'><strong>Cod.</strong></span> <span class='ocrx_word' id='word_1_749' title='bbox 837 4988 905 5042; x_wconf 92' lang='lat'><strong>99</strong></span> <span class='ocrx_word' id='word_1_750' title='bbox 951 4991 1006 5047; x_wconf 85' lang='lat' dir='ltr'><strong>S.</strong></span> <span class='ocrx_word' id='word_1_751' title='bbox 1051 4992 1239 5050; x_wconf 89' lang='lat' dir='ltr'><strong>Crucis</strong></span> <span class='ocrx_word' id='word_1_752' title='bbox 1285 4995 1338 5050; x_wconf 91' lang='lat' dir='ltr'><strong>in</strong></span> <span class='ocrx_word' id='word_1_753' title='bbox 1387 4994 1497 5052; x_wconf 81' lang='lat' dir='ltr'><strong>Jcr.</strong></span> <span class='ocrx_word' id='word_1_754' title='bbox 1530 4998 1660 5069; x_wconf 86' lang='lat' dir='ltr'><strong>legit</strong></span> <span class='ocrx_word' id='word_1_755' title='bbox 1699 5016 1790 5055; x_wconf 81' lang='lat' dir='ltr'><strong>cur</strong></span> <span class='ocrx_word' id='word_1_756' title='bbox 1838 5011 2103 5059; x_wconf 84' lang='lat' dir='ltr'><strong>tantorum</strong></span> 
     </span>
    </p>
   </div>
   <div class='ocr_carea' id='block_1_82' title="bbox 520 5054 964 5113">
    <p class='ocr_par' dir='ltr' id='par_1_82' title="bbox 520 5054 964 5113">
     <span class='ocr_line' id='line_1_85' title="bbox 520 5054 964 5113; baseline 0.016 -7"><span class='ocrx_word' id='word_1_757' title='bbox 520 5054 716 5108; x_wconf 69' lang='lat' dir='ltr'><strong>dierum</strong></span> <span class='ocrx_word' id='word_1_758' title='bbox 738 5074 964 5113; x_wconf 81' lang='lat' dir='ltr'><strong>numero.</strong></span> 
     </span>
    </p>
   </div>
   <div class='ocr_carea' id='block_1_83' title="bbox 593 5123 1927 5210">
    <p class='ocr_par' dir='ltr' id='par_1_83' title="bbox 593 5123 1927 5210">
     <span class='ocr_line' id='line_1_86' title="bbox 593 5123 1927 5210; baseline 0.016 -35"><span class='ocrx_word' id='word_1_759' title='bbox 593 5125 616 5210; x_wconf 56' lang='grc'><strong>[³</strong></span> <span class='ocrx_word' id='word_1_760' title='bbox 656 5123 790 5210; x_wconf 58' lang='lat' dir='ltr'><strong>90d.</strong></span> <span class='ocrx_word' id='word_1_761' title='bbox 817 5127 1126 5210; x_wconf 43' lang='grc' dir='ltr'><strong>Χξιῑλὶζϋὸ,</strong></span> <span class='ocrx_word' id='word_1_762' title='bbox 1156 5146 1211 5210; x_wconf 76' lang='lat' dir='ltr'><strong>at</strong></span> <span class='ocrx_word' id='word_1_763' title='bbox 1232 5137 1278 5210; x_wconf 77' lang='lat' dir='ltr'><strong>si</strong></span> <span class='ocrx_word' id='word_1_764' title='bbox 1304 5139 1568 5210; x_wconf 75' lang='lat' dir='ltr'><strong>quisquam</strong></span> <span class='ocrx_word' id='word_1_765' title='bbox 1600 5157 1755 5195; x_wconf 84' lang='lat' dir='ltr'><strong>unum</strong></span> <span class='ocrx_word' id='word_1_766' title='bbox 1777 5142 1927 5197; x_wconf 83' lang='lat' dir='ltr'><strong>diem.</strong></span> 
     </span>
    </p>
   </div>
   <div class='ocr_carea' id='block_1_84' title="bbox 590 5193 2099 5280">
    <p class='ocr_par' dir='ltr' id='par_1_84' title="bbox 590 5193 2099 5280">
     <span class='ocr_line' id='line_1_87' title="bbox 590 5193 2099 5280; baseline 0.014 -33"><span class='ocrx_word' id='word_1_767' title='bbox 590 5205 613 5280; x_wconf 64' lang='grc' dir='ltr'><strong>ξ</strong></span> <span class='ocrx_word' id='word_1_768' title='bbox 654 5193 788 5280; x_wconf 62' lang='lat' dir='ltr'><strong>god.</strong></span> <span class='ocrx_word' id='word_1_769' title='bbox 816 5193 1201 5280; x_wconf 26' lang='lat' dir='ltr'><strong>‘gnt&#39;ucis</strong></span> <span class='ocrx_word' id='word_1_770' title='bbox 1242 5206 1294 5261; x_wconf 89' lang='lat' dir='ltr'><strong>in</strong></span> <span class='ocrx_word' id='word_1_771' title='bbox 1316 5193 1443 5263; x_wconf 50' lang='lat' dir='ltr'><strong>&#39;Jer:</strong></span> <span class='ocrx_word' id='word_1_772' title='bbox 1478 5193 1625 5266; x_wconf 83' lang='lat' dir='ltr'><strong>addit</strong></span> <span class='ocrx_word' id='word_1_773' title='bbox 1656 5193 1995 5280; x_wconf 78' lang='lat' dir='ltr'><strong>particulam</strong></span> <span class='ocrx_word' id='word_1_774' title='bbox 2030 5224 2099 5269; x_wconf 86' lang='lat' dir='ltr'><strong>et.</strong></span> 
     </span>
    </p>
   </div>
   <div class='ocr_carea' id='block_1_85' title="bbox 588 5262 2098 5403">
    <p class='ocr_par' dir='ltr' id='par_1_85' title="bbox 588 5262 2098 5403">
     <span class='ocr_line' id='line_1_88' title="bbox 588 5262 2098 5349; baseline 0.012 -29"><span class='ocrx_word' id='word_1_775' title='bbox 588 5262 613 5302; x_wconf 68' lang='grc' dir='ltr'>ά</span> <span class='ocrx_word' id='word_1_776' title='bbox 655 5263 790 5321; x_wconf 89' lang='lat' dir='ltr'><strong>Cod.</strong></span> <span class='ocrx_word' id='word_1_777' title='bbox 823 5265 941 5321; x_wconf 83' lang='lat' dir='ltr'><strong>Vat.</strong></span> <span class='ocrx_word' id='word_1_778' title='bbox 977 5268 1132 5337; x_wconf 71' lang='lat'><strong>19.68,</strong></span> <span class='ocrx_word' id='word_1_779' title='bbox 1156 5284 1300 5331; x_wconf 83' lang='lat' dir='ltr'><strong>tanto</strong></span> <span class='ocrx_word' id='word_1_780' title='bbox 1339 5262 1400 5332; x_wconf 81' lang='lat' dir='ltr'><strong>ue</strong></span> <span class='ocrx_word' id='word_1_781' title='bbox 1427 5262 1529 5335; x_wconf 11' lang='lat' dir='ltr'><strong>illo,</strong></span> 
     </span>
     <span class='ocr_line' id='line_1_89' title="bbox 592 5296 2098 5403; baseline 0.011 -15"><span class='ocrx_word' id='word_1_782' title='bbox 592 5346 615 5374; x_wconf 80' lang='lat'><strong><em>°</em></strong></span> <span class='ocrx_word' id='word_1_783' title='bbox 637 5333 806 5390; x_wconf 86' lang='lat' dir='ltr'><strong>Codd.</strong></span> <span class='ocrx_word' id='word_1_784' title='bbox 833 5336 953 5391; x_wconf 83' lang='lat' dir='ltr'><strong>Vat.</strong></span> <span class='ocrx_word' id='word_1_785' title='bbox 980 5338 1117 5394; x_wconf 70' lang='grc'><strong>1268</strong></span> <span class='ocrx_word' id='word_1_786' title='bbox 1133 5352 1187 5398; x_wconf 90' lang='lat' dir='ltr'><strong>et</strong></span> <span class='ocrx_word' id='word_1_787' title='bbox 1207 5344 1275 5398; x_wconf 88' lang='lat'><strong>99</strong></span> <span class='ocrx_word' id='word_1_788' title='bbox 1375 5348 1560 5403; x_wconf 79' lang='lat' dir='ltr'><strong>Crucis</strong></span> <span class='ocrx_word' id='word_1_789' title='bbox 1582 5352 1633 5403; x_wconf 92' lang='lat' dir='ltr'><strong>in</strong></span> <span class='ocrx_word' id='word_1_790' title='bbox 1653 5351 1788 5403; x_wconf 85' lang='lat' dir='ltr'><strong>.ler..</strong></span> <span class='ocrx_word' id='word_1_791' title='bbox 1819 5369 1911 5403; x_wconf 84' lang='lat' dir='ltr'><strong>ner</strong></span> <span class='ocrx_word' id='word_1_792' title='bbox 1930 5356 2098 5403; x_wconf 78' lang='lat' dir='ltr'><strong>inces-</strong></span> 
     </span>
    </p>
   </div>
   <div class='ocr_carea' id='block_1_86' title="bbox 516 5333 2102 5475">
    <p class='ocr_par' dir='ltr' id='par_1_86' title="bbox 516 5333 2102 5475">
     <span class='ocr_line' id='line_1_90' title="bbox 592 5333 2102 5425; baseline 0.013 -38"><span class='ocrx_word' id='word_1_793' title='bbox 592 5346 615 5374; x_wconf 76' lang='lat' dir='ltr'><strong>e</strong></span> <span class='ocrx_word' id='word_1_794' title='bbox 637 5333 806 5390; x_wconf 88' lang='lat' dir='ltr'><strong>Codd.</strong></span> <span class='ocrx_word' id='word_1_795' title='bbox 833 5336 953 5420; x_wconf 75' lang='lat' dir='ltr'><strong>vat.</strong></span> <span class='ocrx_word' id='word_1_796' title='bbox 980 5333 1187 5398; x_wconf 69' lang='lat' dir='ltr'><strong>1268a</strong></span> <span class='ocrx_word' id='word_1_797' title='bbox 1207 5344 1275 5398; x_wconf 88' lang='lat'><strong>99</strong></span> <span class='ocrx_word' id='word_1_798' title='bbox 1295 5333 1351 5403; x_wconf 82' lang='lat' dir='ltr'><strong>s.</strong></span> <span class='ocrx_word' id='word_1_799' title='bbox 1375 5333 1562 5408; x_wconf 62' lang='lat' dir='ltr'><strong>emas</strong></span> <span class='ocrx_word' id='word_1_800' title='bbox 1578 5333 1633 5405; x_wconf 80' lang='lat' dir='ltr'><strong>in</strong></span> <span class='ocrx_word' id='word_1_801' title='bbox 1653 5333 2102 5425; x_wconf 37' lang='lat' dir='ltr'><strong>missi-3.118;;</strong></span> 
     </span>
     <span class='ocr_line' id='line_1_91' title="bbox 516 5420 1009 5475; baseline 0 -13"><span class='ocrx_word' id='word_1_802' title='bbox 516 5423 603 5462; x_wconf 83' lang='lat' dir='ltr'><strong>sus</strong></span> <span class='ocrx_word' id='word_1_803' title='bbox 630 5420 729 5475; x_wconf 77' lang='lat' dir='ltr'><strong>pro</strong></span> <span class='ocrx_word' id='word_1_804' title='bbox 757 5422 1009 5475; x_wconf 76' lang='lat' dir='ltr'><strong>permees.</strong></span> 
     </span>
    </p>
   </div>
   <div class='ocr_carea' id='block_1_87' title="bbox 592 5474 2106 5565">
    <p class='ocr_par' dir='ltr' id='par_1_87' title="bbox 592 5474 2106 5565">
     <span class='ocr_line' id='line_1_92' title="bbox 592 5474 2106 5565; baseline 0.014 -37"><span class='ocrx_word' id='word_1_805' title='bbox 592 5475 612 5515; x_wconf 72' lang='grc' dir='ltr'>ί</span> <span class='ocrx_word' id='word_1_806' title='bbox 636 5474 838 5565; x_wconf 69' lang='lat' dir='ltr'><strong>Codex</strong></span> <span class='ocrx_word' id='word_1_807' title='bbox 870 5476 964 5565; x_wconf 64' lang='lat'><strong>99,</strong></span> <span class='ocrx_word' id='word_1_808' title='bbox 989 5480 1123 5565; x_wconf 63' lang='lat' dir='ltr'><strong>dixit</strong></span> <span class='ocrx_word' id='word_1_809' title='bbox 1151 5483 1424 5565; x_wconf 57' lang='lat' dir='ltr'><strong>dpostotus</strong></span> <span class='ocrx_word' id='word_1_810' title='bbox 1454 5507 1471 5544; x_wconf 93' lang='lat'><em>:</em></span> <span class='ocrx_word' id='word_1_811' title='bbox 1509 5490 1989 5565; x_wconf 63' lang='lat' dir='ltr'><strong>Euangelizantium</strong></span> <span class='ocrx_word' id='word_1_812' title='bbox 2014 5511 2106 5565; x_wconf 85' lang='lat' dir='ltr'><strong>pa-</strong></span> 
     </span>
    </p>
   </div>
   <div class='ocr_carea' id='block_1_88' title="bbox 516 5547 1790 5631">
    <p class='ocr_par' dir='ltr' id='par_1_88' title="bbox 516 5547 1790 5631">
     <span class='ocr_line' id='line_1_93' title="bbox 516 5547 1790 5631; baseline 0.013 -30"><span class='ocrx_word' id='word_1_813' title='bbox 516 5547 1319 5631; x_wconf 41' lang='lat' dir='ltr'><strong>cem,nevt_zugeiizantiumnbomr.</strong></span> <span class='ocrx_word' id='word_1_814' title='bbox 1344 5558 1421 5612; x_wconf 89' lang='lat' dir='ltr'><strong>Ita</strong></span> <span class='ocrx_word' id='word_1_815' title='bbox 1450 5571 1503 5614; x_wconf 87' lang='lat' dir='ltr'><strong>et</strong></span> <span class='ocrx_word' id='word_1_816' title='bbox 1525 5547 1790 5618; x_wconf 57' lang='lat' dir='ltr'><strong>cod.&quot;Vat.</strong></span> 
     </span>
    </p>
   </div>
   <div class='ocr_carea' id='block_1_89' title="bbox 589 5615 2097 5707">
    <p class='ocr_par' dir='ltr' id='par_1_89' title="bbox 589 5615 2097 5707">
     <span class='ocr_line' id='line_1_94' title="bbox 589 5615 2097 5707; baseline 0.013 -39"><span class='ocrx_word' id='word_1_817' title='bbox 589 5615 1064 5707; x_wconf 16' lang='lat' dir='ltr'><strong>8.93Aodeu‘1’itlicod.</strong></span> <span class='ocrx_word' id='word_1_818' title='bbox 1099 5620 1167 5676; x_wconf 89' lang='lat'><strong>99</strong></span> <span class='ocrx_word' id='word_1_819' title='bbox 1205 5625 1417 5707; x_wconf 77' lang='lat' dir='ltr'><strong>legitur,</strong></span> <span class='ocrx_word' id='word_1_820' title='bbox 1450 5647 1622 5707; x_wconf 73' lang='lat' dir='ltr'><strong>eorum</strong></span> <span class='ocrx_word' id='word_1_821' title='bbox 1666 5615 1862 5707; x_wconf 63' lang='lat' dir='ltr'><strong>quoque</strong></span> <span class='ocrx_word' id='word_1_822' title='bbox 1899 5634 2097 5691; x_wconf 83' lang='lat' dir='ltr'><strong>dierum</strong></span> 
     </span>
    </p>
   </div>
   <div class='ocr_carea' id='block_1_90' title="bbox 517 5687 1994 5768">
    <p class='ocr_par' dir='ltr' id='par_1_90' title="bbox 517 5687 1994 5768">
     <span class='ocr_line' id='line_1_95' title="bbox 517 5687 1994 5768; baseline 0.012 -25"><span class='ocrx_word' id='word_1_823' title='bbox 517 5688 786 5768; x_wconf 66' lang='lat' dir='ltr'><strong>ntrriculo.</strong></span> <span class='ocrx_word' id='word_1_824' title='bbox 807 5687 943 5768; x_wconf 83' lang='lat' dir='ltr'><strong>_Vat.</strong></span> <span class='ocrx_word' id='word_1_825' title='bbox 972 5706 1122 5768; x_wconf 65' lang='lat' dir='ltr'><strong>vero,</strong></span> <span class='ocrx_word' id='word_1_826' title='bbox 1136 5687 1321 5768; x_wconf 59' lang='lat' dir='ltr'><strong>eodem</strong></span> <span class='ocrx_word' id='word_1_827' title='bbox 1340 5687 1534 5768; x_wconf 80' lang='lat' dir='ltr'><strong>quoque</strong></span> <span class='ocrx_word' id='word_1_828' title='bbox 1557 5687 1755 5758; x_wconf 73' lang='lat' dir='ltr'><strong>dierum</strong></span> <span class='ocrx_word' id='word_1_829' title='bbox 1772 5687 1994 5761; x_wconf 64' lang='lat' dir='ltr'><strong>1circulo.</strong></span> 
     </span>
    </p>
   </div>
   <div class='ocr_carea' id='block_1_91' title="bbox 587 5759 2094 5847">
    <p class='ocr_par' dir='ltr' id='par_1_91' title="bbox 587 5759 2094 5847">
     <span class='ocr_line' id='line_1_96' title="bbox 587 5759 2094 5847; baseline 0.012 -33"><span class='ocrx_word' id='word_1_830' title='bbox 587 5762 613 5797; x_wconf 61' lang='grc' dir='ltr'><strong><em>υ</em></strong></span> <span class='ocrx_word' id='word_1_831' title='bbox 639 5759 695 5815; x_wconf 84' lang='lat' dir='ltr'><strong>In</strong></span> <span class='ocrx_word' id='word_1_832' title='bbox 723 5759 914 5817; x_wconf 88' lang='lat' dir='ltr'><strong>eodem</strong></span> <span class='ocrx_word' id='word_1_833' title='bbox 945 5764 1060 5818; x_wconf 81' lang='lat' dir='ltr'><strong>cod.</strong></span> <span class='ocrx_word' id='word_1_834' title='bbox 1097 5764 1181 5829; x_wconf 88' lang='lat'><strong>99,</strong></span> <span class='ocrx_word' id='word_1_835' title='bbox 1202 5766 1307 5820; x_wconf 80' lang='lat' dir='ltr'><strong>illic</strong></span> <span class='ocrx_word' id='word_1_836' title='bbox 1328 5759 1614 5835; x_wconf 69' lang='lat' dir='ltr'><strong>introeunte</strong></span> <span class='ocrx_word' id='word_1_837' title='bbox 1637 5759 1927 5830; x_wconf 76' lang='lat' dir='ltr'><strong>Israelitica</strong></span> <span class='ocrx_word' id='word_1_838' title='bbox 1952 5759 2094 5847; x_wconf 66' lang='lat' dir='ltr'><strong>plebe</strong></span> 
     </span>
    </p>
   </div>
   <div class='ocr_carea' id='block_1_92' title="bbox 793 5408 1009 5462">
    <p class='ocr_par' dir='ltr' id='par_1_92' title="bbox 793 5408 1009 5462">
     <span class='ocr_line' id='line_1_97' title="bbox 793 5408 1009 5462; baseline 0.009 -2"><span class='ocrx_word' id='word_1_839' title='bbox 793 5408 1009 5462; x_wconf 82' lang='lat' dir='ltr'><strong>emices.</strong></span> 
     </span>
    </p>
   </div>
   <div class='ocr_carea' id='block_1_93' title="bbox 590 5934 623 5955">
    <p class='ocr_par' dir='ltr' id='par_1_93' title="bbox 590 5934 623 5955">
     <span class='ocr_line' id='line_1_98' title="bbox 590 5934 623 5955; baseline 0 0"><span class='ocrx_word' id='word_1_840' title='bbox 590 5934 623 5955; x_wconf 60' lang='grc' dir='ltr'><strong>Δ</strong></span> 
     </span>
    </p>
   </div>
   <div class='ocr_carea' id='block_1_94' title="bbox 2206 4328 3806 4401">
    <p class='ocr_par' dir='ltr' id='par_1_94' title="bbox 2206 4328 3806 4401">
     <span class='ocr_line' id='line_1_99' title="bbox 2206 4328 3806 4401; baseline -0.003 -15"><span class='ocrx_word' id='word_1_841' title='bbox 2206 4328 2477 4399; x_wconf 78' lang='lat' dir='ltr'><strong>gehennae</strong></span> <span class='ocrx_word' id='word_1_842' title='bbox 2494 4328 2729 4384; x_wconf 90' lang='lat' dir='ltr'><strong>ardentis</strong></span> <span class='ocrx_word' id='word_1_843' title='bbox 2757 4330 2913 4401; x_wconf 76' lang='lat'><strong>116</strong></span> <span class='ocrx_word' id='word_1_844' title='bbox 2940 4338 3126 4399; x_wconf 82' lang='lat' dir='ltr'><strong>stagna</strong></span> <span class='ocrx_word' id='word_1_845' title='bbox 3151 4331 3461 4385; x_wconf 90' lang='lat' dir='ltr'><strong>transimus.</strong></span> <span class='ocrx_word' id='word_1_846' title='bbox 3498 4329 3513 4368; x_wconf 83' lang='grc' dir='ltr'>ι</span> <span class='ocrx_word' id='word_1_847' title='bbox 3548 4330 3656 4384; x_wconf 85' lang='lat' dir='ltr'><strong>Illis</strong></span> <span class='ocrx_word' id='word_1_848' title='bbox 3681 4329 3806 4384; x_wconf 40' lang='lat' dir='ltr'><strong>soli;</strong></span> 
     </span>
    </p>
   </div>
   <div class='ocr_carea' id='block_1_95' title="bbox 2206 4418 3804 4491">
    <p class='ocr_par' dir='ltr' id='par_1_95' title="bbox 2206 4418 3804 4491">
     <span class='ocr_line' id='line_1_100' title="bbox 2206 4418 3804 4491; baseline -0.001 -15"><span class='ocrx_word' id='word_1_849' title='bbox 2206 4422 2364 4476; x_wconf 89' lang='lat' dir='ltr'><strong>datur</strong></span> <span class='ocrx_word' id='word_1_850' title='bbox 2392 4434 2550 4491; x_wconf 88' lang='lat' dir='ltr'><strong>aqua,</strong></span> <span class='ocrx_word' id='word_1_851' title='bbox 2608 4420 2765 4474; x_wconf 88' lang='lat' dir='ltr'><strong>nobis</strong></span> <span class='ocrx_word' id='word_1_852' title='bbox 2808 4418 3107 4490; x_wconf 84' lang='lat' dir='ltr'><strong>refrigescit</strong></span> <span class='ocrx_word' id='word_1_853' title='bbox 3156 4420 3490 4486; x_wconf 91' lang='lat' dir='ltr'><strong>incendium;</strong></span> <span class='ocrx_word' id='word_1_854' title='bbox 3534 4429 3589 4475; x_wconf 92' lang='lat' dir='ltr'><strong>et</strong></span> <span class='ocrx_word' id='word_1_855' title='bbox 3611 4429 3804 4475; x_wconf 86' lang='lat' dir='ltr'><strong>contra</strong></span> 
     </span>
    </p>
   </div>
   <div class='ocr_carea' id='block_1_96' title="bbox 2208 4508 3804 4581">
    <p class='ocr_par' dir='ltr' id='par_1_96' title="bbox 2208 4508 3804 4581">
     <span class='ocr_line' id='line_1_101' title="bbox 2208 4508 3804 4581; baseline -0.002 -14"><span class='ocrx_word' id='word_1_856' title='bbox 2208 4522 2412 4567; x_wconf 66' lang='lat' dir='ltr'><strong>naturae</strong></span> <span class='ocrx_word' id='word_1_857' title='bbox 2435 4525 2588 4567; x_wconf 91' lang='lat' dir='ltr'><strong>usum</strong></span> <span class='ocrx_word' id='word_1_858' title='bbox 2615 4524 2716 4581; x_wconf 85' lang='lat' dir='ltr'><strong>per</strong></span> <span class='ocrx_word' id='word_1_859' title='bbox 2741 4518 2929 4565; x_wconf 80' lang='lat' dir='ltr'><strong>:estum</strong></span> <span class='ocrx_word' id='word_1_860' title='bbox 2974 4510 3212 4567; x_wconf 85' lang='lat' dir='ltr'><strong>siccatur</strong></span> <span class='ocrx_word' id='word_1_861' title='bbox 3247 4526 3424 4576; x_wconf 90' lang='lat' dir='ltr'><strong>mare,</strong></span> <span class='ocrx_word' id='word_1_862' title='bbox 3459 4525 3559 4581; x_wconf 90' lang='lat' dir='ltr'><strong>per</strong></span> <span class='ocrx_word' id='word_1_863' title='bbox 3597 4508 3804 4564; x_wconf 85' lang='lat' dir='ltr'><strong>fontem</strong></span> 
     </span>
    </p>
   </div>
   <div class='ocr_carea' id='block_1_97' title="bbox 2208 4605 3803 4678">
    <p class='ocr_par' dir='ltr' id='par_1_97' title="bbox 2208 4605 3803 4678">
     <span class='ocr_line' id='line_1_102' title="bbox 2208 4605 3803 4678; baseline -0.002 -15"><span class='ocrx_word' id='word_1_864' title='bbox 2208 4606 2455 4677; x_wconf 85' lang='lat' dir='ltr'><strong>baptismi</strong></span> <span class='ocrx_word' id='word_1_865' title='bbox 2503 4605 2749 4674; x_wconf 80' lang='lat' dir='ltr'><strong>gehenna</strong></span> <span class='ocrx_word' id='word_1_866' title='bbox 2796 4605 3046 4661; x_wconf 86' lang='lat' dir='ltr'><strong>mitescit.</strong></span> <span class='ocrx_word' id='word_1_867' title='bbox 3078 4605 3137 4660; x_wconf 91' lang='lat' dir='ltr'><strong>In</strong></span> <span class='ocrx_word' id='word_1_868' title='bbox 3170 4606 3293 4671; x_wconf 87' lang='lat' dir='ltr'><strong>hoc,</strong></span> <span class='ocrx_word' id='word_1_869' title='bbox 3321 4607 3538 4677; x_wconf 85' lang='lat' dir='ltr'><strong>inquam</strong></span> <span class='ocrx_word' id='word_1_870' title='bbox 3568 4605 3803 4678; x_wconf 78' lang='lat' dir='ltr'><strong>mystico</strong></span> 
     </span>
    </p>
   </div>
   <div class='ocr_carea' id='block_1_98' title="bbox 2208 4695 3804 4768">
    <p class='ocr_par' dir='ltr' id='par_1_98' title="bbox 2208 4695 3804 4768">
     <span class='ocr_line' id='line_1_103' title="bbox 2208 4695 3804 4768; baseline 0.002 -19"><span class='ocrx_word' id='word_1_871' title='bbox 2208 4711 2432 4751; x_wconf 90' lang='lat' dir='ltr'><strong>numero</strong></span> <span class='ocrx_word' id='word_1_872' title='bbox 2483 4696 2573 4750; x_wconf 88' lang='lat' dir='ltr'><strong>iilii</strong></span> <span class='ocrx_word' id='word_1_873' title='bbox 2625 4695 2788 4750; x_wconf 89' lang='lat' dir='ltr'><strong>Israel</strong></span> <span class='ocrx_word' id='word_1_874' title='bbox 2831 4696 3209 4766; x_wconf 84' lang='lat' dir='ltr'><strong>pervenientes</strong></span> <span class='ocrx_word' id='word_1_875' title='bbox 3249 4696 3316 4751; x_wconf 91' lang='lat' dir='ltr'><strong>ad</strong></span> <span class='ocrx_word' id='word_1_876' title='bbox 3353 4698 3646 4768; x_wconf 88' lang='lat' dir='ltr'><strong>myrrham,</strong></span> <span class='ocrx_word' id='word_1_877' title='bbox 3676 4712 3804 4752; x_wconf 86' lang='lat' dir='ltr'><strong>cum</strong></span> 
     </span>
    </p>
   </div>
   <div class='ocr_carea' id='block_1_99' title="bbox 2210 4786 3804 4860">
    <p class='ocr_par' dir='ltr' id='par_1_99' title="bbox 2210 4786 3804 4860">
     <span class='ocr_line' id='line_1_104' title="bbox 2210 4786 3804 4860; baseline 0.001 -20"><span class='ocrx_word' id='word_1_878' title='bbox 2210 4802 2319 4857; x_wconf 78' lang='lat' dir='ltr'><strong>prae</strong></span> <span class='ocrx_word' id='word_1_879' title='bbox 2339 4786 2694 4841; x_wconf 88' lang='lat' dir='ltr'><strong>amaritudine</strong></span> <span class='ocrx_word' id='word_1_880' title='bbox 2721 4801 2912 4856; x_wconf 87' lang='lat' dir='ltr'><strong>aquam</strong></span> <span class='ocrx_word' id='word_1_881' title='bbox 2935 4788 3152 4843; x_wconf 88' lang='lat' dir='ltr'><strong>haurire</strong></span> <span class='ocrx_word' id='word_1_882' title='bbox 3176 4805 3287 4844; x_wconf 92' lang='lat' dir='ltr'><strong>non</strong></span> <span class='ocrx_word' id='word_1_883' title='bbox 3309 4797 3527 4859; x_wconf 89' lang='lat' dir='ltr'><strong>possent</strong></span> <span class='ocrx_word' id='word_1_884' title='bbox 3544 4788 3804 4860; x_wconf 85' lang='lat' dir='ltr'><strong>(habebat</strong></span> 
     </span>
    </p>
   </div>
   <div class='ocr_carea' id='block_1_100' title="bbox 2212 4877 3803 4949">
    <p class='ocr_par' dir='ltr' id='par_1_100' title="bbox 2212 4877 3803 4949">
     <span class='ocr_line' id='line_1_105' title="bbox 2212 4877 3803 4949; baseline 0.002 -17"><span class='ocrx_word' id='word_1_885' title='bbox 2212 4877 2353 4932; x_wconf 92' lang='lat' dir='ltr'><strong>cnim</strong></span> <span class='ocrx_word' id='word_1_886' title='bbox 2384 4877 2505 4935; x_wconf 86' lang='lat' dir='ltr'><strong>fons</strong></span> <span class='ocrx_word' id='word_1_887' title='bbox 2532 4894 2746 4949; x_wconf 87' lang='lat' dir='ltr'><strong>aquam,</strong></span> <span class='ocrx_word' id='word_1_888' title='bbox 2778 4879 2872 4935; x_wconf 85' lang='lat' dir='ltr'><strong>sed</strong></span> <span class='ocrx_word' id='word_1_889' title='bbox 2893 4877 3225 4936; x_wconf 88' lang='lat' dir='ltr'><strong>dulcedinem</strong></span> <span class='ocrx_word' id='word_1_890' title='bbox 3250 4897 3356 4937; x_wconf 91' lang='lat' dir='ltr'><strong>non</strong></span> <span class='ocrx_word' id='word_1_891' title='bbox 3384 4880 3653 4947; x_wconf 86' lang='lat' dir='ltr'><strong>habebat;</strong></span> <span class='ocrx_word' id='word_1_892' title='bbox 3684 4889 3803 4937; x_wconf 86' lang='lat' dir='ltr'><strong>erat</strong></span> 
     </span>
    </p>
   </div>
   <div class='ocr_carea' id='block_1_101' title="bbox 2206 5009 2478 5080">
    <p class='ocr_par' dir='ltr' id='par_1_101' title="bbox 2206 5009 2478 5080">
     <span class='ocr_line' id='line_1_106' title="bbox 2206 5009 2478 5080; baseline 0.018 -20"><span class='ocrx_word' id='word_1_893' title='bbox 2206 5009 2261 5080; x_wconf 81' lang='lat' dir='ltr'><strong>iu</strong></span> <span class='ocrx_word' id='word_1_894' title='bbox 2318 5025 2478 5080; x_wconf 87' lang='lat' dir='ltr'><strong>aquas</strong></span> 
     </span>
    </p>
   </div>
   <div class='ocr_carea' id='block_1_102' title="bbox 2207 5078 2513 5139">
    <p class='ocr_par' dir='ltr' id='par_1_102' title="bbox 2207 5078 2513 5139">
     <span class='ocr_line' id='line_1_107' title="bbox 2207 5078 2513 5139; baseline 0.013 -9"><span class='ocrx_word' id='word_1_895' title='bbox 2207 5078 2376 5139; x_wconf 74' lang='lat' dir='ltr'><strong>dente.</strong></span> <span class='ocrx_word' id='word_1_896' title='bbox 2408 5090 2513 5135; x_wconf 89' lang='lat' dir='ltr'><strong>etc.</strong></span> 
     </span>
    </p>
   </div>
   <div class='ocr_carea' id='block_1_103' title="bbox 2285 5149 2984 5217">
    <p class='ocr_par' dir='ltr' id='par_1_103' title="bbox 2285 5149 2984 5217">
     <span class='ocr_line' id='line_1_108' title="bbox 2285 5149 2984 5217; baseline 0.009 -13"><span class='ocrx_word' id='word_1_897' title='bbox 2285 5151 2296 5185; x_wconf 71' lang='grc' dir='ltr'>ί</span> <span class='ocrx_word' id='word_1_898' title='bbox 2328 5149 2461 5206; x_wconf 88' lang='lat' dir='ltr'><strong>Cod.</strong></span> <span class='ocrx_word' id='word_1_899' title='bbox 2486 5152 2631 5217; x_wconf 66' lang='lat' dir='ltr'><strong>Van,</strong></span> <span class='ocrx_word' id='word_1_900' title='bbox 2655 5155 2984 5211; x_wconf 82' lang='lat' dir='ltr'><strong>convertitur.</strong></span> 
     </span>
    </p>
   </div>
   <div class='ocr_carea' id='block_1_104' title="bbox 2281 5219 3798 5343">
    <p class='ocr_par' dir='ltr' id='par_1_104' title="bbox 2281 5219 3798 5343">
     <span class='ocr_line' id='line_1_109' title="bbox 2281 5219 3798 5343; baseline 0.007 -72"><span class='ocrx_word' id='word_1_901' title='bbox 2281 5219 2460 5343; x_wconf 57' lang='lat' dir='ltr'><strong>lrgod.</strong></span> <span class='ocrx_word' id='word_1_902' title='bbox 2504 5221 2651 5288; x_wconf 59' lang='grc' dir='ltr'><strong>νειμ,</strong></span> <span class='ocrx_word' id='word_1_903' title='bbox 2704 5223 2768 5276; x_wconf 87' lang='lat' dir='ltr'><strong>de</strong></span> <span class='ocrx_word' id='word_1_904' title='bbox 2807 5241 2905 5294; x_wconf 83' lang='lat' dir='ltr'><strong>quo</strong></span> <span class='ocrx_word' id='word_1_905' title='bbox 2952 5241 3189 5297; x_wconf 76' lang='lat' dir='ltr'><strong>egressus</strong></span> <span class='ocrx_word' id='word_1_906' title='bbox 3235 5226 3435 5296; x_wconf 75' lang='lat' dir='ltr'><strong>fuerat,</strong></span> <span class='ocrx_word' id='word_1_907' title='bbox 3484 5225 3629 5279; x_wconf 83' lang='lat' dir='ltr'><strong>unda</strong></span> <span class='ocrx_word' id='word_1_908' title='bbox 3677 5240 3798 5297; x_wconf 53' lang='lat' dir='ltr'><strong>per</strong></span> 
     </span>
     <span class='ocr_line' id='line_1_110' title="bbox 2281 5309 2383 5343; baseline 0 0"><span class='ocrx_word' id='word_1_909' title='bbox 2281 5309 2289 5343; x_wconf 81' lang='lat' dir='ltr'><strong>l</strong></span> <span class='ocrx_word' id='word_1_910' title='bbox 2369 5331 2383 5343; x_wconf 83' lang='lat'><strong>.</strong></span> 
     </span>
    </p>
   </div>
   <div class='ocr_carea' id='block_1_105' title="bbox 2206 5306 3798 5433">
    <p class='ocr_par' dir='ltr' id='par_1_105' title="bbox 2206 5306 3798 5433">
     <span class='ocr_line' id='line_1_111' title="bbox 2240 5306 2383 5344; baseline 0.014 -2"><span class='ocrx_word' id='word_1_911' title='bbox 2240 5306 2269 5342; x_wconf 91' lang='lat' dir='ltr'><strong>u</strong></span> <span class='ocrx_word' id='word_1_912' title='bbox 2296 5306 2383 5344; x_wconf 72' lang='grc' dir='ltr'><strong>νη.</strong></span> 
     </span>
     <span class='ocr_line' id='line_1_112' title="bbox 2206 5307 3798 5433; baseline 0.002 -20"><span class='ocrx_word' id='word_1_913' title='bbox 2206 5307 2242 5433; x_wconf 43' lang='grc' dir='ltr'>ἵ</span> <span class='ocrx_word' id='word_1_914' title='bbox 2275 5309 2303 5399; x_wconf 51' lang='grc' dir='ltr'>ί</span> <span class='ocrx_word' id='word_1_915' title='bbox 2343 5359 2453 5415; x_wconf 81' lang='lat' dir='ltr'><strong>Cod</strong></span> <span class='ocrx_word' id='word_1_916' title='bbox 2506 5360 2544 5416; x_wconf 91' lang='lat' dir='ltr'><strong>S</strong></span> <span class='ocrx_word' id='word_1_917' title='bbox 2594 5358 2781 5421; x_wconf 80' lang='lat' dir='ltr'><strong>Crucis</strong></span> <span class='ocrx_word' id='word_1_918' title='bbox 2829 5366 2880 5419; x_wconf 91' lang='lat' dir='ltr'><strong>in</strong></span> <span class='ocrx_word' id='word_1_919' title='bbox 2917 5365 3147 5421; x_wconf 80' lang='lat' dir='ltr'><strong>Jerusal.</strong></span> <span class='ocrx_word' id='word_1_920' title='bbox 3194 5364 3390 5433; x_wconf 73' lang='lat' dir='ltr'><strong>legitur</strong></span> <span class='ocrx_word' id='word_1_921' title='bbox 3420 5367 3494 5419; x_wconf 82' lang='lat' dir='ltr'><strong>ita</strong></span> <span class='ocrx_word' id='word_1_922' title='bbox 3530 5374 3587 5418; x_wconf 81' lang='lat' dir='ltr'><strong>ut</strong></span> <span class='ocrx_word' id='word_1_923' title='bbox 3626 5380 3798 5419; x_wconf 80' lang='lat' dir='ltr'><strong>serros</strong></span> 
     </span>
    </p>
   </div>
   <div class='ocr_carea' id='block_1_106' title="bbox 2524 5011 3803 5089">
    <p class='ocr_par' dir='ltr' id='par_1_106' title="bbox 2524 5011 3803 5089">
     <span class='ocr_line' id='line_1_113' title="bbox 2524 5011 3803 5089; baseline 0.003 -25"><span class='ocrx_word' id='word_1_924' title='bbox 2524 5011 2774 5081; x_wconf 79' lang='lat' dir='ltr'><strong>ﬂuminis,</strong></span> <span class='ocrx_word' id='word_1_925' title='bbox 2831 5011 2971 5067; x_wconf 81' lang='lat' dir='ltr'><strong>unda</strong></span> <span class='ocrx_word' id='word_1_926' title='bbox 3025 5012 3353 5087; x_wconf 71' lang='lat' dir='ltr'><strong>subterfugit,</strong></span> <span class='ocrx_word' id='word_1_927' title='bbox 3409 5027 3548 5067; x_wconf 79' lang='lat' dir='ltr'><strong>nunc</strong></span> <span class='ocrx_word' id='word_1_928' title='bbox 3587 5012 3803 5089; x_wconf 31' lang='lat' dir='ltr'><strong>descen:</strong></span> 
     </span>
    </p>
   </div>
   <div class='ocr_carea' id='block_1_107' title="bbox 2128 5417 3800 5508">
    <p class='ocr_par' dir='ltr' id='par_1_107' title="bbox 2128 5417 3800 5508">
     <span class='ocr_line' id='line_1_114' title="bbox 2128 5417 3800 5508; baseline 0.002 -25"><span class='ocrx_word' id='word_1_929' title='bbox 2128 5417 2180 5478; x_wconf 75' lang='grc' dir='ltr'><strong>Ι)</strong></span> <span class='ocrx_word' id='word_1_930' title='bbox 2203 5429 2301 5487; x_wconf 77' lang='lat' dir='ltr'><strong>Dei</strong></span> <span class='ocrx_word' id='word_1_931' title='bbox 2323 5433 2430 5508; x_wconf 69' lang='lat' dir='ltr'><strong>iltic</strong></span> <span class='ocrx_word' id='word_1_932' title='bbox 2451 5450 2585 5508; x_wconf 71' lang='lat' dir='ltr'><strong>aqua</strong></span> <span class='ocrx_word' id='word_1_933' title='bbox 2614 5417 3230 5508; x_wconf 62' lang='lat' dir='ltr'><strong>carnosa</strong></span> <span class='ocrx_word' id='word_1_934' title='bbox 3248 5417 3582 5508; x_wconf 62' lang='lat' dir='ltr'><strong>j‘ainuios</strong></span> <span class='ocrx_word' id='word_1_935' title='bbox 3604 5417 3800 5508; x_wconf 55' lang='lat' dir='ltr'><strong>irriin</strong></span> 
     </span>
    </p>
   </div>
   <div class='ocr_carea' id='block_1_108' title="bbox 2207 5504 3795 5626">
    <p class='ocr_par' dir='ltr' id='par_1_108' title="bbox 2207 5504 3795 5626">
     <span class='ocr_line' id='line_1_115' title="bbox 2207 5504 3795 5626; baseline 0.003 -71"><span class='ocrx_word' id='word_1_936' title='bbox 2207 5504 2519 5626; x_wconf 40' lang='lat' dir='ltr'><strong>igﬁgientia</strong></span> <span class='ocrx_word' id='word_1_937' title='bbox 2545 5516 2746 5560; x_wconf 80' lang='lat' dir='ltr'><strong>terrena</strong></span> <span class='ocrx_word' id='word_1_938' title='bbox 2774 5523 2877 5561; x_wconf 85' lang='lat' dir='ltr'><strong>non</strong></span> <span class='ocrx_word' id='word_1_939' title='bbox 2905 5509 3122 5579; x_wconf 80' lang='lat' dir='ltr'><strong>polluat.</strong></span> <span class='ocrx_word' id='word_1_940' title='bbox 3152 5507 3228 5561; x_wconf 90' lang='lat' dir='ltr'><strong>Id.</strong></span> <span class='ocrx_word' id='word_1_941' title='bbox 3260 5504 3421 5563; x_wconf 73' lang='lat' dir='ltr'><strong>etiam</strong></span> <span class='ocrx_word' id='word_1_942' title='bbox 3456 5508 3507 5560; x_wconf 90' lang='lat' dir='ltr'><strong>in</strong></span> <span class='ocrx_word' id='word_1_943' title='bbox 3528 5506 3652 5560; x_wconf 87' lang='lat' dir='ltr'><strong>cod.</strong></span> <span class='ocrx_word' id='word_1_944' title='bbox 3673 5506 3795 5561; x_wconf 69' lang='lat' dir='ltr'><strong>Vat.</strong></span> 
     </span>
    </p>
   </div>
   <div class='ocr_carea' id='block_1_109' title="bbox 2282 5642 3795 5721">
    <p class='ocr_par' dir='ltr' id='par_1_109' title="bbox 2282 5642 3795 5721">
     <span class='ocr_line' id='line_1_116' title="bbox 2282 5642 3795 5721; baseline 0.001 -23"><span class='ocrx_word' id='word_1_945' title='bbox 2282 5642 2292 5680; x_wconf 92' lang='grc'>¹</span> <span class='ocrx_word' id='word_1_946' title='bbox 2341 5643 2621 5721; x_wconf 80' lang='lat' dir='ltr'><strong>Eodemin</strong></span> <span class='ocrx_word' id='word_1_947' title='bbox 2647 5647 2766 5721; x_wconf 85' lang='lat' dir='ltr'><strong>cod.</strong></span> <span class='ocrx_word' id='word_1_948' title='bbox 2796 5645 2882 5721; x_wconf 79' lang='lat'><strong>99,</strong></span> <span class='ocrx_word' id='word_1_949' title='bbox 2916 5649 3044 5705; x_wconf 83' lang='lat' dir='ltr'><strong>Illos</strong></span> <span class='ocrx_word' id='word_1_950' title='bbox 3066 5653 3117 5706; x_wconf 84' lang='lat' dir='ltr'><strong>in</strong></span> <span class='ocrx_word' id='word_1_951' title='bbox 3145 5646 3555 5721; x_wconf 68' lang='lat' dir='ltr'><strong>ﬂuct’bus_uuda</strong></span> <span class='ocrx_word' id='word_1_952' title='bbox 3588 5657 3795 5721; x_wconf 65' lang='lat' dir='ltr'><strong>susten-</strong></span> 
     </span>
    </p>
   </div>
   <div class='ocr_carea' id='block_1_110' title="bbox 2205 5718 3793 5788">
    <p class='ocr_par' dir='ltr' id='par_1_110' title="bbox 2205 5718 3793 5788">
     <span class='ocr_line' id='line_1_117' title="bbox 2205 5718 3793 5788; baseline 0.003 -23"><span class='ocrx_word' id='word_1_953' title='bbox 2205 5722 2294 5778; x_wconf 80' lang='lat' dir='ltr'><strong>tat,</strong></span> <span class='ocrx_word' id='word_1_954' title='bbox 2340 5732 2440 5788; x_wconf 84' lang='lat' dir='ltr'><strong>_nos</strong></span> <span class='ocrx_word' id='word_1_955' title='bbox 2469 5718 2523 5770; x_wconf 86' lang='lat' dir='ltr'><strong>in</strong></span> <span class='ocrx_word' id='word_1_956' title='bbox 2553 5719 2756 5788; x_wconf 76' lang='lat' dir='ltr'><strong>ignibus</strong></span> <span class='ocrx_word' id='word_1_957' title='bbox 2792 5719 3005 5788; x_wconf 78' lang='lat' dir='ltr'><strong>ﬂamma</strong></span> <span class='ocrx_word' id='word_1_958' title='bbox 3054 5718 3155 5777; x_wconf 71' lang='lat' dir='ltr'><strong>non</strong></span> <span class='ocrx_word' id='word_1_959' title='bbox 3197 5722 3327 5775; x_wconf 78' lang='lat' dir='ltr'><strong>urit&#39;</strong></span> <span class='ocrx_word' id='word_1_960' title='bbox 3360 5718 3465 5774; x_wconf 77' lang='lat' dir='ltr'><strong>illis</strong></span> <span class='ocrx_word' id='word_1_961' title='bbox 3515 5718 3793 5783; x_wconf 74' lang='lat' dir='ltr'><strong>solidatur.</strong></span> 
     </span>
    </p>
   </div>
   <div class='ocr_carea' id='block_1_111' title="bbox 2202 5785 2934 5845">
    <p class='ocr_par' dir='ltr' id='par_1_111' title="bbox 2202 5785 2934 5845">
     <span class='ocr_line' id='line_1_118' title="bbox 2202 5785 2934 5845; baseline 0.01 -8"><span class='ocrx_word' id='word_1_962' title='bbox 2202 5792 2303 5839; x_wconf 87' lang='lat' dir='ltr'><strong>etc.</strong></span> <span class='ocrx_word' id='word_1_963' title='bbox 2340 5785 2415 5839; x_wconf 79' lang='lat' dir='ltr'><strong>lia</strong></span> <span class='ocrx_word' id='word_1_964' title='bbox 2441 5785 2600 5842; x_wconf 80' lang='lat' dir='ltr'><strong>etiam</strong></span> <span class='ocrx_word' id='word_1_965' title='bbox 2631 5789 2749 5844; x_wconf 76' lang='lat' dir='ltr'><strong>\‘at.</strong></span> <span class='ocrx_word' id='word_1_966' title='bbox 2785 5785 2934 5845; x_wconf 65' lang='lat' dir='ltr'><strong>i268.</strong></span> 
     </span>
    </p>
   </div>
  </div>
