2021 3096
121 186 171 216 313

818 190 959 220 HOMlLiA
979 192 1033 221 XL.

1702 200 1753 229 3H

121 241 284 289 delectabilis
296 242 331 270 ad
345 242 485 276 visionem,
497 243 544 271 sed
555 242 677 271 sincerus
692 251 746 271 non
756 249 813 272 eral
824 246 856 273 ad
867 254 911 273 sa-
924 249 949 278 Α
962 247 1120 282 potandum,
1136 248 1204 275 sicut
1219 249 1254 276 ait
1266 250 1398 285 propheta
1412 261 1417 278 :
1435 251 1517 284 Quam
1533 253 1618 280 dulcia
1638 255 1753 289 faucibus

121 288 231 325 porem),
248 287 349 323 injecto
363 288 390 316 in
405 296 464 316 eam
479 297 528 324 per
547 289 638 325 Moyse
656 290 738 324 ligno,
759 295 772 309 ἰ
787 291 907 319 dulcedi-

123 341 179 362 nem
198 334 320 360 suaviter
333 337 460 368 putarunt
476 342 483 367 ;
504 335 704 367 austeritatem,
726 344 806 371 quam
827 337 907 364 noxia

121 380 186 408 unda
199 380 332 414 gestabat,
347 380 410 414 ligni
425 380 533 407 abstulit
546 385 752 408 sacramentum.
765 382 842 415 Quod
852 383 910 418 qui-

120 426 176 453 dem
195 426 221 452 in
243 424 355 459 ﬁguram
371 425 469 453 factum
485 430 561 461 puto.
577 427 679 461 Aquam
695 428 766 454 enim
786 436 905 455 amaram

121 471 134 491 δ
148 471 173 497 in
192 470 311 506 myrrha,
338 470 424 505 legem
444 478 505 499 esse
524 476 590 506 puto
610 471 716 500 Veteris
730 472 916 505 Testamenti,‘

120 523 174 551 quae
185 516 237 547 lex,
252 516 406 551 priusquam
421 524 500 544 cruce
514 521 708 552 temperaretur
719 517 834 552 Domini,
849 522 908 546 erat

120 562 234 589 immitis.
243 560 358 588 Jubebat
371 561 443 588 enim
455 561 561 588 oculum
570 569 619 596 pro
633 563 722 595 oculo,
737 563 846 591 dentem
857 571 907 598 pro

119 606 195 634 dente
208 606 276 639 dari,
290 611 318 633 et
330 607 404 633 velut
417 611 524 634 austera
540 607 641 634 nullum
657 608 847 636 misericordia:
858 617 903 637 re-

118 652 247 687 lrigerium
261 652 427 687 porrigebat.
451 652 486 679 At
500 659 563 679 vero
586 653 631 680 ubi
653 653 724 687 ligno
744 654 905 688 evangelica:

117 698 243 733 passionis
254 702 297 726 est
320 701 479 733 temperata,
491 698 580 725 statim
603 699 807 727 amaritudinem
828 707 904 728 suam

116 744 242 772 suavitate
260 747 440 777 commutatis,
455 742 561 771 dulcem
580 751 610 771 se
624 744 726 772 cunctis
737 745 861 779 praestitit
870 746 904 772 ad

961 293 1023 320 meis
1046 294 1146 329 eloquia
1160 299 1202 320 tua
1214 302 1222 321 :
1235 303 1311 330 super
1330 297 1381 323 mel
1399 302 1425 323 et
1439 299 1523 333 furum
1543 300 1582 326 ori
1596 309 1651 327 meo
1666 300 1751 335 (Psal.
1768 301 1771 303 λ

961 346 1041 366 cxvnt
1055 339 1078 374 )!
1096 340 1187 366 Dulcia
1209 340 1280 367 enitn
1301 347 1362 368 sunt
1382 343 1502 377 eloquia,
1519 353 1578 379 qua:
1590 345 1684 379 jubent
1699 355 1706 372 :
1722 346 1754 373 Si

960 384 1016 419 quis
1028 389 1052 410 te
1070 386 1223 419 percusserit
1244 387 1270 412 in
1290 388 1408 421 maxilla,
1423 389 1540 423 prwheei
1560 396 1583 417 et
1597 392 1719 423 alterum;
1731 392 1752 419 si

960 429 1016 464 quis
1029 431 1072 456 tibi
1083 431 1167 466 aufert
1182 432 1305 465 tunicam,
1318 434 1431 469 relinque
1442 436 1480 462 illi
1491 442 1513 462 et
1526 437 1632 470 pallium
1644 437 1751 472 (Matt/1.

961 483 993 507 v;
1011 475 1073 501 Luc.
1090 478 1138 511 Vl).
1154 476 1215 505 lla‘c
1229 483 1270 505 est
1284 486 1348 512 ergo
1364 480 1407 507 illa
1421 483 1570 510 amaritudo
1585 491 1645 518 qua:
1659 486 1746 512 dulce.-

959 520 1021 547 dine
1032 526 1195 548 commutata
1208 527 1258 553 est,
1276 523 1301 550 id
1323 529 1363 551 est
1375 527 1518 554 austeritas
1535 528 1601 562 legis
1615 529 1751 564 Evangelii

958 566 1042 599 gratia
1055 570 1202 601 temperata
1214 572 1264 595 est.
1278 568 1374 596 Amara
1383 571 1452 597 enim
1465 577 1505 600 est
1517 573 1580 607 legis
1591 571 1751 602 littera'sine
1775 567 1777 570 I

959 612 1045 638 crucis
1060 613 1196 647 mysterio,
1212 613 1244 640 de
1255 622 1307 648 qua
1321 615 1357 641 ait
1368 615 1512 650 Apostolus
1528 627 1533 644 :
1552 618 1648 646 Littera
1660 621 1751 647 occidit

959 657 988 694 (1
999 658 1057 686 Cor.
1071 661 1120 694 ιη).
1137 666 1146 678 ιτ
1162 660 1195 687 At
1205 662 1249 688 ubi
1263 663 1394 697 passionis
1410 664 1445 690 illi
1461 667 1751 700 sacramentajungtm-

957 707 1001 730 tur
1010 705 1098 732 omnis
1109 706 1167 740 ejus
1178 707 1353 741 spiritualiter
1367 710 1517 737 amaritudo
1530 712 1669 745 conditur;
1681 718 1706 739 et
1719 713 1751 739 de

956 755 988 776 ea
1003 748 1067 777 dicit
1081 750 1225 785 Apostolus
1238 760 1243 779 :
1257 752 1371 788 Spiritus
1382 759 1467 782 autent
1481 756 1592 790 riviﬁcat
1605 757 1709 792 (Ibid.).

795 800 969 833 HOMlLlA
996 803 1065 835 XL.

725 851 789 878 Item
807 852 838 878 tle
853 852 1061 889 Quadragesima
1078 855 1129 883 IV.

830 898 1026 927 ADMONITIO.

150 944 224 987 .117
240 942 991 987 EquidemAnulliuauctorioin‘alilquih'usIcodicibushut
1006 946 1183 987 irrVatiucanq
1193 948 1273 987 6492,
1287 949 1408 987 basilica:
1422 949 1539 987 S.‘Petrri
1561 952 1611 985 sig.
1627 953 1660 987 (ὲ,
1675 959 1702 981 et
1722 955 1747 984 in

118 977 296 1010 Urbe?étano;
313 979 339 1005 in
354 977 489 1004 nonnullis
503 985 568 1004 vero
583 977 611 1003 S.
629 977 770 1017 Ambrosio
786 979 856 1006 hanc
871 980 1007 1007 homiliam
1031 981 1152 1016 inscribi,
1176 977 1307 1018 intelligo.
1333 977 1435 1013 Verum
1456 985 1483 1012 in
1494 977 1501 978 ί
1527 977 1747 1016 Ῐυῐῖὶὗι-ιενῖηῖδῖιιῖί

118 1016 214 1046 scriptis
226 1014 349 1041 eamdem
361 1021 439 1046 quam
455 1013 621 1046 superiorem
638 1017 664 1039 et
679 1014 759 1039 inisse
774 1014 938 1046 descriptam
959 1015 1051 1046 video,
1077 1021 1105 1044 ει
1127 1018 1213 1045 sancti
1237 1018 1344 1046 Maximi
1369 1028 1423 1046 [me
1447 1028 1476 1046 se
1500 994 1571 1046 12m,
1595 1030 1705 1046 ηωηρη.
1723 1025 1747 1046 ί..

1511 1029 1525 1047 e

118 1016 214 1054 scriptis
219 1014 439 1054 eamdem‘quam
455 1013 621 1054 superiorem
638 1017 664 1039 et
679 1013 759 1054 tuisse
774 1014 938 1054 descriptam
959 1015 1051 1054 video,
1077 1013 1213 1054 etisancti
1237 1013 1344 1046 Maximi
1369 1028 1423 1054 pne
1447 1028 1476 1048 se

118 1047 204 1079 codice
218 1050 326 1076 Sancte
340 1048 432 1075 Crucis
464 1048 490 1074 in
515 1047 662 1074 Jerusalem
688 1049 739 1075 hoc
764 1049 841 1075 titulo
863 1047 1067 1078 annuntiatur':

117 1085 239 1123 XXXII:
255 1085 282 1110 in
296 1083 461 1123 Sitng'allgnsi
477 1092 482 1123 ς
502 1082 566 1123 Ιςςηι
582 1084 724 1123 δρίιιίιξηίὶίι,
739 1082 1233 1123 μνξΙὶνθιΛργΙΙζ-άε-ρααάζαςεζςίῆῖα,
1250 1088 1276 1115 in
1293 1082 1450 1116 Taurineﬁsi
1467 1098 1473 1116 ε

1528 1029 1571 1048 rre
1594 1030 1705 1056 nomen;
1723 1025 1747 1053 in

1102 1053 1138 1079 De
1157 1054 1266 1093 jejuniis
1293 1053 1378 1093 iuiliq
1399 1054 1611 1093 Quqdragesimte
1634 1053 1748 1093 flanti/it!

1515 1095 1564 1117 tam
1578 1092 1610 1118 de
1625 1092 1747 1124 Quatlra,

117 1121 209 1160 gesimq
220 1128 304 1160 sermo
319 1118 387 1160 Χτξίί
402 1117 507 1160 Sancte
520 1116 619 1144 Crucis
635 1118 660 1160 in
672 1118 833 1160 Jerusalem.
840 1118 875 1144 99
888 1119 981 1160 homil.
999 1116 1041 1153 19,
1057 1125 1085 1148 et
1099 1116 1281 1160 Laurentiano
1297 1132 1323 1156 χ,
1345 1123 1420 1160 Plut.
1436 1133 1490 1157 xtv,
1506 1116 1747 1160 pariter

116 1152 432 1198 Itragesima‘inscribitur.
447 1152 511 1179 lliec
526 1154 798 1198 aimmndus-Sancti
812 1153 894 1180 Mauri
910 1155 980 1198 inter
990 1163 1127 1183 sermones
1142 1157 1275 1184 Ambrosii
1289 1152 1368 1186 tertio
1383 1159 1443 1186 loco
1457 1152 1554 1193 edit-ur,
1571 1152 1588 1187 ad
1599 1152 1747 1198 nobiSTqui

117 1188 212 1217 veteres
226 1190 371 1222 editiones,
382 1193 410 1215 et
423 1196 488 1215 mss.
503 1188 610 1215 codices
624 1189 709 1215 secuti
724 1197 824 1220 sumus,
841 1190 968 1217 secundo.

115 1247 303 1284 Ausones-run.
313 1262 350 1268 ——
360 1246 428 1284 suos
449 1247 592 1284 auditores,
616 1246 664 1284 ubi
680 1247 712 1274 de
732 1247 894 1275 abstinentiae
910 1249 932 1279 Β
946 1252 1041 1284 captus
1055 1250 1119 1277 est?
1133 1250 1198 1283 Quis
1218 1251 1324 1278 sobrius
1344 1253 1442 1280 mansit
1457 1257 1469 1277 κ
1485 1257 1512 1281 et
1525 1254 1632 1281 victus?
1647 1254 1746 1281 Temu-

145 1281 297 1309 utilitatibus
319 1282 421 1317 copiose
443 1282 524 1315 dixit,
549 1287 577 1309 ut
596 1283 818 1318 quadragesimale
828 1284 899 1318 jeju-

143 1319 211 1345 nium
224 1317 362 1352 diligenter
374 1321 488 1350 servent,
501 1322 606 1345 sanctus
621 1317 754 1346 Maximus
769 1317 899 1348 hortatur.

144 1383 310 1411 lntellcxisse
323 1391 373 1410 vos
387 1383 478 1416 credo,
494 1383 607 1416 fratres,
621 1392 670 1411 cur
683 1384 740 1412 bmc
755 1389 846 1413 nostra
858 1386 902 1420 je-

114 1429 179 1464 junia
194 1429 247 1456 illis
260 1428 447 1456 mansionibus
460 1429 682 1463 comparaverim,
701 1429 727 1456 in
742 1430 838 1464 quibus
852 1438 902 1466 p0-

115 1475 187 1509 pulus
208 1474 292 1501 lsrael
314 1478 441 1508 tanquam
455 1474 481 1500 in
495 1474 636 1508 procinctu
650 1475 765 1509 quodam
780 1476 900 1510 positus,

115 1519 274 1547 Pharaonem
289 1526 380 1553 regem
395 1519 552 1554 quotidiana
567 1520 659 1547 labore
669 1521 816 1555 superavit,
829 1525 856 1548 et
866 1521 901 1548 ab

115 1565 220 1593 inimicis
229 1565 286 1592 suis
295 1564 372 1599 quasi
382 1565 540 1599 quibusdam
551 1565 647 1592 castris
657 1565 827 1593 mansionum
841 1574 901 1594 sese

114 1611 221 1639 statione
235 1609 400 1643 defenderit;
416 1610 452 1636 ita
467 1615 497 1636 ut
510 1610 664 1644 quicunque
679 1609 692 1629 ἀ
710 1618 744 1638 ex
758 1611 804 1637 illo
817 1612 900 1638 comi-

115 1658 219 1684 tantium
234 1664 349 1683 numero
361 1656 463 1683 diurna:
473 1656 598 1683 stationis
608 1657 694 1691 spatia
706 1665 758 1684 non
773 1657 900 1691 confecit,

114 1707 154 1730 aut
165 1702 272 1730 Pharao
286 1702 362 1729 illum
377 1706 389 1720 ε
404 1702 591 1736 occupaverit,
607 1706 653 1728 aut
673 1702 790 1729 solitudo
804 1710 897 1737 perva-

114 1750 179 1777 serit.
195 1750 242 1777 Sic
256 1756 322 1783 ergo
336 1753 363 1776 et
383 1756 432 1776 nos
447 1750 614 1784 propositum
635 1749 713 1776 nobis
726 1750 901 1784 quadraginta

115 1796 208 1824 dierum
223 1797 277 1824 iter
290 1796 418 1824 debemus
433 1796 506 1823 omni
520 1796 613 1823 labore
627 1796 778 1830 coniicere,
793 1801 820 1824 et
839 1798 900 1831 qui-

116 1842 219 1870 busdam
247 1842 324 1876 quasi
354 1842 449 1869 castris
482 1850 531 1870 nos
563 1842 726 1876 jejuniorum
757 1843 901 1871 devotione

117 1889 224 1916 munire.
262 1888 357 1915 Castra
381 1888 452 1915 enim
480 1888 557 1915 nobis
584 1893 647 1915 sunt
670 1892 761 1915 nostra
781 1888 901 1923 jejunia,

951 1295 1052 1322 lentum
1077 1295 1231 1329 aggreditur
1254 1296 1395 1330 diabolus,
1420 1298 1585 1325 luxuriosum
1609 1305 1746 1334 oppugnat

950 1340 1083 1368 inimicus.
1100 1339 1114 1359 ιι
1130 1340 1180 1368 Ubi
1196 1346 1284 1368 autem
1298 1342 1426 1376 jejunium
1437 1344 1544 1376 viderit,
1560 1344 1657 1376 inedia,
1673 1345 1746 1371 inlir-

950 1386 1043 1413 mitate
1062 1387 1242 1421 prosternitur
1261 1396 1266 1413 :
1285 1388 1474 1422 prosternitur,
1490 1390 1608 1423 inquam,
1631 1389 1745 1416 inﬁrmi—

950 1434 1021 1464 tate,
1045 1432 1106 1465 quia
1122 1431 1272 1459 Christiana
1298 1432 1437 1461 inﬁrmitas
1462 1434 1588 1462 fortitudo
1603 1439 1654 1462 est.
1672 1434 1746 1463 Unda

950 1478 987 1504 ait
1003 1477 1147 1512 Apostolus
1160 1487 1165 1504 :
1179 1477 1242 1505 Cum
1257 1479 1385 1513 infit-mor,
1399 1484 1458 1506 tunc
1469 1480 1562 1516 fortior
1577 1488 1632 1506 sum
1647 1480 1673 1515 (1
1685 1480 1745 1508 Cor.

951 1524 996 1558 Χ).
1020 1524 1073 1551 Sed
1097 1524 1208 1559 requirit
1230 1525 1335 1559 aliquis,
1357 1523 1365 1543 ί
1383 1526 1608 1559 quemadmodum
1623 1526 1657 1553 sit
1671 1526 1746 1553 fortis

951 1569 1109 1597 inﬁrmitas?
1124 1570 1201 1598 Tunc
1216 1574 1256 1598 est
1277 1571 1354 1598 fortis
1375 1571 1527 1605 inlirmitas,
1552 1572 1659 1606 quando
1683 1580 1746 1599 caro

951 1616 1067 1643 tabescit
1078 1615 1201 1650 jejuniis;
1217 1617 1305 1643 anima
1320 1617 1438 1651 puritate
1451 1618 1612 1652 pinguescit.
1630 1619 1636 1642 i
1655 1617 1745 1651 Quan-

950 1665 1007 1688 tum
1022 1662 1093 1689 enim
1118 1662 1155 1689 illi
1177 1663 1300 1690 ciborum
1324 1671 1421 1690 succus
1445 1664 1627 1697 subtrahitur;
1644 1668 1746 1691 tantum

952 1707 1014 1733 huic
1026 1706 1135 1741 justitize
1150 1707 1235 1734 virtus
1250 1712 1371 1741 augetur.
1384 1708 1459 1735 Tunc
1474 1709 1554 1742 igitur
1568 1709 1648 1736 homo
1664 1710 1746 1736 imbe-

952 1752 1020 1780 cillis
1034 1752 1140 1787 quidem
1161 1757 1201 1780 est
1224 1752 1234 1771 ἰ
1261 1753 1294 1779 ad
1319 1753 1475 1785 sateularia,
1501 1753 1546 1780 sed
1570 1753 1645 1780 fortis
1659 1754 1746 1781 estad

951 1798 1040 1825 divina
1056 1806 1148 1833 opera.
1164 1798 1239 1826 Tunc
1253 1798 1324 1825 enim
1340 1798 1424 1831 magis
1439 1798 1471 1825 de
1486 1798 1541 1825 Deo
1556 1799 1666 1832 cogitat,
1682 1803 1746 1827 tunc

950 1842 1079 1876 judicium
1103 1843 1211 1877 metuit,
1237 1846 1302 1870 tunc
1329 1843 1413 1870 vincit
1436 1842 1583 1870 inimicum.
1610 1843 1653 1869 Ait
1675 1844 1747 1871 enim

953 1888 1077 1916 Salvator
1091 1889 1124 1916 de
1139 1889 1246 1916 diabolo
1261 1898 1266 1915 :
1284 1888 1342 1915 Hoc
1357 1897 1436 1924 genus
1456 1897 1507 1915 non
1528 1889 1639 1920 elicitur,
1656 1890 1705 1916 nisi
1720 1890 1750 1916 in

117 1941 169 1967 qua:
185 1942 235 1961 nos
250 1941 265 1960 a
288 1933 421 1961 diabolica
445 1933 644 1968 oppugnatione
668 1932 823 1961 defendunt.
849 1933 901 1961 De-
915 1930 937 1960 C
951 1935 1049 1971 jejunio
1071 1939 1095 1961 et
1118 1934 1278 1961 orationibus
1300 1933 1408 1970 (Matth.
1434 1934 1509 1968 xvn).
1534 1934 1604 1962 Dicit
1627 1935 1718 1969 utique
1733 1943 1752 1961 τι·

115 1980 185 2014 Inique
198 1979 331 2006 stationes
351 1983 493 2012 vocantur,
514 1979 586 2013 quod
608 1983 710 2008 stantes
731 1984 759 2007 et
783 1987 905 2008 commo-

115 2030 195 2053 nntes
223 2025 233 2045 ί
258 2026 285 2052 in
313 2025 352 2053 eis
377 2026 502 2053 inimicos
534 2025 691 2053 insidiantes
725 2027 900 2061 repellamus.

115 2071 201 2098 Castra
213 2072 294 2106 plane
307 2075 369 2098 sunt
381 2070 482 2106 jejunio
494 2070 662 2103 Christianis,
675 2079 688 2098 a
700 2072 797 2106 quibus
807 2072 829 2099 si
841 2073 902 2106 quis

116 2117 284 2150 aberraverit,
300 2124 315 2144 a
330 2117 461 2152 spirituali
473 2116 615 2145 Pharaone
630 2117 821 2150 invaditur,aut
835 2126 900 2152 pec—

114 2166 230 2189 caturum
252 2162 398 2190 solitudine
419 2162 574 2190 devoratur.
605 2161 782 2190 Peocatorum
808 2167 898 2190 autem

113 2207 275 2235 solitudinem
290 2208 400 2242 patitur,
419 2207 466 2242 qui
485 2206 617 2234 deseritur
639 2208 770 2235 societate
792 2212 900 2235 sancto-

113 2259 174 2279 rum.
198 2253 291 2280 Murus
305 2253 385 2287 igitur
407 2253 515 2287 quidam
530 2256 572 2279 est
585 2253 737 2280 Christiano
758 2253 899 2288 jejunium,

113 2298 320 2334 inexpugnabilis
342 2299 471 2330 diabolo.
497 2299 749 2333 intransgresslbilis
778 2299 899 2326 inimico.

114 2343 170 2377 Quis
183 2345 254 2371 enim
267 2351 383 2378 unquam
394 2343 608 2371 Christianorum
620 2343 762 2378 jejunavit,
779 2348 806 2371 et
823 2345 902 2379 118

144 2413 234 2440 lCod.
247 2412 282 2439 99
296 2416 324 2440 et
342 2412 402 2439 Vat.
430 2411 507 2443 1268,
533 2411 631 2438 dulcem
657 2420 749 2448 aquarii
773 2412 900 2438 suavitate

114 2453 225 2483 potarum
237 2456 245 2475 :
258 2448 432 2483 austeritatem
442 2447 519 2483 enim,
530 2455 616 2481 quam,
632 2447 684 2474 etc.

144 2484 155 2502 ¹³
167 2483 250 2511 Codd.
269 2482 319 2514 99,
341 2490 434 2517 aquam
453 2482 521 2507 enim
540 2490 656 2517 amaram
680 2482 802 2517 myrrha,
819 2482 900 2516 legem

114 2527 162 2545 me
191 2519 305 2545 arbitror
337 2516 437 2548 veteris,
464 2521 516 2543 etc.
545 2516 611 2543 Cod.
638 2516 714 2549 Vat.,'
735 2525 852 2544 amaram
877 2520 902 2543 et

114 2555 250 2589 myrrham.
899 2560 901 2563 ·

147 2595 157 2608 ι·
177 2589 245 2616 Cod.
265 2588 328 2615 Vat.
351 2591 378 2615 et
395 2586 429 2613 99
439 2587 467 2614 S.
484 2587 576 2615 Crucis
592 2587 617 2614 in
632 2586 789 2619 Jerusalem,
804 2587 837 2613 At
858 2587 901 2613 ubi

113 2624 183 2659 enim,
188 2624 327 2659 passionis.

144 2658 157 2677 δ
170 2656 238 2686 Cod.
254 2657 333 2689 6452,
350 2657 410 2684 Val.
433 2662 461 2684 et
475 2658 537 2685 cod.
553 2656 631 2690 Urb.,
656 2665 687 2683 ex
710 2656 755 2683 illa
775 2657 900 2683 comitatu

114 2702 243 2721 numerum
256 2694 349 2720 diurna
363 2693 474 2720 statione
489 2701 541 2719 non
556 2692 675 2727 confecit.
701 2691 767 2720 Cod.
789 2700 854 2719 vero
869 2692 899 2719 S.

115 2729 168 2756 Pet.
184 2728 237 2755 105
249 2728 279 2761 C,
295 2737 327 2755 ea:
342 2728 385 2755 illo
398 2729 520 2755 comitatu
537 2735 670 2754 nunterum
684 2728 777 2754 diurna
790 2729 901 2754 statione

112 2766 193 2800 spatia
207 2773 268 2800 non,
271 2772 320 2800 con
323 2765 392 2799 fecit.

147 2805 159 2819 θ
173 2799 241 2827 Cod.
258 2797 335 2833 Urbi,
349 2799 489 2833 occupavit,
508 2803 552 2825 aut
566 2798 677 2825 solitudo
688 2797 809 2832 pervasit.

149 2834 158 2853 ί
174 2833 242 2862 Cod.
256 2843 282 2866 χ,
300 2833 379 2862 Laur.
394 2835 420 2860 in
438 2835 475 2860 eis
490 2833 651 2860 inimicorum
664 2833 772 2859 insidias
789 2833 899 2865 repella—

116 2879 177 2897 mus.
187 2869 254 2896 Cod.
266 2869 295 2897 S.
304 2869 397 2897 Crucis
409 2870 434 2896 in
445 2868 511 2899 Jer.,
523 2868 581 2895 Val.
594 2873 619 2895 et
634 2867 708 2898 Url).,
719 2868 777 2895 cod.
788 2868 815 2895 S.
827 2867 884 2894 i’ct.

115 2911 194 2933 castra
210 2905 288 2932 attint.

955 1979 1063 2006 diabolo
1077 1986 1287 2013 energumenum
1299 1978 1405 2006 nonnisi
1418 1978 1527 2012 jejuniis
1538 1987 1617 2013 posse
1628 1980 1746 2013 purgari.

954 2025 1050 2052 Videte
1064 2031 1128 2059 ergo
1143 2032 1202 2059 qua:
1216 2024 1310 2059 jejunii
1324 2025 1410 2052 virtus
1420 2025 1465 2058 sit,
1480 2023 1487 2043 ³
1503 2029 1630 2059 quantam
1647 2026 1748 2053 homini

953 2079 1002 2098 suo
1017 2072 1264 2106 prasstetgratiam,
1279 2071 1351 2106 quod
1367 2074 1469 2098 tantam
1482 2076 1591 2106 prmstet
1604 2072 1681 2099 alteri
1697 2081 1748 2099 me-

952 2116 1068 2144 dicinam
1081 2125 1088 2142 :
1104 2115 1330 2151 quemadmodum
1345 2116 1484 2150 proprium
1499 2117 1651 2144 sanctilicct
1665 2117 1747 2144 homi-

951 2170 1022 2194 nem,
1039 2161 1109 2196 quod
1125 2161 1161 2188 ita
1176 2160 1299 2195 purilicet
1311 2161 1437 2188 alienum.
1466 2161 1532 2187 Mira
1552 2162 1622 2189 enim
1638 2170 1681 2189 res
1694 2166 1748 2195 est,

951 2208 1019 2234 alter
1040 2207 1154 2241 jejunat,
1178 2210 1206 2233 et
1231 2206 1307 2233 alteri
1330 2206 1441 2240 prodest
1463 2205 1610 2240 jejunantis
1634 2207 1745 2233 utilitas.

950 2253 1032 2287 Ergo,
1049 2252 1156 2285 fratres,
1170 2251 1338 2279 abstinentia:
1350 2259 1425 2279 arma
1446 2251 1555 2278 minime
1569 2251 1746 2285 depellamus,

951 2303 979 2326 et
1005 2298 1180 2333 quadraginta
1208 2297 1312 2324 dierum
1336 2297 1436 2332 jejunia
1460 2298 1518 2324 sine
1547 2296 1747 2323 intermissione

952 2351 1087 2372 curemus.
1104 2343 1154 2371 llic
1168 2346 1209 2370 est
1222 2343 1293 2370 enim
1304 2342 1440 2378 perfectus
1452 2350 1579 2369 numerus
1593 2341 1626 2368 ad
1640 2341 1746 2368 vincen-

989 2416 1002 2435 ες
1016 2410 1100 2438 Codd.
1113 2410 1158 2444 99,
1169 2410 1242 2441 ναι..
1259 2415 1285 2437 et
1296 2410 1325 2437 S.
1342 2409 1401 2437 Pet.
1416 2409 1474 2439 cit..
1490 2413 1514 2435 et
1528 2409 1608 2435 victus
1623 2412 1671 2435 est.

988 2445 1001 2464 ιι
1017 2446 1107 2473 Codex
1124 2445 1318 2473 Laurentianus
1335 2454 1341 2471 :
1360 2444 1409 2471 Ubi
1423 2448 1507 2470 autem
1519 2444 1646 2478 jejunium
1668 2444 1745 2478 videt,

952 2482 1027 2517 fugit,
1043 2483 1141 2512 metuit,
1154 2482 1326 2516 pertimescit;
1343 2484 1452 2517 terretur
1467 2478 1566 2517 pallore
1579 2478 1645 2517 ejus,
1657 2478 1747 2505 debili-

952 2512 1024 2543 ἱίιῖιηἸ
1032 2517 1128 2549 inedia,
1141 2512 1293 2552 iitﬁrmilate
1303 2515 1481 2552 prosternitur.
1493 2512 1679 2552 Ifrogtei'uilur,
1692 2520 1746 2552 etc.

951 2551 1024 2578 Idem
1038 2553 1119 2579 etiam
1134 2548 1215 2579 habet
1229 2551 1291 2578 cod.
1303 2548 1338 2576 99
1352 2549 1380 2576 S.
1397 2548 1490 2575 Crucis
1506 2549 1532 2575 in
1547 2548 1700 2584 Jer.,'Vat.,

952 2587 1011 2614 Pet.
1026 2587 1070 2621 qui
1084 2591 1173 2613 tamen
1188 2586 1252 2620 legit
1265 2584 1517 2621 ιχίςίςνὶιληυἰνὶςιιιιἒ
1538 2587 1540 2589 ‘

992 2622 998 2640 ί
1012 2618 1079 2649 God.
1092 2618 1226 2649 Laurent:
1231 2624 1258 2647 et
1269 2619 1302 2646 98
1312 2619 1341 2646 S.
1352 2618 1447 2646 Crucis
1462 2619 1489 2646 in
1503 2618 1570 2652 Jer.,
1583 2621 1746 2655 quarumnam

954 2657 1015 2683 dum
1025 2658 1063 2693 sit
1077 2658 1163 2693 fortis,
1178 2661 1231 2693 etc.

993 2696 1000 2716 l
1018 2691 1086 2720 Cod'.
1103 2692 1168 2719 Urb.
1182 2691 1262 2718 habet
1273 2694 1369 2726 quanto
1384 2693 1411 2717 et
1426 2693 1508 2726 tanto.

991 2726 1002 2745 "
1017 2727 1084 2754 Cod.
1102 2728 1162 2754 Vat.
1186 2725 1264 2757 6454,
1280 2724 1314 2752 ’8.
1332 2725 1389 2752 Pet.
1406 2729 1432 2752 et
1456 2725 1533 2756 Urb.,
1557 2724 1592 2752 ad
1611 2726 1746 2752 sarcularia
1790 2729 1797 2735 ‘

952 2770 1041 2803 opera,
1057 2763 1103 2789 sed
1113 2763 1186 2798 fortis
1197 2766 1234 2788 est
1244 2761 1278 2788 ad
1289 2761 1384 2788 dicina.
1401 2761 1472 2788 Tum:
1482 2762 1551 2788 enim
1564 2762 1647 2795 magis
1664 2761 1745 2787 Deum

953 2801 1059 2833 cogitat,
1076 2802 1146 2829 tunc,
1162 2801 1215 2824 etc.

992 2833 999 2851 ι
1016 2832 1082 2860 Cod.
1097 2832 1158 2858 Vat.
1175 2831 1256 2865 6452,
1280 2836 1307 2859 ct
1330 2832 1358 2859 S.
1375 2831 1448 2865 Pet.,
1473 2831 1564 2859 Videte
1584 2840 1654 2865 ergo.
1679 2835 1743 2861 etc..

952 2872 1075 2901 quantum
1085 2867 1181 2894 homini
1195 2876 1240 2894 suo
1255 2872 1359 2902 pra‘stat
1371 2868 1464 2903 gratia,
1480 2868 1547 2902 quod
1562 2871 1660 2892 tantum
1675 2873 1733 2900 pro;

951 2907 1001 2929 stat
1016 2903 1091 2929 altari
1106 2902 1244 2931 medicina.
