4042 6192
188 378 290 443 817
1559 373 1758 432 HOMII

1879 374 2013 433 XLI.

186 501 502 561 numeratur,
534 507 710 564 neque
736 508 767 548 a
796 491 1075 564 monachis
1101 490 1283 564 Sancti
1310 489 1481 564 Malui
1527 498 1715 546 sancto
1762 492 2047 564 Ambrosio
2071 490 2188 547 sine
2232 490 2569 550 dubitatione
2606 493 2936 551 attribuitur.
2964 492 3152 564 Itaque
3180 508 3454 564 nunquam

186 567 415 623 dabimus
440 579 562 618 eam
590 561 699 619 non
727 578 846 618 esse
866 561 1101 627 Maximi,
1132 562 1234 617 nisi
1263 562 1584 616 auctoritate
1611 568 1859 631 veterum
1886 561 2154 624 codicum,
2194 570 2359 631 atque
2403 565 2673 620 rationum
2702 561 3080 621 monumentis
3095 561 3441 630 ostendatur,

187 645 269 691 aut
294 634 551 701 Leonem,
578 642 674 689 aut
697 632 1059 700 Ambrosium,
1090 641 1183 687 aut
1209 632 1373 686 alium
1415 632 1726 701 quempiam
1768 630 1933 687 fuisse
1971 631 2223 701 ejusdem
2244 633 2479 701 homilize
2501 644 2803 691 auctorem.
2834 635 2951 691 Hoc
2974 643 3190 691 nostros
3218 635 3452 691 lectores

186 706 403 760 monitos
425 699 693 767 volumus,
726 703 1135 773 sermonemLin
1159 718 1267 771 quo
1312 699 1488 771 agitur
1514 699 1594 773 de
1610 716 1749 773 aqua
1789 699 2423 773 amara,_'quamAMoyses
2448 704 2659 773 dulcem
2689 705 2836 772 fecit,
2877 721 2908 760 a
2953 704 3315 760 Benedictinis
3343 720 3459 760 mo-

186 775 355 858 nachis
381 773 565 858 Sancti
596 773 768 858 Mauri
873 771 1223 858 appendicem
1242 787 1369 858 opp:
1396 772 1578 858 ,sat'i’cti
1603 771 1885 858 august-ini
1915 771 2104 858 referri
2131 771 2238 858 sub
2260 771 2406 858 tium.
2429 771 2542 858 3!“
2562 783 2853 858 propterea
2892 773 3045 858 quod
3093 775 3283 858 iisdem
3308 789 3450 858 pene

186 845 345 902 verbis
370 844 603 913 scriptus
631 843 770 913 apud
796 839 1082 913 Origenem
1112 839 1296 913 homil.
1330 842 1361 913 7
1394 841 1447 896 in
1477 839 1645 913 Exod.
1677 841 1903 910 legatur.
1937 841 2134 913 Verum
2165 842 2298 913 nihil
2321 844 2499 898 simile
2519 839 2629 900 hac
2659 839 2715 899 in
2760 839 2981 900 homilia
3022 844 3196 901 sancti
3233 839 3453 899 Maximi

185 911 496 985 comperies,
511 914 557 968 si
578 911 819 968 animum
844 911 911 966 ad
933 912 1214 981 Augustini
1242 912 1414 967 verba.
1451 926 1483 964 a
1511 911 1668 966 nobis
1694 924 1817 981 pag.
1846 926 1965 980 seq.
1997 911 2189 979 relata,
2215 912 2488 968 advertas.

185 1028 559 1082 Διςυιειςτυιι.
589 1052 662 1063 -
692 1023 917 1078 Rursum
954 1034 1161 1095 sanctus
1208 1021 1474 1095 Mucianus
1515 1018 1758 1095 Quadra-
1786 1026 1837 1084 Α
1861 1022 2178 1092 mysterium
2223 1020 2341 1091 Dei,
2383 1022 2836 1093 quemadmodum
2874 1032 2998 1095 post
3037 1026 3449 1082 amaritudinum

246 1092 1752 1184 θεείῳέῃτςξειξλμξεξίρξιξάςειξιξειιιξιὲξξαξῃηξξςίιςε
1854 1111 1991 1181 legis
2019 1112 2219 1168 ﬂuenta
2247 1092 2571 1182 evangelicae
2608 1115 2827 1184 pietatis
2875 1092 3192 1171 exuberent.
3223 1116 3297 1170 lbi
3329 1116 3451 1172 fons

438 1162 798 1218 Israelitici‘in
820 1162 1021 1217 deserto
1050 1162 1214 1227 docet,
1258 1180 1362 1217 non
1391 1164 1544 1215 modo
1567 1178 1752 1229 εον-ρο·
1856 1162 1987 1181 ’⁷⁸⁷⁷
2019 1162 2219 1168 ”“””“
2252 1162 2570 1231 ”’“’”⁰’“⁷ξ’
2612 1162 2826 1184 """"'
2878 1162 3192 1218 ἷ’“’“”’””““
3223 1162 3297 1170 ’“”’
3330 1162 3448 1172 “’“”

242 1252 337 1275 η..
363 1232 623 1275 unum"
690 1234 780 1275 μή
817 1235 974 1275 ,,,-,,,,,
1016 1233 1269 1275 ,,,,,-,,;,,,;,
1316 1232 1515 1275 “dum
1569 1230 1752 1275 Μδη,
1855 1219 1993 1259 unus
2021 1214 2268 1259 austerus
2296 1212 2381 1260 est
2402 1204 2470 1259 ad
2496 1205 2786 1261 bbendum
2806 1248 2823 1273 ,
2850 1206 2938 1262 hic
2966 1206 3147 1275 plures
3176 1215 3233 1261 ut
3258 1222 3448 1263 omnes

240 1230 337 1290 reis
362 1232 659 1306 gressibus,
690 1234 780 1289 sed
817 1235 975 1289 etiam
1016 1233 1269 1305 religiosis
1316 1232 1515 1287 actibus
1569 1230 1752 1285 ambu-

1852 1294 2039 1351 dulces
2066 1303 2191 1351 sunt
2218 1295 2288 1350 ad
2318 1296 2634 1366 potandum.
2665 1296 2742 1351 lbi
2765 1305 2887 1368 post
2908 1296 3275 1366 fatigationem
3302 1298 3448 1355 nulla

244 1306 413 1362 lentis.

1854 1389 2095 1455 refectio,
2126 1389 2216 1445 hic
2262 1398 2387 1461 post
2416 1391 2653 1445 laborem
2688 1392 3025 1461 refrigerium
3048 1432 3063 1458 ,
3095 1400 3257 1463 atque
3277 1392 3441 1447 victo-

1854 1478 1953 1533 ria.
1985 1477 2305 1535 Sitientibus
2332 1478 2475 1534 enim
2501 1479 2679 1535 fontes
2700 1482 3094 1549 ministrantur,
3126 1483 3448 1552 palmaevin-

1853 1571 2098 1628 centibus
2121 1570 2437 1627 offeruntur.
2464 1570 2695 1639 Palmm,
2727 1573 2966 1642 inquam,
2999 1573 3305 1629 oderuntur
3322 1574 3447 1628 vin-

1853 1663 2120 1730 centibus,
2146 1664 2273 1733 quia
2295 1671 2421 1735 post
2458 1664 2591 1734 legis
2618 1664 2873 1721 duritiam
2914 1666 2981 1721 ad
3019 1664 3291 1735 Evangelii
3321 1679 3445 1735 gra-

1852 1756 1983 1809 tiam
2010 1756 2336 1826 pervenisse,
2366 1756 2563 1812 vicisse
2612 1764 2714 1812 est.
2766 1756 3054 1812 Praemium
3083 1757 3228 1812 enim
3275 1756 3450 1825 quod-

1852 1849 1976 1904 dam
2020 1850 2241 1905 victoris
2297 1858 2383 1905 est
2420 1866 2483 1907 os
2510 1850 2633 1905 vivo
2676 1849 2827 1905 fonte
2882 1849 3121 1917 diluere,
3164 1849 3446 1907 dexteram

1853 1942 2162 2011 triumphali
2190 1941 2368 2011 palma
2410 1943 2641 1996 munire.
2695 1940 2801 1996 Per
2842 1941 3047 1997 fontem
3094 1941 3239 1996 enim
3269 1940 3445 2009 lingua

1851 2031 2205 2087 confessionis
2244 2032 2580 2102 purificatur,
2624 2047 2722 2101 per
2768 2032 3003 2101 palmam
3038 2030 3261 2086 dextera
3299 2046 3448 2085 mar-

1851 2121 1985 2192 tyris
2017 2121 2331 2177 honoratur.
2362 2121 2455 2175 llla
2475 2164 2491 2189 ,
2519 2124 2645 2190 quia
2671 2120 2869 2175 Christi
2900 2120 3159 2175 exaltavit
3186 2120 3439 2188 gloriam,

187 2213 373 2268 nierum
400 2224 720 2268 nostrorum
761 2227 869 2265 non
892 2211 1064 2267 solum
1093 2210 1147 2265 in
1174 2211 1477 2281 quantitate
1518 2210 1749 2277 numeri,
1852 2211 1987 2278 hmo,
2017 2212 2143 2281 quia
2181 2226 2332 2266 aram
2360 2211 2627 2280 sacrilegii
2656 2210 2949 2266 recusavit.
2982 2208 3268 2263 Prmmium
3297 2209 3442 2264 enim

186 2305 266 2363 sed
288 2306 449 2361 etiam
496 2304 551 2359 in
579 2303 960 2360 observatione
988 2302 1279 2369 virtutum;
1312 2318 1419 2359 non
1450 2303 1591 2358 enim
1632 2310 1752 2357 tan-
1852 2303 2121 2375 quoddam
2150 2310 2236 2357 est
2263 2303 2440 2373 palma
2474 2302 2738 2374 martyrii,
2762 2316 2883 2371 qua:
2930 2299 3212 2355 confitenti
3255 2300 3447 2368 linguae

188 2407 280 2453 tum
306 2397 394 2453 lilii
443 2395 613 2451 Israel
643 2396 696 2451 in
726 2395 920 2451 itinere
946 2394 1145 2450 deserti
1186 2394 1462 2463 corporeis
1481 2394 1754 2463 gressibus
1783 2396 1831 2456 B
1856 2394 2067 2451 dulcem
2097 2396 2330 2450 fructum
2356 2394 2561 2460 tribuit,
2584 2403 2641 2451 et
2661 2394 2865 2450 victrici
2890 2394 3125 2449 dextera:
3153 2393 3445 2462 gloriosum
3468 2428 3477 2443 κ

186 2488 529 2555 anhularunt,
551 2496 811 2557 quantum
835 2486 891 2540 in
910 2485 993 2539 via
1017 2484 1228 2539 Domini
1258 2484 1520 2554 religiosis
1548 2484 1756 2540 actibus
1856 2496 2077 2560 prmstat
2103 2498 2373 2544 ornatum.
2398 2488 2490 2543 Est
2521 2490 2681 2561 plane
2711 2490 2890 2559 palma
2920 2489 3245 2559 martyribus
3270 2486 3451 2541 suavis

186 2579 531 2650 profecerunt.
564 2578 621 2632 ln
645 2580 729 2632 via
750 2577 911 2647 plane
939 2576 1349 2631 ambulaverunt
1379 2575 1612 2643 Domini,
1636 2590 1756 2644 qua:

186 2671 289 2727 illos
314 2671 338 2709 δ
366 2671 584 2743 potavit
613 2671 667 2725 in
696 2669 964 2734 fluetibus,
993 2676 1051 2725 et
1075 2668 1223 2740 pavit
1248 2683 1280 2723 e
1312 2668 1471 2724 caelo.
1498 2667 1755 2723 Esurien-

186 2763 308 2818 tibus
336 2762 488 2819 enim
512 2761 570 2817 in
592 2776 779 2817 eremo
807 2776 1004 2815 manna
1033 2775 1142 2815 non
1181 2758 1352 2814 defuit
1382 2799 1397 2825 ,
1444 2758 1756 2830 periclitan-

186 2854 306 2911 tibus
329 2855 383 2909 in
419 2854 568 2908 mari
596 2861 740 2909 terra
770 2868 878 2909 non
904 2851 1057 2921 fugit.
1082 2850 1163 2906 Ibi
1190 2866 1340 2907 mare
1374 2862 1396 2890 ο
1428 2850 1482 2905 in
1508 2851 1757 2915 semitam

186 2946 436 3011 sternitur,
480 2945 569 3000 hic
588 2944 784 3001 caelum
819 2942 889 2999 ad
928 2943 1189 3015 pabulum
1218 2943 1505 2999 referatur.
1531 2942 1761 3012 Propter

187 3038 385 3108 gratiam
410 3036 749 3091 famulorum
780 3035 875 3091 Dei
895 3034 1149 3091 Iordanis
1188 3031 1386 3089 ﬂuenta
1414 3049 1511 3090 sua
1538 3033 1757 3088 retinet.

187 3142 356 3196 aquam
394 3142 563 3183 suam
603 3124 631 3163 ἀ
679 3126 896 3197 myrrha
943 3132 1258 3181 commutat.
1308 3121 1422 3179 Illic
1461 3131 1761 3179 retrorsum

3349 382 3457 439 5|8

245 1477 497 1534 Retinent
534 1475 714 1533 adhuc
765 1489 955 1532 sensus
992 1475 1180 1540 vestri,
1229 1473 1425 1530 fratres
1446 1512 1464 1539 ,
1503 1488 1605 1530 nos
1646 1473 1753 1530 hoc

186 1580 209 1609 ι
239 1568 502 1642 superiori
528 1566 798 1623 dominica
827 1565 1180 1638 prmdicasse,
1209 1563 1358 1634 quod
1398 1563 1560 1633 hujus
1602 1563 1750 1631 Qua-

185 1662 481 1733 dragesimae
509 1668 712 1716 nostra;
762 1658 987 1730 figuram
1017 1658 1120 1714 illa;
1159 1658 1512 1729 quadraginta
1540 1666 1597 1714 et
1632 1658 1753 1712 dum

185 1755 474 1811 mansiones
499 1752 807 1821 habuerint,
836 1768 934 1823 per
951 1766 1086 1821 quas
1113 1752 1343 1823 populus
1371 1750 1537 1806 Israel
1566 1751 1753 1807 exiens

186 1847 244 1901 de
276 1844 513 1916 Egypto
552 1843 748 1899 diurno
788 1842 1035 1914 profectu
1076 1851 1275 1898 terram
1321 1842 1754 1913 repromissionis

186 1936 400 2003 intravit,
443 1944 502 1991 ct
548 1935 702 2005 quasi
747 1934 1065 2004 quibusdam
1113 1934 1303 1990 salutis
1347 1934 1602 2004 gradibus
1628 1942 1754 2005 post

185 2032 342 2103 iugum
370 2028 658 2085 servitutis
676 2027 920 2083 ascendit
946 2025 1016 2081 ad
1045 2040 1269 2096 regnum
1288 2025 1488 2097 (Num.
1510 2041 1695 2093 xxxm,
1718 2026 1753 2081 5

188 2122 317 2193 ιαμ).
344 2120 567 2190 Figura,
606 2120 845 2189 inquam,
875 2118 978 2174 fuit
1001 2118 1055 2175 in
1089 2118 1193 2175 illis
1219 2118 1586 2174 mansionibus
1607 2117 1751 2189 jeju-

1857 2581 1924 2635 ad
1971 2581 2186 2644 cibum,
2244 2580 2501 2636 umbrosa
2551 2580 2617 2635 ad
2674 2580 2915 2651 requiem
2940 2622 2956 2647 ,
3002 2578 3335 2635 honorabilis
3381 2576 3449 2633 ad

1856 2673 2187 2743 triumphum
2212 2712 2228 2738 ,
2279 2688 2496 2743 semper
2524 2672 2705 2728 virens
2726 2713 2743 2739 ,
2793 2686 3009 2743 semper
3045 2671 3235 2726 vestita
3286 2670 3446 2735 foliis,

1857 2776 2073 2835 semper
2100 2772 2287 2834 parata
2318 2764 2591 2830 victoriae,
2622 2771 2784 2833 atque
2825 2762 2947 2817 ideo
2980 2777 3086 2816 non
3119 2760 3273 2832 123
3303 2775 3445 2814 mar-

1857 2857 2023 2911 cescit
2047 2857 2258 2927 palma,
2297 2856 2422 2927 quia
2465 2863 2762 2927 martyrum
2790 2854 2960 2924 gloria
2995 2869 3103 2908 non
3140 2851 3447 2907 marcescit.

1859 2944 1886 2986 δ
1910 2947 2044 3018 lpsae
2067 2947 2300 3017 denique
2340 2948 2530 3018 palmae
2558 2946 2767 3002 sedenti
2810 2961 2973 3015 super
3000 2945 3204 2999 asinam
3224 2986 3240 3012 ,
3270 2950 3325 2997 et
3354 2957 3449 2997 νε-

1860 3042 2026 3097 nienti
2054 3041 2122 3097 ad
2152 3041 2410 3112 templum
2440 3040 2669 3096 Domino
2691 3055 2721 3094 a
2742 3038 2956 3111 populis
2983 3036 3301 3093 offeruntur.
3317 3033 3451 3091 Cum

1860 3134 2005 3190 enim
2046 3133 2294 3204 discipuli
2341 3132 2667 3187 vestimenta
2715 3146 2814 3188 sua
2863 3138 3202 3197 sternerent,
3248 3136 3307 3185 et
3352 3128 3453 3183 iter

189 3233 446 3287 conversa,
495 3232 621 3287 qua:
664 3216 992 3287 sequebatur
1030 3215 1206 3279 unda,
1250 3216 1507 3286 prmcedit
1535 3232 1549 3269 :
1577 3215 1665 3270 hic
1705 3215 1759 3270 in

190 3311 354 3365 melius
378 3318 708 3381 temperata,
734 3324 855 3379 qua:
884 3319 909 3347 ο
930 3324 1172 3365 amarum
1199 3310 1453 3377 stillabat,
1477 3324 1616 3365 vena
1643 3308 1763 3364 dul-

192 3405 362 3471 cescit,
414 3411 474 3460 et
512 3404 714 3459 mirum
755 3404 812 3459 in
857 3405 1075 3460 modum
1129 3407 1285 3477 122
1312 3404 1505 3460 ﬂuvius
1548 3420 1762 3461 cursum

192 3496 419 3565 perdidit,
450 3495 580 3552 fons
607 3510 876 3568 saporem.
905 3496 1013 3553 Sed
1040 3499 1295 3566 quoniam
1322 3497 1576 3564 diximus,
1624 3498 1764 3554 ﬁlios

192 3583 330 3641 Israel
365 3588 660 3643 venientes
704 3586 773 3641 ad
801 3585 820 3626 ί
857 3588 1129 3659 myrrham
1154 3626 1170 3651 ,
1217 3602 1372 3658 aqua:
1407 3589 1764 3645 amaritudine

1869 3224 1884 3263 ί
1916 3225 2129 3280 Christo
2168 3225 2279 3280 suis
2319 3224 2604 3278 amictibus
2630 3222 3057 3289 communirent;
3112 3237 3221 3276 non
3266 3220 3453 3275 habuit

1860 3317 2035 3386 majus
2057 3319 2368 3388 praemium,
2400 3316 2499 3371 nisi
2522 3315 2750 3386 palmas,
2781 3314 2925 3384 quod
2955 3314 3004 3368 ei
3035 3312 3253 3368 devotio
3280 3310 3454 3380 plebis

1861 3409 2102 3474 olferret,
2129 3407 2464 3478 significans,
2511 3408 2695 3463 stratis
2724 3407 2778 3462 in
2822 3406 3015 3460 itinere
3044 3405 3307 3469 vestibus;
3352 3404 3455 3457 im-

1861 3501 2123 3573 pollutam
2150 3501 2293 3556 viam
2321 3515 2443 3556 esse
2483 3500 2538 3554 in
2566 3498 2791 3566 mundo,
2822 3496 3016 3553 oblatis
3045 3496 3237 3565 palmis
3277 3495 3453 3565 ipsum

1862 3591 2046 3648 mundi
2085 3606 2207 3647 esse
2228 3592 2511 3647 victorem.
2562 3589 2714 3660 Ipse,
2760 3588 3001 3656 inquam,
3028 3585 3207 3640 victor
3236 3592 3341 3652 est,
3384 3584 3453 3639 de

192 3678 459 3747 laborasse,
493 3693 764 3748 eamque,
813 3679 1027 3734 nonnisi
1068 3680 1196 3749 ligni
1244 3679 1534 3750 injectione
1573 3689 1763 3750 potare
1862 3681 2532 3752 quoaitScripturanicit
2559 3682 2639 3736 leo
2657 3681 2721 3734 de
2743 3676 3220 3746 tribuJuda(Apoc.
3235 3674 3314 3745 v),
3338 3675 3454 3744 ipso

193 3770 424 3836 potuisse,
453 3777 648 3840 typum
675 3782 891 3839 quoque
918 3768 972 3822 in
1003 3768 1092 3823 illa
1138 3768 1303 3825 fuisse
1330 3769 1541 3825 Veteris
1569 3769 1758 3827 Testa-
1785 3758 1832 3822 C
1860 3775 2019 3846 plane
2038 3774 2332 3843 vietor,qui
2360 3774 2629 3830 destruxit
2662 3773 2986 3829 diabolicam
3014 3778 3266 3835 mortem,
3285 3770 3452 3824 vitam

191 3861 334 3915 menti
374 3860 693 3927 videamus,
738 3874 846 3929 quo
891 3859 1087 3915 exinde
1134 3858 1478 3931 proficiscens
1524 3861 1754 3932 populus
1859 3866 2182 3925 illuminavit
2206 3874 2483 3921 mternam.
2514 3865 2711 3921 Palma:
2730 3865 2889 3934 igitur
2918 3861 3223 3917 advenienti
3239 3860 3453 3928 erigun-

192 3949 287 4020 ipse
327 3953 643 4025 pervenerit
674 3952 715 4007 ¹.
758 3952 1011 4009 Pervenit
1056 3954 1109 4009 in
1154 3954 1333 4010 locum
1352 3995 1367 4019 ,
1416 3955 1510 4025 qui
1559 3956 1757 4011 dicitur
1861 3966 1950 4013 tur
1968 3957 2201 4014 Christo.
2230 3957 2502 4029 Scriptum
2524 3966 2607 4013 est
2637 3974 2649 4010 :
2680 3956 2862 4011 Justus
2888 3956 3022 4009 sicut
3050 3952 3225 4024 palma
3250 3950 3454 4021 ﬂorebit

191 4042 375 4111 tElim,
406 4046 462 4101 in
483 4059 600 4116 quo
626 4051 783 4101 erant
814 4044 1098 4100 duodecim
1142 4044 1321 4101 fontes
1365 4048 1657 4116 purissimi,
1698 4056 1756 4104 et
1862 4049 2349 4121 (Psaf.xcl).Recte
2363 4040 3452 4119 ergoadvenientijustoerigunturvexilla

188 4137 505 4205 septuaginta
547 4135 836 4192 virentium
872 4136 1162 4193 multitudo
1200 4136 1521 4207 palmarum.
1566 4140 1755 4197 Videte
1855 4141 2097 4212 justitiaa,
2134 4150 2191 4198 et
2214 4142 2424 4198 auctori
2460 4156 2681 4197 suorum
2700 4140 3072 4196 obsequuntur
3094 4135 3233 4192 tituli
3263 4134 3451 4189 trium-

296 4269 429 4325 Cod.
454 4270 585 4324 Vat.
617 4266 773 4334 6450,
792 4269 1047 4339 superius.

1940 4270 1962 4311 ἲ
1994 4271 2127 4327 Cod.
2158 4270 2282 4325 Vat.
2314 4267 2474 4339 6450,
2502 4270 2572 4339 ad
2599 4285 2801 4322 maran.

249 4338 424 4412 hCod.
451 4339 526 4393 99
549 4339 614 4412 _S.
644 4340 830 4395 Crucis
854 4338 916 4412 in
944 4338 1056 4394 Jer.
1086 4340 1249 4399 habet
1269 4356 1386 4412 qua:
1417 4340 1537 4396 illos
1566 4350 1616 4395 et
1642 4357 1760 4411 por-
1937 4352 1963 4412 β
1991 4342 2127 4412 Cod.
2158 4342 2281 4395 Vat.
2310 4338 2465 4412 6450,
2485 4338 2688 4412 _flelim.
2759 4408 2770 4412 _
2822 4407 2832 4412 _
2904 4406 2915 4412 _
3119 4404 3129 4412 η
3336 4403 3347 4412 _
3422 4356 3427 4412 ξ

191 4411 295 4464 iacit
312 4412 364 4465 in
384 4410 650 4480 ﬂuctibus,
675 4419 724 4463 et
750 4410 910 4478 pavit,
940 4418 1045 4465 etc.
1282 4403 1294 4412 ’
1642 4403 1652 4411 ’

1937 4411 1961 4449 ⁵³
1991 4410 2194 4467 Eodem
2236 4412 2291 4466 in
2326 4409 2448 4466 cod.
2485 4409 2627 4473 Vat.,
2660 4407 2770 4480 Ipsi
2798 4406 3024 4480 denique
3040 4404 3230 4480 palma:
3255 4403 3454 4480 sedenti

251 4492 270 4518 ε
294 4471 424 4536 Cod.
450 4479 546 4533 99.
578 4471 778 4549 legitin
807 4471 1013 4533 semita.
1858 4495 2019 4549 super
2043 4484 2267 4547 asinam,
2299 4490 2347 4535 et
2367 4479 2589 4549 venienti
2610 4471 2953 4549 ud'templum
2984 4471 3209 4530 Domino
3245 4471 3310 4526 ab
3331 4487 3453 4543 apo-

248 4549 272 4586 ⁶
296 4550 426 4622 Cod.
459 4550 586 4622 Vat.
616 4546 773 4622 (illa),
796 4566 964 4605 mura.
1255 4620 1261 4622 Α
1286 4567 1314 4622 '_
1672 4621 1675 4622 ν
1864 4546 2014 4622 stolis
2036 4553 2343 4622 oﬂ'erunfur.
2374 4548 2502 4622 Cum
2531 4552 2667 4622 enim
2697 4546 2938 4622 apostoli,
2968 4554 3075 4603 etc.

249 4630 272 4658 ⁸
460 4620 587 4676 Vat.
616 4618 774 4686 6450,
803 4636 917 4689 qua:
936 4638 1117 4675 amara
1153 4619 1382 4676 stillabat
1405 4636 1598 4677 venena
1640 4621 1758 4676 dul-
1940 4621 1958 4661 ί
1992 4618 2162 4679 Codd.
2196 4620 2265 4677 99
2288 4630 2346 4679 et
2372 4619 2495 4675 Vat.
2525 4618 2694 4688 6450,
2721 4618 2932 4674 Christi.

189 4701 340 4747 ωιτη.

250 4825 265 4855 ⁸
292 4823 345 4879 In
375 4824 755 4905 Vulgata-cap.
800 4839 894 4905 ,ιζ
914 4820 1086 4905 Exodi
1116 4822 1373 4905 legitur}
1421 4820 1561 4905 Tulit
1596 4830 1767 4905 mitem
1870 4823 2006 4896 quod
2026 4824 2222 4878 dictum
2249 4832 2325 4878 est
2351 4840 2369 4878 :
2392 4822 2617 4905 ostendit
2634 4825 2689 4905 _ei
2716 4833 2972 4905 tanquam
2989 4820 3091 4905 tale
3107 4819 3223 4889 jam
3249 4817 3454 4905 signum

192 4889 376 4985 ξυνίει
403 4888 665 4985 IsraelLde'
681 4888 812 4946 mari
850 4892 1124 4985 {tamenet
1147 4888 1339 4985 egressi
1364 4902 1483 4945 sunt
1503 4893 1557 4944 in
1585 4892 1762 4985 μεθίεις-
1793 4926 1845 4985 D
1868 4888 2023 4985 esset,
2053 4912 2151 4966 quo
2180 4905 2353 4977 posset
2392 4895 2488 4978 hoc
2530 4896 2685 4985 ﬁeri;
2725 4888 2829 4985 nisi
2868 4895 3021 4985 forteL
3039 4888 3188 4972 locus
3229 4897 3341 4942 erat
3368 4888 3458 4985 ubi

190 4962 284 5017 tui
308 4966 413 5047 Sur
434 4983 453 5019 :
487 4964 975 5047 ambulaveruntque
998 4962 1373 5047 tribu-{diebus
1403 4962 1760 5047 pensat-intudi-
1793 4962 1843 4985 "
1867 4965 2030 5047 ligna.
2057 4962 2411 5047 omniumnon
2449 4962 2875 5047 inueniebantur‘,
2893 4970 2960 5041 ut.
2989 4962 3083 5015 hoc
3112 4962 3456 5047 insutu-esset

191 5049 309 5100 nent,
336 5045 385 5088 et
415 5052 523 5090 non
544 5036 844 5107 inuenerunt
875 5028 1082 5107 aquam.
1220 5028 1463 5087 venerunt
1492 5033 1552 5107 in_
1582 5032 1760 5099 Μαι-α,
1868 5028 2030 5107 divini
2058 5035 2332 5106 adjutorii,
2358 5035 2497 5107 quod
2509 5036 2561 5107 ei
2584 5034 2781 5104 lignum
2806 5032 3061 5107 Dominus
3091 5028 3336 5107 ostendit,
3368 5028 3456 5107 ubi

190 5119 268 5156 nec
292 5114 569 5174 potuerunt
599 5103 766 5176 bibere
813 5100 975 5174 aquas
1006 5104 1068 5176 de
1102 5102 1165 5176 _M
1171 5120 1285 5165 ara,
1309 5119 1369 5156 eo
1415 5103 1762 5176 quod’essent
1868 5105 2066 5159 nullum
2094 5100 2206 5160 erat
2228 5124 2244 5169 ;
2266 5100 2325 5160 et
2350 5100 2441 5176 per
2481 5100 2675 5176 lignum
2714 5119 2875 5176 aquas
2902 5101 3255 5176 dulcesfecit,
3278 5100 3457 5176 prmﬁ-

187 5172 480 5247 armare..."
518 5174 693 5247 Atille
719 5172 959 5247 clamavit
986 5174 1057 5226 ad
1074 5172 1389 5247 _Dominum,
1421 5174 1505 5247 qui
1534 5174 1760 5247 ostendit
1867 5192 2062 5247 gurans
2092 5178 2313 5247 gloriam
2349 5172 2400 5229 et
2427 5172 2650 5247 gratiam
2698 5172 2863 5226 crucis
2895 5172 3049 5247 :_sed
3079 5173 3130 5225 in
3162 5172 3255 5224 tali
3302 5173 3459 5247 etiam

1868 5242 2058 5369 ignara
2093 5242 2245 5369 liga},
2289 5247 2403 5318 quis
2428 5242 2550 5299 'nisi
2599 5251 2806 5296 creator
2833 5251 2882 5297 et
2907 5242 3292 5297 demonstrator
3339 5242 3452 5295 lau-

1940 5333 1970 5369 τι
2015 5333 2074 5369 us
2096 5324 2172 5369 est

1940 5324 2074 5369 udus
2096 5324 2172 5369 est

188 5243 229 5294 ei
249 5244 466 5313 lignum,
498 5244 634 5315 quod
661 5260 776 5297 cum
820 5245 1044 5298 misisset
1066 5244 1120 5296 in
1141 5260 1331 5315 aquas,
1355 5244 1409 5295 in
1437 5244 1764 5298 dulcedinem

186 5326 327 5368 certe
351 5323 500 5379 sunt,
526 5322 632 5369 etc.

243 5381 297 5437 S.
336 5385 673 5452 Augustinus
717 5384 809 5439 lib.
858 5400 895 5439 ιι
946 5382 1144 5448 Quam.
1202 5384 1257 5437 in
1310 5382 1485 5438 Exod.
1536 5383 1703 5439 habet
1746 5401 1759 5437 :

200 5445 680 5537 Veneruntiautergs,
713 5466 763 5510 et.
787 5471 892 5509 non
944 5445 1184 5526 poterant
1223 5453 1393 5508 bibere
1440 5454 1503 5508 de
1545 5453 1763 5519 Merra;

188 5538 352 5577 vitam
378 5530 526 5579 enim
544 5530 673 5580 era't.

210 5660 223 5671 .
246 5592 448 5650 Deinde
477 5611 756 5671 exponens
780 5596 865 5671 illa
890 5596 1078 5671 verba,
1106 5594 1174 5671 E:_
1197 5596 1421 5671 ostendit
1435 5595 1483 5648 ei
1514 5593 1763 5671 Dominus

195 5656 393 5745 59mm,
425 5656 783 5745 etc.,:_‘Ger_ius
811 5667 958 5745 ligni!
978 5656 1090 5719 erat
1115 5706 1128 5728 ,
1162 5667 1542 5745 inquitkistum
1574 5662 1763 5745 habens

204 5735 278 5814 ius
294 5751 311 5799 ;
340 5753 411 5818 an
439 5738 661 5817 quolibet
689 5738 829 5845 ligno
853 5735 911 5791 id
932 5739 1101 5808 facere
1127 5746 1327 5819 poterat
1352 5735 1487 5815 Deus
1509 5736 1594 5817 qui
1616 5743 1763 5788 tanta

204 5805 443 5862 strabtlta
484 5806 733 5875 furebat.
796 5807 912 5863 Hoc
951 5816 1124 5862 tamen
1166 5807 1363 5863 videtur
1416 5805 1718 5875 signiﬁcare
1743 5844 1762 5869 ,

193 5805 463 5862 mirabilia
489 5805 733 5863 faciebat!

1941 5387 2222 5455 Dionysius
2242 5382 2651 5455 Carthqsianus,
2680 5381 2875 5455 Enarr.
2908 5384 2961 5437 in
2989 5380 3160 5436 Ezrod.
3185 5380 3341 5455 artic.
3366 5378 3457 5443 52,

1868 5464 2026 5527 rocat
2051 5450 2247 5510 flumen
2276 5455 2406 5509 illud
2433 5453 2660 5519 Marath,
2693 5464 2749 5509 et
2777 5454 2830 5508 in
2879 5467 3137 5527 aquarum
3167 5450 3459 5527 ejus_am_:i-

1868 5526 2101 5580 ritudine
2124 5533 2308 5581 monet
2337 5527 2588 5593 figuratas
2632 5518 2754 5579 esse
2795 5518 3144 5585 tentationes,
3184 5518 3462 5586 aegritudi-

1871 5612 2095 5665 ncsque,
2126 5595 2319 5666 quibus
2357 5595 2489 5663 justi
2537 5595 2722 5666 a_Deo
2766 5595 3230 5666 probantur,qu
3280 5598 3463 5643 tamen

1868 5660 2184 5721 dulcescunt
2207 5681 2313 5719 non
2346 5660 2451 5719 tam
2482 5660 2863 5727 meditatione,
2900 5678 3059 5733 quam
3088 5660 3287 5733 virtute
3320 5674 3457 5733 _pas-

1868 5737 2035 5791 sionis
2061 5744 2117 5789 et
2135 5735 2312 5789 crucis
2330 5734 2546 5792 Christi.
2573 5734 2747 5805 Atque
2768 5726 3296 5800 allct't'Augustinutn
3318 5726 3461 5780 hunc

796 5807 912 5863 Hoc
933 5805 1133 5862 tamen
1166 5807 1363 5863 videtur
1416 5805 1718 5876 signiﬁcare
1743 5844 1762 5869 ,
1867 5808 2047 5864 locum
2076 5806 2151 5862 ita
2177 5806 2642 5879 interpretantem.
