4042 6192
521 325 638 396 sui

1731 325 1792 377 S.
1827 319 2070 409 MAXIMI
2107 319 2555 401 TAURINENSIS

3685 317 3793 376 ωε)

527 440 778 511 phorum.
807 437 959 494 Prius
983 443 1164 494 autem
1183 450 1343 506 quam
1374 433 1628 498 tollantur
1646 434 1854 504 palmae,
1880 433 1980 486 iter
2004 431 2111 486 Do-
2139 439 2189 497 Α
2217 431 2363 486 velut
2393 440 2415 468 ο
2437 429 2619 498 fontes
2646 427 2914 500 purissimi
2956 431 3124 498 gratia
3153 427 3548 500 prmdicationis
3595 430 3772 518 csnbe

535 529 664 592 mini
686 541 856 596 usque
879 526 952 582 ad
989 526 1247 595 templum
1286 523 1666 593 discipulorum
1693 522 1931 578 vestibus
1976 535 2110 590 ope-

531 619 686 681 ritur,
714 626 769 672 et
790 626 849 672 ut
869 616 1144 686 impolluta
1172 615 1242 670 sit
1264 616 1454 670 semita
1485 613 1798 678 Salvatoris,
1841 613 2115 682 apostolo-

535 723 651 760 rum
682 707 960 762 amictibus
987 705 1366 760 communitur.
1406 704 1557 770 Quod
1582 703 1799 773 quidem
1839 705 1892 758 in
1922 709 2115 774 myste-

535 799 672 853 rium
714 798 910 853 factum
949 805 1098 867 puta.
1129 795 1226 850 Via
1255 796 1399 850 enim
1434 795 1652 859 Christi,
1695 809 1814 864 qua:
1855 793 2000 848 ducit
2047 791 2115 846 ad

537 889 816 958 templum,
857 886 986 941 lides
1013 885 1130 955 ejus
1164 895 1247 940 est
1273 894 1436 954 atque
1474 884 1738 938 doctrina.
1783 882 1931 938 Hanc
1957 882 2116 950 igitur

535 980 674 1034 viam
711 979 990 1048 discipuli,
1035 985 1097 1033 ut
1143 993 1241 1046 nos
1289 978 1407 1032 sine
1451 975 1748 1048 offensione
1789 975 2112 1046 gradiamur,

538 1070 766 1124 amictus
795 1070 1001 1138 pmprii
1029 1069 1272 1138 corporis
1291 1075 1574 1130 ementes,
1601 1081 1699 1137 suo
1727 1072 1967 1120 stravere
1982 1078 2118 1116 mare

536 1160 710 1230 tyrio,
751 1167 811 1213 ut
855 1159 993 1213 inter
1033 1159 1368 1212 diversarum
1408 1155 1648 1224 gentium
1696 1153 1876 1206 turbas
1899 1151 2117 1220 justitia:

533 1249 782 1304 semitam
805 1249 1168 1303 membrorum
1197 1261 1416 1301 suorum
1446 1245 1764 1299 vestimenta
1793 1240 1951 1312 12h.
1996 1239 2117 1295 sub-

536 1346 798 1403 sternunt,
830 1347 887 1392 et
915 1352 1187 1394 caenosam
1217 1346 1242 1374 ⁸
1293 1334 1711 1407 myrrhaginem,
1752 1331 1937 1411 mundi
1985 1345 2117 1400 ope-

537 1430 698 1495 riant,
723 1437 778 1484 et
819 1429 1154 1500 impollutam
1179 1428 1318 1483 viam
1365 1426 1660 1482 Salvatoris
1697 1423 2000 1480 ostendant.
2035 1421 2118 1478 Ad

536 1519 818 1574 duodecim
844 1534 972 1588 ergo
1001 1518 1174 1574 fontes
1204 1528 1328 1588 post
1357 1517 1381 1555 b
1412 1516 1686 1587 myrrham
1711 1515 1860 1571 venit
1885 1513 2118 1584 populus

539 1607 720 1664 Israel.
755 1608 1003 1678 Legimus
1031 1609 1082 1662 in
1112 1609 1373 1679 propheta
1407 1626 1420 1660 :
1463 1606 1754 1662 Benedicite
1804 1605 2025 1660 Domino
2054 1604 2118 1659 de

537 1698 765 1769 fontibus
793 1697 962 1752 Israel
990 1697 1179 1770 (Psal.
1206 1714 1347 1752 vau
1369 1697 1409 1767 ).
1443 1697 1700 1752 Dominus
1739 1695 1983 1749 Christus
2011 1703 2116 1759 est,

2211 529 2358 589 rant,
2388 529 2445 577 et
2489 530 2610 591 post
2649 522 3059 576 amaritudinem
3102 524 3232 590 legis
3273 538 3530 578 venarum
3574 537 3793 576 suarum

2212 614 2361 682 larga
2385 613 2647 682 sapientia
2687 614 3010 668 sacramenti
3057 615 3250 684 pocula
3292 614 3627 668 dulcedinem
3674 614 3794 666 stil-

2212 705 2346 758 lant.
2394 703 2504 760 Nec
2550 705 2764 770 mirum,
2809 705 2852 760 si
2897 713 3056 774 potus
3102 704 3272 760 dulcis
3320 715 3402 761 est
3451 704 3698 772 fontium,
3742 708 3792 762 in

2212 809 2440 864 quorum
2485 793 2606 848 sinu
2645 794 2796 848 cibus
2844 792 3054 848 dulcior
3083 802 3167 849 est
3207 793 3526 866 palmarum.
3553 796 3797 865 Apostoli

2212 897 2344 951 ergo
2371 890 2496 937 sunt
2522 883 2726 949 fontes,
2756 884 2848 953 qui
2881 886 3046 940 totius
3094 893 3250 940 terra:
3295 885 3488 941 faciem
3531 887 3791 941 doctrina:

2214 988 2324 1031 suae
2351 971 2571 1029 ﬂumine
2596 975 2934 1043 rigaverunt,
2965 983 3021 1032 et
3047 975 3278 1044 fatigatis
3307 976 3546 1044 gentium
3585 977 3804 1047 populis,

2213 1077 2400 1136 potum
2426 1065 2592 1120 divini
2619 1067 2858 1136 mysterii
2895 1066 3265 1136 propinamnt.
3305 1067 3656 1137 Septuaginta
3689 1083 3790 1121 au-

2213 1163 2323 1210 tem
2367 1155 2572 1226 palmas
2603 1154 2755 1224 juxta
2805 1155 2978 1210 fontes
3022 1157 3347 1225 apostolicos
3375 1165 3679 1224 generatas,
3706 1173 3795 1212 sc-

2215 1246 2492 1316 ptuaginta
2539 1245 2658 1300 illos
2703 1244 2970 1314 dicipulos
3015 1245 3265 1314 dixerim,
3310 1247 3402 1315 qui
3451 1247 3688 1302 secundo
3728 1247 3796 1301 ab

2215 1335 2472 1405 apostolis
2491 1335 2658 1402 gradu
2692 1343 2915 1405 propter
2937 1335 3163 1389 salutem
3207 1335 3483 1389 hominum
3511 1351 3542 1389 a
3569 1335 3796 1390 Domino

2215 1425 2515 1495 diriguntur
2549 1443 2561 1479 :
2595 1441 2732 1496 quos
2761 1425 2932 1481 Lucas
2957 1424 3298 1495 Evangelista
3325 1425 3474 1499 (Cap.
3501 1430 3560 1497 ι)
3591 1425 3796 1482 deseri-

2214 1516 2348 1574 bens
2367 1517 2522 1573 binos
2542 1526 2596 1572 et
2622 1517 2780 1572 binos
2809 1517 3002 1573 asserit
3025 1517 3345 1573 destinatos.
3376 1519 3487 1584 Qui-
3506 1533 3633 1574 tere
3654 1519 3800 1574 velut

2216 1605 2406 1676 palmte
2443 1615 2565 1675 post
2608 1622 2762 1662 curas
2809 1607 3090 1662 hominum
3134 1623 3254 1663 eum
3302 1608 3664 1664 exsultatione
3711 1625 3798 1663 re-

2215 1695 2442 1752 deuntes
2463 1696 2760 1765 gloriantur
2788 1697 2930 1767 apud
2949 1696 3256 1760 Dominum,
3285 1699 3387 1753 sibi
3406 1699 3567 1753 etiam
3595 1683 3798 1754 deamo.-

538 1788 630 1858 qui
659 1789 869 1842 nonnisi
898 1804 992 1857 per
1029 1789 1394 1857 apostolorum
1421 1802 1516 1842 ora
1553 1787 1794 1851 discitur,
1821 1785 2114 1855 discipulo-
2146 1794 2193 1853 Β
2219 1787 2306 1841 nia
2329 1802 2448 1842 esse
2466 1787 2727 1857 subjecta.
2761 1786 2926 1844 [tecte
2954 1789 3115 1856 igitur
3150 1796 3539 1858 comparantur
3584 1789 3798 1858 palmis,

537 1893 764 1950 rumque
784 1876 1110 1934 doctrinam.
1124 1877 1368 1948 Apostoli
1394 1876 1604 1933 dicendi
1631 1883 1756 1932 sunt
1781 1873 1977 1938 fontes,
1991 1875 2116 1946 quia

2221 1875 2313 1944 qui
2342 1877 2637 1946 palmarum
2665 1879 2883 1950 praemio
2903 1877 3101 1934 diaboli
3123 1878 3377 1935 exstitere
3406 1879 3656 1935 victores.

1879 1985 2225 2046 HOMILIA
2265 1986 2459 2048 XLII.

1760 2081 1896 2136 Item
1924 2082 1986 2136 de
2016 2083 2426 2156 Quadragesima
2462 2084 2560 2140 γι.

1992 2175 2378 2234 ADMONITIO.

607 2246 768 2319 225
805 2245 883 2319 Ad
912 2245 1447 2319 homiliarumgsancti
1475 2242 1691 2319 Maximi
1722 2243 1860 2319 typis
1888 2243 2150 2319 editarum
2179 2248 2370 2319 seriem
2400 2255 2661 2319 revertor.
2695 2247 2818 2319 Haec
2847 2249 2901 2304 in
2929 2248 3200 2306 codicibus
3227 2264 3322 2306 sex
3348 2250 3544 2318 legitur
3563 2265 3686 2306 cum
3715 2251 3794 2306 in-

535 2311 1193 2389 sCITpTione‘hujusmode:
1227 2311 1928 2389 Sermgsanetiﬂerunt-de
1959 2311 2405 2389 Qttttdragcsitrta;
2445 2317 2732 2389 induobus
2760 2315 3031 2389 Vaticanis
3050 2361 3064 2383 ,
3093 2320 3144 2374 id
3172 2329 3255 2375 est
3285 2311 3454 2383 ηδε,
3485 2335 3604 2389 pag.
3637 2321 3739 2386 81,
3773 2337 3802 2376 a

538 2382 712 2454 tergo,
738 2395 793 2441 et
812 2382 1207 2457 Palatino_453,
1233 2385 1500 2457 pag._59tl,
1531 2384 1582 2437 in
1612 2382 1973 2457 L_aurentia_no
1995 2400 2031 2448 ι,
2055 2382 2117 2457 Pl

2223 2401 2328 2450 xrv,
2343 2399 2471 2457 pag.
2501 2387 2620 2457 HO,
2644 2402 2675 2441 a
2702 2397 2872 2457 tergo,
2896 2388 2950 2441 in
2974 2387 3017 2441 Τ
3021 2382 3288 2444 aurinensi
3316 2382 3590 2457 sermfiti,
3615 2391 3666 2444 in
3697 2382 3806 2444 Au.

543 2451 858 2524 riensixtv,
886 2463 942 2524 et
979 2456 1032 2509 in
1062 2451 1290 2511 Lucensi
1435 2452 1793 2524 Quamobrem
1823 2468 1853 2506 a
1880 2451 2141 2524 Gymnico
2185 2469 2308 2524 pag.
2341 2451 2486 2521 79,'a
2514 2451 2785 2512 Galesinio

2867 2457 3178 2530 ag.il_0,ia
3207 2458 3529 2530 Combeﬁsio
3575 2468 3712 2516 tom.
3746 2478 3806 2530 η,

538 2539 663 2610 με·
695 2522 816 2610 ξεδν
839 2523 1127 2610 2.9119639
1157 2533 1288 2605 “an:
1320 2523 1380 2610 υτ
1410 2521 2061 2610 ρξιδ,-.ἔ;⁵⁷λίί,¹ξῖι.ηξεξυςξτξ
2089 2521 2208 2610 998}
2234 2521 2354 2590 9’06.
2372 2541 2403 2579 τι
2429 2525 2734 2610 terserim
2757 2528 2811 2582 in
2831 2521 3263 2610 Βίδιίοιξιίλίεειει-
3290 2538 3424 2610 εοπηο
3449 2528 3683 2610 “gras-
3720 2521 3808 2596 15;

540 2588 679 2647 infer
707 2593 952 2647 liomilias
975 2593 1032 2647 S.
1066 2591 1280 2664 Maximi
1307 2588 1637 2664 numeratur,
1670 2588 1806 2654 Quid
1822 2588 2059 2646 ?'Nonne
2087 2588 2298 2663 ex'ipsa
2340 2588 2607 2652 Scribendi
2635 2597 2876 2664 ratione,
2907 2606 3150 2653 sanctum
3178 2599 3468 2654 Maximum
3514 2588 3659 2654 illius
3683 2588 3805 2657 esse

535 2672 810 2717 auctorem
839 2664 968 2718 satis
994 2663 1272 2732 explorate
1297 2661 1629 2733 percipitur?

538 2750 924 2806 Attoniti-3mm.
951 2783 1024 2794 -—
1052 2748 1325 2804 Inducitur
1351 2747 1586 2802 diabolus
1629 2751 1736 2800 suis
1771 2747 1926 2802 malis
1962 2748 2117 2814 dolis,

606 2837 676 2875 an
691 2819 921 2874 Christus
937 2837 1049 2875 vere
1076 2822 1146 2874 sit
1172 2819 1332 2879 Deus.
1359 2819 1660 2888 explorans.
1689 2816 1883 2871 Christi
1903 2833 1998 2886 ope
2018 2819 2116 2870 ad-

602 2891 706 2963 juti
728 2890 1207 2963 vincerendiabolum
1227 2887 1516 2963 possumus.
1545 2891 1586 2963 ᾼ
1608 2887 1745 2963 uitiis
1770 2888 2119 2958 jejunandum

603 2957 699 3025 est,
721 2969 778 3012 ut
799 2961 894 3013 rite
922 2958 1348 3032 Quadragesima:
1375 2958 1483 3012 dies
1504 2957 1833 3011 celebremus.

2223 2751 2376 2824 xvu),
2404 2755 2604 2822 poterit
2623 2771 2764 2810 nunc
2791 2758 2843 2810 in
2871 2771 3066 2828 panem
3099 2757 3305 2828 lapides
3336 2767 3362 2796 ο
3392 2757 3805 2825 transformre,

2221 2843 2323 2898 etsi
2353 2859 2462 2898 non
2489 2859 2608 2900 mea
2648 2847 2928 2916 petitione,
2960 2863 3055 2903 sua
3095 2857 3272 2904 tamen
3320 2850 3663 2915 necessitate,
3711 2853 3806 2920 qui

2226 2931 2247 2971 ι
2272 2934 2458 2989 esurit.
2482 2933 2634 3001 Quod
2662 2937 2709 2991 si
2729 2935 2946 3002 fecerit;
2972 2938 3141 2992 Deum
3169 2938 3410 3008 probabo
3433 2955 3448 2992 :
3471 2938 3517 2994 si
3546 2941 3813 3007 nequivev

2220 3023 2319 3085 rit;
2349 3023 2623 3081 hominem
2644 3026 3064 3097 deprehendam.
3096 3030 3252 3100 126
3271 3027 3633 3098 Exspectabat
3673 3043 3811 3098 ergo

604 3117 897 3175 Conﬂictus
927 3118 1014 3172 ille
1060 3117 1340 3182 mirabilis,
1363 3130 1521 3185 quem
1552 3116 1696 3170 inter
1725 3114 1846 3170 coeli
1892 3113 2112 3180 Regem,
2145 3159 2188 3222 Ο
2219 3112 2464 3170 diabolus
2491 3130 2704 3184 panem,
2732 3131 2891 3186 quem
2921 3133 3032 3172 non
3061 3126 3171 3172 tam
3198 3117 3300 3174 sibi
3338 3119 3616 3186 acquirere
3642 3134 3811 3189 quam

534 3221 592 3268 et
637 3211 792 3281 regni
833 3211 1066 3266 caelestis
1095 3216 1381 3280 tyrannum
1419 3207 1602 3271 fuisse,
1646 3206 1889 3261 caritatis
1923 3213 2118 3260 vestrae

536 3303 756 3357 auribus
781 3302 955 3357 sancti
984 3299 1259 3368 Evangelii
1288 3298 1470 3363 lectio,
1498 3313 1641 3352 nunc
1663 3297 1889 3351 decursa
1924 3302 2119 3350 testata

535 3401 637 3456 est,
669 3393 950 3449 dominica:
982 3391 1138 3446 nobis
1161 3389 1547 3445 incarnationis
1576 3387 1902 3458 triumphale
1928 3393 2122 3457 myste-

529 3485 671 3539 rium
716 3491 893 3538 sonat.
935 3480 1287 3550 Omnipotens
1333 3479 1477 3533 enim
1522 3478 1780 3532 Dominus
1837 3475 2121 3532 ineii‘abilis

533 3573 751 3643 pietatis
799 3572 997 3626 aﬂ‘eetu
1043 3571 1416 3640 captivitatem
1471 3569 1756 3623 miseratus
1807 3567 2116 3633 humanam,

535 3662 797 3732 simulque
822 3660 1012 3714 volens
1051 3656 1372 3713 diabolicam
1400 3662 1724 3727 potestatem
1752 3670 1852 3710 suo
1877 3652 1905 3690 ἀ
1939 3669 2120 3709 remo-

533 3767 661 3808 vere
681 3751 750 3805 de
777 3749 996 3816 mundo,
1029 3749 1178 3802 misit
1204 3748 1543 3816 unigenitum
1582 3746 1779 3802 Filium
1803 3761 1984 3811 suum,
2013 3761 2123 3800 neu

535 3843 814 3897 divinitate
853 3840 1210 3908 degenerem,
1236 3854 1346 3893 non
1382 3839 1582 3892 virtute
1627 3837 1971 3902 dissimilem,
2012 3851 2121 3891 non

537 3931 813 3983 voluntate
831 3925 1158 3990 discordem,
1181 3926 1274 3994 qui
1295 3930 1536 3978 nostram
1561 3923 1856 3992 suscipiens
1882 3939 2118 3988 carnem,

535 4016 916 4087 spreta'veteri
944 4015 1255 4070 conditione
1301 4013 1576 4080 nascendi,
1605 4013 1674 4068 de
1719 4013 1917 4069 temina
1945 4013 2122 4072 incor-

537 4110 680 4179 rupti
727 4107 983 4177 corporis.
1021 4122 1164 4162 nova
1210 4107 1330 4175 lege
1370 4120 1540 4161 novus
1587 4105 1753 4161 Filius
1786 4113 2117 4172 nasceretur,

537 4206 802 4266 quatenus
827 4196 1073 4252 diabolus
1100 4197 1390 4251 salutarem
1417 4196 1562 4251 hunc
1589 4196 1865 4251 hominem
1905 4197 1957 4250 in
1987 4211 2120 4250 con-

536 4290 760 4346 sortium
787 4289 1002 4346 deitatis
1049 4286 1308 4345 adscitum
1327 4327 1343 4356 ,
1372 4289 1476 4344 etsi
1510 4296 1724 4344 tentare
1752 4295 2118 4358 praesumeret,

531 4394 791 4449 superare
814 4395 925 4434 non
952 4388 1158 4449 posset.
1189 4379 1377 4448 Itaque
1421 4394 1545 4434 cum
1569 4379 1778 4434 videret
1805 4379 1890 4434 leo
1917 4379 2006 4434 ille
2037 4378 2120 4433 t'e-

536 4472 662 4526 ralis
689 4486 882 4541 agnum
913 4470 1009 4526 Dei
1045 4478 1170 4540 post
1197 4471 1584 4538 longissimum,
1617 4478 1780 4538 atque
1807 4471 2118 4527 continuum

533 4554 882 4631 quadraginta
904 4560 1118 4615 'dierum
1146 4575 1210 4616 ac
1236 4561 1473 4615 noctium
1497 4560 1762 4631 jejunium
1799 4563 2034 4630 esurire,
2067 4571 2124 4619 et

535 4652 858 4708 esurientem
870 4651 1038 4706 Deum
1051 4665 1172 4706 esse
1191 4667 1302 4706 non
1317 4651 1578 4718 crederet,
1598 4652 1878 4720 arteillum
1890 4654 2124 4709 callidis-

538 4747 684 4801 simze
705 4745 1019 4802 tentationis
1056 4743 1383 4812 aggreditur,
1405 4744 1588 4799 dicens
1613 4763 1625 4798 :
1658 4743 1720 4800 Si
1740 4744 1909 4800 Filius
1927 4745 2024 4800 Dei
2045 4763 2120 4814 es,

539 4836 621 4890 dic
646 4847 700 4889 ut
725 4836 924 4907 lapides
952 4835 1040 4890 isti
1068 4850 1229 4906 panes
1255 4835 1390 4905 ﬁant
1419 4833 1642 4907 (Matth.
1676 4836 1772 4903 ιν).
1813 4836 2120 4906 Cogitabat,

541 4935 599 4980 ut
623 4930 852 4996 testimo,
884 4928 1026 4998 apud
1052 4943 1111 4983 se
1152 4928 1291 4983 tanti
1319 4927 1429 4983 doli
1455 4929 1668 4994 artifex,
1699 4937 1757 4984 et
1784 4929 2036 4986 dicebat:
2064 4929 2121 4985 Si

542 5017 627 5072 hic
647 5018 760 5087 ipse
781 5027 883 5085 est,
906 5021 1058 5090 cujus
1088 5026 1359 5090 praecepto
1387 5019 1746 5075 esurientibus
1783 5035 1880 5090 per
1904 5020 2117 5076 deserta

542 5108 750 5178 pepulis
777 5124 970 5166 manna
1000 5110 1154 5168 fluxit
1180 5127 1212 5167 e
1239 5110 1378 5167 casio
1405 5110 1600 5183 (Exod.
1633 5113 1772 5182 xvr);
1803 5112 1845 5166 si
1877 5113 1989 5181 ipse
2008 5120 2110 5180 est,

542 5213 700 5268 quem
720 5201 846 5256 novi
885 5215 984 5270 ego
1005 5202 1223 5260 ﬂumina
1249 5204 1566 5276 produxisse
1609 5204 1678 5260 de
1720 5214 1873 5276 petra
1903 5207 1921 5277 (
1938 5204 2110 5262 Exod.

609 5342 745 5412 fAl.
772 5343 1085 5412 voraginem.

609 5411 637 5450 δ
666 5413 798 5468 Cod.
829 5411 949 5466 Vat.
983 5411 1140 5478 6450,
1172 5431 1364 5470 mena.

611 5493 635 5522 θ
663 5482 795 5538 Cod.
825 5481 911 5548 99,
942 5499 1118 5538 omnes
1146 5486 1311 5554 fontes
1333 5484 1615 5554 purissimi.

611 5601 629 5634 ⁸
658 5599 730 5654 De
758 5597 1107 5653 translatione
1134 5597 1330 5652 Christi
1358 5613 1516 5667 supra
1539 5597 1878 5668 pinnaculum
1900 5595 2105 5666 templi,

539 5686 700 5740 quant
745 5668 1085 5740 evangelistm
1122 5678 1456 5740 memorant,
1488 5669 1612 5723 silet
1660 5668 1938 5740 Maximus,
1989 5683 2108 5740 eam

536 5737 864 5814 supponens,
896 5737 949 5794 et
974 5739 1165 5803 solum,
1208 5746 1265 5792 ut
1293 5737 1392 5792 sibi
1420 5739 1695 5807 proposuit
1724 5737 1966 5794 callidam
1997 5738 2107 5792 da:-

2221 3207 2424 3263 mundo
2463 3208 2759 3264 conabatur
2785 3209 3014 3265 auferre.
3046 3209 3153 3265 Sed
3183 3225 3362 3266 rerum
3404 3210 3687 3275 Dominus,
3715 3213 3811 3282 qui

2223 3303 2278 3352 et
2305 3312 2496 3367 panem
2521 3297 2587 3354 de
2616 3299 2791 3368 lapide
2817 3307 3000 3370 posset
3021 3299 3234 3356 efﬁcere
3253 3341 3267 3365 ,
3298 3309 3354 3355 et
3374 3302 3676 3370 exploranti
3709 3303 3811 3357 hu-

2220 3401 2392 3442 mana:
2417 3388 2584 3443 nollet
2607 3389 2792 3444 salutis
2817 3390 3114 3445 clarescere
3129 3398 3544 3457 sacramentum,
3558 3393 3635 3447 sic
3647 3407 3813 3449 suum

2221 3477 2531 3533 moderatus
2557 3486 2642 3533 est
2667 3489 2856 3534 sancto
2883 3481 2937 3536 in
2966 3496 3062 3536 ore
3089 3497 3424 3552 responsum,
3449 3491 3512 3538 ut
3537 3499 3637 3538 nec
3664 3484 3812 3555 ipse.

2219 3569 2311 3636 qui
2341 3570 2539 3623 veritas
2566 3578 2702 3638 erat,
2729 3572 3066 3627 mendacium
3097 3573 3424 3644 loqueretur,
3451 3591 3553 3631 nee
3580 3576 3690 3642 ille,
3718 3577 3812 3644 qui

2220 3659 2292 3712 ab
2320 3659 2474 3714 initio
2501 3661 2734 3716 mendax
2753 3669 2856 3728 est,
2879 3677 3039 3732 quam
3061 3678 3169 3718 non
3200 3671 3317 3718 erat
3335 3664 3656 3731 crediturus,
3690 3683 3815 3736 pos.

2221 3749 2292 3805 sit
2319 3765 2614 3820 agnoscere
2633 3753 2934 3808 veritatem.
2955 3755 3043 3808 Ait
3062 3767 3190 3822 ergo
3216 3756 3473 3812 Dominus
3503 3774 3516 3810 :
3543 3757 3816 3827 Scriptum

2223 3849 2300 3894 est
2328 3858 2346 3894 :
2377 3841 2501 3896 Non
2528 3845 2583 3896 in
2606 3860 2740 3912 pane
2762 3853 2962 3898 tantum
2983 3847 3104 3899 vivit
3124 3846 3295 3912 homo,
3311 3846 3400 3901 sed
3419 3848 3473 3900 in
3493 3850 3634 3901 omni
3658 3848 3817 3903 verba

2222 3932 2321 3988 Dei
2352 3933 2528 4005 (Deut.
2557 3936 2696 4006 vni).
2729 3936 2952 4007 Accepit
2980 3946 3218 3994 tentator
3237 3954 3306 3995 ex
3325 3940 3444 4009 lege
3467 3955 3814 4010 responsum,

2221 4026 2308 4081 cui
2334 4028 2604 4082 contraire
2631 4043 2739 4082 non
2769 4030 2940 4097 possit
2967 4047 2980 4082 :
3026 4045 3133 4085 non
3162 4031 3371 4100 accepit
3397 4045 3614 4100 panem,
3639 4045 3818 4099 quem

2223 4132 2330 4171 non
2354 4118 2712 4174 manducandi
2735 4121 3145 4184 consuetudine,
3177 4121 3271 4176 sed
3295 4121 3598 4191 decipiendi
3621 4120 3818 4176 fraude

2221 4209 2499 4277 poscebat.
2520 4209 2578 4263 In
2599 4225 2706 4278 quo
2733 4211 2877 4266 enim
2905 4211 3070 4268 Filius
3096 4212 3190 4267 Dei
3218 4228 3412 4282 panem
3440 4214 3818 4269 necessarium

2220 4299 2450 4355 haberet
2487 4301 2778 4356 humanum
2798 4341 2814 4367 ,
2855 4303 2940 4358 cui
2973 4303 3149 4358 omnis
3181 4311 3300 4358 erat
3345 4305 3559 4372 propria
3591 4305 3643 4357 in
3673 4304 3820 4357 divi-

2222 4391 2392 4444 nitate
2419 4390 2764 4445 substantia?
2803 4392 2890 4446 vel
2929 4407 3034 4461 qua
3066 4393 3304 4458 ratione,
3333 4393 3698 4461 qualicunque
3747 4395 3822 4449 de

2222 4479 2397 4549 lapide
2425 4479 2976 4542 Christusterrenum'
3010 4481 3211 4538 faceret
3246 4498 3438 4553 panem
3481 4482 3676 4550 (toan.
3713 4485 3818 4552 vi),

2223 4585 2343 4634 cum
2375 4571 2508 4642 ipse,
2530 4571 2669 4627 sicut
2690 4571 2884 4640 legitur
2905 4572 3118 4644 (Matth.
3134 4576 3265 4644 xxx),
3290 4574 3552 4652 spiritalis
3568 4585 3626 4630 et
3653 4578 3824 4645 panis

2222 4672 2384 4730 esset,
2416 4673 2472 4719 et
2495 4665 2667 4735 lapis?
2712 4665 2903 4721 Illusus
2948 4665 3152 4736 itaque,
3204 4667 3496 4737 irrisusque
3542 4675 3824 4733 tentatur,

2221 4756 2380 4810 aliam
2400 4756 2702 4812 machinam
2729 4757 3044 4813 tentationis
3061 4759 3384 4827 aggreditur.
3415 4758 3546 4812 Nam
3567 4774 3694 4814 cum
3727 4775 3826 4816 se-

2218 4854 2370 4900 creto
2396 4861 2494 4900 suo
2524 4861 2828 4915 arcanoque
2857 4847 3081 4903 consilio
3110 4851 3125 4879 ι
3161 4855 3330 4903 staret
3355 4847 3614 4924 Dominus
3640 4864 3824 4918 supra

2219 4935 2437 5004 pinnam
2481 4936 2691 5006 templi,
2721 4938 2799 4992 ait
2823 4937 2914 5007 [illi
2942 4938 3186 4994 diabolus
3217 4957 3230 4992 :
3276 4938 3338 4993 Si
3384 4938 3552 4992 Filius
3579 4939 3698 4994 Dei.
3735 4957 3821 5006 es,

2222 5027 2367 5079 mitte
2394 5035 2440 5080 te
2467 5025 2784 5082 deorsum.0
2802 5043 2964 5098 quam
2991 5027 3153 5083 stulta
3177 5029 3290 5083 haec
3317 5029 3514 5092 suasio,
3545 5028 3823 5083 nimium-

2221 5130 2327 5185 que
2350 5131 2624 5186 perversa,
2645 5123 2704 5172 ut
2730 5117 2866 5173 Filio
2893 5119 2990 5174 Dei
3019 5119 3220 5174 diceret
3254 5137 3265 5172 :
3295 5118 3444 5173 Mitte
3467 5129 3514 5172 te
3540 5117 3817 5175 deorsum.

2218 5206 2466 5276 Nunquid
2488 5223 2597 5263 non
2615 5209 2818 5266 rectius
2829 5209 3080 5266 dixisset:
3100 5210 3157 5267 Si
3175 5211 3338 5266 Filius
3352 5211 3446 5266 Dei
3467 5226 3549 5274 es,
3569 5213 3823 5268 ascende

2288 5343 2314 5382 ά
2345 5342 2478 5418 Cod.
2506 5343 2780 5410 Laurent.,
2807 5363 2900 5401 suo
2912 5348 3028 5418 jam
3046 5364 3322 5415 removere,
3352 5357 3460 5404 etc.

2293 5424 2316 5452 ο
2343 5414 2361 5468 l
2368 5415 2566 5481 bidem,
2597 5414 2962 5472 transmittare.

2297 5482 2316 5523 ί
2339 5485 2559 5550 Ibidem,
2591 5487 2677 5556 qui
2700 5488 2898 5541 esuriit.

2216 5598 2388 5674 monis
2409 5600 2727 5674 petitionem
2758 5603 3000 5670 exponit,
3030 5599 3354 5674 plenumque
3378 5601 3550 5657 divina
3577 5605 3824 5674 sapien-

2215 5667 2286 5722 tia
2312 5667 2508 5726 Christi
2542 5667 2855 5739 responsum
2887 5667 3172 5728 collaudat.
