2021 3096
119 175 167 204 62!

819 169 957 196 llOMlltlA
979 169 1066 197 XLlll.

1699 173 1753 201 ἴ)ὲῖ

120 238 133 251 ι·
149 232 175 258 in
190 229 304 258 caelum?
318 227 393 261 Quod
409 227 499 262 utique
514 227 536 254 si
550 226 650 254 faceret
667 226 804 255 Dominus,
819 226 830 244 ι’
846 233 910 252 νυτο
924 228 948 256 Α
962 226 1017 260 bat,
1029 227 1155 261 probaret
1168 228 1263 254 merito
1278 228 1312 255 ab
1325 228 1449 255 omnibus
1459 228 1633 256 adorandum.
1645 228 1678 256 Et
1688 230 1752 264 quid

120 276 193 304 illum
216 273 265 300 Dei
283 280 343 300 esse
371 271 465 298 Filium
492 272 688 306 comprobaret.
709 270 762 298 Sed
788 270 910 297 inimicus

120 320 192 352 (teli,
217 326 250 346 ne
273 318 402 344 tentando
429 316 538 352 quidem
563 325 701 344 ascensum
717 317 774 343 vult
798 316 911 343 suadere

120 367 256 395 cmlestem
273 365 426 395 :dcorsum,
443 369 470 392 ct
485 364 510 390 in
530 364 580 390 ima
591 368 721 398 provocat
739 371 744 388 :
761 363 823 397 quia
837 365 913 397 optat

121 419 214 439 omnes
228 410 335 442 cadere,
350 409 396 443 qui
411 416 439 436 se
458 409 543 436 sensit
558 417 611 443 pra:
627 408 754 435 omnibus
766 407 911 439 cecidisse;

123 465 169 483 nec
186 462 197 474 ε
211 455 335 488 intelligit
349 462 435 481 czccus
447 474 454 486 ,
470 454 532 487 quia
548 454 584 480 illi
600 458 714 480 conatur
735 454 838 479 ruinam
853 460 913 479 sua-

123 502 196 533 dere,
221 501 267 536 qui
288 509 341 527 non
357 500 443 527 solum
459 499 554 526 cadere
569 507 625 526 non
645 503 744 533 potest,
761 499 808 525 sed
826 498 915 524 ruinas

124 547 194 574 venit
209 545 357 573 emendare
375 545 518 578 lapsorum.
536 543 661 570 Dominus
676 544 757 574 enim,
774 547 803 570 ut
817 543 914 569 lectum

123 596 171 623 est,
194 591 270 625 erigit
290 590 378 623 elisos,
404 589 531 616 Dominus
546 589 620 615 solvit
638 589 799 624 compeditos
827 587 913 622 (Psal.

124 635 211 670 cur).
228 635 280 668 Qui
295 641 358 668 ergo
369 638 481 661 venerat
495 642 549 660 non
564 634 661 668 decipi,
673 633 720 660 sed
736 633 846 667 decepta
861 633 915 659 sal-

124 690 194 714 vare,
213 683 291 717 127
307 681 472 716 explorantis
493 684 577 707 artem
593 684 667 706 tanta
681 687 805 706 tnensura
817 679 916 707 cautis—

125 728 196 755 simtc
212 727 397 762 responsionis
409 730 532 757 evacuat,
550 729 579 752 ut
591 725 750 752 tenebrosus
770 724 853 751 hostis
864 732 916 750 non

125 773 210 801 solum
233 773 391 808 mysterium
411 780 460 806 pro
476 771 553 798 nobis
568 771 735 806 propositum
754 769 845 796 videre
864 777 918 796 non

125 818 218 853 possit,
234 817 283 844 sed
298 817 382 850 magis
401 816 537 849 magisque
558 815 695 850 responsis
708 814 850 841 dominicis
864 814 917 840 cir—

126 868 265 891 cumactus
278 863 433 890 obscuriore
448 861 657 889 confunderetur
669 862 781 888 incerto.
794 861 838 887 Ait
847 861 918 887 enim

128 910 163 937 illi
178 909 328 944 spiritualis
339 908 421 943 pra‘lii
436 908 548 936 bellator
563 908 676 934 invictus
692 916 697 933 :
714 907 844 943 Scriptum
858 912 896 934 est
910 915 917 933 :

132 954 187 982 Non
198 954 312 981 tentabis
321 954 458 981 Dominum
469 953 552 980 Deum
565 957 633 979 tuum
641 953 725 988 (Psal.
735 954 824 988 cxcv).
836 952 921 986 Quam

128 1000 242 1035 simplex
268 1000 295 1026 in
312 1000 361 1026 hac
376 999 552 1033 responsione
567 998 717 1033 prudentia,
734 1001 762 1024 ct
774 1005 855 1032 quam
868 998 921 1024 cir-

128 1050 283 1081 cumspecta
303 1045 470 1079 simplicitas,
486 1053 535 1079 per
549 1052 629 1078 quam
645 1052 695 1071 nec
708 1045 808 1070 veritas
826 1044 922 1070 retice-

130 1096 179 1123 tur,
203 1099 258 1118 nec
281 1091 413 1125 reprobus
432 1094 522 1125 potest
544 1089 671 1124 probare,
687 1097 746 1123 qum
768 1097 829 1116 vera
849 1093 920 1117 sunt.

128 1135 206 1170 Vere,
225 1142 254 1164 ut
268 1137 395 1172 scriptum
411 1141 452 1163 est
469 1146 474 1162 :
488 1136 545 1163 Lua:
559 1137 586 1163 in
602 1136 709 1163 tenebris
724 1136 799 1166 lucet,
816 1141 841 1162 et
853 1140 923 1162 tene—

130 1181 179 1209 brar
189 1191 250 1210 eam
264 1190 316 1209 non
332 1181 577 1216 comprehenderunt
588 1180 676 1216 (Ιοαη.
694 1181 723 1215 1).
737 1180 816 1207 Audit
830 1180 923 1207 diabo-

130 1227 178 1260 lus,
191 1228 278 1255 Deum
293 1236 347 1255 non
362 1235 421 1255 esse
434 1227 606 1260 tentandum;
622 1235 676 1254 non
686 1231 775 1253 tamen
791 1226 922 1260 agnoscit,

130 1273 213 1302 Deum
242 1274 435 1308 hominemque
450 1281 519 1305 esse,
535 1281 614 1308 quem
636 1277 723 1300 tentat
738 1282 743 1298 ε
761 1272 833 1299 videt
851 1272 922 1299 enim

129 1320 231 1355 pariter
245 1317 391 1352 Christum,
416 1325 443 1345 et
457 1318 629 1353 respondere,
645 1325 704 1352 quae
719 1318 833 1344 hominis
848 1321 921 1350 sunt,

127 1368 154 1392 et
168 1364 266 1399 possit,
281 1372 340 1398 qua:
356 1364 403 1391 Dei
422 1367 494 1391 sunt.
510 1363 564 1390 Sed
585 1363 709 1398 nequitia:
731 1363 789 1397 ejus
809 1370 858 1390 nec
873 1363 922 1389 ista

128 1409 282 1442 sufﬁciunt;
300 1409 387 1436 tertia:
402 1409 488 1436 adhuc
511 1409 670 1436 tentationis
684 1409 795 1442 laqueos
815 1409 899 1436 nectit
914 1417 921 1435 :

130 1455 211 1481 Duxit
225 1475 233 1487 ,
261 1455 359 1489 inquit,
384 1455 456 1481 illum
479 1455 506 1480 in
522 1458 633 1481 montem
657 1456 786 1481 excelsum
799 1455 883 1488 valde,
899 1459 924 1482 et

129 1502 242 1529 ostendit
255 1502 278 1527 ei
290 1501 376 1528 omnia
389 1509 468 1536 regna
484 1501 589 1532 mundi,
604 1505 629 1527 et
643 1501 753 1528 honores
767 1509 865 1536 eorum,
881 1502 923 1528 di-

130 1555 185 1573 cens
196 1555 206 1573 :
223 1545 290 1573 Πωε
305 1546 393 1573 omnia
414 1546 460 1573 tibi
479 1546 556 1578 dabo,
573 1547 595 1572 si
618 1547 754 1581 procidens
774 1547 922 1574 adorareris

961 272 1057 306 plura,
1084 272 1232 299 carissimi?
1257 273 1322 300 Dum
1347 273 1460 301 nefanda
1484 278 1602 301 tentatur
1622 275 1750 310 loquitur,

962 318 1078 352 dumque
1093 319 1249 346 inconcessa
1265 321 1408 353 pnesumit,
1421 320 1496 354 quasi
1504 320 1537 347 ab
1545 321 1653 348 homine
1668 322 1752 350 victus

962 363 1106 395 obmutuit,
1119 367 1147 390 et
1158 363 1234 397 quasi
1249 371 1264 389 a
1275 363 1332 391 Deo
1341 364 1431 398 jussus
1442 365 1580 393 abscessit.
1594 365 1627 392 Et
1642 373 1752 395 necesse

964 413 1023 435 erat
1036 408 1044 427 ί
1061 408 1095 435 ab
1107 408 1178 436 illius
1186 408 1242 442 jam
1258 410 1406 436 tentatione
1420 410 1577 442 discederet,
1590 411 1616 438 in
1627 420 1681 446 quo
1696 416 1753 439 tota

964 462 994 481 se
1007 456 1084 490 128
1099 455 1170 482 mole
1184 463 1303 488 movens,
1322 456 1436 490 telisque
1449 458 1522 484 nisus
1538 458 1649 490 viribus,
1664 466 1698 485 ne
1712 466 1755 485 ve-

965 501 1072 535 stigium
1084 501 1191 535 quidem
1206 509 1261 528 sum
1284 502 1403 535 reperire
1422 503 1508 536 potuit
1524 501 1676 530 voluntatis;
1693 504 1751 530 Stu-

965 555 1032 582 pcns
1046 551 1127 581 atque
1140 547 1274 573 dcmirans
1287 552 1347 581 post
1359 551 1399 574 tot
1412 548 1508 575 saecula
1524 549 1656 576 invenisse
1666 550 1755 576 homi-

967 601 1027 620 nem
1044 593 1175 620 humanas
1199 594 1431 627 conrupisrcntias
1457 603 1509 621 non
1534 596 1692 628 habentem,
1709 604 1756 623 na-

968 643 1076 672 tumque
1092 639 1117 666 in
1142 646 1223 666 carne
1238 640 1302 665 nihil
1327 640 1434 674 penitus
1457 641 1636 673 corruptionis
1657 641 1757 669 habere

968 684 1092 711 carnalis.
1105 684 1262 711 Discedentc
1273 685 1363 719 itaque
1378 690 1526 713 retrorsum
1541 687 1663 718 diabolo,
1680 695 1758 714 acce-

968 729 1071 761 dentes,
1088 732 1117 755 ut
1131 729 1229 756 lectum
1244 733 1295 761 est,
1311 730 1397 764 angeli
1413 731 1641 759 ministrabantei.
1656 732 1760 759 Trium-

970 775 1037 810 phus
1059 776 1109 802 istc
1128 779 1235 809 quanta:
1257 775 1292 802 sit
1317 775 1408 808 gloria:
1432 776 1559 810 obsequia
1583 785 1632 803 nos
1646 777 1759 804 edocent

970 820 1137 853 angelorum.
1153 820 1208 847 Nec
1225 820 1322 847 mirum
1341 828 1406 848 sane
1425 821 1447 848 si
1463 821 1522 856 ejus
1536 822 1622 855 angeli
1637 823 1760 850 ministe~
1796 839 1801 841 -

971 866 1017 892 riis
1033 871 1044 888 ε
1061 869 1245 899 occurrerunt,
1267 866 1343 901 cujus
1365 866 1505 893 victoriam
1526 867 1702 895 mirabantur.
1727 868 1761 896 Et

936 909 958 938 Β
972 910 1041 942 ideo,
1055 910 1159 943 fratres,
1176 911 1197 938 si
1209 911 1335 938 nolumus
1345 919 1359 937 a
1371 911 1478 938 diabolo
1489 913 1620 946 superari,
1636 913 1760 939 inhaerea~

972 964 1033 984 mus
1054 956 1079 983 ei
1098 956 1143 991 qui
1159 956 1294 984 diabolum
1310 956 1499 992 triumphavit;
1516 958 1653 985 adhatrcre
1672 963 1762 986 autem

973 1007 1014 1030 est
1027 1002 1145 1036 Christo,
1161 1003 1282 1036 credere,
1300 1007 1327 1030 et
1336 1008 1455 1038 paterme
1470 1003 1507 1031 illi
1523 1004 1631 1031 deitatis
1645 1013 1704 1032 csse
1718 1013 1761 1032 na-

973 1053 1069 1080 turam,
1086 1053 1113 1076 et
1123 1049 1237 1075 materni
1251 1049 1371 1083 corporis
1383 1049 1531 1076 veritatem.
1543 1049 1659 1077 Vincere
1673 1055 1761 1078 autent

973 1093 1116 1125 diaboltun,
1133 1093 1191 1127 ipso
1205 1093 1367 1127 suifragante
1381 1094 1510 1127 Domino,
1531 1095 1631 1128 poterit
1649 1086 1762 1130 quicun-I

972 1146 1024 1173 que
1036 1138 1161 1165 salutaria
1168 1138 1216 1165 Dei
1227 1142 1359 1174 prazcepta
1366 1139 1503 1173 suspirans
1512 1140 1643 1167 studuerit
1654 1148 1762 1168 exosum

973 1184 1076 1210 cunctis
1089 1184 1197 1210 tumidtc
1212 1184 1310 1211 mentis
1325 1191 1379 1211 sum
1400 1184 1530 1212 inclinare
1544 1186 1707 1219 superbiam,
1721 1194 1761 1213 ra-

973 1229 1059 1255 dicem
1071 1229 1189 1256 omnium
1204 1229 1336 1256 malorum
1352 1230 1492 1257 avaritiam
1516 1238 1654 1264 coercere,
1677 1232 1761 1258 inimi-

973 1282 1033 1301 cam
1052 1274 1184 1301 bonarum
1196 1274 1324 1301 virtutum
1340 1274 1475 1302 reirenare
1497 1275 1645 1308 luxuriam,
1659 1276 1764 1304 hostem

973 1324 1074 1346 sanctze
1088 1319 1209 1346 caritatis
1223 1319 1349 1346 invidiam
1372 1320 1511 1354 mitigare,
1527 1320 1643 1353 inutilia,
1655 1325 1682 1348 et
1691 1329 1763 1356 swpe

974 1366 1126 1401 periculosa
1142 1365 1352 1393 obtrectantium
1368 1365 1453 1393 vitare
1470 1366 1604 1400 colloquia
1616 1387 1624 1399 ,
1643 1365 1656 1384 ιι
1678 1374 1763 1394 usuitc

975 1412 1054 1439 etiam
1074 1411 1225 1446 perniciosa
1250 1418 1303 1438 non
1326 1418 1417 1437 amare
1440 1411 1610 1445 compendia,
1626 1411 1765 1438 custodem

975 1457 1050 1491 pacis
1061 1456 1192 1491 justitiam
1208 1456 1363 1483 muneribus
1373 1464 1426 1483 non
1441 1463 1563 1490 gravare,
1581 1456 1661 1483 noxia
1676 1456 1764 1484 factio-

975 1510 1039 1529 num
1054 1502 1166 1529 horrere
1181 1505 1351 1534 commenta,
1374 1501 1519 1535 inglorium
1533 1504 1560 1529 et
1574 1509 1765 1537 nonnunquam

976 1551 1116 1576 cruentum
1132 1547 1243 1574 indebiti
1258 1547 1367 1575 honoris
1380 1547 1507 1574 ambitum
1518 1547 1663 1581 declinare,
1679 1548 1765 1575 inccn.

130 1600 176 1619 me.
190 1591 325 1622 Sollicite,
343 1590 450 1624 fratres,
462 1591 592 1618 advertite
602 1591 669 1626 quia
685 1591 781 1619 cadere
793 1597 834 1620 est
847 1599 927 1620 omne
941 1589 963 1621 C
980 1594 1034 1620 tiva
1048 1592 1189 1620 discordiae
1204 1593 1406 1620 contumeliose
1421 1592 1516 1626 linguae
1538 1593 1678 1620 maledicta
1693 1593 1766 1620 coli.-

130 1636 200 1671 quod
213 1636 312 1664 suadet
327 1636 462 1669 inimicus;
476 1644 539 1664 vere
552 1637 625 1664 enim
639 1638 752 1672 procidit
766 1638 862 1670 omnis,
878 1638 924 1671 qui

130 1684 225 1710 adorat
241 1683 393 1715 diabolum;
405 1687 433 1710 et
446 1691 510 1711 vere
522 1683 602 1716 cadit,
614 1684 661 1718 qui
680 1687 829 1718 potestates
840 1684 925 1711 hono—

131 1736 228 1763 resque
248 1728 339 1755 mundi
357 1736 405 1763 per
429 1733 503 1756 artes
516 1729 673 1763 sacrilegas,
686 1729 795 1757 inimico
810 1730 925 1765 promit-

132 1778 216 1807 lente,
235 1777 363 1801 sectatur.
383 1773 435 1801 Sed
449 1773 578 1801 Dominus
593 1782 625 1801 ac
639 1774 763 1802 Salvator
778 1779 869 1803 noster
879 1783 924 1803 so-

131 1819 176 1846 lita
191 1827 256 1847 cum
271 1819 448 1853 responsione
458 1819 471 1837 α
488 1819 617 1854 confudit,
631 1819 741 1847 dicens:
758 1820 830 1848 Vade
844 1825 924 1854 retro,

131 1865 254 1898 Satana;
269 1865 392 1900 scriptum
405 1870 443 1891 est
469 1866 560 1893 enim:
583 1865 724 1893 Dominum
748 1867 829 1894 Deum
855 1874 925 1895 tuum

131 1910 268 1943 adorabis,
283 1916 308 1937 et
323 1910 373 1945 ipsi
389 1911 438 1938 soli
451 1912 554 1938 servies.
574 1911 733 1940 Sanctarum
749 1913 786 1940 illi
805 1913 925 1949 Scriptu-

132 1964 225 1983 rarum
237 1956 388 1983 testimonia
410 1956 576 1991 ingeruntur,
588 1966 643 1985 non
663 1963 693 1985 ut
715 1959 925 1988 inconvertibilis
947 1972 952 1978 -

132 2001 280 2035 doceatur;
305 2001 353 2029 sed
368 2006 398 2029 ut
421 2003 561 2037 impudens
583 2003 745 2031 confutetur.
765 2009 777 2024 ο
793 2004 876 2033 Retro
900 2005 925 2033 ci

132 2047 204 2075 abire
222 2047 378 2082 praccipitur
392 2047 483 2075 mundi
499 2049 546 2082 qui
561 2048 634 2075 dabit
654 2056 752 2082 regna;
770 2054 800 2077 ut
814 2051 925 2085 imperio

132 2091 189 2120 Filii
205 2093 266 2126 Dei,
283 2093 327 2120 cui
341 2093 506 2121 voluntarius
516 2102 570 2122 non
584 2093 708 2128 cedebat,
722 2096 873 2131 subjaceret
883 2097 925 2124 in-

134 2138 214 2172 ritus,
227 2142 307 2174 atque
321 2139 395 2166 illum
406 2146 421 2165 a
436 2147 490 2175 quo
514 2148 544 2167 se
566 2138 672 2167 adorari
694 2141 816 2177 improbe
832 2151 924 2178 posce-

976 1639 1051 1671 bere,
1065 1638 1204 1666 mendacia
1225 1638 1414 1670 nihilominus,
1439 1646 1499 1672 qua:
1519 1638 1602 1665 vitam
1620 1639 1766 1670 maculant,

976 1684 1092 1711 animam
1106 1683 1259 1717 vulnerant,
1274 1684 1405 1710 amicitias
1414 1683 1555 1718 dissipant,
1566 1683 1719 1712 Christiano
1734 1686 1769 1711 ab

977 1737 1024 1757 ore
1034 1729 1175 1764 repellere,
1191 1733 1272 1763 atque
1286 1729 1319 1756 ab
1333 1728 1457 1756 omnibus
1471 1729 1705 1763 superstitionibus
1718 1730 1769 1756 dm-

977 1784 1087 1803 monum
1102 1775 1287 1809 idolormnque
1297 1774 1445 1809 sacrilegiis
1469 1782 1516 1809 per
1525 1782 1584 1808 qum
1599 1775 1642 1801 vel
1652 1775 1769 1802 maxime

978 1822 1128 1856 benignitas
1148 1821 1346 1856 Omnipotentis
1360 1819 1518 1853 odenditur,
1533 1821 1590 1848 veri
1613 1821 1660 1848 Dei
1675 1828 1768 1849 amore

977 1868 1116 1902 diffugere.
1129 1867 1157 1895 Si
1172 1873 1236 1900 ergo
1251 1866 1284 1894 ab
1298 1866 1349 1898 his,
1366 1870 1447 1901 atque
1469 1866 1601 1893 universis
1615 1866 1768 1901 huiusmodi

977 1914 1133 1946 sceleribus,
1148 1912 1273 1947 vitiisque
1291 1911 1460 1946 jejunemus;
1476 1914 1576 1939 sancta:
1597 1910 1675 1945 hujus
1695 1911 1768 1944 Qua-

977 1959 1135 1993 dragesimae
1146 1959 1197 1985 rite
1210 1957 1390 1985 celebrabitur
1408 1956 1477 1990 dies,
1492 1960 1519 1984 et
1534 1957 1653 1984 omnium
1668 1957 1766 1984 solem-

976 2007 1090 2034 nitatum
1106 2009 1257 2033 nostrarum
1270 2003 1339 2031 festa
1352 2002 1528 2036 exsultantes,
1543 2010 1603 2030 cum
1614 2001 1710 2030 liducia
1725 2003 1769 2040 Ιωτ

977 2053 1053 2080 tioris
1063 2050 1244 2082 conscientiae,
1258 2053 1286 2076 et
1301 2049 1495 2082 tranquillitate
1508 2052 1658 2082 temporum
1670 2048 1769 2076 transi-

976 2105 1079 2133 gemus,
1095 2097 1238 2133 adiuvante
1249 2095 1363 2124 Domino
1377 2098 1471 2122 nostro
1485 2093 1548 2122 Jesu
1563 2093 1679 2124 Christo.

795 2189 967 2222 HOMILIA
996 2187 1110 2222 XLII].

775 2236 815 2264 De
835 2237 1043 2276 Quadragexima
1067 2237 1132 2266 VII.

852 2287 1048 2314 ADMONlTlO.

171 2328 254 2363 129
267 2328 432 2355 Bcnedictini
448 2328 570 2355 monachi
585 2329 800 2362 congregationis
814 2330 905 2358 Sancti
920 2332 1005 2358 Mauri
1028 2332 1096 2358 hanc
1118 2329 1255 2357 homiliam
1275 2328 1301 2354 in
1323 2327 1498 2362 appendicem
1517 2326 1769 2363 sermonum__sanctl

136 2361 276 2401 ᾼιιξιῐίὶιιί
290 2363 452 2401 rejecerunt,
470 2364 572 2401 incerti,
586 2361 808 2401 cuin:mi_auctori
820 2371 930 2401 accepta
946 2366 1085 2393 referenda
1102 2368 1182 2401 esset.
1199 2364 1296 2401 Yerum
1317 2361 1432 2401 lllaxirrlo
1451 2370 1510 2388 esse
1524 2361 1634 2401 omnino
1650 2361 1769 2401 tribucn:

135 2395 195 2433 dari)
213 2406 267 2424 non
282 2395 365 2424 modo
376 2398 500 2429 editores,
516 2398 670 2433 Gymnicus,
684 2399 843 2430 Galesinius,
859 2395 995 2431 Cumdius,
1008 2399 1194 2431 Combclisins,
1211 2398 1385 2432 Margarinus,
1404 2395 1566 2433 Raynaudus
1578 2399 1708 2433 statuunt,
1723 2395 1769 2433 sed

136 2432 357 2469 codiqumAetiam
373 2441 435 2459 mss.
452 2427 621 2469 Laurentiani
638 2427 742 2466 i,'l’lut.
760 2443 815 2467 xtv,
831 2427 996 2463 Vallicellani
1011 2440 1076 2461 tom.
1094 2435 1124 2465 ll,
1139 2427 1199 2469 pag'.
1215 2427 1281 2463 “205:
1301 2427 1426 2469 Lucensis
1443 2427 1486 2463 85,
1502 2430 1655 2469 Angit-usis,
1678 2430 1770 2469 lilarti—

92 2485 95 2488 ν
136 2467 424 2504 nensisLTaurinensis
438 2468 556 2502 postulat
577 2469 732 2497 auctoritas.
749 2465 845 2503 quibus
859 2472 1020 2504 sutl‘ragatur
1042 2474 1068 2497 et
1083 2465 1147 2504 styli
1164 2465 1230 2495 mira
1247 2468 1403 2504 similitudo,
1418 2471 1445 2493 et
1470 2466 1538 2492 ratio
1558 2465 1770 2504 adhibendorum

136 2509 222 2528 sacrm
232 2502 378 2537 Scriptum
395 2500 620 2535 testimoniorum,
632 2511 683 2536 qua
700 2504 736 2530 uti
752 2500 882 2532 Maximus
893 2500 1077 2533 consueverat.
1094 2501 1146 2532 Nos
1167 2513 1225 2531 eam
1241 2508 1302 2529 ante
1318 2503 1522 2537 subsequentem
1538 2500 1666 2527 edendam
1682 2501 1771 2537 existi-

136 2537 280 2597 tsuvimus,
294 2536 358 2564 rnon
378 2537 464 2565 solum
481 2538 553 2572 quod
566 2539 601 2564 ita
616 2539 722 2565 codices
737 2540 858 2574 plerique
871 2540 957 2569 ferant
970 2550 976 2575 ;
998 2548 1092 2568 verum
1107 2541 1186 2567 etiam
1209 2539 1281 2572 quod
1297 2539 1352 2564 lucc
1368 2537 1400 2563 ad
1416 2536 1611 2569 praecedentem
1626 2536 1720 2562 referri
1732 2536 1772 2561 vi-

156 2576 245 2597 eatur.

156 2579 188 2598 ea
192 2576 245 2599 tur.

284 2626 348 2654 Vat.
363 2626 443 2668 1268',
448 2628 566 2668 ascende
579 2628 614 2654 ad
626 2628 727 2668 omium.
945 2632 973 2668 β

174 2660 190 2680 ιι
200 2661 310 2697 Ibidem,
324 2670 410 2689 verum
423 2662 497 2692 illum
512 2661 561 2689 Dei
574 2672 630 2690 esse
648 2663 759 2697 Filium,
772 2668 825 2692 etc.

177 2702 190 2716 ε
206 2696 315 2729 Ibidem,
328 2705 374 2724 nec
387 2698 513 2725 intellexit
522 2706 613 2725 arcus.

175 2730 189 2749 ά
203 2730 267 2769 Cod.
276 2732 353 2769 V_at.,
367 2733 446 2769 solita
460 2741 517 2769 curn
535 2733 861 2769 respottsioneiconfuudit,
877 2739 930 2763 etc.

177 2771 189 2784 ε
206 2766 271 2794 Cod.
293 2767 355 2801 γει.
382 2765 434 2795 455
448 2771 476 2794 et
491 2767 556 2801 Reg,
571 2765 683 2801 addunt,
700 2765 778 2795 Retro
802 2769 842 2796 illi
854 2765 932 2798 Cabiro

140 2801 259 2838 praeripit
281 2800 399 2838 Christus
412 2806 439 2838 tu
460 2800 544 2829 hostis
569 2800 723 2830 durissimus
747 2803 869 2838 adempta
882 2804 931 2831 sibi

137 2837 198 2877 jam
214 2836 330 2877 loquendi
339 2837 453 2870 licentia,
468 2838 542 2877 cuqu
555 2838 710 2866 uoluntatem
728 2836 870 2874 agnoscere
880 2847 931 2867 non

144 2875 239 2906 potest,
252 2874 349 2899 ccutiat
362 2874 524 2907 potestatem;

1022 2630 1032 2650 ί
1043 2630 1128 2658 Codd.
1144 2630 1272 2656 Laurent.
1287 2630 1316 2654 et
1327 2626 1390 2654 Vat.
1404 2625 1472 2660 455,
1486 2624 1519 2653 Et
1538 2635 1641 2655 necesse
1662 2632 1731 2659 erat,
1748 2631 1775 2653 ut

984 2666 1016 2693 ab
1029 2666 1110 2698 illius,
1126 2669 1179 2692 etc.

1020 2706 1032 2724 ε
1044 2697 1110 2728 Cod;
1125 2699 1262 2730 Laurent.,
1282 2698 1369 2733 angeli
1383 2698 1532 2725 ministeriis
1545 2701 1691 2729 accurrunt,
1702 2697 1775 2732 cujus

984 2735 1118 2762 victoriam
1133 2733 1304 2761 mirabantur.

1020 2772 1032 2788 "
1044 2769 1110 2797 Cod.
1126 2769 1263 2800 Laurent.,
1280 2776 1419 2795 usurarum
1440 2767 1518 2793 etiam
1530 2787 1538 2800 ,
1554 2771 1606 2794 etc.
1629 2765 1695 2793 Cod.
1711 2764 1773 2791 Vat.

985 2804 1051 2839 Reg.
1066 2804 1127 2836 455,
1139 2809 1165 2830 et
1178 2811 1246 2838 σανρε
1262 2803 1389 2830 t‘it‘culosa
1398 2802 1586 2836 obtrectqntum
1601 2802 1679 2828 ritarc
1691 2800 1771 2831 collu-

982 2839 1050 2875 qttia,
1066 2847 1203 2866 usurarum
1213 2839 1290 2867 etiam
1302 2839 1459 2875 perniciosa,
1473 2840 1523 2865 etc.
