4042 6192
519 317 627 377 595

1717 312 1771 367 S.
1814 311 2057 367 MAXIMI
2098 310 2553 368 TAURINENSIS

3681 328 3790 390 39i-

522 431 909 485 Ancuucuruu.
940 456 1008 465 -α-
1038 422 1247 484 Omnia,
1278 437 1390 492 qua!
1418 421 1631 492 pertulit
1672 420 1928 492 (Ibristus,
1958 421 2105 492 nobis
2136 423 2181 480 Α
2212 419 2326 473 Dei.
2361 420 2474 477 [loc
2499 431 2581 478 est
2613 439 2625 475 :
2653 422 2754 478 etsi
2795 435 2897 491 ego
2926 419 2949 458 ¹¹
2976 418 3239 485 esuriam,
3269 420 3404 476 mihi
3441 423 3648 492 tamen,
3674 423 3789 479 dia.

592 507 710 552 sunt
737 496 1064 549 incitamenta
1090 492 1159 545 ad
1186 488 1302 544 eum
1328 488 1651 543 imitandum.
1672 488 1793 543 Non
1822 492 1925 543 alia
1956 491 2109 543 ratio-

591 568 669 620 ne’
684 581 868 635 passus
885 571 961 635 est
980 579 1035 614 se
1054 563 1243 635 tentari
1255 578 1292 635 _a
1307 559 1532 635 diabolo,
1557 561 1661 612 nisi
1683 569 1738 612 ut
1765 577 1860 614 nos
1880 561 2105 623 doceret,

590 628 773 705 quibus
803 634 962 687 armis
979 648 1094 686 eum
1118 631 1350 701 refellere
1377 628 1665 683 debeamus.

590 789 873 843 Pcractum
899 800 930 840 a
956 784 1181 839 Domino
1207 790 1391 837 nostro
1414 781 1541 837 Jesu
1582 780 1825 847 Christo,
1857 779 1999 849 quod
2040 780 2109 834 le-

520 891 665 934 ctum
696 887 800 946 est,
830 894 951 932 cum
981 884 1245 931 tentatore
1273 881 1567 939 certamen,
1588 881 1785 929 nostra:
1808 872 2103 936 securitati,

521 972 714 1025 fratres
753 968 1046 1033 carissimi,
1090 967 1356 1037 salutique
1391 975 1417 1003 α
1460 966 1705 1036 prolicit;
1748 965 1871 1033 quia
1904 963 1930 1002 δ
1971 979 2107 1034 quos

518 1062 648 1116 olim
675 1061 812 1130 apud
859 1058 1164 1129 paradisum
1193 1056 1539 1127 persuasione
1578 1055 1845 1124 serpentis
1884 1062 2106 1122 paterna

518 1150 888 1221 pucvarieatio
902 1148 1097 1217 dejeeit
1110 1147 1163 1201 in
1182 1155 1428 1209 mortem,
1445 1145 1748 1200 dominicus
1769 1160 1909 1199 nunc
1927 1144 2110 1196 trium-

518 1241 656 1311 phus
676 1240 844 1295 erexit
866 1239 931 1292 ad
945 1239 1108 1292 vitam
1134 1250 1178 1291 ε.
1198 1237 1360 1291 Nobis
1386 1237 1564 1306 itaque
1593 1237 1721 1291 vicit
1746 1237 1837 1303 qui
1858 1236 2107 1304 dignatus

516 1338 600 1385 est
621 1330 823 1384 esurire
856 1344 951 1398 pro
976 1328 1145 1381 nobis.
1180 1327 1497 1395 Aggreditur
1519 1328 1698 1396 itaque
1718 1326 1963 1381 diabolus
1985 1336 2104 1381 ten—

518 1427 635 1473 tare
648 1418 936 1481 Christum,
961 1419 1309 1486 exploratque
1336 1418 1596 1471 sollicitus
1618 1418 1660 1471 si
1682 1416 1819 1471 forte
1837 1417 1982 1471 illum
2008 1418 2104 1471 Dei

516 1525 637 1565 esse
682 1510 869 1563 Filium
900 1509 1282 1577 deprehendat,
1332 1508 1419 1562 cui
1457 1508 1658 1561 nullum
1688 1504 1715 1543 ἀ
1743 1508 2105 1578 corruptionis

516 1616 627 1655 sua:
669 1610 692 1637 ο
734 1600 877 1653 videt
923 1613 1043 1653 esse
1075 1599 1379 1666 vestigium.
1412 1598 1631 1652 Miratur
1658 1598 1860 1668 pariter
1899 1614 1962 1654 ac
1990 1607 2103 1653 tur-

514 1692 673 1748 batur
713 1690 1015 1760 hujusmodi
1057 1692 1109 1743 in
1158 1690 1263 1743 hoc
1298 1690 1316 1726 ί
1349 1691 1599 1744 smeulum
1636 1691 1956 1745 adventasse
1998 1690 2101 1745 ho-

2209 508 2363 575 bole,
2402 509 2417 546 ι
2454 527 2561 565 non
2608 520 2690 566 est
2735 511 3069 566 necessarius
3106 511 3294 579 panis;
3345 510 3566 564 verbum
3597 517 3786 567 autem

2213 601 2305 656 Dei
2332 602 2541 657 eunetis
2570 601 2813 657 fidelibus
2847 601 3203 656 substantiam
3233 601 3576 670 sempiterna:
3602 600 3795 659 salutis

2211 700 2484 760 operatur.
2514 690 2619 746 Sed
2641 690 2826 746 doceri
2854 691 3064 746 nescius
3089 690 3353 753 inimicus,
3376 690 3541 745 stanti
3561 690 3795 749 Domino

2206 796 2369 851 super
2395 783 2622 852 pinnam‘
2645 783 2830 852 templi
2875 781 3068 837 iterum
3096 782 3172 835 ait
3205 800 3217 834 :
3265 782 3327 836 Si
3370 780 3416 834 Γ
3420 781 3537 835 ilius
3582 782 3677 836 Dei
3715 800 3792 851 es,

2207 871 2353 924 mitte
2408 880 2457 925 te
2504 871 2780 935 deorsum;
2850 871 3095 939 scriptum
3139 879 3218 923 est
3259 870 3431 937 enim,
3492 869 3628 941 quod
3680 872 3792 924 An-

2207 962 2333 1032 gelis
2376 962 2485 1016 suis
2544 962 2809 1015 niandavit
2854 961 2917 1015 de
2954 970 3033 1027 te,
3080 970 3135 1013 ut
3186 961 3428 1015 manibus
3475 961 3661 1015 tollant
3710 972 3790 1030 te,

2207 1071 2273 1108 ne
2300 1070 2528 1125 unquam
2568 1053 2805 1123 offendas
2840 1054 2909 1105 ad
2940 1052 3166 1122 lapidem
3193 1052 3371 1114 pedem
3399 1060 3541 1106 tuum
3571 1053 3787 1124 (Matth.

2206 1145 2300 1215 ιν).
2334 1144 2485 1200 Mitte
2534 1156 2608 1206 te,
2640 1146 2845 1216 inquit,
2882 1144 3140 1199 deorsum.
3201 1144 3492 1199 Diabolica'.
3533 1152 3617 1198 est
3655 1159 3788 1199 con-

2210 1237 2542 1303 suetudinis,
2585 1235 2776 1290 fratres
2823 1234 3123 1300 carissimi,
3163 1234 3517 1303 prmcipitium
3564 1248 3789 1303 persua-

2206 1328 2353 1394 dere,
2384 1328 2477 1385 sed
2502 1326 2723 1382 obedire
2751 1327 2801 1380 ei
2832 1326 2919 1381 ille
2948 1341 3053 1380 non
3084 1332 3320 1396 poterat,
3350 1324 3442 1394 qui
3471 1323 3666 1378 cadere
3696 1338 3789 1377 ne—

2205 1418 2425 1473 sciebat.
2458 1417 2567 1472 Nec
2604 1416 2899 1487 quidquam
2937 1415 3006 1471 de
3043 1414 3274 1469 Domino
3313 1422 3590 1483 surreptor
3618 1414 3790 1483 impe-

2204 1515 2329 1573 trat,
2361 1508 2485 1577 quia
2514 1522 2622 1562 non
2650 1514 2777 1562 sunt
2801 1505 3075 1574 religionis
3103 1503 3219 1574 ejus
3248 1506 3410 1560 verba
3436 1503 3533 1559 sed
3569 1513 3606 1540 ω
3636 1503 3787 1558 frau-

2202 1598 2317 1653 des.
2361 1597 2532 1664 Quem
2562 1597 2892 1666 Redemptor
2936 1596 3160 1651 humani
3208 1595 3420 1665 generis
3467 1610 3650 1649 rursus
3680 1594 3789 1649 telo

2203 1689 2484 1743 sententiae
2515 1689 2665 1761 131
2687 1687 2921 1743 caelestis
2938 1686 3241 1751 everberat,
3266 1684 3451 1740 dicens
3478 1701 3492 1737 :
3525 1684 3788 1754 Scriptum

514 1783 735 1848 minem,
765 1780 855 1849 qui
902 1787 1058 1833 natus
1086 1779 1299 1847 quidem
1329 1788 1473 1833 esset
1519 1780 1585 1833 de
1614 1780 1828 1843 femina,
1859 1779 1953 1833 sed
1990 1794 2097 1833 non
2130 1785 2175 1844 Β
2196 1791 2316 1834 est:
2347 1778 2471 1834 Non
2500 1780 2717 1834 tentabis
2745 1777 3026 1833 Dominum
3046 1776 3211 1831 Deum
3234 1784 3393 1829 tuum.
3423 1774 3539 1840 Qua
3566 1789 3791 1843 respon-

513 1882 658 1927 esset
680 1873 747 1925 ab
767 1872 983 1925 homine
1004 1879 1336 1941 procreatus.
1362 1870 1675 1941 Suspicatur
1694 1871 1840 1926 illum
1865 1873 1957 1927 Dei
1979 1888 2099 1929 esse

514 1960 726 2027 Filium,
757 1976 917 2030 quem
943 1963 1315 2016 continuatum
1342 1961 1695 2031 quadraginta
1724 1961 1929 2016 dierum
1952 1963 2100 2018 videt

513 2052 834 2121 explicuisse
857 2050 1119 2119 jejunium
1145 2068 1160 2117 ;
1205 2051 1296 2105 sed
1327 2068 1509 2105 rursus
1537 2052 1743 2105 dubitat
1771 2052 2003 2107 divinam
2032 2054 2098 2108 il-

512 2142 549 2195 li
582 2151 605 2189 8
637 2142 813 2196 inesse
857 2149 1117 2206 naturam,
1145 2156 1304 2210 quem
1337 2142 1489 2209 quasi
1528 2140 1796 2195 infirmum
1830 2142 1969 2197 inter
1996 2159 2096 2198 eteo

512 2238 657 2286 teros
702 2232 947 2285 homines
1000 2230 1256 2301 perspicit
1299 2232 1521 2286 esurire.
1592 2233 1783 2301 Stupet
1840 2234 2099 2289 attonitus

509 2337 627 2392 quze
652 2322 722 2376 sit
749 2322 851 2376 ista
870 2321 1099 2389 novitas,
1128 2321 1422 2375 humanum
1445 2336 1549 2375 non
1575 2322 1774 2377 habere
1796 2331 2097 2393 peceatum),

510 2421 566 2467 et
596 2413 965 2467 necessitatem
992 2412 1291 2481 peccatoris
1334 2412 1565 2467 hominis
1605 2414 1893 2469 sustinere.
1943 2413 2098 2468 Chri-

509 2512 624 2558 stus
652 2512 830 2556 autem
856 2503 1112 2557 Dominus
1141 2502 1576 2572 Redemptorque
1604 2513 1806 2569 noster,
1839 2513 1899 2559 ut
1926 2507 2099 2576 perdi-

510 2600 625 2646 tum
652 2592 1024 2662 inﬁrmumque
1046 2592 1319 2647 hominem
1347 2603 1627 2649 revocaret
1654 2595 1721 2649 ad
1752 2595 1942 2661 Deum,
1972 2612 2096 2651 esu-

512 2683 664 2747 riem,
691 2681 1079 2748 lassitudinem,
1103 2699 1391 2739 mmrorem
1419 2693 1475 2739 et
1501 2687 1683 2740 omnia
1712 2688 1764 2742 in
1790 2702 1850 2742 se
1878 2688 2095 2744 humani

509 2772 752 2842 corporis
780 2772 989 2827 inlirma
1017 2774 1267 2843 suscepit.
1298 2772 1441 2829 Inter
1469 2775 1568 2829 ista
1584 2790 1713 2844 ergo
1733 2776 1977 2832 diabolus
1998 2779 2096 2832 du-

510 2864 629 2918 bius
654 2872 710 2918 et
737 2863 988 2927 incertus,
1016 2862 1121 2918 hoc
1148 2879 1269 2918 cum
1298 2866 1569 2920 esuriente
1593 2866 1818 2922 Domino
1847 2883 2095 2923 sermone

510 2953 888 3021 congreditur:
932 2953 992 3010 Si
1021 2952 1192 3008 Filius
1234 2954 1330 3009 Dei
1375 2956 1532 3026 130
1575 2973 1661 3024 es,
1692 2957 1775 3010 dic
1802 2967 1858 3011 ut
1896 2960 2093 3029 lapides

510 3046 595 3099 isti
621 3061 781 3114 panes
809 3045 940 3113 ﬁant
963 3044 1174 3115 (Matth.
1202 3046 1296 3114 ιν).
1328 3045 1552 3112 Stultus,
1580 3054 1635 3101 et
1656 3047 1850 3114 audax,
1881 3050 1969 3118 qui
1997 3065 2093 3118 pu-

2201 1877 2355 1933 sione
2388 1889 2455 1930 ne
2482 1874 2609 1945 quid
2636 1871 2918 1928 manifesta
2947 1872 3171 1926 veritate
3198 1878 3387 1924 auctor
3414 1867 3658 1922 falsitatis
3683 1882 3789 1921 au-

2198 1967 2374 2032 diret,
2421 1968 2707 2022 verborum
2754 1978 3119 2032 sensuumque
3164 1962 3477 2017 moderator
3522 1959 3789 2015 Dominus

2200 2066 2310 2113 nex
2336 2058 2446 2113 alto
2486 2058 2635 2122 dare,
2664 2070 2765 2111 nec
2800 2053 3034 2124 prodidit
3061 2068 3119 2108 se
3145 2066 3329 2122 posse,
3358 2066 3458 2107 nec
3484 2067 3590 2105 non
3620 2065 3787 2121 posse

2199 2150 2455 2204 mentitus
2491 2156 2614 2216 est,
2661 2146 2754 2202 sed
2798 2145 3058 2214 scriptum
3106 2151 3207 2206 est,
3258 2143 3335 2196 ait
3386 2159 3399 2194 :
3447 2139 3570 2196 Non
3609 2149 3789 2194 tenta-

2199 2241 2278 2295 bis
2320 2239 2599 2295 Dominum
2643 2237 2808 2291 Deum
2854 2242 3014 2288 tuum.
3066 2232 3125 2288 Id
3181 2239 3301 2298 est,
3350 2231 3520 2287 Deum
3568 2237 3787 2295 tentat,

2198 2334 2290 2403 qui
2313 2332 2584 2402 jactantiae
2620 2344 2731 2385 suae
2774 2328 2906 2383 vitio
2947 2323 3271 2395 superﬂuam
3307 2331 3361 2380 et
3397 2323 3638 2379 inutilem
3670 2322 3789 2378 vult

2196 2432 2471 2479 ostentare
2536 2422 2808 2476 virtutem.
2872 2417 3008 2485 Quid
3073 2416 3218 2472 enim
3284 2415 3529 2471 utilitatis
3585 2413 3787 2480 habet,

2196 2517 2326 2588 quid
2383 2498 2653 2570 commodi
2694 2509 2942 2577 confert,
2985 2520 3009 2543 υ
3053 2508 3099 2563 si
3143 2522 3241 2579 per
3277 2520 3516 2577 prmecps
3558 2506 3684 2558 hinc
3723 2505 3782 2559 in

2195 2610 2355 2678 plana
2392 2603 2765 2662 descendere?
2805 2608 2898 2655 aut
2937 2614 3033 2654 cur
3071 2597 3394 2653 adulationis
3436 2607 3463 2646 ι)
3518 2603 3624 2649 tua:
3660 2602 3787 2648 ten-

2197 2700 2449 2755 tamentis
2496 2697 2595 2753 ista
2654 2693 3013 2765 persuadeas,
3062 2707 3187 2747 cum
3234 2690 3309 2744 tui
3361 2689 3429 2743 sit
3486 2687 3667 2757 operis
3711 2687 3785 2743 de

2194 2789 2561 2859 superioribus
2619 2793 2960 2841 cor-ruentem
3040 2780 3109 2836 ad
3172 2781 3423 2836 inferiora
3486 2778 3787 2846 dejicere?

2197 2882 2327 2939 Post
2345 2884 2458 2938 haac
2484 2896 2636 2948 vero,
2668 2888 2727 2934 ut
2772 2878 2933 2933 lectio
2961 2876 3184 2931 decursa
3217 2880 3441 2927 testatur
3468 2888 3481 2924 :
3514 2869 3676 2923 Duxit
3717 2869 3787 2922 il-

2193 2980 2301 3033 lum
2323 2978 2377 3029 in
2405 2984 2628 3029 montem
2665 2970 2947 3037 excelsum,
2984 2976 3034 3021 et
3080 2966 3305 3021 ostendit
3331 2964 3378 3017 ei
3406 2963 3581 3018 omnia
3620 2977 3785 3031 regna

2197 3067 2397 3133 mundi,
2428 3066 2601 3119 dicens
2640 3080 2658 3117 :
2707 3061 2837 3116 ch
2878 3060 3054 3114 omnia
3094 3056 3184 3110 tibi
3226 3054 3379 3122 dabo,
3425 3055 3470 3108 si
3508 3052 3787 3123 precidem

513 3144 652 3189 taret
692 3133 784 3189 Dei
816 3135 1008 3189 Filium
1041 3134 1362 3190 diabolicam
1391 3136 1723 3192 voluntatem
1763 3139 1954 3193 edendi
2000 3155 2093 3195 ne—
2120 3138 2166 3201 C
2198 3155 2497 3211 αάοναυενίε
2536 3170 2615 3207 mg
2642 3168 2660 3207 ;
2702 3159 2761 3206 ut
2806 3149 2969 3203 fallax
2996 3147 3252 3215 deceptor
3280 3145 3456 3208 olicrt,
3487 3141 3631 3212 quod
3671 3156 3786 3197 nou

511 3226 761 3281 cessitate
818 3225 1080 3280 facturum
1130 3244 1142 3279 :
1192 3227 1343 3296 quasi
1395 3229 1423 3265 ιι
1471 3230 1801 3299 impossibile
1851 3241 1994 3287 esset
2040 3233 2096 3287 in

511 3332 706 3387 panem
741 3316 945 3386 lapides
970 3327 1325 3387 commutare,
1356 3321 1447 3390 qui
1476 3320 1752 3389 quondam
1790 3322 2097 3377 sitientibus

511 3406 565 3462 in
593 3407 808 3461 deserto
836 3408 1047 3477 populis
1069 3407 1137 3462 de
1164 3415 1317 3478 petra
1338 3408 1486 3462 arida
1512 3408 1808 3479 largissima
1838 3426 2094 3481 aquarum

511 3498 707 3554 ﬂuenta
740 3499 1210 3581 produxit)(Exod.
1251 3501 1378 3572 χιιι)
1412 3511 1544 3556 :aut
1567 3504 1824 3558 esurienti
1853 3505 1954 3559 sibi
1976 3511 2097 3574 post

508 3592 858 3660 quadraginta
879 3591 1085 3645 dierum
1102 3590 1367 3661 jejunium
1396 3607 1574 3647 escam
1603 3609 1711 3648 non
1738 3601 1950 3664 poterat
1970 3609 2097 3664 pro-

509 3682 712 3751 videre,
742 3685 895 3752 cujus
921 3692 1207 3755 prmeepto,
1239 3694 1298 3738 ut
1326 3686 1727 3741 innumerabilis
1748 3686 2093 3743 Hebraeorum

509 3775 779 3829 exercitus
817 3785 1143 3844 pasceretur,
1167 3777 1404 3830 caelestia
1443 3777 1510 3832 de
1538 3778 1769 3831 nubibus
1796 3780 1811 3814 ί
1840 3779 2095 3835 alimenta

508 3865 778 3919 ﬂuxerunt
806 3864 1001 3933 (Exod.
1034 3867 1165 3933 xvi).
1216 3865 1325 3919 Sed
1368 3881 1495 3920 vero
1522 3869 1861 3937 omnipotens
1902 3868 2096 3940 Unige—

511 3962 686 4018 nitus,
734 3954 827 4022 qui
870 3960 1107 4007 nostram
1162 3954 1378 4022 magis!
1437 3956 1665 4010 csuriret
1692 3957 1918 4013 salutem
1945 4000 1961 4028 ,
2001 3961 2094 4015 tali
2139 3952 2152 3966 ’

510 4050 833 4097 tentatorem
861 4057 1019 4097 suum
1048 4045 1397 4112 responsione
1426 4044 1665 4100 confudit
1689 4065 1701 4099 :
1727 4045 1853 4102 Non
1879 4050 1933 4103 in
1961 4067 2095 4119 pane

510 4142 710 4190 tantum
737 4134 852 4186 vivit
880 4132 1051 4201 homo,
1080 4132 1171 4187 sed
1197 4134 1250 4187 in
1278 4136 1417 4187 omni
1439 4135 1586 4189 verbo
1606 4134 1898 4207 Dei(Deut.
1918 4143 2089 4211 xvnr).

513 4227 631 4292 Quo
657 4240 936 4295 responso,
960 4225 1241 4291 carissimi,
1270 4234 1330 4281 ut
1367 4228 1697 4299 explorator,
1738 4232 1829 4300 qui
1858 4232 2094 4290 incertus

514 4324 734 4373 venerat
749 4357 764 4381 ,
789 4317 1043 4372 incertior
1080 4317 1415 4388 redderetur,
1439 4319 1770 4375 intestimataz
1797 4325 2094 4392 prudentiae

512 4409 801 4476 Dominus,
845 4424 945 4464 nec
982 4410 1158 4464 inesse
1199 4411 1300 4465 sibi
1346 4412 1575 4466 esuriem
1621 4412 1939 4485 denegavit,
1992 4433 2092 4474 nec

2195 3248 2394 3312 habet;
2425 3255 2481 3300 et
2506 3254 2567 3299 ut
2593 3258 2721 3298 vere.
2749 3255 2923 3297 aecus
2945 3238 3207 3294 caelorum
3254 3235 3484 3289 Domino
3514 3242 3786 3289 terrarum

2196 3352 2357 3408 regna
2386 3337 2651 3408 promittit
2675 3355 2687 3389 :
2714 3334 2841 3389 Ilwc
2867 3331 3065 3398 omnia,
3096 3329 3289 3397 inquit,
3321 3326 3411 3381 tibi
3432 3326 3566 3380 dabo
3594 3325 3641 3379 si
3664 3341 3784 3395 prec

2195 3431 2370 3485 cidens
2410 3430 2710 3484 adoraveris
2737 3444 2835 3481 me.
2867 3424 3006 3479 Vere
3035 3433 3061 3473 ει
3107 3420 3337 3493 procidit
3376 3428 3431 3473 et
3468 3418 3642 3482 cadit,
3684 3418 3782 3487 qui

2196 3536 2305 3576 non
2334 3521 2594 3589 largiente
2622 3518 2752 3581 Deo,
2782 3516 2875 3570 sed
2905 3514 2973 3569 ad
3000 3524 3187 3569 nutum
3213 3510 3410 3565 diaboli
3433 3509 3661 3579 acquirit
3680 3523 3783 3562 εαξη

2195 3612 2300 3667 culi
2322 3611 2626 3679 dignitates.
2655 3604 2954 3676 llespondit
2982 3613 3162 3659 autem
3209 3602 3260 3657 ei
3288 3601 3549 3656 Dominus
3578 3618 3591 3652 :
3632 3598 3782 3653 Vade

2196 3712 2352 3765 retro,
2386 3700 2632 3764 Satana;
2662 3698 2912 3768 scriptum
2942 3696 3077 3750 enim
3114 3701 3190 3748 est
3231 3708 3248 3746 :
3288 3690 3568 3745 Dominum
3616 3688 3780 3743 Deum

2198 3800 2335 3845 tuum
2360 3788 2623 3855 adorabis,
2646 3798 2696 3842 et
2714 3787 2793 3840 illi
2821 3787 2918 3841 soli
2942 3785 3151 3839 servies.
3181 3781 3282 3849 Qui
3307 3779 3563 3835 tentando
3586 3779 3651 3832 ad
3674 3778 3780 3835 hoc

2195 3895 2364 3950 usque
2392 3878 2652 3948 pervenit,
2688 3885 2744 3931 ut
2769 3891 2828 3931 se
2857 3876 2925 3931 ab
2953 3873 3226 3929 adoranda
3267 3871 3364 3927 Dei
3409 3870 3544 3925 Filio
3583 3885 3779 3940 posce-

2195 3977 2278 4026 ret
2306 3969 2538 4031 adorari,
2566 3968 2861 4034 testimans,
2890 3966 3035 4036 quod
3053 3963 3315 4030 Christus,
3346 3963 3438 4032 qui
3459 3961 3632 4030 decipi
3663 3961 3779 4015 lau-

2194 4060 2277 4116 dis
2302 4075 2411 4114 suzc
2437 4058 2783 4128 subreptione
2812 4074 2916 4112 non
2946 4056 3140 4127 potuit,
3172 4052 3534 4123 indignatione
3556 4052 3778 4120 ingesta)

2195 4150 2535 4206 contumelia:
2574 4162 2633 4202 se
2671 4147 2924 4216 proderet
2952 4144 3273 4214 exploranti.
3309 4141 3415 4198 Sed
3453 4141 3777 4196 fortissimus

2193 4236 2578 4313 propugnator,
2610 4239 2701 4309 qui
2724 4253 2824 4306 pro
2852 4239 2959 4293 vita
3000 4252 3064 4292 ac
3090 4236 3338 4291 libertate
3365 4242 3550 4290 nostra
3580 4235 3776 4288 adver-

2193 4349 2284 4388 sus
2305 4341 2589 4403 tyrannum
2611 4344 2765 4382 suum
2792 4343 2990 4382 novum
3005 4326 3203 4381 bellum
3234 4325 3474 4395 gerebat,
3504 4339 3603 4379 nec
3626 4323 3777 4380 molli

2195 4425 2503 4480 adulatione
2531 4420 2807 4489 frangitur,
2840 4434 2939 4474 nec
2968 4418 3269 4473 durissimis
3298 4415 3503 4486 injuriis
3530 4429 3776 4471 commo-

504 4501 859 4557 manducandi
874 4502 1249 4557 necessitatem
1260 4517 1317 4558 se
1331 4503 1528 4558 habere
1542 4505 1815 4573 professus
1826 4518 1925 4563 est.
1946 4509 1999 4563 Ν
2003 4528 2089 4577 on,
2124 4502 2172 4560 D
2197 4518 2371 4575 vetur,
2385 4506 2479 4561 sed
2503 4507 2574 4560 ita
2597 4503 2662 4558 ad
2684 4503 2866 4558 omnia
2886 4501 3085 4557 inimici
3109 4509 3438 4556 tentamenta
3473 4499 3776 4569 respondit,

506 4590 699 4660 inquit,
730 4591 783 4643 in
816 4608 951 4661 pane
984 4599 1181 4645 tantum
1208 4593 1326 4646 vivit
1353 4592 1526 4674 homo,
1567 4595 1657 4649 sed
1681 4595 1735 4649 in
1763 4601 1903 4654 omni
1942 4600 2091 4657 verba

580 4807 609 4872 ξ
646 4794 1084 4872 Codd.__ValliceL
1117 4810 1154 4850 ιι
1176 4803 1232 4850 et
1260 4795 1565 4872 Martim.,
1595 4802 1833 4872 profecit.

578 4867 607 4906 δ
644 4866 777 4937 Cod.
810 4865 1116 4937 M_artinen.,
1145 4865 1278 4937 quod
1298 4866 1440 4921 olim.

546 5008 558 5019 .
582 4946 605 4974 ε
645 4936 814 5019 Codd.
846 4935 1111 5019 Laurent.
1132 4934 1169 5002 ιζ
1202 4934 1343 4990 Plut.
1377 4954 1485 5004 xiv,
1541 4947 1599 4995 et
1651 4940 1842 4997 Vallic.
1884 4958 1940 5009 ιι,
1974 4941 2090 4998 No—

508 5005 588 5059 bis
615 5005 785 5072 utique
812 5006 950 5059 vicit.
1926 5005 1934 5009 ν

578 5072 604 5110 ά
661 5071 836 5155 Codd.
871 5072 1127 5153 “Laurent.
1170 5092 1187 5155 ι
1228 5083 1300 5155 _et
1348 5077 1466 5131 Vat.
1517 5077 1657 5133 645?.
1737 5082 2087 5155 corruptionis

510 5160 618 5197 sua:
647 5142 1028 5216 videretinesse
1058 5147 1347 5216 vestigium.

584 5223 607 5250 ε
646 5211 778 5265 Cod.
813 5210 1116 5277 Martinen.,
1140 5210 1281 5269 vidit.

585 5282 602 5320 ι
645 5280 845 5335 Eodem
873 5280 993 5334 eod.
1025 5281 1171 5345 Vat.,
1199 5286 1252 5335 in
1284 5286 1378 5340 hoc
1402 5288 1608 5341 sa'culo.

580 5361 605 5399 δ
644 5351 774 5405 Cod.
810 5349 1059 5404 Laurent.
1092 5367 1131 5417 ι,
1161 5353 1238 5405 illi
1261 5371 1362 5409 non
1384 5347 1550 5412 inesse
1577 5367 1835 5412 naturam.

542 5419 813 5545 ibi;‘eCodd.
844 5420 962 5475 Vat.
1007 5418 1146 5473 6452
1185 5429 1240 5475 et
1270 5422 1427 5479 Laur.
1459 5444 1504 5493 ι,
1536 5429 1685 5496 quasi
1726 5445 1841 5482 vero
1887 5429 2085 5498 impos-

511 5510 674 5549 stone.

585 5572 602 5600 ι
644 5560 777 5615 Cod.
802 5561 943 5626 Vat.,
967 5560 1216 5615 elementa
1241 5562 1521 5631 ﬂuxerunt.

509 5634 610 5760 “ut
643 5631 776 5689 Cod.
816 5631 977 5687 Laur.
1025 5646 1072 5699 ι,
1115 5632 1201 5703 qui
1246 5641 1476 5689 nostram
1530 5639 1695 5709 magis
1741 5638 1898 5695 esurit
1942 5638 2086 5694 salu-

2204 4603 2358 4676 132
2378 4613 2447 4654 ne
2471 4602 2656 4669 posset
2679 4595 2733 4650 in
2760 4608 2869 4649 uno
2889 4592 3188 4663 eodemque
3210 4591 3322 4649 Deo
3343 4599 3399 4648 et
3420 4590 3639 4649 homine
3664 4604 3775 4645 ea:-

2267 4802 2288 4841 ¹ι
2326 4800 2461 4857 Cod.
2492 4797 2799 4860 ﬂaminem,
2830 4795 3020 4850 esurio.

2268 4872 2285 4912 ι
2327 4871 2462 4929 Cod.
2496 4867 2654 4921 Laur.
2686 4883 2736 4931 ι,
2766 4865 2892 4919 mihi
2930 4874 3103 4919 tamen
3141 4863 3344 4919 diabole
3374 4862 3567 4930 sciens,
3606 4864 3653 4918 si
3694 4872 3770 4920 est

2192 4940 2512 4999 accesserim
2532 4939 2714 5008 panis,
2741 4936 2838 5008 qui?
2852 4951 2917 5008 ea:
2940 4944 3024 4989 tuo
3044 4935 3281 5008 consilio,
3304 4943 3490 5005 tuaque
3509 4935 3769 5008 voluntate

2189 5011 2473 5067 descendit.
2522 5005 2709 5077 Reficit
2754 5005 3204 5077 quidem__esuriem
3250 5021 3525 5077 corpore";
3566 5006 3767 5077 pum};

2189 5084 2396 5137 verbum
2450 5077 2546 5131 Dei
2587 5073 2782 5130 cunctis
2824 5074 3067 5145 ﬁdelibus
3105 5073 3480 5145 substantiam,
3531 5073 3637 5129 etc.
3689 5075 3767 5129 ιιι

2189 5153 2349 5206 etiam
2380 5149 2567 5203 Vallic.
2596 5163 2651 5211 ιι,
2682 5142 2887 5199 verbum
2914 5152 3083 5198 autem
3111 5142 3228 5197 Dei.

2261 5231 2299 5258 ιιι
2337 5218 2508 5273 Codd.
2533 5216 2672 5270 Vall.
2703 5232 2740 5270 ιι
2761 5222 2819 5269 et
2845 5214 3148 5285 Martinen.,
3181 5214 3287 5285 sedi
3298 5214 3517 5285 fraudis.

2258 5298 2287 5326 ιι
2314 5287 2485 5344 Codd.
2517 5285 2770 5339 Laurent.
2817 5301 2853 5349 I,
2882 5284 3122 5339 Vallicel.
3141 5276 3215 5338 et
3240 5276 3547 5347 Martinen.,
3570 5298 3634 5336 ex
3660 5276 3773 5333 ιιιο

2187 5376 2243 5413 se
2270 5360 2397 5422 dare
2424 5355 2763 5478 necbrrodidit
2790 5370 2955 5423 posse.

2258 5440 2283 5464 σι
2322 5427 2456 5478 Cod.
2553 5426 2815 5478 artinen..
2864 5425 2909 5478 si
2952 5444 2955 5478 ς

2258 5440 2283 5464 ’³
2322 5419 2456 5484 Cod.
2501 5419 2815 5491 MartinenI,
2864 5425 2909 5478 si
2951 5439 3180 5495 prwceps
3225 5424 3344 5477 hinc
3405 5423 3614 5493 impune
3670 5419 3760 5472 de-

2182 5500 2449 5552 scendero.

2259 5579 2286 5618 p
2322 5564 2774 5622 Codd-Laurent.
2798 5572 2855 5616 et
2875 5562 3061 5618 Vallic.
3091 5580 3146 5626 ιι.
3176 5562 3491 5617 adulationis
3519 5575 3629 5614 sua:
3648 5567 3743 5612 ten-

2185 5638 2426 5705 tamentis
2452 5635 2557 5705 ista
2583 5632 2915 5705 persuadeas.

2259 5718 2286 5759 «ι
2321 5704 2455 5765 Cod.
2486 5700 2805 5770 maerent,
2845 5702 2978 5761 Vere
3002 5702 3233 5773 procidet
3259 5710 3309 5758 et
3337 5700 3507 5770 cadet,
3525 5706 3630 5756 etc.
