4042 6192
238 355 339 415 525

1639 350 1922 408 HOMILIA
1959 351 2131 411 XLIV.

3387 357 3499 418 ὅ(ὶοῖ

239 467 381 523 lestis
402 462 644 533 mysterii
672 460 1080 531 deprehendere
1111 467 1531 516 sacramentum.
1562 458 1631 515 Et
1654 461 1797 521 ideo.
1830 466 1879 525 Α
1900 462 2128 533 jejunat,
2158 463 2251 531 qui
2280 461 2544 520 fraternas
2573 464 2793 534 injurias
2842 464 3049 535 paciﬁci
3098 469 3334 537 pectoris
3361 470 3498 524 leui-

237 558 441 621 fratres,
473 551 732 606 dominici
769 550 1093 617 certaminis,
1120 550 1466 620 victoriaeque
1503 551 1811 621 exemplum

235 650 535 715 sequentes,
563 649 620 695 et
641 639 936 695 diabolicas
958 648 1321 709 praecaventes
1348 640 1584 705 insidias,
1620 641 1813 695 horum

234 732 583 806 quadraginta
607 730 818 785 dierum
846 728 1175 798 acceptabile
1194 727 1309 784 Deo
1338 736 1525 784 nostro
1548 729 1813 798 jejunium

239 824 591 881 celebremus.
640 818 792 873 Tunc
832 819 977 873 enim
1020 817 1174 873 dolos
1224 817 1517 873 adversarii
1557 833 1817 887 superare

236 916 548 990 poterimus,
578 913 623 968 si
650 911 976 967 continuatis
1002 911 1271 979 precibus,
1302 918 1396 964 aut
1424 924 1523 979 per
1551 919 1701 965 casta
1727 909 1814 979 je-

237 1011 377 1082 junia
404 1006 651 1077 corporis
677 1006 804 1060 vitia
830 1019 1259 1073 compescamus,
1304 1011 1397 1058 aut
1436 1018 1531 1059 cor
1570 1010 1815 1058 nostrum

239 1102 302 1156 ab
327 1100 476 1155 omni
514 1098 755 1152 vanitate
787 1104 842 1150 et
865 1094 1158 1149 ambitione
1186 1107 1493 1163 purgemus,
1518 1102 1577 1147 ut
1600 1095 1676 1148 ait
1703 1094 1818 1163 ipse

238 1193 481 1248 Salvator
521 1208 537 1243 :
586 1188 701 1243 Hoc
742 1203 900 1259 genus
928 1202 1029 1240 non
1073 1186 1299 1256 ejicitur,
1337 1186 1439 1239 nisi
1471 1185 1722 1256 jejuniis,
1768 1194 1818 1239 et

238 1284 466 1339 oratione
496 1280 712 1353 (Matth.
759 1278 907 1348 χιιι).
941 1278 1087 1333 Bene
1125 1286 1302 1332 autem
1340 1277 1547 1347 jejunat
1590 1278 1818 1346 quicun-

238 1390 335 1446 que
361 1375 598 1429 esuriem
627 1387 782 1427 suam
811 1370 999 1425 refecti
1040 1370 1294 1438 pauperis
1333 1369 1583 1423 satietate
1609 1376 1820 1422 susten-

238 1474 353 1519 tat:
396 1465 541 1518 bene
585 1461 814 1531 jejunat,
858 1460 949 1530 qui
999 1458 1164 1513 divini
1210 1459 1585 1513 recordatione
1626 1458 1819 1528 jejunii

237 1556 585 1625 semetipsum
613 1554 890 1608 refrenans
943 1551 1012 1605 ab
1051 1551 1198 1605 omni
1238 1560 1262 1587 ι
1302 1551 1674 1604 illecebrarum
1723 1566 1821 1606 vo-

239 1646 442 1716 luptate
481 1642 806 1714 suspendit:
839 1642 976 1696 bene
1010 1640 1238 1710 jejunat,
1269 1640 1361 1708 qui
1405 1654 1621 1695 carnem
1667 1654 1819 1693 suam

240 1738 494 1792 vitiorum
548 1736 788 1805 germina
834 1734 1208 1804 pullulautem,
1252 1742 1557 1787 sanctarum
1589 1731 1615 1769 δ
1652 1730 1822 1785 medi-

240 1828 436 1883 tatione
463 1827 741 1893 virtutum,
772 1832 829 1880 et
853 1824 1161 1880 sobrietatis
1184 1839 1368 1879 amore
1390 1824 1616 1891 castigat
1640 1840 1652 1874 :
1685 1823 1823 1877 bene
1856 1819 1902 1879 Β

1917 562 2028 609 tate
2075 555 2298 609 dimittit
2331 574 2343 608 :
2375 557 2738 624 gratissimum
2792 556 2905 613 Deo
2939 569 2962 597 α
3003 557 3177 612 defert
3212 558 3497 628 jejunium,

1915 645 2007 712 qui
2035 653 2268 699 mentem
2306 660 2457 699 suam
2487 661 2518 700 a
2566 648 2745 716 pravis
2790 647 3224 717 cogitationibus,
3253 647 3442 703 oculos
3467 663 3501 703 a

1914 734 2398 804 concuspiscentia,
2442 735 2677 804 linguam
2705 752 3003 806 manusque
3050 753 3081 792 a
3124 738 3219 792 lite
3243 738 3497 792 custodit.

1917 822 1986 876 Et
2027 832 2155 893 post
2192 812 2393 890 omnia,
2426 825 2611 890 frater,
2658 826 2848 881 beatus
2874 827 3003 893 eris,
3050 835 3105 883 et
3131 828 3269 882 bene
3296 827 3505 882 esuries

1916 928 2112 983 panem
2165 930 2229 969 ac
2274 915 2423 970 sities
2453 916 2722 984 poculum,
2754 918 2799 971 si
2839 915 3158 973 Christiana:
3198 918 3392 972 mentis
3420 916 3503 970 af-

1916 1005 2063 1061 fectu
2115 1008 2343 1077 cmperis
2391 1009 2596 1063 esurire
2624 1017 2681 1063 et
2726 1009 2877 1063 sitire
2914 1008 3194 1079 justitiam,
3222 1010 3362 1063 sicut
3388 1008 3504 1078 ipse

1917 1098 2175 1153 Dominus
2196 1099 2332 1153 dixit
2356 1117 2368 1151 :
2406 1098 2551 1153 Beati
2576 1100 2660 1169 qui
2683 1100 2915 1153 esuriant
2944 1110 2992 1154 et
3012 1101 3191 1154 sitiunt
3220 1100 3501 1170 justitiam.

1916 1189 2038 1259 quia
2064 1190 2291 1259 ipsorum
2318 1197 2393 1242 est
2420 1206 2634 1261 regnum
2662 1190 2903 1244 caelorum
2930 1189 3143 1259 (Matth.
3168 1189 3243 1260 v).
3276 1189 3507 1259 Propter

1917 1278 2085 1347 quod,
2115 1279 2399 1346 carissimi,
2432 1281 2478 1333 si
2521 1280 2772 1335 volumus
2797 1279 3067 1334 diabolum
3099 1294 3353 1348 superare
3379 1295 3503 1333 cum

1915 1366 2159 1433 Christo;
2191 1370 2234 1423 si
2266 1370 2637 1425 desideramus
2666 1378 3009 1426 transeuntes
3039 1384 3070 1423 a
3099 1368 3293 1424 smculo
3314 1382 3508 1437 regna-

1917 1475 1979 1516 re
2004 1476 2126 1516 cum
2158 1460 2302 1526 Deo;
2329 1462 2375 1515 si
2396 1470 2642 1529 optamus
2661 1460 3077 1515 sacratissimum
3099 1457 3507 1513 resurrectionis

1920 1549 2206 1605 dominica:
2250 1551 2393 1605 diem
2443 1550 2577 1603 lmtis
2623 1549 2891 1602 mentibus
2936 1547 3247 1613 celebrare,
3283 1547 3350 1599 ab
3381 1561 3506 1599 esca

1919 1640 2137 1711 quidem
2163 1640 2248 1695 vel
2275 1649 2406 1708 potu
2427 1654 2526 1709 pro
2554 1638 2754 1693 viribus
2777 1646 3156 1706 temperemus,
3188 1652 3218 1689 a
3241 1636 3383 1690 vitiis
3406 1651 3503 1688 au—

1921 1738 2033 1786 tem
2061 1731 2188 1785 totis
2216 1729 2417 1785 viribus
2439 1726 2765 1797 jejunemus.

1542 1931 1894 1996 HOMILIA
1950 1934 2176 1995 XLIV.

1513 2032 1591 2089 De
1621 2034 2032 2106 Quadragesima
2072 2033 2238 2087 VIII.

1674 2125 2065 2181 ADMONITIO.

308 2219 467 2300 133
494 2218 555 2272 ln
584 2218 820 2300 editione
842 2233 1066 2300 operum
1096 2219 1267 2300 sancti
1298 2218 1440 2300 Petri
1466 2218 1784 2300 Chrysolqgi
1806 2219 2009 2300 Veneta
2039 2216 2320 2300 M31759,
2348 2232 2471 2300 pag.
2501 2216 2589 2300 29,
2622 2230 2736 2300 mea
2774 2215 2994 2271 bomilia
3028 2212 3268 2300 refertur.
3284 2214 3506 2300 perinde

245 2306 302 2345 ac
320 2287 1025 2359 si'praescriptaab__codem
1052 2298 1239 2345 saneto
1269 2287 1679 2359 archiepiscopo
1709 2289 2099 2359 Ravennatium
2130 2287 2307 2342 fuerit.

2387 2282 2729 2341 nimadvcrtit
2768 2300 3009 2340 errorem
3036 2284 3210 2338 editor
3237 2282 3503 2352 Augusta-

246 2376 354 2439 nus,
381 2354 671 2439 quarean.
714 2355 851 2439 I758
882 2358 1057 2439 locum
1086 2360 1135 2413 ei
1150 2360 1219 2439 _in
1264 2354 1956 2439 sermonibus'Chrysologi
1988 2359 2243 2439 dandum.
2269 2373 2374 2439 non
2418 2358 2644 2439 putavit.
2671 2356 2959 2439 Codicjbus
2998 2354 3505 2439 quidemnantiquis,

248 2422 429 2483 iisdem
455 2429 673 2497 optima:
694 2436 836 2481 nota:
865 2427 1201 2497 adjungendra
1231 2439 1315 2482 est
1342 2430 1651 2491 auctoritas,
1683 2422 1770 2482 est
1792 2444 1856 2483 ea
1883 2422 2127 2497 p'rofecto
2156 2422 2509 2496 adjudicanda
2548 2427 2798 2481 Maximo.
2832 2422 3075 2497 Yaticani
3114 2422 3341 2497 6450_et
3366 2422 3507 2497 6453

245 2498 316 2579 sic
344 2492 853 2579 ΔΙιτοιιιιιῖιιενεΠβειςιιιο
898 2492 1064 2579 sancti
1118 2496 1341 2579 Maximi
1386 2499 1459 2578 de.
1490 2500 1695 2579 jejunio
1738 2492 2204 2579 .quaJragesimali:
2226 2492 2371 2578 ’Νριι
2411 2498 2723 2579 discrepant
2768 2493 2987 2575 codices
3030 2492 3421 2579 Laurentianus
3462 2496 3504 2557 l,

247 2566 375 2620 Plut.
411 2582 522 2630 Juv,
557 2566 932 2621 Vallicellanus
978 2575 1108 2622 tom.
1153 2566 1218 2634 II,
1266 2563 1560 2621 Novarie'nI
1598 2568 1689 2634 27,
1738 2563 1991 2622 Lucensis
2037 2565 2124 2630 85,
2176 2567 2474 2634 Augiensis,
2506 2568 2557 2620 in
2595 2563 2789 2634 quibus
2834 2579 2897 2618 ea
2945 2563 3221 2634 inscriptio
3270 2563 3503 2634 legitur:

247 2635 318 2717 De
340 2635 862 2717 Quadragesimakln
891 2638 1152 2717 praeclaro
1174 2632 1361 2691 codice
1388 2632 1701 2717 monasterii
1730 2636 2109 2717 .Cisterciensis
2121 2632 2327 2717 'blotitis
2350 2637 2584 2717 .Amiata:
2616 2632 2759 2717 hanc
2799 2633 3014 2717 przefert
3055 2632 3455 2717 inscriptionem
3489 2649 3501 2684 :

248 2705 516 2775 Dontinica
544 2703 710 2775 prima
750 2703 1172 2775 Quadragesima:
1214 2723 1380 2761 sermo
1419 2705 1551 2760 beati
1592 2706 1813 2760 Maximi
1846 2708 2088 2775 episcopi.
2121 2705 2197 2760 De
2227 2706 2455 2760 Maximo
2494 2705 2725 2759 bomilia:
2761 2703 3002 2775 ejusdem
3042 2710 3263 2757 auctore
3298 2717 3506 2756 summa

248 2785 321 2829 est
347 2774 625 2829 editorum
650 2774 912 2845 Gymnici.

250 2887 639 2967 Augustulum
654 2884 814 2939 —-De
830 2886 1033 2967 jejunio
1056 2886 1264 2967 Christi,
1283 2897 1333 2940 et
1352 2886 1569 2967 Moysis.
1592 2886 1826 2967 Christus

311 2959 447 3009 sicut
496 2955 638 3009 Deus
682 2971 792 3009 esse
831 2955 1022 3010 divinis
1068 2957 1336 3010 virtutibus
1374 2955 1618 3021 creditur,
1660 2958 1735 3010 ita
1776 2965 1826 3009 et

311 3027 470 3079 homo
507 3041 621 3078 esse
659 3024 1049 3097 inﬁrmitatibus
1088 3026 1407 3097 dignoscitur
1444 3026 1701 3080 humanis.
1736 3027 1826 3097 Sic

311 3098 632 3164 castigamus
676 3093 902 3149 membra
934 3093 1170 3167 jejuuiis',
1209 3104 1265 3149 ut
1308 3099 1511 3151 animus
1557 3096 1826 3151 virtutibus

310 3168 639 3236 saginemus.

314 3342 620 3412 Advertite,
651 3342 847 3400 fratres
871 3342 1150 3411 carissimi,
1174 3353 1372 3415 quanta
1396 3344 1550 3400 nobis
1577 3344 1829 3416 spiritua-

254 3432 312 3488 lis
330 3434 461 3488 vitae
486 3433 808 3490 documenta
836 3442 1195 3500 succrescunt,
1226 3434 1252 3472 ἀ
1276 3449 1597 3505 quamquam
1623 3435 1831 3503 magni-

255 3520 359 3578 ﬁcis
378 3523 453 3577 ad
472 3524 810 3594 propositmn
836 3523 1133 3578 sanctitatis
1160 3538 1518 3594 provocamur
1545 3524 1831 3594 exemplis,

252 3616 390 3684 quod
420 3617 788 3686 quadragenis
819 3616 1128 3673 referuntur
1154 3616 1347 3674 diebus
1382 3619 1573 3675 beatus
1601 3619 1832 3691 Moyses,

252 3713 304 3760 et
328 3706 423 3760 Dei
457 3706 625 3762 Filius
658 3706 949 3777 jejunasse.
1001 3707 1133 3764 Illud
1183 3724 1315 3765 sane
1362 3710 1667 3781 perspicite,
1708 3712 1834 3781 quia

254 3807 513 3868 quantum
538 3797 701 3853 distat
726 3814 915 3855 servas
940 3815 971 3854 a
998 3800 1240 3868 domino,
1268 3809 1475 3857 tantqu
1504 3818 1725 3859 necesse
1752 3811 1837 3859 est

256 3904 436 3943 eorum
486 3889 685 3946 distare
708 3888 989 3959 jejunium.
1023 3889 1235 3962 Moyses
1259 3892 1403 3947 enim
1430 3893 1629 3949 veteris
1660 3895 1835 3950 editor

257 3978 380 4046 legis
408 3989 520 4043 est,
551 3979 795 4034 Christus
822 3979 947 4035 novi
974 3981 1221 4037 conditor
1253 3982 1602 4039 Testamenti.
1623 3984 1837 4054 Jejunat
1890 3969 1903 3983 ’

256 4067 465 4141 Moyses
518 4078 578 4123 ut
619 4071 900 4141 praeceptis
932 4070 1187 4138 legalibus
1226 4072 1381 4125 unius
1408 4074 1588 4143 populi
1628 4075 1837 4131 erudiat

256 4160 589 4230 disciplinam
614 4177 629 4212 :
660 4158 898 4214 Christus
922 4158 1149 4229 jejunat,
1178 4170 1201 4197 ο
1230 4170 1286 4214 ιιι
1309 4160 1585 4217 universas
1606 4164 1835 4218 redimat

254 4258 458 4318 gentes.
486 4248 707 4319 Jejunat
748 4249 960 4320 Moyses
1013 4258 1072 4303 ut
1117 4249 1395 4318 praesentis
1421 4250 1544 4305 vita:
1585 4251 1836 4308 mandata

254 4342 539 4413 suscipiat;
564 4341 775 4410 jejunat
818 4350 877 4396 et
921 4340 1163 4396 Christus
1202 4348 1261 4395 ut
1293 4350 1507 4397 acterna:
1533 4342 1720 4397 salutis
1746 4358 1837 4399 sa-

256 4441 529 4488 cramenta
578 4430 892 4487 constituat.
930 4429 948 4469 ί
1009 4428 1226 4499 Jejunat
1278 4431 1492 4504 Moyses
1558 4442 1617 4489 ut
1668 4434 1837 4490 Deum

258 4520 490 4586 videret;
529 4520 741 4591 jejunat
775 4529 832 4575 et
856 4519 1015 4576 Iesus
1042 4531 1102 4576 ut
1128 4537 1293 4580 unum
1321 4538 1381 4579 se
1407 4539 1526 4579 esse
1551 4540 1675 4580 cum
1704 4525 1834 4592 Deo,

990 2776 1221 2835 alesinii.
1249 2775 1577 2843 Combeﬁsii,
1605 2776 1836 2843 Cumdii,

1919 2774 2174 2845 argarini,
2209 2775 2505 2847 Raynaudi,
2535 2784 2669 2842 etc.,
2697 2774 3009 2829 consensio.

1930 2886 2122 2941 saecula
2146 2885 2489 2955 Evangelium
2510 2885 2868 2940 conservavit.
2891 2882 3027 2951 Quid
3054 2881 3183 2937 illud
3202 2891 3285 2937 est
3304 2890 3505 2948 autem,

1930 2979 2075 3051 quod
2121 2995 2244 3034 cum
2287 2987 2514 3048 uterque
2564 2977 2937 3047 quadragenos
2965 2976 2989 3013 δ
3012 2975 3331 3045 jejunaverit
3370 2974 3506 3041 dies,

1934 3086 2041 3125 non
2097 3077 2324 3139 uterque
2378 3077 2502 3139 post
2548 3068 2810 3137 jejunium
2861 3068 3112 3122 esuriissc
3156 3066 3509 3136 perhibetur?

1933 3161 2141 3232 Moyses
2171 3163 2354 3229 utique
2377 3175 2484 3215 non
2511 3160 2751 3227 csurivit,
2782 3169 2841 3214 ut
2865 3160 2918 3214 in
2940 3158 3156 3214 homine
3180 3157 3353 3226 fragili
3374 3172 3507 3227 0pc-

1934 3262 2049 3306 rata
2078 3252 2332 3306 divinitas
2365 3252 2521 3322 134
2548 3252 2898 3322 probaretur;
2931 3251 3152 3307 esurivit
3188 3250 3286 3305 Dei
3323 3248 3509 3314 Filius,

1935 3352 1993 3398 ut
2020 3345 2384 3413 assumptione
2408 3344 2587 3398 carnis
2608 3352 2804 3398 nostra:
2829 3344 2845 3381 ί
2872 3343 3113 3412 fragilem
3134 3358 3194 3397 se
3212 3342 3513 3410 suscepisse

1932 3435 2205 3490 hominem
2245 3436 2530 3490 revelaret.
2572 3434 2725 3501 Quod
2775 3450 2883 3489 non
2917 3433 2931 3485 i
2969 3434 3135 3489 esurit
3162 3432 3372 3504 Moyses
3398 3447 3511 3487 cce-

1934 3528 2084 3584 lestis
2111 3536 2195 3583 est
2236 3526 2604 3599 possibilitatis
2630 3525 2964 3595 exemplum;
2994 3524 3136 3594 quod
3165 3524 3332 3577 esurit
3358 3522 3512 3575 Chri-

1933 3628 2048 3674 stus
2064 3628 2263 3675 nostrze
2276 3626 2358 3674 est
2367 3618 2751 3688 redemptionis
2766 3622 3183 3671 sacramentum.
3197 3612 3510 3682 Huiusmodi

1937 3710 1959 3749 ι
1990 3712 2249 3767 Dominus
2276 3710 2481 3782 peregit
2508 3710 2561 3765 in
2589 3724 2683 3764 sua
2712 3723 2874 3765 carne
2902 3707 3234 3779 mysterium,
3266 3715 3343 3769 ut,
3375 3704 3513 3759 sicut

1934 3802 2075 3858 Deus
2101 3818 2221 3857 esse
2245 3801 2438 3857 divinis
2458 3800 2741 3856 virtutibus
2760 3799 3013 3863 creditur,
3039 3798 3108 3851 ita
3132 3805 3187 3851 et
3211 3797 3371 3851 homo
3391 3809 3513 3851 esse

1935 3894 2333 3951 infirmitatibus
2358 3894 2701 3962 diguoscatur
2727 3891 2993 3946 humanis.
3026 3888 3089 3943 Et
3114 3888 3241 3944 hinc
3259 3896 3342 3944 est
3367 3888 3510 3957 quod

1933 3985 2177 4041 Christus
2227 3994 2287 4040 nt
2337 3985 2502 4041 homo
2548 3984 2735 4049 esurit,
2784 3991 2839 4039 et
2884 3983 3181 4038 esurientes
3233 3980 3404 4052 pascit
3453 3987 3514 4034 ut

1935 4077 2108 4144 Deus;
2145 4075 2160 4114 ¹
2196 4077 2320 4133 hinc
2343 4077 2486 4146 quod
2514 4074 2765 4144 fatigatur
2792 4075 3003 4138 itinere,
3027 4082 3082 4127 et
3107 4072 3308 4128 claudis
3341 4070 3512 4124 virtu-

1936 4176 2044 4224 tem
2073 4169 2259 4223 tribuit
2288 4166 2623 4231 ambulandi;
2666 4166 2790 4219 hinc
2817 4164 2961 4234 quod
2990 4165 3176 4219 oculos
3213 4180 3341 4219 suos
3368 4164 3515 4218 laxat

1936 4262 1990 4317 in
2011 4260 2329 4333 IIIIlacrymis,
2343 4266 2399 4313 et
2419 4256 2737 4312 mirabiliter
2754 4256 2909 4311 uncis
2928 4255 3186 4309 reformat
3205 4264 3508 4326 aspectum;

1936 4352 2062 4408 hinc
2087 4350 2230 4421 quod
2259 4347 2719 4419 appropinquante
2764 4352 2942 4399 morte
2989 4344 3252 4410 tristatur,
3279 4351 3335 4397 et
3360 4359 3508 4397 mor--

1937 4452 2085 4498 tuum
2108 4441 2368 4495 Lazarum
2394 4439 2615 4493 suscitat
2643 4436 2709 4492 de
2737 4436 3004 4507 sepulcro.
3032 4434 3156 4489 Haec
3175 4435 3376 4498 omnia,
3401 4433 3509 4487 fra-

1937 4542 2067 4599 tres,
2099 4542 2126 4568 “
2147 4530 2393 4588 conditor
2411 4542 2474 4585 ac
2493 4528 2802 4599 redemptor
2821 4535 3004 4583 noster
3029 4534 3087 4580 ut
3107 4525 3245 4580 Deus
3268 4533 3324 4580 et
3344 4524 3510 4579 homo

258 4611 381 4714 ξιιξυι
404 4612 707 4717 .diabohfm
755 4612 1419 4718 ιτξξιπξιριιεξνρειξηάθηι-
1464 4614 1676 4687 Moyses
1714 4624 1837 4686 post
1866 4657 1915 4718 υ
1938 4623 2077 4692 agit;
2108 4638 2217 4678 non
2246 4621 2370 4691 quia
2399 4622 2521 4675 talis
2550 4620 2623 4674 illi
2651 4618 2902 4675 nascendi
2948 4618 3240 4673 necessitas
3268 4616 3383 4681 fuit,
3415 4615 3509 4669 sed

258 4702 513 4771 jejunium
541 4704 769 4774 scriptas
795 4704 963 4771 digito
997 4704 1092 4759 Dei
1131 4705 1361 4774 tabulas,
1389 4708 1589 4777 populo
1620 4724 1830 4778 pracva-

256 4795 456 4853 ricante
470 4794 762 4864 confregit;
781 4794 1024 4851 Christus
1035 4812 1133 4852 suo
1141 4796 1348 4867 jejunio
1363 4814 1674 4855 mansurum
1692 4810 1718 4848 ε
1734 4816 1832 4872 per

320 4982 351 5044 ιι
387 4970 555 5044 Codd.
590 4968 878 5035 Laurent.,
922 4970 1204 5027 Martinen.
1235 4981 1292 5028 et
1327 4973 1533 5044 Vatic.,
1577 4979 1641 5033 ab
1688 4982 1830 5036 omni

258 5055 308 5094 se
330 5040 711 5095 illecebrarum.

326 5110 352 5148 δ
390 5111 522 5166 Cod.
571 5109 767 5174 Vatic.,
803 5119 1102 5164 sanctarum
1147 5112 1508 5171 emendatione
1554 5118 1822 5174 virtutum.

265 5247 277 5259 _
314 5190 350 5260 ,ε
391 5179 561 5261 Codd.
616 5178 958 5235 Laurentian.
1008 5196 1026 5236 ι
1082 5188 1135 5236 et
1182 5181 1450 5250 Vatican.,
1512 5185 1626 5243 Deo
1672 5190 1828 5259 oﬁert

257 5265 526 5420 mc?
836 5335 893 5420 ι,-
924 5320 1073 5420 Plut...
1096 5328 1821 5420 stvé‘qz‘amquevmagniﬁcis.

327 5397 352 5467 τ
383 5365 912 5470 ἇδίῖδ.ῖξιίιῖ·ἒιιί.”ι,
924 5365 945 5373 ’
960 5365 1146 5470 viiii;
1162 5365 1827 5463 ’ἐιῶῖ’”ἕι”ῖιξίῖὶἶ²ἑῖ”ἷῖξῖἓ

256 5459 514 5511 universas
544 5460 698 5513 totius
726 5459 901 5513 mundi
922 5460 1140 5513 redimat
1166 5472 1354 5517 centes.

331 5524 349 5603 ξ
385 5524 544 5603 Iidem
577 5528 741 5603 _c_odd.
786 5526 1035 5603 Laurent.
1080 5546 1117 5593 I,
1165 5524 1285 5603 vat.
1330 5531 1486 5599 6550,
1515 5544 1571 5587 et
1598 5534 1735 5589 Vall.
1767 5554 1824 5603 ιι,

567 5596 807 5669 Moyses,
856 5607 913 5651 ut
966 5597 1131 5652 Deum
1183 5601 1370 5655 videret
1410 5618 1429 5655 :
1474 5592 1730 5673 jejunavit
1780 5592 1832 5661 et

338 5676 509 5723 rtstus.

334 5745 360 5781 s
390 5734 517 5791 Cod.
539 5736 758 5797 Norat"
782 5752 1080 5794 mansurum
1099 5755 1192 5808 per
1210 5740 1500 5796 universam
1524 5740 1827 5803 Ecclesiam.

1938 4713 2062 4782 quia
2091 4712 2198 4765 tale
2234 4712 2286 4765 in
2327 4710 2463 4766 coelo
2491 4717 2546 4764 et
2574 4712 2625 4764 in
2660 4708 2821 4764 terris
2846 4708 3016 4763 voluit
3045 4722 3268 4776 regnare
3306 4713 3508 4776 myste-

1936 4802 2095 4856 rium.
2118 4800 2250 4855 Illud
2268 4800 2431 4855 etiam
2453 4809 2665 4871 quanta:
2684 4806 2768 4855 est
2792 4798 3162 4853 admirationis
3189 4796 3244 4851 in
3271 4795 3508 4867 Christo,

1940 5050 1953 5063 .
1992 4978 2030 5061 ,ιι
2058 4980 2190 5036 Cod.
2220 4978 2538 5063 vat-.6450,
2583 4978 2719 5051 quod
2754 4992 2867 5031 cum
2910 4985 3119 5048 uterque
3154 4979 3510 5052 quadragenos

1923 5051 2290 5122 jejunarerunt
2316 5051 2442 5104 dies.
3359 5051 3366 5052 “

1970 5121 2025 5201 ηε
2058 5120 2228 5175 Codd.
2258 5120 2517 5201 Laurent:
2542 5133 2577 5183 ι,
2609 5116 2797 5200 γιιιΙίε.
2828 5131 2886 5183 ιι,
2915 5123 2971 5171 et
3000 5115 3174 5172 Vatic.
3205 5118 3363 5185 6450,
3396 5124 3511 5193 [ru-

1928 5190 2168 5271 θίιςηιες
2191 5190 2476 5271 εειριςρίεεε
2498 5190 2782 5268 hominem

2005 5258 2020 5311 i
2059 5259 2191 5314 Cod.
2219 5255 2435 5324 Vallic.,
2465 5274 2567 5311 non
2590 5257 2807 5326 esurivit
2834 5255 3060 5326 Moyses.

2004 5327 2030 5367 ¹ι
2059 5329 2191 5384 Cod.
2224 5328 2476 5381 Laurent.
2507 5343 2544 5392 ι,
2576 5325 2889 5396 Huiusmodi
2916 5325 3051 5380 enim
3081 5326 3346 5384 Dominus.

2012 5397 2029 5436 ι
2063 5400 2246 5453 Codex
2278 5397 2470 5468 }’atic.,
2502 5397 2622 5468 hinc
2648 5406 2724 5450 est
2750 5397 2885 5468 quod
2913 5398 3189 5468 fatigatur.

1941 5539 1954 5552 .
2005 5478 2044 5552 ιτ
2075 5468 2243 5523 Codd.
2276 5466 2527 5521 Laurent.
2558 5467 2652 5522 cit.
2685 5476 2739 5522 et
2763 5466 2985 5531 ‘Valli‘cq
3017 5468 3191 5521 oculos
3220 5481 3339 5520 suos
3366 5468 3512 5521 laxat

1935 5539 1989 5592 in
2018 5539 2292 5608 lacrgmas.

1948 5676 1984 5689 ﬁ
2009 5617 2037 5645 ⁸
2279 5605 2465 5689 Vatic.
2501 5615 2556 5665 et
2600 5609 2815 5675 Vallia,
2862 5605 3173 5678 Redemptor
3216 5615 3408 5674 uoster,
3454 5612 3509 5657 ut

1938 5676 2075 5732 Deus
2104 5686 2151 5731 et
2182 5676 2329 5732 homo
2358 5678 2486 5749 agit.
