4042 6192
208 257 302 319 5Ξ9

1603 251 1883 306 ΙΙΟΜΙΗΛ
1921 252 2075 308 XLV.

3374 261 3481 316 359

217 373 452 439 scribitur
481 373 626 427 enim
657 372 728 428 ita
755 388 766 424 :
794 371 859 426 In
889 371 1041 441 finem
1071 386 1166 440 pro
1196 371 1514 440 susceptione
1536 373 1788 424 matutina
1821 375 1864 430 Α
1897 369 2156 434 videatur,
2185 367 2370 426 dicens
2403 390 2413 423 :
2449 371 2587 427 Deus
2636 373 2897 442 omnium,
2931 375 3022 444 qui
3052 391 3110 432 es
3137 376 3277 431 Deus
3305 392 3477 441 meus,

219 468 427 532 psalmus
457 467 559 536 ipsi
599 463 791 518 David.
837 463 951 517 Nisi
990 462 1164 528 fallor,
1212 463 1484 532 susceptio
1531 462 1792 516 matutina

221 559 330 615 solis
356 567 534 612 ortum
564 566 591 594 ει
615 571 832 626 semper
859 554 1166 619 antevertit,
1192 563 1247 608 et
1273 554 1585 624 priusquam
1607 553 1792 608 orbem

221 651 473 707 radiorum
515 648 696 703 clarus
741 645 996 716 splendor
1031 643 1312 708 illuminet,
1344 643 1664 697 matutinum
1691 656 1793 695 no-

220 741 362 796 ctium
390 738 631 793 tenebris
668 737 954 792 terminum
1001 735 1180 805 ponit;
1212 749 1276 789 ac
1313 733 1548 789 resoluta
1595 733 1792 788 sensim

227 829 492 897 caliginem
523 829 786 894 carcitate,
816 827 979 881 rebus
1007 825 1213 880 cunctis
1251 824 1415 880 facies
1452 823 1694 894 quaedam
1731 838 1795 879 ac

225 921 380 974 lumen
410 918 437 957 δ
474 917 806 982 infunditur;
836 923 893 971 et
928 931 1050 970 cum
1090 915 1256 970 veluti
1295 915 1394 969 sub
1426 929 1532 968 una
1569 914 1795 968 materie

223 1009 542 1064 tenebrarum
585 1006 818 1062 mundus
847 1006 902 1060 in
930 1004 1245 1061 confusione
1271 1003 1522 1073 jacuerit,
1555 1003 1792 1060 interve-

221 1102 382 1157 niente
409 1099 695 1165 matutino,
727 1097 941 1152 diversa
988 1096 1286 1167 specierum
1314 1095 1577 1150 varietate
1604 1094 1796 1150 distin-

220 1191 410 1259 guitur;
441 1188 549 1243 hoc
579 1193 680 1250 est,
711 1203 834 1242 cum
861 1186 1038 1242 omnia
1069 1200 1208 1240 caeca
1249 1185 1465 1250 fuerint,
1496 1184 1641 1241 oculi
1677 1200 1794 1241 om-

221 1283 350 1336 nium
399 1287 739 1349 reparantur.
800 1277 918 1331 Nox
973 1277 1115 1331 enim
1169 1275 1564 1345 quodammodo
1621 1275 1796 1332 aufert

218 1372 386 1428 oculos
413 1369 635 1432 mundo,
671 1383 864 1422 aurora
910 1367 1178 1431 restituit;
1223 1375 1386 1436 atque
1424 1367 1498 1421 ita
1526 1373 1651 1422 ante
1679 1381 1794 1420 ma-

220 1465 376 1519 tutina
403 1461 749 1532 susceptione
777 1459 1120 1530 perfruimur,
1153 1465 1212 1512 ut
1239 1457 1524 1525 gloriosius
1550 1463 1795 1527 postmo-

218 1556 332 1609 dum
369 1554 495 1608 solis
538 1551 826 1622 splendore
874 1549 1164 1620 potiemur.
1205 1547 1311 1603 Sed
1349 1549 1622 1616 quoniam,
1654 1548 1794 1604 sicut

217 1647 337 1702 dicit
372 1645 656 1715 Apostolus
684 1661 695 1695 :
734 1642 842 1697 Lex
889 1641 1180 1710 spiritualis
1208 1648 1312 1705 est,
1345 1648 1400 1694 et
1428 1640 1793 1709 spiritualibus

1899 474 1996 513 cur
2023 475 2108 514 me
2145 460 2508 530 dereliquisti?
2547 464 2678 518 nihil
2720 465 2862 519 enim
2901 466 3030 519 mihi
3068 468 3312 522 conscius
3341 484 3477 522 sum.

1897 548 2202 605 Secundum
2229 553 2372 607 enim
2404 554 2720 625 prophetam
2748 558 3024 613 nesciebat
3052 569 3351 628 peccatum,
3384 576 3485 617 nec

1897 650 2015 696 erat
2043 643 2199 698 dolus
2228 643 2279 698 in
2311 659 2405 700 ore
2434 646 2569 715 ejus.
2608 647 2730 704 Haec
2771 659 2950 705 autem
2989 651 3136 716 dicit,
3167 660 3224 706 ut
3254 653 3480 708 manife-

1897 740 2065 786 starct
2102 742 2328 802 propter
2366 752 2466 788 nos
2503 752 2560 792 se
2589 753 2707 792 esse
2735 738 3066 809 derelictum,
3097 757 3325 811 quorum
3355 759 3484 813 pec-

1895 831 2016 875 cata
2044 824 2314 891 portabat,
2342 839 2405 878 ac
2425 826 2668 882 videntes
2691 829 3018 888 disceremus
3044 839 3098 886 et
3123 848 3222 888 nos
3242 849 3341 902 pro
3366 835 3481 903 ipso

1895 923 2082 969 sancto
2118 923 2175 969 et
2209 914 2356 984 justo
2384 919 2540 983 mori,
2569 935 2690 974 cum
2721 936 2818 990 pro
2849 919 2874 959 ιι
2909 925 3280 1002 peccatoribus
3309 934 3364 981 et
3391 927 3481 980 ille

1894 1014 2211 1060 moreretur.
2242 1006 2483 1078 Denique
2525 1009 2627 1065 hac
2670 1026 2804 1068 voce
2846 1012 2900 1068 in
2939 1015 3188 1082 passione
3217 1031 3346 1072 usus
3374 1027 3478 1083 est,

1893 1096 2032 1152 sicut
2071 1099 2125 1152 in
2171 1098 2465 1169 Evangelio
2505 1101 2730 1170 legimus
2761 1123 2773 1156 :
2803 1103 2912 1170 Eli,
2956 1104 3061 1171 Eli,
3093 1107 3289 1162 lamma’
3325 1109 3481 1164 saba-

1894 1187 2104 1243 cthani?
2142 1189 2236 1243 hoc
2275 1201 2350 1244 est
2379 1208 2397 1244 :
2430 1191 2568 1247 Deus
2607 1210 2768 1259 meus,
2823 1194 2956 1250 Deus
2993 1213 3153 1262 meus,
3194 1215 3356 1268 quare
3399 1216 3480 1254 me

1893 1278 2209 1351 dereliquiin
2243 1281 2457 1352 (Matth.
2496 1285 2702 1354 xxv“)?
2741 1285 2872 1348 liae,
2907 1287 3141 1354 inquam,
3184 1303 3318 1344 voce
3355 1305 3482 1346 usus

1893 1381 1993 1435 est,
2027 1380 2086 1426 ut
2113 1373 2257 1442 quod
2285 1376 2566 1445 prophetia
2608 1378 3022 1434 annuntiavcrat
3047 1380 3127 1435 rei
3157 1380 3333 1436 exitus
3381 1397 3480 1451 ap-

1891 1463 2164 1532 probaret.
2207 1462 2275 1517 Et
2320 1465 2576 1533 quoniam
2618 1467 2896 1534 sequentia
2937 1483 3075 1537 pene
3129 1469 3143 1506 ί
3197 1470 3484 1532 manifesta

1893 1561 2036 1619 sunt,
2069 1553 2218 1608 illum
2265 1555 2609 1625 inspiciamus
2641 1557 2958 1612 versiculum
2992 1559 3042 1612 in
3073 1573 3181 1628 quo
3212 1560 3287 1614 ait
3321 1579 3333 1613 :
3364 1559 3481 1632 Ego

1896 1651 2064 1697 autem
2093 1660 2205 1698 sum
2233 1646 2418 1700 rermis
2445 1654 2494 1699 et
2523 1663 2624 1700 non
2651 1646 2800 1709 homo
2824 1646 2992 1717 (Psal.
3022 1649 3154 1717 xxi).
3183 1648 3294 1704 Cur
3315 1652 3482 1706 totius

216 1738 492 1807 spiritualia
523 1734 884 1806 comparanda
911 1741 1035 1788 sunt
1055 1731 1232 1800 (Rom.
1267 1749 1367 1796 vn;
1395 1731 1424 1785 Ι
1454 1731 1574 1787 Cor.
1604 1733 1683 1802 ιι),
1707 1747 1796 1786 so-
1825 1731 1873 1792 B
1900 1732 2157 1790 Dominus
2196 1742 2455 1790 creatura:
2492 1736 2784 1791 vermiculo
2813 1752 2871 1792 se
2898 1739 3127 1793 voluerit
3154 1743 3477 1811 comparari,

219 1829 318 1882 lem
342 1829 421 1883 hic
441 1828 663 1897 justitiae
691 1825 924 1880 arbitror
951 1823 1247 1892 designari;
1282 1824 1384 1878 hoc
1410 1832 1491 1877 est
1518 1823 1790 1878 Christum

218 1919 506 1986 Dominum,
539 1919 633 1988 qui
655 1917 810 1972 nobis
838 1915 1152 1984 ignorantiae
1184 1915 1438 1979 tenebris,
1468 1922 1794 1983 etpeccato—

217 2028 328 2066 rum
348 2011 584 2065 czecitate
605 2007 917 2070 submersis,
944 2005 1178 2060 cmlestis
1197 2003 1450 2060 doctrinae
1476 2019 1586 2059 sua:
1612 2005 1792 2060 lumen

220 2101 423 2166 infudit;
447 2109 501 2155 ct
539 2114 678 2168 quos
719 2112 827 2152 non
860 2106 882 2135 ε
914 2095 1262 2160 habebamus,
1295 2094 1480 2149 oculos
1507 2094 1685 2149 cordis
1712 2095 1794 2147 in-

219 2192 390 2257 seruit,
419 2200 473 2246 et
497 2191 645 2244 velut
673 2189 854 2244 radios
879 2187 1139 2258 quosdam
1168 2186 1444 2256 apostolos
1471 2201 1596 2241 suos
1623 2187 1787 2253 misit,

221 2284 296 2352 qui
326 2297 421 2336 nos
439 2280 506 2335 de
531 2279 558 2317 ἀ
588 2287 752 2335 nocte
781 2278 1055 2333 teterrima
1075 2276 1455 2346 delinquentite
1475 2276 1787 2343 liberarent,

219 2383 268 2428 et
289 2373 563 2444 paulatim,
593 2371 847 2427 resolutis
883 2370 939 2424 in
980 2368 1134 2424 nobis
1160 2368 1396 2423 tenebris
1423 2375 1787 2437 peccatorum,

219 2465 462 2520 matutina
489 2473 516 2502 ε
548 2479 647 2521 nos
664 2459 1009 2530 susceptione
1024 2465 1463 2524 consuescerent;
1488 2464 1547 2511 ut
1565 2457 1790 2528 perfecti

216 2558 408 2612 facilius
433 2553 701 2626 possimus
731 2553 962 2608 tolerare
989 2551 1119 2606 solis
1147 2549 1417 2616 ardorem,
1444 2550 1550 2605 hoc
1575 2557 1659 2605 est
1679 2549 1790 2619 pri-

216 2664 347 2703 mum
396 2664 493 2704 nos
541 2644 825 2718 przcceptis
872 2643 1288 2714 simplicioribus
1337 2641 1634 2708 erudirent,
1681 2655 1790 2711 quo

214 2737 831 2809 capacioreseflicerent
875 2733 1176 2790 caelestium
1223 2741 1576 2788 secretorum.
1621 2731 1792 2802 Hujus

219 2831 387 2899 itaque
406 2829 536 2884 solis
556 2827 776 2896 justitize
795 2824 1080 2889 matutino,
1106 2831 1452 2894 peccatorum
1480 2824 1653 2892 caligo
1674 2832 1789 2879 tota

215 2922 499 2990 perimitur,
523 2920 663 2974 sicut
689 2920 803 2988 ipse
825 2917 1085 2988 propheta
1107 2917 1182 2970 ait
1201 2931 1266 2971 ex
1286 2931 1518 2987 persona
1539 2915 1746 2971 Domini
1769 2934 1783 2969 :

221 3012 273 3066 in
322 3012 589 3067 matutinis
640 3007 1016 3079 interficiebam
1065 3024 1243 3062 omnes
1290 3015 1581 3078 peccatores
1636 3016 1789 3064 terrae

1897 1843 2181 1898 possumus
2209 1829 2557 1899 hoc.quidem
2584 1830 2872 1888 humilitati
2902 1834 3146 1902 primitus
3185 1837 3478 1906 assignare,

1895 1934 2014 1988 qua:
2059 1928 2370 1975 sanctorum
2424 1921 2595 1976 virtus
2647 1932 2731 1980 est
2778 1924 3029 1989 maxima,
3085 1926 3222 1982 sicut
3267 1939 3484 1984 sanctus

1895 2009 2108 2081 Moyses
2137 2019 2261 2066 ante
2288 2011 2458 2066 Deum
2487 2013 2684 2068 animal
2705 2028 2764 2070 se
2787 2013 3150 2070 irrationabile
3177 2018 3479 2085 profitetur,

1895 2101 2061 2156 David
2096 2104 2110 2152 i
2149 2102 2380 2170 pulieem
2427 2118 2486 2158 se
2527 2117 2669 2172 saepe
2700 2112 3104 2159 commemorat.
3157 2105 3262 2160 Sed
3310 2109 3481 2175 magis

1894 2192 2024 2248 illud
2069 2193 2436 2263 accipiendum
2467 2204 2598 2264 puto
2631 2213 2643 2247 :
2676 2197 2927 2264 quoniam
2958 2199 3155 2253 vermis
3198 2199 3343 2254 nulla
3378 2216 3478 2254 ονε--

1893 2283 2155 2339 trinsecus
2183 2283 2515 2339 admixtione
2536 2284 2694 2340 alieni
2720 2287 2981 2356 corporis,
3013 2288 3106 2342 sed
3128 2288 3195 2343 de
3224 2291 3337 2346 sola
3362 2291 3384 2329 ιι
3415 2307 3480 2345 ac

1892 2389 2024 2444 pura
2055 2383 2197 2429 terra
2246 2382 2582 2446 procreatur,
2621 2376 2744 2431 ideo
2786 2377 2935 2432 illum
2973 2391 3338 2450 comparatum
3368 2383 3478 2439 Do-

1892 2467 2059 2532 mino,
2090 2467 2343 2538 quoniam
2371 2476 2427 2527 et
2454 2468 2570 2538 ipse
2598 2467 2848 2524 Salvator
2873 2469 2940 2524 de
2968 2471 3084 2525 sola
3111 2481 3166 2526 et
3197 2487 3338 2542 pura
3368 2474 3479 2530 Ma-

1891 2559 1969 2612 ria
1998 2567 2302 2627 generatur.
2339 2559 2467 2628 Legi
2497 2561 2659 2615 etiam
2691 2561 2746 2615 in
2774 2561 2924 2617 libris
2953 2562 3150 2636 Moysis
3183 2567 3249 2622 de
3285 2584 3479 2625 manna

1891 2649 2210 2704 vermiculos
2237 2658 2552 2720 procreatos
2593 2650 2786 2720 (Exod.
2819 2652 2930 2722 xvr)
2965 2671 2979 2707 :
3011 2655 3170 2725 digna
3218 2658 3377 2728 plane
3422 2670 3480 2715 et

1886 2738 2031 2807 justa
2081 2740 2442 2810 comparatio;
2489 2741 2750 2809 siquidem
2797 2741 2865 2797 de
2919 2758 3114 2800 manna
3157 2747 3479 2806 vermiculus

1890 2830 2141 2899 gignitur,
2173 2840 2230 2886 et
2255 2831 2514 2887 Dominus
2535 2831 2781 2889 Christus
2802 2834 2870 2891 de
2892 2834 3110 2905 Virgine
3138 2850 3475 2909 procreatur.

1891 2919 2030 2986 Quin
2071 2922 2246 2992 potius
2287 2921 2456 2992 ipsam
2486 2923 2707 2978 Mariam
2743 2940 2939 2980 manna
2967 2926 3212 2995 dixerim,
3241 2932 3366 2999 quia
3395 2943 3480 2988 est

1890 3013 2119 3077 subtilis,
2167 3014 2464 3084 splendida,
2494 3016 2674 3071 suavis
2702 3024 2756 3071 et
2782 3018 2960 3088 virgo;
2994 3034 3113 3089 quae
3141 3022 3288 3077 velut
3329 3025 3480 3080 ςαξιὶ-

219 3103 373 3172 (Psal.
404 3104 481 3174 ε).
513 3103 628 3158 Hoc
654 3111 737 3157 est
760 3118 774 3154 :
801 3101 1010 3155 oriente
1038 3100 1091 3154 in
1121 3101 1277 3154 nobis
1301 3100 1416 3154 sole
1431 3100 1670 3167 justititc,
1696 3101 1787 3170 qui
1815 3104 1862 3168 C
1892 3110 1979 3157 tus
2008 3105 2248 3168 veniens,
2275 3105 2480 3160 cunctis
2510 3104 2866 3162 Eeclesiarum
2898 3111 3110 3180 populis
3139 3113 3316 3168 cibum
3355 3116 3478 3170 dul-

217 3197 559 3252 habitaculum
597 3195 614 3233 ῐ
649 3193 859 3250 Domini
888 3207 1090 3257 sumus,
1123 3193 1299 3247 omnis
1326 3193 1582 3260 cogitatio
1610 3193 1787 3262 iniqua

217 3291 531 3345 subvertitur
562 3291 599 3342 '.

417 3382 605 3452 (133
637 3380 752 3433 Huc
780 3395 939 3450 usque
974 3376 1198 3431 humilia!
1226 3377 1570 3447 prooemium.)

277 3473 440 3526 Totus
483 3481 661 3526 autem
708 3471 796 3525 hic
825 3469 1058 3539 psalmus
1087 3469 1326 3536 digestus
1351 3474 1435 3521 est
1463 3481 1528 3520 ex
1557 3481 1783 3536 persona

217 3561 408 3617 Domini
438 3563 752 3625 Salvatoris,
783 3561 981 3631 quippe
1011 3573 1131 3613 cum
1170 3557 1322 3627 plura
1353 3556 1419 3612 de
1448 3571 1514 3611 eo
1550 3556 1601 3609 in
1633 3555 1784 3609 Novo

216 3653 307 3706 sint
347 3654 522 3724 posita
571 3653 939 3706 Testamento.
971 3651 990 3679 ³
1023 3647 1160 3701 Dicit
1198 3648 1380 3718 itaque
1412 3664 1422 3698 :
1456 3645 1614 3710 Deus,
1653 3645 1785 3698 Deus

217 3759 359 3806 meus,
387 3745 580 3812 respice
609 3744 662 3796 in
691 3759 769 3796 me
799 3759 816 3795 :
845 3748 900 3796 et
934 3739 1158 3810 reliqua.
1187 3737 1365 3803 Quare
1395 3737 1652 3806 assumpti
1683 3737 1784 3790 ho-

216 3833 357 3888 minis
403 3834 515 3902 agit
559 3846 795 3896 causam,
839 3840 864 3877 Β
908 3838 967 3884 ut
1012 3829 1347 3894 interrogare
1388 3825 1785 3894 quodammodo

279 4020 301 4045 ι
329 4009 463 4064 Vide
488 4009 540 4062 in
571 4015 684 4061 not.
718 4021 834 4075 quae
863 4015 1122 4076 pneterea
1154 4005 1420 4059 habentur
1460 4006 1513 4058 in
1557 4013 1784 4074 utroque

217 4080 383 4135 codice
409 4080 468 4133 S.
499 4077 688 4131 Crucis
717 4077 766 4129 in
797 4076 1116 4130 Jerusalem.

279 4149 454 4204 k'Cod.
485 4149 660 4201 Vatic.
692 4146 860 4216 1268ζ
877 4146 1188 4216 refunditur.

280 4230 300 4257 ο
329 4219 461 4274 Cod.
489 4217 742 4271 Laurent.
770 4232 804 4280 ι,
837 4213 976 4269 Plut.
1013 4231 1117 4279 xtv,
1149 4225 1198 4268 et
1225 4231 1350 4285 quos
1381 4230 1483 4266 non
1516 4213 1784 4267 habuimus

215 4292 460 4412 “iusin.
491 4356 561 4411 99
587 4354 646 4409 S.
677 4353 862 4410 Crucis
891 4356 942 4410 in
969 4353 1080 4408 Jer.
1114 4354 1327 4423 legitur,
1353 4353 1418 4407 de
1438 4362 1628 4418 morte;
1651 4361 1706 4408 et
1731 4353 1782 4406 in

217 4432 443 4495 margine
471 4435 690 4481 notatur
717 4444 728 4478 :
756 4427 849 4489 aL,
877 4426 942 4476 de
963 4435 1126 4477 nocte.

282 4509 303 4536 ε’
329 4499 383 4552 lu
410 4498 529 4552 cod.
560 4495 630 4549 99
657 4495 713 4549 S.
745 4495 930 4550 Crucis
955 4495 1006 4548 in
1034 4492 1145 4546 Jer.
1174 4493 1439 4547 omittitur
1466 4509 1578 4546 nos.

1891 3194 2092 3248 cinrem
2124 3195 2280 3249 melle
2309 3194 2549 3262 defluxit,
2582 3211 2742 3265 quem
2771 3200 2862 3266 qui
2891 3199 3050 3255 edere
3071 3210 3126 3256 et
3156 3204 3478 3261 manducare

1892 3285 2210 3354 neglexerit,
2243 3286 2404 3340 vitam
2445 3287 2498 3341 in
2546 3289 2839 3358 semetipso
2869 3290 3071 3347 habere
3113 3311 3218 3349 non
3254 3299 3474 3366 poterit,

1890 3376 2028 3430 sicut
2051 3376 2165 3444 ipse
2197 3377 2452 3430 Dominus
2475 3375 2550 3430 ait
2583 3395 2595 3430 :
2627 3377 2749 3432 Nisi
2772 3381 2882 3450 quis
2903 3382 3287 3439 manducauerit
3312 3404 3478 3441 meam

1889 3483 2116 3528 carnem,
2140 3478 2188 3520 et
2210 3466 2389 3520 biberit
2417 3485 2584 3521 meum
2612 3470 2934 3538 sanguinem,
2967 3489 3070 3525 non
3100 3473 3302 3527 habebit
3322 3478 3478 3530 ritum

1888 3559 1942 3611 in
1971 3559 2239 3626 semetipso
2271 3556 2446 3627 (Joan.
2482 3558 2587 3628 vi);
2619 3558 2715 3613 sed
2745 3561 2920 3628 potius
2952 3563 3063 3629 ipse
3089 3563 3237 3616 cibus
3260 3565 3311 3618 in
3333 3567 3478 3634 judi-

1890 3649 2028 3702 cium
2068 3657 2432 3713 convertetur,
2462 3648 2600 3703 sicut
2628 3649 2917 3718 Apostolus
2939 3651 3067 3704 dicit
3094 3672 3104 3705 :
3136 3653 3233 3716 Qui
3258 3658 3477 3711 mandu-

1888 3747 1972 3789 cat
1995 3747 2043 3790 et
2063 3737 2186 3790 bibit
2209 3738 2438 3808 indigne,
2459 3739 2713 3809 judicium
2738 3738 2835 3793 sibi
2856 3742 3135 3795 manduca!
3155 3743 3208 3812 (Ι
3230 3745 3348 3799 Cor.
3377 3749 3475 3814 XI).

1891 3825 2043 3893 Quod
2072 3827 2191 3882 liliis
2218 3827 2380 3882 Israel
2410 3830 2677 3887 subtiliter
2711 3831 2866 3902 133
2894 3833 3271 3902 prophetatum
3306 3847 3388 3894 est
3425 3841 3477 3898 in

1967 4005 2147 4063 fCod.
2184 4012 2355 4066 Vatia.
2391 4014 2544 4069 19.78.
2584 4016 2690 4072 Deo
2718 4035 2920 4074 sumus.

1967 4077 2261 4166 Sr‘Utroque
2284 4084 2342 4166 in.
2359 4085 2478 4138 eod.
2504 4087 2560 4140 S.
2587 4086 2792 4152 Crucis,
2818 4098 2864 4142 et
2886 4093 3206 4163 interrogare
3230 4091 3498 4166 quodam?

1891 4149 2040 4202 modo
2071 4151 2269 4205 videtur
2289 4154 2486 4206 dicens.

1962 4216 1989 4254 ιι
2019 4219 2152 4342 Cotd.
2195 4221 2262 4275 90
2307 4222 2362 4277 S.
2395 4223 2580 4278 Crucis
2604 4225 2656 4278 in
2683 4224 3003 4295 Jerusalem,
3035 4248 3130 4299 pro
3154 4247 3364 4302 peccato
3390 4238 3478 4292 ille

1962 4305 2089 4342 vrere
2114 4308 2191 4342 ur.

1892 4305 2109 4342 υτονθνρι
2114 4309 2143 4342 η
2149 4308 2191 4343 1’.

1972 4358 1984 4438 ξ
2021 4359 2263 4441 iitroque
2285 4362 2336 4441 in
2352 4361 2545 4441 eod;
2565 4363 2751 4441 C_ruc_is
2765 4365 2815 4418 in
2831 4364 2940 4441 «ζον.
2953 4407 2966 4431 ,
2980 4371 3316 4441 manifestata
3327 4386 3469 4430 sunt.
3490 4375 3494 4380 ’

1967 4433 1980 4478 i
2017 4427 2151 4485 Cod.
2177 4427 2359 4488 iVatie.
2389 4432 2545 4494 1278,
2579 4433 2748 4489 David
2774 4427 3006 4491 culicem.

1965 4498 1986 4535 "
2025 4499 2260 4571 Utroque
2289 4503 2341 4556 in
2372 4504 2491 4559 cod.
2526 4504 2583 4560 S.
2616 4505 2819 4572 Crucis,
2849 4517 2898 4561 et
2919 4509 2984 4562 de
3011 4525 3142 4581 pura
3171 4519 3326 4566 terra.

283 4635 299 4666 ι
330 4631 568 4720 ﬁneque
597 4629 648 4720 in
987 4625 1187 4720 Crucis.
1227 4626 1620 4720 inflerusal‘em
1637 4637 1786 4720 0past
1819 4635 1862 4694 D
1889 4637 2266 4720 quodammodo
2311 4639 2564 4720 videatur,
2595 4641 2770 4720 dicens
2799 4659 2816 4697 :
2850 4643 2990 4698 Deus
3022 4647 3268 4714 omnium,
3305 4655 3390 4720 qui
3417 4672 3474 4711 es

217 4704 317 4758 hare
343 4696 503 4756 verba
529 4701 600 4752 ita
632 4700 823 4764 legitur
856 4716 867 4749 :
901 4697 1057 4767 Cujus
1091 4697 1214 4749 solis
1244 4699 1396 4750 etiam
1426 4696 1603 4750 beatus
1631 4696 1788 4752 Salo-

218 4791 319 4826 mon
343 4770 572 4824 meminit
601 4771 654 4821 in
686 4785 904 4836 persona
932 4769 1278 4836 reputantium
1301 4769 1395 4820 sibi
1425 4785 1486 4820 ac
1509 4768 1786 4824 dicentium

219 4851 524 4908 iurauerunt
554 4855 571 4891 :
597 4835 692 4892 Sol
713 4854 814 4908 non
842 4845 983 4890 ortus
1003 4846 1080 4889 est
1104 4835 1269 4900 nobis,
1301 4847 1350 4888 et
1369 4839 1588 4906 justitiae
1616 4839 1785 4892 lumen

221 4907 308 4962 non
351 4912 481 4963 luxit
513 4908 682 4961 nobis.
727 4907 879 4959 Hanc
909 4923 1105 4975 quoque
1132 4909 1384 4961 matutina
1415 4911 1785 4978 susceptionem

217 4981 262 5031 in
303 4980 580 5050 Evangelia
613 4987 792 5031 sancto
823 4994 1092 5050 possumus
1123 4979 1378 5050 ascribere
1407 4977 1593 5031 Maria:
1631 4978 1784 5049 Mag-

221 5047 570 5120 dalence,quce
598 5056 796 5101 mature
816 5063 877 5099 ac
900 5047 1125 5100 diluculo
1154 5047 1223 5120 ad
1250 5057 1635 5120 monumentum
1656 5047 1784 5118 vigi—

218 5121 321 5173 lans
350 5115 657 5176 Saluatoris,
690 5120 1114 5170 resurrectionem
1156 5115 1367 5169 Domini
1400 5119 1566 5184 prima
1608 5115 1784 5172 susce-

219 5193 303 5257 pit,
326 5200 372 5243 et
402 5191 711 5242 clarescente
731 5187 905 5238 mundi
935 5189 1059 5248 sole,
1083 5187 1207 5238 solis
1238 5187 1456 5254 jnslititv
1485 5197 1652 5241 ortum
1678 5206 1786 5256 prce

216 5259 439 5312 omnibus
467 5259 576 5313 sola
603 5257 857 5327 Cagnat-it,
882 5275 941 5309 ac
962 5257 1283 5324 susceptione
1307 5257 1510 5325 quidem
1532 5261 1786 5311 matutina

217 5333 381 5397 gavisa
423 5339 495 5380 est
537 5329 673 5380 diem
714 5327 987 5382 redditum.
1021 5327 1110 5379 sed
1136 5328 1298 5394 magis
1325 5328 1502 5395 gavisa
1528 5327 1785 5383 Christum

217 5417 245 5450 α
272 5400 482 5452 mortuis
519 5400 834 5456 suscitatam.
868 5407 1019 5465 atque
1046 5398 1252 5467 inipsa
1287 5398 1536 5465 completa
1564 5409 1638 5452 est
1668 5416 1788 5467 pro-

215 5471 395 5536 phetia,
421 5469 486 5518 ad
517 5483 776 5533 resperum
805 5465 1241 5520 demonstrabitur
1267 5468 1417 5534 ﬂetus
1444 5478 1494 5521 et
1523 5469 1590 5520 ad
1618 5465 1788 5521 matu-

217 5541 368 5590 tinum
389 5539 591 5590 [ωηιξη.

277 5611 296 5638 ¹
329 5607 469 5659 Dicit
493 5609 666 5676 itaque
693 5622 711 5659 :
736 5605 893 5668 Deus,
919 5605 1056 5659 Deus
1085 5623 1241 5667 meus,
1268 5606 1462 5676 respice
1478 5607 1528 5660 in
1551 5624 1648 5673 me,
1673 5618 1776 5662 etc.

220 5675 380 5740 Quare
407 5675 653 5745 assumpti
683 5678 903 5728 hominis
948 5678 1055 5747 agit
1103 5675 1425 5742 causam,iut
1464 5679 1782 5748 interrogare

451 5768 717 5827 Pauor.
765 5766 948 5826 LVII.

1893 4705 2030 4780 Deus
2060 4724 2218 4768 meus,
2244 4726 2338 4762 cur
2364 4727 2446 4762 me
2473 4711 2806 4780 dereliquisti,
2832 4717 2975 4768 etc.?

1963 4774 2318 4854 Dixrrcesserat
2363 4780 2422 4854 in_
2455 4774 2811 4854 erpositione:
2830 4784 2930 4838 loci
2970 4783 3125 4854 huius
3165 4787 3352 4854 psalmi
3382 4811 3476 4851 χχι

1889 4845 1947 4898 S.
1979 4845 2311 4914 Ambrosius,
2334 4850 2424 4915 qui
2464 4845 2554 4904 lib.
2586 4868 2617 4904 x
2649 4853 2700 4905 in
2742 4852 2862 4907 Luc.
2891 4855 2963 4906 ait
2990 4871 3001 4905 :
3027 4845 3278 4910 Clamavit
3318 4845 3472 4920 Itonia

1889 4919 2214 4986 sieiiaratione
2259 4920 2539 4974 dirinitatis
2578 4925 2873 4976 moriturus.
2925 4923 2982 4976 S.
3036 4923 3266 4981 Hilarius
3312 4919 3475 4988 Com?

1891 4996 2055 5041 ment.
2083 4989 2133 5041 in
2159 4988 2372 5052 Matth.,
2401 5007 2520 5060 cap.
2546 4992 2598 5056 5,
2624 4993 2792 5059 inquit
2819 5011 2831 5044 :
2859 4991 3065 5045 Clamor
3088 4995 3187 5048 iste
3213 5000 3283 5051 ad
3307 5000 3473 5058 Deum

1889 5061 2117 5126 corporis
2156 5077 2252 5113 rex
2291 5072 2385 5124 est,
2419 5061 2698 5115 recedentis
2722 5078 2752 5112 a
2780 5079 2834 5115 se
2868 5062 3018 5116 Verbi
3057 5063 3155 5118 Dei
3184 5080 3472 5128 contestata

1889 5129 2189 5192 dissidium;
2219 5139 2273 5183 et
2299 5131 2355 5184 S.
2389 5131 2715 5200 Epiphanius
2743 5132 2932 5186 meres.
2965 5131 3032 5185 69
3065 5152 3077 5186 :
3123 5135 3313 5192 Videas
3340 5145 3472 5198 divi-

1889 5200 2102 5252 nitatem
2123 5201 2238 5270 jam
2346 5203 2608 5278 procinctu
2635 5218 2772 5278 esse._
2791 5213 2844 5254 ut
2865 5214 3092 5258 sanctum
3121 5224 3304 5278 corpus
3326 5214 3472 5268 dese-
3528 5221 3536 5234 ‘

1890 5281 2039 5346 reret,
2066 5271 2406 5346 rocemjllam
2426 5271 2612 5346 emisit.
2639 5271 2897 5346 Marianis
2919 5283 3094 5329 autem
3112 5271 3296 5332 noster
3314 5282 3466 5346 dixit,

1888 5336 2157 5393 Christum
2205 5341 2508 5417 clamorem.
2546 5341 2691 5417 illum
2739 5343 2987 5407 edidisse,
3019 5355 3076 5397 ut
3114 5336 3472 5417 manifestare}

1889 5421 2098 5489 propter
2123 5427 2214 5489 nos
2249 5427 2308 5489 se
2337 5428 2447 5489 esse
2474 5411 2792 5489 derelictum,
2819 5432 3036 5489 quorum
3064 5411 3272 5489 peccata
3294 5437 3472 5489 parm.

1891 5477 1994 5549 bat,
2023 5489 2126 5534 etc.
2162 5480 2265 5534 Sed
2309 5481 2434 5547 quid
2473 5497 2570 5549 pro
2597 5477 2946 5537 derelictione
2985 5477 3073 5537 illa
3097 5477 3388 5545 divinitatis
3418 5494 3471 5547 in

1889 5547 2356 5625 Christointelligi
2398 5547 2610 5625 debeat,
2664 5553 2899 5621 theologi
2952 5555 3003 5608 iu
3047 5557 3227 5625 plures
3274 5561 3471 5616 abeunt

1891 5621 2204 5686 sententias,
2238 5621 2302 5674 ad
2331 5637 2465 5689 (lues
2496 5623 2726 5678 lectores
2754 5621 3094 5679 remittimus.
3269 5630 3272 5633 ’

3120 5775 3189 5832 11
