4042 6192
530 288 633 349 551

1535 287 1591 344 S.
1634 285 1876 343 MAXIM!
1915 282 2217 342 EPISCOPI
2259 282 2712 343 TAURINENSIS

3701 284 3814 341 339

533 406 897 463 Testamento.
923 402 1118 457 Manna
1140 400 1283 457 enim
1313 399 1416 454 illis
1439 407 1626 455 contra
1647 399 1826 453 divina
1846 404 2112 469 prmcepta
2143 403 2188 459 Α
2216 397 2347 453 tidie
2372 398 2425 453 in
2448 398 2538 453 illo
2560 408 2814 467 tanquam
2835 396 3033 453 milites
3058 407 3248 452 manus
3270 392 3459 469 impias
3478 394 3508 436 ι·
3531 398 3813 473 ingerunt,

529 498 901 560 tractantibus,
931 509 1143 550 vermes
1168 490 1346 547 effecti
1374 498 1530 557 sunt;
1564 489 1615 544 id
1649 499 1733 545 est
1759 488 2111 545 contumaciae

528 589 736 643 ultores
762 594 819 642 et
842 585 1068 656 judices.
1100 583 1229 650 Qua:
1267 580 1560 636 similitudo
1595 578 1869 634 Christum
1910 577 2116 633 indicat

527 677 816 734 Dominum
841 693 854 729 :
879 688 1039 744 quem
1061 672 1151 742 qui
1180 685 1402 727 suavem
1428 670 1604 726 cibum
1625 678 1681 725 et
1697 669 1908 724 dulcem
1928 676 2114 739 potum

530 767 748 821 haurire
776 764 1090 833 neglexerit,
1125 760 1360 832 judicem
1388 761 1640 831 patietur,
1682 760 1821 815 sicut
1848 760 1963 829 ipse
1990 758 2066 812 ait
2097 775 2111 813 :

528 854 712 929 Neque
738 856 873 909 enim
903 853 1061 907 Pater
1097 851 1301 923 judicat
1328 866 1646 922 quemquam,
1673 848 1764 903 sed
1792 864 1942 903 omne
1965 848 2114 919 judi-

527 950 663 1002 cium
686 946 828 1000 dedit
856 944 1001 999 Filio
1023 943 1205 1016 (Joan.
1226 942 1303 1015 v).
1329 941 1483 1009 Quod
1512 950 1692 995 autem
1713 940 1842 994 dicit
1872 956 1887 992 :
1914 938 2115 993 Divise-

526 1048 648 1092 ruut
684 1037 780 1093 sibi
820 1038 1121 1092 vestimenta
1148 1053 1283 1102 mea,
1311 1044 1361 1091 et
1386 1051 1540 1107 super
1566 1035 1916 1089 vestimentum
1941 1046 2111 1086 meum

525 1129 776 1183 miserunt
795 1137 984 1183 sortem
1006 1126 1177 1200 (Psal.
1203 1124 1502 1193 xx1;Joan.
1526 1125 1638 1195 xu)
1666 1142 1679 1177 :
1703 1124 1807 1179 hoc
1827 1121 2027 1177 factum
2058 1122 2113 1175 in

528 1217 821 1287 Evangelio
850 1219 1165 1289 reperimus,
1195 1216 1341 1287 quod
1369 1217 1566 1271 milites
1587 1224 1836 1285 quatuor,
1868 1212 1959 1282 qui
1987 1227 2114 1267 eruo

527 1308 814 1367 cinxerunt
858 1309 1215 1375 Salvatorem,
1263 1310 1317 1363 in
1356 1316 1586 1379 quatuor
1629 1313 1813 1376 partes
1856 1303 1974 1373 ejus
2012 1302 2114 1358 sibi

528 1402 826 1456 diviserunt
855 1401 1201 1464 vestimenta;
1232 1399 1612 1454 vestimentum
1639 1410 1769 1450 vero
1803 1395 1939 1463 ejus,
1970 1392 2114 1463 quod

528 1500 770 1548 assutum
792 1508 901 1546 non
929 1497 1064 1556 erat,
1093 1488 1193 1544 sed
1219 1496 1336 1543 erat
1372 1487 1440 1542 de
1468 1486 1747 1557 superiore
1773 1491 2110 1549 contextum,

526 1592 677 1640 sorte
703 1589 1081 1654 perceperunt.
1109 1580 1238 1648 Qum
1265 1580 1427 1650 igitur
1447 1579 1548 1633 ista
1568 1578 1890 1632 vestimenta
1918 1584 1944 1612 ι
1964 1582 2109 1640 sunt,

523 1676 831 1742 videamus;
872 1674 966 1745 qui
1010 1674 1229 1738 milites,
1261 1671 1473 1742 quodve
1508 1672 1671 1725 etiam
1712 1668 2106 1723 vestimentum.

2213 489 2318 545 hoc
2362 506 2463 560 pro
2502 506 2598 545 sua
2627 491 2726 545 sibi
2753 490 2998 546 dividunt
3023 491 3321 555 voluntate,
3356 502 3379 531 ε
3402 499 3459 547 et
3484 493 3647 550 unius
3677 510 3809 549 cor-

2214 581 2361 651 poris
2382 582 2702 636 vestimenta
2728 597 2827 652 per
2846 581 2993 637 varia
3014 582 3256 637 membra
3272 582 3621 650 distribuunt,
3639 594 3812 653 atque

2216 673 2510 742 spoliantes
2545 672 2851 736 Dominum,
2881 688 2979 728 sua
3026 673 3160 729 falsa
3201 672 3452 742 dogmata
3478 676 3810 731 vestierunt.

2216 762 2611 817 Vestimentum
2648 771 2828 817 autem
2859 761 2997 832 ejus,
3027 763 3171 833 quod
3210 780 3319 819 non
3345 772 3464 819 erat
3490 773 3811 832 consutam,

2215 852 2535 922 sapientiam
2589 851 2707 920 ejus
2759 853 3032 908 cmlestem
3087 868 3376 923 possumus
3430 857 3737 925 approbare
3790 877 3807 914 :

2215 940 2242 980 ἀ
2266 943 2392 1012 quia
2420 951 2537 999 erat
2563 941 2632 998 de
2657 943 2935 1014 superiore
2966 951 3299 999 contextum.
3342 943 3535 1000 Nostra
3567 956 3591 984 ε
3623 956 3810 1005 autem

2214 1035 2497 1104 sapientia,
2524 1034 2628 1091 hoc
2661 1043 2745 1091 est
2773 1036 3008 1090 humana
3046 1036 3355 1103 consuitur;
3386 1038 3622 1093 assuitur
3662 1041 3808 1096 enim

2215 1139 2335 1179 cum
2362 1126 2560 1181 liberos
2581 1126 2772 1182 damus
2799 1125 2868 1181 ad
2913 1126 3091 1182 studia
3118 1128 3505 1196 grammaticis,
3544 1129 3811 1185 tradimus

2214 1215 2569 1285 philosophis,
2598 1217 2870 1271 erudimus
2898 1231 3015 1279 eos,
3044 1224 3105 1271 ut
3131 1217 3393 1287 sapientia
3430 1218 3485 1272 in
3526 1218 3651 1284 illis,
3684 1233 3809 1289 quae

2216 1322 2326 1361 non
2365 1316 2502 1372 erat,
2533 1309 2857 1376 acquiratur.
2899 1308 3115 1363 Domini
3158 1316 3338 1363 autem
3383 1310 3649 1380 sapientia
3695 1327 3809 1365 non

2215 1404 2395 1453 assuta
2422 1406 2522 1463 est,
2555 1413 2661 1452 non
2689 1398 2943 1467 quiesita;
2971 1413 3083 1452 non
3101 1398 3242 1452 enim
3263 1397 3448 1453 didicit
3467 1414 3499 1452 a
3520 1400 3808 1467 magistro,

2213 1487 2353 1543 sicut
2396 1487 2499 1557 ipsi
2536 1486 2703 1541 Judtei
2741 1487 2925 1542 dicunt
2955 1506 2968 1540 :
3004 1485 3280 1552 Quomodo
3301 1490 3384 1543 hic
3410 1489 3610 1544 litteras
3639 1492 3807 1554 norit,

2213 1593 2331 1631 cum
2349 1593 2453 1631 non
2479 1577 2737 1643 didicerit,
2761 1586 2816 1632 et
2838 1577 2953 1648 ipse
2979 1578 3162 1633 dicat:
3195 1577 3214 1616 τ
3246 1577 3500 1634 Doctrina
3537 1596 3653 1633 mea
3694 1596 3805 1634 non

2214 1676 2290 1720 est
2311 1675 2335 1714 Β
2362 1666 2425 1719 de
2462 1666 2559 1722 hoc
2594 1666 2803 1731 mundo,
2834 1666 2925 1721 sed
2949 1666 3063 1737 ejus
3086 1668 3172 1738 qui
3195 1684 3276 1722 me
3302 1669 3442 1722 misit
3466 1667 3650 1739 (Ioan.
3681 1670 3806 1736 vn).

525 1768 857 1824 Vestimenta
905 1780 1023 1821 esse
1068 1772 1200 1835 puto
1237 1762 1570 1834 prephetias,
1599 1760 1681 1815 vel
1713 1759 2110 1828 Scripturarum
2143 1752 2190 1813 Β
2215 1755 2330 1811 Hoc
2349 1763 2450 1821 est,
2473 1755 2617 1826 quod
2646 1757 2722 1810 ait
2747 1756 2815 1812 de
2841 1757 3119 1826 superiore
3144 1765 3476 1822 contextum,
3507 1773 3617 1826 quo
3640 1758 3807 1812 vesti—

518 1859 821 1918 cmlestium
868 1855 1146 1918 lectiones,
1178 1852 1371 1924 quibus
1408 1850 1607 1905 Christi
1650 1848 1861 1904 Domini
1904 1862 2109 1902 annuu-

524 1952 718 2006 tiatum
739 1956 825 2004 est
851 1952 1245 2004 sacramentum
1271 1960 1286 1997 :
1308 1956 1442 2013 quas
1473 1938 1785 2011 prophetias
1821 1951 1987 1994 unum
2013 1950 2106 1992 ca-

2215 1855 2419 1910 mento,
2461 1846 2548 1901 vel
2575 1845 2770 1916 quibus
2796 1847 3046 1902 omnibus
3072 1847 3407 1905 vestimentis
3431 1847 3674 1904 Ecclesia
3710 1861 3808 1902 ca-

2210 1936 2413 1993 tholica
2435 1950 2650 2006 semper
2672 1936 2871 1993 amicta
2891 1945 2992 2004 est,
3029 1938 3168 1994 sicut
3194 1940 3458 2011 propheta
3483 1941 3557 1995 ait
3585 1958 3600 1993 :
3623 1940 3809 1994 Astitit

522 2047 739 2107 nentes,
778 2046 834 2094 et
873 2051 1040 2093 unum
1081 2050 1180 2108 per
1225 2033 1406 2091 omnia
1453 2031 1763 2086 nuntiantes
1815 2026 2109 2085 adversarii
2211 2028 2393 2100 regina
2416 2044 2449 2082 a
2473 2027 2671 2083 dextris
2691 2028 2793 2084 tuis
2814 2030 2869 2083 in
2898 2031 3078 2085 vestitu
3101 2031 3350 2088 deaurato
3380 2031 3549 2105 (Psal.
3592 2014 3766 2101 suv).

515 2130 841 2202 Salvatoris,
870 2130 975 2188 hoc
1002 2136 1086 2186 est
1118 2125 1275 2202 ιω
1300 2124 1539 2198 perversi
1564 2122 1825 2190 batretici,
1855 2121 1946 2191 qui
1972 2135 2109 2190 quo-

1850 2214 2205 2277 HOMILIA
2248 2214 2473 2275 XLVI.

1456 2321 1540 2376 De
1560 2327 1801 2376 accusata
1828 2323 1879 2373 et
1898 2317 2136 2389 judicato
2164 2316 2391 2372 Domino
2422 2315 2563 2388 apud
2581 2314 2837 2373 Pilatum.

1959 2402 2356 2461 ADMONITIO.

589 2508 751 2634 ἰΑὸ
782 2508 971 2590 Magna
1000 2514 1083 2563 est
1110 2508 1161 2560 in
1188 2504 1342 2559 libris
1369 2510 1481 2557 tam
1509 2499 1688 2565 editis,
1716 2513 1879 2580 quam
1904 2496 2289 2567 manuscriptis
2316 2496 2383 2553 de
2405 2506 2628 2555 auctore
2654 2501 2877 2584 hujusce
2903 2502 3142 2587 homilize
3168 2504 3421 2561 varietas.
3452 2503 3528 2560 Ea
3558 2506 3612 2561 in
3641 2507 3802 2589 codi-

589 2596 674 2634 tus
747 2585 960 2633 atteano
982 2575 1139 2634 1270.
1164 2587 1286 2634 pag.
1314 2572 1406 2634 27,
1436 2578 1492 2626 et
1512 2570 1876 2623 Laurentiano
1905 2584 1941 2628 ι,
1969 2565 2111 2621 Plut.
2134 2583 2241 2631 xw,
2272 2581 2392 2634 pag.
2425 2568 2551 2633 290,
2579 2578 2750 2625 sancti
2778 2572 3048 2628 Ambrosu
3077 2589 3273 2630 nomen
3303 2575 3541 2634 praefert.
3583 2576 3640 2631 In
3667 2593 3799 2634 αιιι-

512 2565 960 2649 τίιῶἶνθιῇςῶιο
982 2575 1139 2649 1270,
1164 2587 1286 2649 pag.
1314 2572 1406 2649 2?,
1426 2565 1876 2649 _et_Laurenii3ttp
1902 2584 1941 2649 μ,
1969 2565 2111 2648 Plut.
2134 2565 2241 2649 xiv,
2272 2581 2392 2636 pag.
2409 2565 2750 2649 _saneti
2778 2572 3048 2628 Ambrosii
3077 2589 3273 2649 nomen
3303 2575 3541 2649 pmtert.
3583 2576 3640 2631 In
3658 2579 3799 2649 qui:

518 2636 743 2707 busdam
773 2647 910 2714 aliis,
941 2636 1136 2702 sancti'
1160 2636 1462 2712 Augustini.
1491 2639 1729 2714 Joannes
1754 2636 2086 2714 Qillotiusin
2114 2636 2360 2714 editione
2388 2638 2698 2714 _Parisiensi
2738 2644 3182 2714 operumnsancti
3227 2636 3499 2701 Anibrosii
3528 2662 3618 2701 an.
3649 2636 3799 2700 1569

519 2704 965 2802 eamnpuhlicavi‘t
990 2717 1044 2798 in
1071 2704 1382 2802 sermonum
1408 2706 1745 2802 numerode.
1774 2706 1962 2802 Silani.
1985 2704 2226 2802 ejusdem
2252 2706 2646 2802 a‘rcbiepiscopi
2672 2704 2891 2767 nomine
2917 2711 3393 2802 Gillotium‘secuti
3422 2724 3550 2771 sunt
3571 2726 3798 2770 curato-

517 2775 609 2846 res
636 2775 858 2858 Sixtime
882 2785 1133 2858 editionis
1152 2778 1668 2858 eorumdem_sanc.ti
1699 2776 1966 2858 Ambrosii
1994 2789 2239 2858 cperum.
2271 2775 2479 2858 Yerum
2501 2775 2714 2858 lapsum
2756 2796 2944 2858 errore
2971 2781 3139 2858 fuisse
3151 2782 3451 2858 ‘Gillotium
3480 2794 3699 2858 constat
3720 2801 3797 2841 ex

519 2859 712 2915 illustri
741 2856 1050 2911 testimonio
1069 2851 1331 2909 Gennadii
1380 2848 1663 2919 scriptoris
1689 2854 1746 2900 et
1772 2848 1993 2919 vet_eris,
2017 2851 2074 2899 et
2097 2848 2358 2919 accurati,
2389 2848 2483 2918 qui
2511 2850 2568 2902 in
2590 2852 2870 2919 opusculis
2900 2854 3073 2907 sancti
3119 2852 3337 2909 Maximi
3364 2856 3504 2910 hanc
3533 2855 3662 2910 item
3686 2856 3799 2909 ho-

518 2914 720 2984 miliam
770 2934 1036 2998 numerat,
1066 2938 1231 2994 quam
1260 2914 1570 2998 inscriptam
1592 2923 1776 2998 narrat
1789 2915 1920 2998 _:'De
1939 2921 2179 2998 ᾳεσξεατρ
2208 2922 2261 2998 εἰ
2298 2914 2548 2998 datiuum
2577 2914 2802 2998 Domino
2837 2922 2989 2998 apud
3012 2921 3266 2998 Pilatum.
3294 2924 3516 2998 Accedit
3543 2925 3797 2998 codicum

520 2982 651 3053 mss.
675 2982 1161 3051 vetustissimorﬁm
1188 2982 1761 3060 quatuor'auctoritas.
1789 2984 1924 3039 Nam
1952 2984 2005 3060 in
2029 2982 2400 3060 Sangallensi‘,
2430 2987 2483 3060 in
2511 2988 2722 3060 duobus
2736 2990 2806 3060 AS,
2830 2982 3018 3047 Ci‘ucis
3047 2992 3099 3047 in
3129 2992 3428 3049 Jerusalem
3456 2994 3525 3048 90
3546 3003 3601 3050 et
3622 2993 3713 3058 99,
3738 3000 3801 3049 et

519 3067 575 3121 in
601 3064 921 3120 Taurinensi
941 3064 1129 3118 eadem
1154 3053 1375 3133 humilia
1403 3056 1499 3133 ad_
1520 3070 1801 3133 numerum
1823 3062 1906 3133 est
1921 3053 2188 3133 adnotata
2232 3056 2615 3133 conditionum
2641 3057 2699 3133 _S.
2732 3058 2951 3133 Μαξίωί
2980 3069 3103 3133 post
3149 3063 3565 3133 praecedentem.
3616 3064 3672 3117 In
3698 3053 3796 3120 his

517 3145 700 3206 tamen
726 3134 1002 3206 aliquanto
1030 3140 1113 3187 est
1156 3130 1466 3206 discrepans
1486 3125 1765 3206 inscriptio
1790 3142 1803 3206 _:
1837 3125 1898 3206 in
1919 3121 2443 3206 90.Sancta:.C‘rucis
2473 3128 2734 3206 δίψει-ρει
2765 3121 3010 3206 :_Incipi't
3038 3132 3101 3206 de
3125 3121 3368 3206 accusata
3394 3132 3623 3206 Domino
3648 3134 3798 3203 apud

517 3204 776 3271 Pilatum,
796 3191 846 3259 et
869 3202 933 3275 de
961 3201 1231 3275 §usanna.
1253 3198 1313 3275 lu
1437 3215 1453 3275 _:
1487 3196 1577 3275 Due
1592 3191 2077 3275 accusatopontino
2105 3192 2244 3274 apud
2264 3191 2517 3275 Pilatum.
2556 3196 2615 3253 In
2636 3191 2960 3275 Taurinensi
2992 3220 3005 3255 :
3038 3201 3176 3257 Item
3202 3203 3266 3259 de
3285 3213 3528 3275 accusata
3559 3191 3794 3275 Domino

517 3286 569 3330 et
586 3262 846 3347 judicato.
873 3272 934 3327 In
961 3268 1317 3347 Sangallensj.
1349 3274 1413 3347 ut
1427 3266 1490 3347 _in
1499 3266 1582 3347 _99
1604 3265 1818 3347 sanctae
1840 3263 2024 3347 Crucis
2050 3262 2163 3347 luce
2190 3263 2551 3347 _homilia
2580 3267 2820 3347 succedit
2847 3273 3049 3341 etaiam
3080 3273 3368 3347 superiori.
3398 3273 3796 3347 _Monacbilg-

517 3330 775 3400 nel'lictini
799 3330 1230 3416 congregationis
1256 3338 1441 3416 Sancti
1471 3334 1744 3416 M_au_ri,i_n
1773 3332 2073 3416 appendice
2094 3330 2161 3385 ad
2181 3330 2428 3415 quintum
2459 3330 2921 3416 to_mum__0peruin
2941 3330 3113 3416 sancti
3133 3330 3434 3416 Augustini,
3464 3358 3630 3416 serm.
3661 3342 3795 3416 152,

515 3431 636 3470 eam
659 3420 846 3484 sancto
868 3400 1098 3484 Maximo
1126 3409 1288 3465 tribui
1310 3414 1550 3484 monent,
1584 3400 1895 3484 testimonio
1923 3403 2006 3484 usi
2055 3400 2490 3484 Levanielisiutm
2512 3400 2915 3484 inscribuntque
2937 3410 3022 3484 _De
3060 3400 3303 3484 passiEne
3329 3400 3566 3484 Domini,
3589 3422 3639 3466 et
3681 3400 3796 3484 su.’

514 3469 705 3556 sanna.
729 3481 1154 3556 Lovaniensibus
1171 3478 1519 3556 consentiunt
1538 3469 1777 3556 editores
1804 3472 2160 3556 homiliarumi
2175 3469 2394 3556 Maximi
2420 3469 2750 3556 .Cymnicus,
2773 3469 3096 3546 Galesinius,
3122 3479 3400 3556 Cumdius,
3423 3469 3793 3556 _Raynaudus,

517 3553 875 3623 Margarinus,
903 3567 1012 3607 uno
1033 3557 1262 3621 excepto
1282 3546 1626 3609 Combelisio,
1657 3544 1750 3614 qui
1770 3558 1891 3607 eam
1916 3541 2281 3613 praetermisit.
2313 3541 2455 3599 Nihil
2482 3541 2662 3602 autem
2709 3541 2791 3603 est
2830 3564 3027 3615 causas,
3052 3541 3149 3607 cur
3176 3552 3243 3607 ab
3272 3552 3337 3609 iis
3364 3541 3494 3608 mihi
3518 3541 3646 3608 esse
3666 3541 3786 3607 dis.’

517 3622 804 3679 sidcndum
835 3631 1041 3692 putem.

516 3743 906 3801 Amunnaruu.
947 3773 1017 3786 --
1063 3741 1299 3795 Christus
1351 3746 1621 3793 accusatus
1678 3734 1825 3812 apud
1866 3732 2097 3812 Pilatum
2127 3729 2173 3792 C
2203 3729 2432 3805 despicit
2462 3751 2569 3791 non
2597 3737 2922 3806 refellendo;
2952 3741 3092 3796 bene
3120 3744 3263 3797 enim
3286 3750 3449 3808 tacet,
3481 3743 3572 3812 qui
3601 3744 3794 3799 defen—

589 3804 1860 3907 itif?!1320i:ﬁinfffffanu;onnﬁffdiﬂ?“3055253
1880 3801 2101 3907 ,εξίτξξς
2204 3826 2356 3881 sione
2384 3843 2491 3881 non
2519 3827 2736 3897 indiget.
2764 3829 2980 3885 Ambiat
3007 3831 3241 3898 defendi,
3264 3834 3356 3902 qui
3386 3836 3579 3890 metuit
3623 3851 3792 3907 supe-

586 3880 1170 3971 czszrﬂuazfer'f
1196 3877 2101 3971 ’1‘1Z'..'”..‘i'ﬂfi'f.i“.‘331‘5".‘.5..Z‘f""17
2203 3916 2332 3970 rari.
2363 3916 2606 3971 Festinet
2629 3875 2799 3971 ἵοαιιε.
2830 3922 2919 3971 συί
2952 3922 3106 3971 an...
3133 3875 3297 3971 νεηὲεῗ
3324 3923 3475 3971 ειη-ῖς

585 3919 1167 4003 ἕξιᾟοῇζῖηξέᾖςᾶςῇξξ
1196 3919 2101 4000 ’,ἦδῗιᾶειῖίῖξε
2203 3919 2332 3970 rari.
2363 3919 2606 3972 Festinet
2632 3919 2799 3989 loqui,
2830 3922 2920 3991 qui
2952 3922 3106 3977 timet
3133 3923 3291 3979 vinci.
3324 3923 3570 3980 Christus
3603 3935 3791 3982 autem

2205 4020 2327 4060 cum
2374 4007 2797 4075 condemnatur,
2849 4019 2905 4067 et
2950 4023 3195 4082 superat;
3226 4031 3347 4071 cum
3391 4015 3696 4085 judicatur,
3734 4027 3792 4074 et

590 4021 729 4073 vicit.

2204 4097 2388 4164 vincit,
2416 4101 2554 4154 sicut
2578 4101 2654 4154 ait
2691 4104 2953 4173 propheta
2978 4121 2991 4156 :
3027 4103 3097 4159 Ut
3111 4106 3421 4177 justiﬁceris
3452 4108 3506 4161 in
3529 4112 3791 4163 sermoni-

588 4194 783 4251 Mirum
824 4191 1047 4248 forsitan
1076 4191 1322 4247 videatur
1346 4190 1521 4255 vobis,
1552 4187 1767 4253 fratres,
1798 4201 1894 4243 cur
1919 4186 2101 4242 Domi-

522 4303 624 4343 nus
640 4286 781 4356 apud
808 4284 1087 4355 praesidem
1108 4281 1339 4338 Pilatum
1361 4297 1392 4337 a
1418 4280 1745 4353 principibus
1764 4278 2102 4335 sacerdotum

519 4385 832 4441 accusetur,
864 4383 921 4431 et
948 4381 1155 4440 taceat,
1186 4389 1289 4429 nec
1313 4372 1611 4442 nequitiam
1655 4384 1845 4427 eorum
1876 4385 1974 4425 sua
2011 4384 2102 4424 re-

521 4469 815 4540 sponsione
841 4466 1146 4530 convincat,
1163 4480 1288 4520 cum
1314 4464 1498 4532 utique
1522 4464 1782 4531 ingestam
1808 4462 2104 4517 accusatio-

522 4574 647 4614 nem
675 4556 889 4611 nonnisi
918 4555 1165 4609 refellere
1188 4554 1361 4608 soleat
1387 4552 1676 4607 subsecuta
1704 4550 1966 4606 defensio.
1998 4549 2100 4603 Mi-

518 4663 664 4717 rum,
694 4647 932 4716 inquam,
963 4642 1077 4707 ﬁat,
1108 4642 1322 4706 fratres,
1352 4641 1496 4712 quod
1544 4648 1799 4710 arguatur
1833 4639 2098 4704 Salvator,

520 4748 579 4804 ct
624 4745 830 4802 taceat;
862 4734 1205 4791 taciturnitas
1233 4733 1377 4788 enim
1407 4731 1674 4787 interdum
1705 4747 1805 4802 pro
1834 4746 2101 4788 consensu

518 4828 786 4895 habetur;
819 4826 1025 4882 videtur
1043 4833 1277 4893 namque
1295 4823 1640 4889 conﬁrmare,
1661 4823 1805 4893 quod
1827 4821 2098 4892 objicitur,

520 4935 644 4974 cum
673 4935 781 4974 non
809 4918 925 4973 vult
949 4917 1296 4989 respondere,
1327 4915 1472 4984 quod
1490 4917 1768 4985 quaeritur.
1799 4915 2105 4970 Accusatio-

519 5022 645 5063 nem
697 5023 829 5077 ergo
869 5025 1020 5063 suam
1066 5008 1323 5063 Dominus
1365 5006 1589 5062 tacendo
1631 5004 1954 5062 confirmat?
1981 5007 2098 5062 Non

2206 4187 2298 4243 bus
2345 4191 2468 4257 tuis,
2498 4201 2547 4244 et
2574 4193 2748 4246 vincas
2777 4191 2804 4230 ιι
2836 4209 2951 4247 cum
2973 4194 3233 4265 judicaris
3279 4195 3474 4269 (Psal.
3522 4213 3553 4251 ι.
3578 4198 3621 4267 ).
3649 4196 3792 4264 Quid
3867 4227 3871 4230 ν

2204 4295 2336 4350 ergo
2362 4296 2498 4351 opus
2525 4291 2644 4337 erat
2670 4285 2719 4338 ei
2747 4284 2893 4354 loqui
2916 4294 3042 4342 ante
3064 4286 3326 4357 judicium
3344 4329 3360 4355 ,
3390 4290 3477 4344 cui
3504 4281 3680 4360 ipsuin
3698 4291 3791 4360 ju-

2203 4371 2401 4427 dicium
2431 4381 2549 4427 erat
2588 4375 2745 4445 plena
2772 4376 3019 4433 victoria.
3074 4378 3228 4450 15.2
3259 4379 3435 4436 Vincit
3473 4382 3619 4436 enim
3665 4398 3791 4438 cum

2200 4459 2477 4529 judicatur
2521 4461 2787 4531 Christus,
2826 4466 2952 4534 quia
2979 4467 3059 4522 sic
3104 4469 3364 4524 innocens
3414 4471 3788 4541 approbatur;

2206 4549 2348 4605 unde
2373 4552 2449 4604 ait
2475 4550 2678 4608 Pilatus
2702 4571 2715 4606 :
2750 4553 3011 4611 Innocens
3035 4573 3128 4629 ego
3166 4574 3280 4613 sum
3300 4577 3331 4613 a
3350 4562 3605 4631 sanguine
3634 4562 3788 4633 hujus

2200 4645 2331 4715 justi
2361 4643 2573 4715 (Matth.
2602 4646 2790 4715 nvu).
2817 4647 3005 4704 Melior
3031 4657 3119 4704 est
3142 4650 3305 4719 igitur
3321 4666 3503 4716 causa,
3531 4668 3652 4722 qua:
3678 4670 3791 4713 non

2205 4735 2528 4802 defenditur,
2550 4743 2607 4791 et
2628 4739 2914 4807 probatur;
2944 4738 3156 4809 plenior
3178 4740 3384 4810 justitia
3413 4750 3517 4807 est,
3541 4760 3659 4814 qum
3678 4761 3791 4803 non

2204 4826 2383 4880 verbis
2429 4827 2707 4895 astruitur,
2737 4828 2831 4884 sed
2861 4831 3090 4886 veritate
3117 4830 3354 4887 fulcitur.
3386 4831 3587 4889 Tacent
3608 4835 3791 4904 lingua

2203 4931 2425 4972 necesse
2461 4927 2502 4984 ι,
2529 4917 2617 4972 ubi
2639 4918 2754 4988 ipsa
2777 4920 3004 4989 aequitas
3025 4921 3125 4978 sibi
3153 4922 3338 4989 adest;
3366 4932 3546 4979 taceat
3568 4925 3622 4980 in
3643 4927 3791 4983 bono

2203 5008 2441 5076 negotio,
2472 5010 2597 5079 quia
2640 5016 2697 5064 et
2724 5010 2899 5065 malas
2940 5026 3133 5069 causas
3180 5013 3429 5070 obtinere
3478 5017 3786 5072 consuevit.

506 5098 683 5168 plane
732 5100 1129 5154 accusationem
1183 5113 1335 5156 suam
1381 5096 1610 5153 tacendo
1660 5097 1973 5162 conﬁrmat,
2006 5100 2101 5156 sed
2127 5094 2178 5154 D
2203 5099 2339 5156 Nolo
2366 5099 2443 5157 sic
2470 5098 2683 5156 defendi
2702 5099 2987 5170 justitiam,
3017 5103 3157 5160 sicut
3179 5105 3319 5161 solet
3346 5106 3603 5176 iniquitas
3627 5123 3789 5164 excu-

596 5292 623 5320 ι
652 5279 890 5348 Utroque
917 5277 970 5332 in
1136 5279 1199 5348 _S.
1231 5279 1417 5336 Crucis
1447 5281 1501 5335 in
1527 5279 1660 5345 Jer.,
1682 5282 1808 5336 sint.

594 5351 623 5391 ι’
653 5346 990 5422 ῼοᾴῘῩξιιξο.
1012 5346 1178 5422 3278,
1198 5351 1422 5422 inierunt
1445 5364 1542 5420 pro
1562 5351 1821 5422 ingerunt.

601 5433 623 5460 ο
653 5420 785 5475 Cod.
816 5416 885 5473 99
912 5418 969 5474 S.
1001 5416 1187 5474 Crucis
1211 5419 1264 5472 in
1282 5416 1417 5486 Jer.,
1442 5416 1489 5475 et
1517 5416 1675 5475 unum
1701 5416 1930 5492 carparis
1958 5425 2101 5478 vesti-

525 5508 641 5548 men
648 5501 774 5545 tum.

598 5562 624 5599 ιι
658 5559 896 5629 Utroque
925 5560 975 5613 in
1004 5557 1126 5614 cod.
1154 5555 1210 5612 S.
1243 5556 1427 5614 Crucis
1456 5559 1508 5614 in
1531 5558 1667 5627 Jer.,
1694 5561 1817 5631 quia
1844 5563 1919 5616 ait
1943 5581 1960 5617 :
1992 5562 2100 5619 Sed

528 5642 639 5689 erat
669 5632 731 5685 de
757 5631 1013 5700 superiore
1048 5636 1358 5700 contextum.

604 5716 626 5741 ω
662 5696 896 5766 Utroque
920 5698 974 5753 in
1002 5696 1126 5753 cod.
1150 5698 1208 5753 S.
1236 5698 1421 5754 Crucis
1449 5699 1500 5754 in
1529 5698 1661 5765 Jer.,
1689 5701 1845 5756 enim.

2283 5284 2299 5324 ί
2337 5286 2576 5362 Utroque
2604 5290 2658 5342 in
2686 5292 2806 5345 cod.
2829 5292 2886 5344 S.
2912 5288 3098 5346 Crucis
3122 5290 3175 5346 in
3202 5290 3522 5362 Jerusalem,
3550 5312 3665 5351 mea
3690 5312 3796 5351 au-

2204 5365 2304 5410 tem
2332 5358 2586 5411 doctrina.

2282 5438 2306 5498 β
2334 5426 2467 5498 Cod.
2498 5427 2777 5498 _Lau_rent.,
2801 5444 2904 5498 non
2926 5439 3003 5483 est
3022 5446 3155 5494 mea,
3183 5432 3292 5498 sed,
3317 5443 3423 5490 etc.

2278 5495 2305 5534 ιι
2327 5495 2469 5566 Cod.
2491 5496 2548 5566 S.
2582 5496 2768 5552 Crucis
2793 5498 2846 5552 in
2875 5496 2986 5554 Jer.
3017 5500 3104 5566 99,
3137 5501 3279 5556 dum.

2286 5566 2301 5605 ί
2327 5564 2495 5621 Codd.
2529 5565 2781 5622 Laurent.
2808 5584 2844 5626 ι.
2877 5566 3017 5624 Plut.
3051 5564 3138 5625 xiv
3156 5613 3172 5637 ,
3199 5570 3257 5627 S.
3281 5570 3468 5630 Crucis
3498 5574 3554 5632 in
3571 5574 3683 5633 Jer.
3712 5572 3791 5630 99

2207 5645 2259 5694 et
2288 5636 2380 5706 90,
2407 5645 2463 5693 et
2493 5637 2663 5693 Vatic.
2696 5636 2855 5706 1270,
2884 5656 3088 5696 necesse
3114 5636 3208 5709 est,
3239 5643 3345 5713 ubi,
3373 5652 3480 5702 etc.
