4042 6192
168 221 249 287 335
727 205 736 220 '
1451 209 1735 265 IIOMILIA
1776 209 1978 266 XLVII.

167 345 270 404 ειη-ἰ,
313 336 456 408 Quod
502 333 665 390 vincit
692 329 967 396 Christus,
1001 343 1108 383 non
1159 326 1425 384 orationis
1473 336 1578 391 est,
1611 327 1713 382 sed
1741 333 1793 391 Α
1818 328 2004 383 audire
2027 343 2136 384 non
2157 327 2372 396 debuit;
2406 329 2570 386 talem
2597 318 2741 385 enim
2764 329 3026 384 arbitrum
3054 338 3290 385 meretur
3315 346 3414 385 ea.

169 431 373 493 virtutis;
417 427 516 482 scit
543 425 687 480 enim
714 421 986 485 Salvator,
1017 419 1112 489 qui
1141 429 1225 474 est
1252 417 1541 488 sapientia,
1574 434 1721 488 quo-
1827 418 2103 488 stimonia,
2125 419 2267 489 apud
2282 434 2444 489 quem
2466 436 2574 476 non
2600 420 2934 491 periclitetur
2953 418 3297 474 verecundia.
3319 418 3418 473 Co-

169 521 304 580 modo
329 516 542 574 tacendo
569 515 839 577 vinceret,
871 509 1145 580 quomodo
1191 524 1298 564 non
1337 507 1724 578 respondendo
1827 509 1978 578 gnito
2004 509 2165 578 igitur
2184 507 2375 564 Daniel
2403 509 2664 565 Susanna:
2693 509 2933 579 negotio,
2964 524 3085 564 cum
3116 523 3238 563 eam
3268 505 3420 562 falsis

169 617 451 683 superaret:
483 615 644 674 atque
672 615 890 658 causam
931 615 1082 655 suam
1123 598 1331 677 mavult
1369 597 1728 668 comprobare
1830 601 2269 657 accusationibus
2304 602 2465 657 vellet
2508 603 2661 672 plebs
2705 603 2954 674 imperita
3000 602 3299 670 damnare,
3347 602 3426 655 ait

170 719 299 776 quam
325 701 514 755 dicere.
543 696 672 763 Quae
700 695 843 749 enim
870 708 956 748 res
983 692 1131 747 illum
1160 691 1512 761 compelleret
1534 689 1604 744 ad
1641 691 1728 745 lo-
1833 689 1972 747 idem
1995 688 2252 746 :Mundus
2273 709 2368 763 ego
2390 709 2504 746 sum
2523 708 2556 746 a
2575 695 2830 764 sanguine
2858 693 3011 765 hujus
3043 691 3281 763 (Daniel.
3306 708 3420 751 xm.

174 792 430 864 quendam,
469 802 591 843 cum
621 784 895 841 silentium
923 783 1055 838 satis
1095 780 1374 838 sufﬁceret
1406 779 1475 835 ad
1506 781 1730 836 vincen-
1833 780 1946 851 46).
1967 779 2085 849 Quo
2100 782 2246 839 dicto
2261 784 2536 852 peccantis
2548 785 3295 854 populirevocaviterrorem.
3314 783 3427 840 Hac

177 884 306 940 dum?
338 881 437 936 Sed
488 879 715 934 fortasse
761 884 939 932 metus
965 890 1090 930 eum
1119 881 1359 944 cogeret,
1392 889 1465 928 ne
1497 872 1732 928 salutem
1835 888 1966 944 ergo
2001 889 2136 930 voce
2159 875 2302 930 circa
2346 874 2647 931 Susanuam
2696 876 2882 932 Daniel
2922 878 3117 944 utitur;
3147 892 3254 947 qua
3282 878 3426 934 circa

178 976 418 1046 perderet,
458 970 560 1025 nisi
601 968 747 1038 quod
800 969 916 1038 ipsa
955 975 1073 1022 erat
1116 973 1232 1021 tota
1267 980 1429 1020 causa
1459 964 1734 1030 victoriae;
1837 965 2125 1021 Dominum
2167 981 2297 1022 usus
2324 975 2407 1022 est
2435 965 2670 1034 Pilatus;
2696 969 2772 1023 ait
2817 969 2962 1024 enim
2996 968 3239 1026 Pilatus:
3272 971 3430 1024 Mun-

177 1082 300 1122 suam
329 1063 466 1118 enim
497 1061 729 1116 salutem
757 1057 1010 1130 perdidit,
1042 1066 1105 1112 ut
1129 1057 1357 1112 salutem
1387 1054 1627 1111 omnium
1653 1053 1738 1108 Iu-
1841 1056 1935 1113 dus
1963 1076 2059 1131 ego
2086 1075 2203 1113 sum
2231 1076 2264 1112 a
2284 1060 2540 1131 sanguine
2559 1061 2713 1132 hujus
2725 1061 2855 1132 justi
2881 1060 3095 1133 (Matth.
3127 1080 3293 1131 xxvu,
3313 1062 3428 1135 9.4).

175 1164 408 1220 crarclur;
459 1153 514 1207 in
553 1166 614 1206 se
638 1150 785 1204 vinci
813 1149 1018 1215 maluit,
1051 1155 1111 1202 ut
1135 1149 1313 1202 victor
1335 1155 1480 1203 esset
1508 1147 1562 1202 in
1603 1161 1740 1201 cun-
1848 1147 2005 1220 144,
2033 1148 2237 1204 Eadem
2266 1149 2430 1219 igitur
2457 1152 2732 1206 sententia
2762 1151 2991 1208 solvitur
3019 1153 3296 1222 pudicitia,
3327 1169 3432 1223 qua

178 1247 274 1301 etis.
305 1244 404 1299 Sed
456 1242 586 1312 quid
624 1240 693 1296 de
731 1237 948 1295 Christo
994 1238 1224 1309 loquar?
1268 1236 1514 1293 Susanna
1550 1238 1745 1293 mulier
1849 1245 1932 1294 est
1952 1238 2196 1294 absoluta
2215 1238 2444 1308 iustitia.
2471 1237 2576 1296 Sed
2599 1239 2785 1296 Daniel
2807 1243 2998 1298 melius
3017 1259 3178 1313 quam
3202 1242 3434 1302 Pilatus;

182 1348 200 1373 ι
222 1336 342 1406 apud
359 1334 602 1388 inimicos
629 1346 758 1386 suos
779 1330 964 1394 tacuit,
987 1338 1044 1384 et
1061 1327 1446 1401 vicit(Daniel.
1465 1327 1604 1399 xm).
1624 1327 1740 1385 Non
1846 1329 1936 1385 ille
1976 1330 2119 1384 enim
2157 1329 2412 1400 pudicum
2441 1332 2755 1400 sanguinem
2804 1348 2912 1388 non
2963 1333 3316 1398 condemnat,
3343 1334 3438 1388 sed

181 1429 293 1483 enim
318 1424 452 1496 apud
482 1423 764 1478 Danielcm
793 1421 1032 1491 judicem
1065 1420 1352 1475 verborum
1387 1435 1449 1475 se
1475 1419 1503 1458 δ
1533 1421 1745 1474 ratione
1848 1422 2068 1486 liberat;
2096 1423 2183 1477 hic
2207 1417 2386 1477 autem
2403 1421 2607 1492 justum
2633 1426 2946 1492 sanguinem
2975 1434 3030 1480 et
3049 1425 3360 1493 confitetur,
3387 1435 3443 1479 ct

182 1519 403 1583 defendit,
433 1532 546 1571 non
581 1515 867 1586 patrocinii
895 1527 1146 1568 sermone
1179 1523 1201 1551 ε
1233 1520 1407 1567 tutata
1428 1520 1542 1577 est;
1575 1511 1670 1566 sed
1695 1511 1750 1566 in
1849 1513 2030 1568 tradit.
2065 1511 2205 1580 Quid
2251 1513 2396 1569 enim
2440 1511 2646 1583 profuit
2692 1515 3059 1570 testimonium
3104 1516 3444 1586 perbibuissc

183 1622 338 1668 sancta
363 1609 592 1673 femina,
623 1615 836 1662 taccntc
859 1606 1058 1674 lingua,
1090 1620 1190 1675 pro
1219 1619 1282 1660 ea
1311 1604 1534 1659 castitas
1562 1605 1750 1672 loque-
1852 1607 2198 1673 innocentize,
2239 1615 2294 1661 et
2321 1605 2470 1662 velut
2516 1621 2667 1661 reum
2715 1606 2984 1662 addixisse
3023 1609 3300 1677 nequitiae,
3339 1607 3441 1661 nisi

185 1707 332 1759 batur.
367 1690 603 1757 Cas'titas
624 1700 768 1755 enim
795 1697 1056 1754 Susannze
1097 1697 1270 1751 adluit
1305 1697 1358 1751 in
1386 1695 1608 1766 judicio,
1634 1710 1753 1764 quae
1785 1701 1828 1760 Β
1855 1698 1998 1768 quod
2051 1698 2267 1767 gravius
2313 1705 2596 1768 peccatum
2641 1707 2746 1766 est,
2777 1715 2942 1754 unum
2987 1699 3347 1768 eumdemque
3390 1708 3447 1752 et

186 1810 280 1850 eam
325 1793 562 1848 defendit
587 1801 641 1846 et
674 1792 728 1846 in
767 1790 1052 1862 paradiso;
1100 1789 1173 1844 ibi
1211 1789 1357 1844 enim
1400 1788 1592 1859 pudori
1639 1788 1755 1857 ejus
1855 1791 2211 1862 pronuntiare
2235 1790 2468 1861 justum,
2497 1797 2554 1846 et
2578 1789 2838 1846 traderef
2872 1791 3024 1860 quasi
3055 1791 3448 1846 criminosum?

185 1887 437 1951 consuluit,
465 1884 624 1957 143
655 1885 742 1939 hic
770 1884 962 1950 saluti;
993 1882 1067 1939 ibi
1107 1899 1175 1939 ne
1205 1882 1568 1938 macularetur
1595 1883 1754 1952 pudi-
1857 1884 1978 1956 Ipse
2006 1885 2148 1940 enim
2171 1868 2470 1954 iniquitatis
2495 1899 2606 1938 sua:
2646 1883 2800 1939 testis
2829 1893 2931 1950 est,
2967 1885 3058 1954 qui
3081 1899 3178 1939 ore
3199 1883 3450 1950 absolvit,

188 1979 307 2044 cilia,
347 1977 430 2032 hic
471 1991 548 2031 ne
589 1974 898 2034 innocentia
937 1973 1302 2029 damnaretur.
1351 1972 1586 2029 Castitas
1630 1988 1759 2042 ergo
1858 1987 1918 2032 et
1945 1974 2110 2031 corde
2131 1976 2475 2031 condemnat.
2508 1974 2726 2030 Laverit
2771 1974 2897 2029 licet
2925 1990 3118 2029 manus
3156 1990 3282 2029 suas
3312 1973 3453 2028 Pila-

190 2070 413 2125 Susanna:
442 2067 467 2106 ἀ
498 2077 560 2124 et
605 2068 984 2139 presbyteros,
1015 2074 1071 2122 et
1110 2066 1410 2137 impudicos
1437 2066 1669 2122 convicit
1705 2066 1760 2121 in
1865 2073 1970 2134 tus,
1999 2074 2178 2120 tamen
2202 2081 2297 2121 sua
2346 2064 2488 2120 facta
2517 2081 2627 2120 non
2670 2065 2860 2131 diluit;
2892 2073 2949 2120 et
2975 2065 3220 2136 quamvis
3243 2066 3453 2120 abster-

193 2159 429 2229 paradiso,
475 2167 540 2214 ct
582 2159 635 2213 in
675 2157 881 2228 judicio
927 2157 1092 2213 falsos
1124 2149 1469 2212 accusatores
1497 2157 1759 2225 obtinuit,
1863 2173 1992 2227 gere
2016 2174 2075 2214 se
2097 2157 2520 2228 putaveritjusti
2567 2159 2882 2226 sanguinem
2912 2158 2981 2213 de
3019 2159 3130 2213 suis
3175 2158 3454 2221 membris,

192 2253 352 2322 bisque
394 2252 593 2308 victrix
637 2266 760 2306 reos
813 2249 942 2304 facit
988 2250 1316 2317 testimonii,
1345 2265 1484 2319 quos
1523 2265 1646 2304 reos
1681 2250 1764 2304 fe-
1869 2262 1895 2298 ε
1936 2267 2003 2307 eo
2027 2260 2206 2306 tamen
2231 2251 2491 2320 sanguine
2531 2265 2686 2307 mens
2711 2250 2830 2321 ejus
2858 2258 3072 2306 tenetur
3093 2249 3310 2306 infecta.
3341 2249 3459 2319 Ipse

192 2356 316 2400 cerat
341 2345 590 2400 adulterii
619 2353 665 2399 ο.
713 2343 784 2397 At
813 2357 974 2411 quem
1009 2342 1230 2397 tandem
1255 2341 1492 2412 judicem
1530 2347 1769 2396 meretur
1870 2347 2016 2402 enim
2038 2345 2238 2401 occidit
2257 2343 2551 2411 Christum,
2575 2346 2664 2416 qui
2688 2359 2810 2400 eum
2832 2344 3052 2400 tradidit
3072 2342 3456 2408 occidendum;

191 2438 418 2492 castitas?
455 2436 740 2490 Danielem
783 2451 1008 2506 puerum
1035 2435 1303 2504 juniorem
1324 2477 1339 2502 ,
1378 2449 1479 2490 nec
1505 2435 1632 2490 dum
1671 2450 1770 2504 pu-
1866 2440 2034 2510 judex
2061 2439 2206 2495 enim
2233 2445 2492 2497 constans
2533 2445 2589 2494 ει
2613 2438 2817 2502 bonus,
2851 2453 2921 2492 ne
2959 2438 3273 2505 sanguinem
3303 2436 3457 2489 iuno-

194 2529 428 2583 besceutis
491 2529 694 2583 aetatis.
751 2526 978 2582 Multum
1024 2528 1187 2596 igitur
1233 2523 1301 2583 de
1360 2527 1473 2582 Deo
1517 2527 1773 2598 pudicitia
1875 2531 2048 2587 centis
2076 2529 2372 2594 addiceret,
2403 2543 2505 2583 nec
2550 2528 2762 2583 invidiae
2803 2528 3000 2584 cedere
3025 2527 3227 2589 debuit,
3253 2541 3354 2580 nec
3392 2525 3459 2578 ti-

191 2623 544 2692 conscquitur,
575 2637 698 2677 cum
723 2620 958 2690 judicem
988 2621 1248 2689 virginem
1282 2628 1648 2692 promeretur;
1680 2635 1768 2674 se-
1876 2619 2038 2674 mori.
2069 2619 2260 2674 Daniel
2285 2631 2416 2686 ergo
2437 2619 2634 2674 melius
2662 2633 2825 2689 quam
2851 2616 3054 2672 Pilatus
3079 2635 3090 2670 :
3126 2617 3215 2670 ille
3244 2630 3461 2685 peccan-

195 2727 300 2765 cura
327 2714 461 2767 enim
494 2720 584 2766 est
610 2711 678 2766 de
705 2711 932 2768 victoria
970 2713 1218 2777 castitas,
1248 2712 1335 2768 cui
1363 2720 1447 2768 est
1464 2711 1768 2781 judicatura
1877 2712 1946 2767 tis
1963 2712 2147 2783 populi
2175 2711 2452 2767 revocavit
2477 2726 2752 2776 errorem;
2795 2710 2883 2766 hic
2911 2719 3091 2766 autem
3122 2708 3348 2764 furentis
3368 2707 3460 2778 Sy-

196 2803 456 2873 ringinitas.
492 2804 773 2860 Pudicitiae
793 2812 973 2860 autem
1004 2819 1246 2868 causam,
1279 2803 1383 2859 nisi
1425 2804 1509 2858 vir
1536 2803 1766 2874 pudicus
1874 2818 2096 2874 nagoga:
2123 2802 2465 2872 sacrilegium
2492 2802 2856 2860 conﬁrmavit.

1495 2914 1846 2976 HOMILIA
1889 2913 2140 2977 XLVII.

1495 3041 1575 3093 De
1613 3042 1795 3096 cadent
1834 3035 2034 3105 judicio
2060 3039 2146 3093 11.

3302 213 3410 268 εει

3440 468 3454 528 i

1675 3166 1985 3206 ADSIONI'I'IO.

256 3268 356 3324 Non
398 3271 562 3326 deest
590 3266 698 3324 hoc
725 3267 847 3323 loco
889 3263 1047 3336 copia
1073 3262 1395 3336 rationibus,
1429 3259 1623 3330 quibus
1653 3257 1926 3336 efficiatur
1945 3259 2085 3314 hanc
2112 3257 2392 3336 homilia_m
2435 3273 2555 3336 esse
2593 3264 2782 3336 sancto
2833 3255 3069 3336 hia-ximo
3099 3253 3464 3336 tribuendam.

201 3339 375 3394 llarum
403 3325 536 3395 sunt
555 3338 829 3409 praecipue
853 3325 985 3390 tres'.
1003 3335 1168 3409 Prior
1197 3325 1499 3409 petitur
1521 3345 1665 3384 nexu
1692 3329 2148 3409 colligationeun
2177 3344 2299 3384 cum
2329 3329 2550 3409 humilia
2573 3327 2876 3409 superiore,
2896 3327 3087 3409 .inr'qua
3109 3325 3177 3406 de
3207 3326 3282 3406 iis.
3298 3325 3468 3409 disse-

202 3421 382 3476 rtun'at,
411 3394 477 3465 de
505 3394 704 3478 quibtts
727 3394 786 3460 in
817 3408 980 3478 hujus
1002 3405 1156 3459 initio
1182 3394 1359 3478 pergit
1385 3401 1674 3478 disserere.
1707 3394 1890 3478 Altera
1914 3407 1995 3478 est
2018 3394 2156 3453 ratio
2177 3413 2252 3478 ex
2275 3399 2552 3478 codicibus
2573 3394 2928 3478 Sangallensi,
2963 3395 3307 3476 Tauriouensi,
3331 3394 3470 3476 San-

200 3493 284 3534 cta:
308 3465 491 3535 Crucis
518 3465 572 3533 in
600 3465 922 3542 Jerusalcm',
953 3465 1322 3530 Laurentiano
1351 3478 1598 3542 accepta,
1643 3470 1697 3524 in
1725 3470 1921 3542 quibus
1951 3469 2290 3542 bacc_eade_m_
2329 3468 2549 3542 humilia
2579 3467 2822 3542 succedit
2869 3465 3160 3542 superiori,
3185 3465 3468 3542 sanctique

199 3532 650 3604 ninniiiiomcn
701 3532 937 3616 prasfert'.
987 3545 1326 3600 Postremum
1375 3532 1683 3616 suppeditat
1734 3532 2002 3616 editorum
2045 3539 2315 3616 Cymnici,
2365 3537 2645 3616 Galesinii,
2696 3532 2997 3616 Ravnaudi,
3045 3532 3469 3616 CougbeﬁsiiLCI

200 3593 457 3688 Il;ig-gaiiiui
487 3593 804 3673 convscn'sio.
829 3616 964 3687 Styli
996 3628 1272 3688 nexusque
1295 3593 1693 3688 sententiarum
1723 3593 1911 3688 eadem
1943 3610 2002 3688 in_
2045 3593 2146 3663 hac
2173 3593 2496 3688 est,'atque
2527 3608 2592 3688 in_
2628 3593 2864 3688 homiiiis
2911 3593 3281 3673 superioribus
3308 3593 3471 3688 ιιιιιίίιζ

201 3673 372 3758 Itaque,
393 3673 542 3759 lapsi
573 3697 698 3742 sunt
724 3689 814 3756 qui
841 3673 1346 3759 saiicto_Amb'_rosio
1394 3697 1514 3759 eam
1560 3695 1680 3759 esse
1723 3679 2096 3759 ascribcndam
2140 3673 2432 3743 notarunt;
2473 3677 2832 3759 laudandique
2878 3683 3186 3759 propterea.
3212 3673 3472 3755 .monachi

202 3743 514 3815 Ita-tiuliaiiii
552 3743 984 3827 congregationis
1021 3755 1207 3811 Sancti
1244 3753 1415 3807 Mauri
1452 3758 1621 3818 sunt,
1657 3750 1748 3821 qui
1806 3764 1927 3805 eam
1956 3765 1987 3804 e
2016 3764 2243 3804 numero
2280 3763 2508 3818 operum
2552 3743 2798 3817 ejusdem
2852 3743 3026 3801 sancti
3077 3743 3473 3814 archiepiscopi

198 3832 535 3885 sustulerunt.

199 3948 663 4028 Aonian-mrem—
684 3941 758 4025 De
794 3941 1130 4028 anniti-tudine
1155 3935 1341 4028 judicii
1369 3938 1422 3990 in
1454 3935 1774 3995 Susannam,
1806 3936 1850 3998 C
1883 3944 2124 3993 cusatur.
2149 3935 2304 4002 Quod
2351 3937 2569 4003 quidem
2596 3929 2941 4000 sacrilegium
2965 3929 3018 3984 iu
3039 3926 3323 3983 Pharisazis
3361 3943 3474 3982 ma-

256 4017 415 4138 ςξίξὶξη
429 4010 1175 4138 (firme
1219 4008 1398 4062 eadem
1454 4021 1604 4077 1’03"“
1627 4044 1641 4070 ’
1673 4021 1774 4076 qua
1876 4037 1965 4107 jus
1993 4038 2316 4092 adulterium
2346 4035 2531 4091 vocari
2570 4040 2787 4103 potest;
2814 4031 3031 4101 gravius
3060 4037 3147 4085 est
3168 4029 3313 4085 enim
3342 4029 3473 4083 reli-

440 4101 490 4137 ιη
528 4101 754 4138 merenti
785 4101 1089 4152 puniuntur.
1876 4101 1894 4107 '
2572 4101 2589 4103 -
2931 4131 2942 4142 .
3344 4129 3356 4141 .

1881 4139 2056 4208 gionis
2077 4137 2382 4192 adulterum
2411 4148 2530 4189 esse
2551 4147 2713 4201 quam
2731 4146 3001 4200 corporis;
3027 4138 3082 4184 et
3101 4131 3221 4199 plus
3243 4137 3326 4184 est
3345 4138 3478 4183 mte-

257 4221 389 4273 Α¹¹ίί⁵
414 4219 540 4273 dies
570 4216 596 4253 ¹¹
627 4217 898 4286 Ρτθδθθυιί
943 4229 1129 4270 sumus
1172 4211 1660 4307 sancmsf’snm‘?
1685 4209 1776 4278 j“‘
1882 4238 2134 4307 gritatem
2158 4233 2454 4289 divinitatis
2486 4231 2681 4285 ltederc
2707 4243 2870 4301 quam
2903 4227 3267 4295 integritatem
3299 4227 3475 4280 homi-

199 4307 377 4365 dicium
422 4311 606 4366 simile
637 4309 926 4365 admodum
959 4307 1119 4363 fuisse
1141 4305 1344 4376 judicio
1373 4304 1689 4368 Salvatoris,
1722 4312 1779 4357 ct

199 4400 368 4456 iisdem
409 4401 886 4457 criminatimiibus
911 4401 1183 4454 laborasse
1220 4406 1530 4452 memorata:
1558 4396 1777 4452 castita-

201 4498 294 4545 tem
311 4491 550 4554 femium,
567 4492 765 4562 quibus
786 4489 986 4544 Christi
1019 4488 1282 4544 laboravit
1306 4487 1603 4556 integritas.
1628 4485 1786 4540 Simi-

198 4584 308 4639 liter
327 4588 476 4640 cnim
504 4594 881 4656 persecutores
898 4585 948 4636 in
965 4582 1209 4637 Susanna
1231 4596 1386 4650 passa
1403 4589 1485 4634 est
1503 4579 1777 4648 pudicitia.

199 4673 278 4728 Illa
302 4677 447 4730 enim
501 4677 630 4730 dum
662 4675 714 4729 in
739 4673 1003 4728 adulterio
1039 4675 1050 4709 ί
1097 4672 1372 4728 convincit
1414 4669 1780 4740 presbyteros,

199 4766 300 4833 ipsa
326 4777 586 4837 tanquam
618 4766 861 4819 adultera
902 4765 1194 4828 retinetur;
1227 4763 1313 4817 hic
1337 4762 1463 4816 dum
1491 4761 1503 4809 i
1540 4761 1592 4814 in
1615 4759 1780 4813 sacri-

200 4853 325 4922 legio
347 4858 530 4925 arguit
551 4840 873 4921 Pliariszcos,
897 4855 1009 4924 ipse
1032 4856 1054 4891 ιι
1088 4867 1340 4921 tanquam
1369 4851 1662 4920 sacrilegus
1687 4866 1780 4904 ac-

263 5044 286 5106 ?
315 5036 390 5106 Ita
415 5053 487 5090 ex
513 5037 634 5091 cod.
665 5035 915 5089 Laurent.
943 5051 980 5101 I,
1004 5035 1143 5106 apud
1171 5036 1555 5106 inimicosAsuos
1576 5073 1591 5097 ,
1623 5038 1731 5106 etc.

261 5103 287 5143 δ
310 5105 494 5171 Codd,
523 5106 805 5173 Laurent.,
855 5113 911 5160 et
953 5103 1073 5160 cod.
1107 5105 1176 5161 99
1199 5115 1253 5161 et
1296 5105 1364 5158 90
1409 5103 1466 5158 S.
1495 5103 1705 5168 Crucis,
1734 5116 1788 5154 se

201 5179 430 5230 oratione
454 5216 470 5238 ,
509 5187 612 5231 etc.

265 5257 285 5283 ε
313 5245 520 5300 Eodem
543 5247 593 5299 in
623 5245 743 5302 cod.
771 5245 858 5311 99,
887 5255 998 5299 tum
1027 5257 1120 5300 est.

262 5314 288 5351 ι¹
318 5316 460 5370 Cod.
503 5315 782 5383 Laurent.,
806 5327 860 5370 et
887 5317 1043 5370 codd.
1086 5314 1153 5369 99
1187 5323 1242 5372 et
1272 5315 1339 5369 90
1385 5315 1443 5369 S.
1497 5311 1708 5378 Crucis,
1737 5318 1786 5365 et

202 5387 844 5470 presbyterosliinpudiros,
869 5396 973 5441 etc.

267 5465 289 5493 °
325 5440 407 5510 Ιτῗχ
437 5458 560 5510 cod.
588 5440 843 5511 lianrent.
872 5474 886 5510 ι
915 5440 1201 5525 corrigitur
1246 5457 1408 5510 lectio
1448 5452 1702 5508 Galesinii
1732 5459 1787 5506 et
1819 5440 1866 5499 D

202 5527 450 5598 aliorum,
469 5527 565 5598 qui
596 5527 792 5598 habent
813 5528 974 5598 Atque
1007 5527 1211 5580 tandem
1230 5527 1458 5597 judicem
1482 5566 1500 5598 ,_
1528 5532 1632 5598 etc.

269 5597 287 5633 ί
320 5597 379 5650 In
413 5595 637 5650 edition.
672 5593 965 5650 Manrinéu.
1015 5600 1182 5652 sancti
1223 5593 1504 5664 Augustini
1550 5593 1651 5646 loc.
1685 5593 1776 5664 cit.

205 5681 348 5724 num.
373 5667 410 5720 '5
442 5665 669 5729 legitur:
703 5678 749 5720 ct
799 5669 1002 5720 tradere
1054 5663 1365 5722 criminosis.
1400 5665 1508 5720 Nos
1559 5677 1625 5716 ex
1654 5663 1776 5716 cod.

1884 4339 1969 4393 nis
1987 4337 2208 4392 violare.
2229 4333 2628 4389 Condemnatur
2643 4342 2772 4396 ergo
2794 4326 3065 4391 Susanna,
3087 4324 3478 4380 condemnatur

1893 4437 2048 4508 1:35
2080 4443 2136 4491 et
2165 4433 2450 4496 Dominus;
2483 4429 2591 4491 illa,
2616 4426 2741 4498 quia
2763 4403 3067 4480 castitatem
3090 4421 3334 4492 corporis
3357 4430 3475 4477 tue-

1889 4541 2074 4603 batur;
2123 4538 2208 4592 hic
2237 4535 2362 4604 quia
2405 4532 2679 4601 religionis
2721 4526 3095 4585 castimoniam
3134 4524 3475 4580 defendebat.

1889 4642 2091 4698 Similis
2121 4639 2282 4708 igitur
2301 4643 2418 4691 erat
2446 4635 2500 4688 in
2529 4640 2761 4700 utroque
2787 4644 2945 4684 causa
2971 4626 3179 4697 judicii,
3208 4624 3309 4679 nisi
3333 4623 3475 4693 quod

1891 4742 2115 4797 meliore
2162 4752 2260 4791 usa
2307 4741 2393 4788 est
2455 4731 2634 4801 judice
2681 4728 2925 4785 Susanna
2987 4739 3150 4792 quam
3197 4722 3478 4776 Dominus.

1890 4843 2044 4898 Ilunc
2070 4838 2212 4894 enim
2242 4849 2441 4906 przeses
2463 4831 2692 4902 iudicat,
2728 4829 2871 4883 hanc
2898 4824 3182 4895 propheta,
3211 4822 3357 4877 hunc
3383 4837 3476 4876 au-

1895 5025 1964 5078 99
1985 5025 2198 5080 Ξειιιοιιῐε
2219 5021 2405 5077 Crucis
2427 5019 2478 5073 in
2495 5013 2796 5072 Jerusalem
2819 5007 3206 5064 restituendam
3229 5016 3478 5076 putamus

1891 5112 2083 5150 vocem
2128 5094 2304 5166 quasi,
2345 5105 2465 5158 qua}
2501 5095 2803 5166 opportuna
2837 5081 3066 5166 .vidctnr
3092 5080 3478 5166 .I-C'iCJIItliCl'ill-Uf

1893 5149 2073 5220 autem
2106 5149 2156 5218 in
2179 5149 2424 5220 Gvinnici
2448 5168 2503 5212 et
2524 5149 2729 5209 duabus
2751 5149 3006 5220 Galcsinii
3040 5149 3387 5220 editionibns.

1966 5246 1989 5282 ς
2016 5235 2187 5290 Codd.

1893 5317 2061 5359 tamen
2073 5347 2087 5370 ,
2116 5312 2222 5359 etc.

1967 5378 1991 5413 ι
2016 5365 2150 5431 Cod.
2182 5374 2460 5437 Laurent.,
2486 5368 2619 5420 Ante
2646 5365 2754 5418 dies
2783 5378 2995 5434 paucos.

1971 5446 1982 5484 ί
2019 5445 2152 5501 Cod.
2179 5443 2430 5496 Laurent.
2455 5480 2468 5501 ,
2492 5437 2726 5491 convicit.

1966 5521 1980 5568 2
2021 5515 2151 5570 Cod.
2186 5513 2352 5566 Vatic.
2380 5509 2537 5574 1270,
2567 5508 2688 5561 dum
2717 5504 2994 5574 sacrilegos
3022 5504 3218 5572 arguit.

1965 5587 1987 5624 ί*
2020 5587 2154 5641 Cod.
2190 5584 2468 5645 Laurent.,
2501 5581 2608 5650 ipse
2630 5577 2912 5647 sacrilegus
2934 5611 2949 5638 ,
2974 5581 3080 5628 etc.

2265 5238 2501 5291 aurent.,
2527 5235 2582 5282 et
2610 5225 2676 5276 90
2709 5220 2768 5277 S.
2817 5219 3004 5275 Crucis
3049 5223 3102 5275 in
3142 5219 3278 5286 «ιρι-η
3301 5219 3474 5273 eodem
