4042 6192
640 471 752 526 559
1688 471 1746 524 S.
1789 466 2034 523 MAXIM]
2074 465 2379 525 EPISCOPI
2414 465 2866 521 TAURINENSIS
3813 470 3926 526 διο

636 583 878 636 rediviva
928 579 1150 636 infantia
1192 595 1540 652 reparamur;
1582 580 1934 651 baptismum,
1982 579 2224 650 inquam,
2253 584 2306 639 Α
2332 591 2437 646 qua
2469 578 2624 633 nobis
2645 586 2701 632 et
2723 579 2867 632 utilis
2895 592 3040 632 mors
3068 578 3314 643 infertur,
3343 586 3399 632 et
3416 579 3524 632 vita
3572 579 3758 635 utilior
3783 598 3919 638 con.

635 673 930 729 Salvatoris
956 673 1114 729 nobis
1140 681 1226 729 est
1253 673 1524 744 sepultura
1558 673 1722 740 :quia
1771 679 1829 725 et
1879 670 1952 725 ibi
1981 679 2006 707 °
2037 668 2214 740 perdi-
2325 667 2592 734 donatur;
2636 683 2850 738 magna,
2900 669 3146 738 inquam,
3179 669 3341 739 hujus
3387 671 3557 739 gratia
3605 673 3922 742 sepultum,

634 777 754 818 mus
781 773 926 831 ante,
956 763 1102 833 quod
1131 763 1382 831 viximus,
1403 770 1459 816 et
1485 761 1559 815 ibi
1587 760 1766 815 denuo
1812 759 2127 830 accipimus,
2159 766 2220 813 ut
2325 773 2446 829 qua:
2472 767 2526 817 et
2546 759 2796 833 purificat
2817 772 3194 832 pcccatorem,
3221 770 3278 818 et
3305 761 3544 818 viviticat
3572 764 3918 820 morientem.

626 851 890 910 Vivamus.
917 853 1107 924 Magna
1130 853 1293 923 igitur
1319 851 1609 924 sepulturas
1631 848 1791 920 hujus
1810 857 1895 904 est
1935 849 2130 919 gratia,
2160 851 2215 905 in

1967 943 2318 1008 HOMILIA
2362 949 2592 1010 XLIX.

1786 1041 1866 1098 De
1894 1041 2175 1108 Passione,
2198 1054 2247 1098 et
2270 1045 2434 1100 Cruce
2460 1046 2676 1104 Domini
2705 1046 2753 1102 Ι.

2093 1135 2483 1194 ADMONITIO.

695 1229 798 1296 Qui
829 1229 1058 1300 primum
1086 1229 1259 1286 sancti
1286 1229 1554 1300 Ambrosii
1598 1226 2165 1300 operum_editio_nem
2219 1237 2477 1300 curarunt
2518 1230 2762 1285 arbitrati
2818 1239 2944 1285 sunt
2971 1230 3114 1287 hanc
3165 1231 3442 1286 homiliam
3497 1230 3676 1287 eidem
3722 1239 3918 1288 saneto

624 1295 845 1371 doctori
864 1301 1082 1371 attribui
1111 1309 1386 1371 oportere.
1415 1299 1509 1371 llis
1534 1295 1797 1371 repugnat
1820 1295 2146 1371 Genn_adins,
2171 1298 2261 1364 qui
2277 1313 2414 1371 eam
2445 1301 2620 1355 sancti
2649 1300 2866 1371 Maximi
2923 1302 3141 1371 scriptis
3188 1309 3532 1368 annumerat,
3585 1302 3919 1371 inscribique

623 1369 701 1440 ait
730 1387 744 1421 :
777 1368 1026 1440 Περι-ηερ
1053 1366 1285 1440 Domini.
1317 1370 1433 1440 Qua
1457 1368 1524 1422 de
1551 1382 1609 1420 re
1634 1366 1820 1440 confer
1847 1366 2052 1440 praefat.
2078 1367 2469 1440 monachorum
2491 1378 2807 1440 congregat.
2834 1369 3021 1425 Sancti
3037 1366 3218 1425 Mauri
3246 1371 3315 1425 ad
3361 1366 3640 1426 sermones
3691 1366 3915 1440 prseter-

621 1438 807 1492 missos
835 1439 1096 1502 Ambros.,
1122 1454 1230 1506 quo
1259 1438 1379 1492 loco
1407 1439 1545 1491 hanc
1571 1435 1818 1490 eamdem
1849 1436 2122 1506 homiliam
2149 1436 2203 1489 in
2233 1451 2514 1492 numerum
2547 1435 2650 1492 5H
2672 1435 2983 1495 sermonum
3013 1441 3186 1495 sancti
3213 1441 3485 1494 Ambrosii
3513 1456 3542 1494 a
3565 1435 3913 1496 curatoribus

620 1506 844 1559 Sixtina:
865 1507 1116 1562 editionis
1140 1503 1431 1577 ascriptam
1459 1507 1612 1577 aiunt
1632 1513 1965 1577 monentque
1978 1503 2236 1577 Maximo,
2264 1520 2331 1560 ex
2359 1505 2623 1563 Gennadii
2663 1509 2952 1577 sententia,
2983 1525 3102 1565 esse
3125 1509 3533 1565 restituendam.
3565 1510 3720 1576 Quod
3775 1512 3825 1565 si
3859 1512 3914 1567 in

620 1576 895 1648 codicibus
927 1577 1184 1648 Vaticano
1206 1572 1375 1648 719.70,
1405 1582 1460 1648 et
1486 1575 1544 1648 δ.
1573 1573 1762 1648 Crucis
1789 1572 1916 1648 olim
1947 1573 2139 1648 Minor.
2170 1572 2461 1648 convent.2
2492 1594 2634 1633 nunc
2677 1572 3336 1634 bibliothXLaurentianze
3394 1596 3463 1644 tv,
3521 1572 3664 1633 Plut.
3718 1597 3913 1648 χχχιιι,

619 1645 1246 1718 SanetiMediolanensis
1271 1645 1768 1718 an_ti_stitisno_tnine
1813 1644 2067 1718 inscripta
2097 1652 2209 1718 est_;
2243 1644 2384 1700 inter
2411 1645 2631 1718 Maximi
2684 1657 2865 1703 tamen
2917 1649 3167 1704 homilias
3215 1658 3529 1704 numeratur
3577 1650 3631 1704 in
3682 1644 3914 1718 insignis

619 1724 763 1769 nota:
791 1716 1070 1772 codicibus
1097 1716 1307 1770 duobus
1332 1715 1400 1768 9O
1428 1724 1484 1769 et
1504 1713 1572 1767 99
1602 1713 1658 1767 S.
1686 1712 1877 1768 Crucis
1908 1714 1960 1767 in
1979 1712 2308 1782 Ierusalem,
2341 1724 2397 1770 et
2426 1715 2478 1770 in
2507 1717 2872 1774 Laurentiano
2900 1735 2964 1780 x,
2998 1718 3140 1773 Plut.
3168 1735 3276 1773 xtv.
3307 1719 3363 1772 ln
3397 1719 3500 1774 hoc
3549 1718 3667 1782 eius
3721 1712 3915 1776 titulus

617 1794 700 1839 est
732 1803 744 1837 :
777 1785 973 1855 Incipit
1012 1785 1084 1855 de
1103 1785 1186 1838 die
1217 1794 1396 1840 sancto
1426 1783 1668 1845 Paschte,
1699 1793 1750 1836 et
1773 1784 1836 1837 de
1854 1782 2396 1855 cruce_Domini;_qui
2449 1786 2504 1841 in
2528 1786 2846 1842 Taurinensi
2891 1789 3108 1844 brevius
3163 1789 3481 1844 enuntiatur
3512 1807 3525 1840 :
3563 1782 3696 1842 Item
3746 1799 3798 1843 et
3848 1789 3916 1844 de

617 1870 771 1934 cruce
797 1851 1027 1940 Domini.
1059 1854 1417 1940 Consentium
1441 1855 1678 1940 editores
1707 1869 1932 1940 operum
1983 1852 2206 1940 thlaximi
2260 1851 2572 1940 vanic'us,
2602 1857 2928 1938 Galesinius,
2949 1928 2961 1940 Ω
2980 1859 3256 1940 Cumdius,
3313 1857 3659 1940 [lava-audtis,
3702 1859 3917 1926 Marga~

614 1924 783 1990 riuus,
816 1925 962 1994 apud
990 1940 1126 1995 quos
1154 1925 1332 1980 eidem
1355 1931 1440 1980 est
1467 1923 1702 1979 homilia:
1727 1921 1843 1978 lianc
1869 1921 2089 1994 przcﬁxa
2116 1921 2395 1994 inscriptio
2425 1943 2438 1978 :
2471 1925 2551 1980 De
2586 1928 2830 1997 passione
2849 1921 2990 1982 etde
3009 1945 3158 1982 cruce
3194 1921 3413 1983 Domini
3455 1921 3669 1982 homilia
3710 1921 3916 1999 prima.

617 2042 776 2111 151
828 2040 1228 2111 Ancnsrns'rnu.
1263 2071 1336 2081 —
1360 2037 1703 2111 Proposita,
1729 2053 1843 2111 ante
1884 2037 1948 2090 de
1997 2036 2211 2111 ‘Ulyssis
2243 2039 2290 2099 B
2317 2036 2512 2093 blanda
2541 2046 2598 2093 et
2618 2039 2921 2110 perniciosa
2943 2038 3219 2109 naufragia
3250 2039 3535 2094 incolumis
3577 2039 3690 2094 sola
3719 2055 3916 2094 serva-

687 2106 1161 2233 ntfrraturé‘abula,
1195 2110 1259 2162 de
1285 2106 1558 2178 salutifera
1578 2106 1773 2161 Christi
1802 2123 1954 2160 cruce
1973 2106 2204 2173 disserit,

687 2197 840 2233 uuam
865 2181 920 2233 in
991 2181 1177 2233 cclesia
1200 2195 1313 2233 esse
1343 2178 1580 2233 arborem
1599 2179 1745 2231 navis
1767 2177 1935 2231 docet.

683 2197 840 2252 quam
865 2181 920 2235 in
940 2177 1177 2234 Ecclesia
1200 2195 1313 2234 esse
1343 2177 1580 2233 arbarem
1599 2179 1745 2231 navis
1767 2177 1935 2231 docet.

685 2316 884 2372 Smculi
914 2315 1092 2372 ferunt
1116 2315 1306 2370 fabulxe
1323 2312 1567 2385 Ulyssem
1614 2311 1786 2380 illum,
1825 2311 1918 2381 qui
1944 2309 2208 2365 decennio

612 2408 838 2462 marinis
859 2407 1095 2477 jactatus
1122 2406 1422 2470 erroribus,
1449 2404 1516 2458 ad
1541 2404 1772 2474 patriam
1796 2402 2084 2473 pervenire
2097 2416 2206 2457 non

613 2506 853 2569 poterat,
879 2514 1000 2554 cum
1030 2499 1085 2552 in
1106 2498 1282 2553 locum
1312 2495 1600 2566 quemdam
1629 2509 1817 2549 cursus
1837 2495 1988 2549 illum
2010 2493 2206 2562 navigii

613 2589 917 2653 detulisset,
950 2589 1002 2644 in
1026 2603 1136 2658 quo
1156 2587 1474 2644 Sirenarum
1499 2585 1526 2624 δ
1549 2586 1692 2641 dulci
1729 2595 1924 2642 cantus
1974 2585 2207 2641 crudelis

613 2680 877 2734 varietate
898 2679 1214 2744 resonabat;
1238 2687 1294 2734 et
1315 2676 1666 2732 advenientes
1693 2676 1772 2731 sic
1801 2674 1992 2730 blanda
2015 2675 2206 2730 modu-

611 2771 815 2827 latione
835 2772 1123 2835 mulcebat,
1155 2779 1342 2827 utnon
1391 2776 1500 2823 tam
1528 2767 1895 2838 spectaculum
1913 2765 2205 2836 voluptatis

612 2870 891 2932 caperent,
914 2877 1075 2931 quam
1103 2861 1436 2930 naufragium
1454 2859 1642 2914 salutis
1670 2859 2024 2913 incurrerent.
2057 2855 2203 2913 Talis

611 2953 756 3009 enim
789 2953 1029 3009 eratillis
1057 2952 1348 3008 oblectatio
1373 2950 1678 3018 cantilenae,
1709 2957 1787 3016 ut,
1819 2947 2063 3019 quisquis
2112 2961 2204 3000 au-

611 3044 780 3099 disset
809 3045 953 3100 vocis
975 3045 1232 3108 sonitum,
1265 3043 1418 3113 quasi
1447 3041 1680 3113 quadam
1701 3048 1896 3111 captus
1924 3038 2198 3104 illecebra,

612 3151 720 3191 non
747 3135 858 3205 jam
894 3135 1140 3190 tenderet
1170 3133 1241 3189 ad
1280 3149 1403 3190 eum
1433 3148 1595 3202 quem
1620 3132 1838 3188 volebat
1851 3130 2200 3201 portum,sed

612 3235 861 3297 pergeret
890 3227 956 3281 ad
985 3227 1232 3292 exitium,
1292 3235 1316 3264 α
1372 3224 1518 3294 quod
1570 3224 1807 3280 nolebat.
1863 3222 2031 3291 Igitur
2074 3239 2195 3279 cum

612 3316 832 3390 Ulysscs
859 3317 1134 3374 incidisset
1164 3318 1267 3373 hoc
1294 3316 1449 3372 dulce
1475 3315 1840 3386 naufragium,
1871 3325 1927 3370 et
1955 3315 2194 3371 suavita-

2315 2135 2421 2183 tur.
2451 2128 2511 2183 In
2535 2129 2636 2186 hac
2655 2143 2785 2198 ergo
2807 2131 2928 2185 navi
2956 2132 3198 2202 quisquis
3219 2140 3312 2185 aut
3333 2131 3512 2186 arbori
3534 2131 3709 2188 crucis
3728 2147 3789 2186 se
3817 2148 3916 2188 re-

2309 2218 2578 2288 ligaverit,
2607 2228 2700 2276 aut
2721 2236 2878 2276 aures
2905 2236 3032 2277 suas
3059 2220 3351 2291 Scripturis
3375 2221 3568 2277 divinis
3621 2223 3911 2288 clauserit,

2309 2310 2521 2367 dulcem
2548 2312 2842 2383 procellam
2870 2313 3094 2368 luxuria:
3147 2329 3254 2369 non
3303 2314 3532 2369 timebit.
3583 2313 3909 2368 Sirenarum

2308 2403 2452 2458 enim
2481 2402 2726 2472 quaadam
2752 2405 2932 2460 suavis
2955 2403 3124 2474 figura
3151 2409 3305 2477 152
3335 2413 3420 2461 est
3466 2405 3649 2461 mollis
3698 2422 3912 2462 concu-

2308 2493 2568 2563 piscentia
2605 2492 2632 2532 ἀ
2661 2495 2988 2566 voluptatis,
3017 2512 3136 2566 qua:
3162 2497 3336 2552 noxiis
3365 2497 3743 2552 blandimentis
3779 2513 3909 2552 con-

2305 2585 2558 2640 stantiam
2611 2594 2780 2656 cepta:
2829 2587 3026 2642 mentis
3069 2586 3362 2643 etfeminat.
3433 2587 3577 2657 Ergo
3639 2586 3910 2645 Dominus

2305 2673 2552 2730 Christus
2579 2676 2832 2746 pependit
2858 2678 2911 2732 in
2933 2693 3113 2744 cruce,
3138 2687 3200 2734 ut
3226 2694 3388 2734 omne
3407 2693 3577 2749 genus
3614 2679 3904 2736 hominum

2302 2765 2372 2821 de
2416 2767 2599 2821 mundi
2656 2767 2935 2837 naufragio
2980 2768 3253 2825 liberaret.
3305 2769 3414 2825 Sed
3467 2779 3526 2825 ut
3576 2771 3902 2829 omittamus

2305 2854 2509 2928 Ulyssis
2537 2856 2793 2924 fabulam,
2823 2872 2944 2928 qua:
2991 2857 3135 2923 ficta,
3169 2874 3276 2914 non
3306 2860 3445 2916 facta
3477 2870 3582 2929 est,
3610 2861 3903 2918 videamus

2301 2947 2347 3004 si
2371 2948 2517 3016 quod
2539 2947 2594 3002 in
2619 2947 2914 3019 Scripturis
2939 2949 3136 3006 divinis
3166 2951 3472 3021 exemplum
3499 2951 3672 3006 simile
3702 2968 3904 3022 possu-

2301 3052 2423 3094 mus
2443 3037 2705 3106 invenire,
2727 3039 2872 3108 quod
2909 3040 3170 3096 Dominus
3196 3056 3294 3111 per
3312 3041 3660 3111 semetipsum
3701 3051 3904 3112 postea

2300 3129 2687 3198 completurus,
2711 3145 2809 3200 per
2836 3131 3128 3200 prephetas
3149 3146 3277 3187 suos
3323 3140 3449 3186 ante
3502 3141 3526 3168 ο
3556 3133 3898 3202 promiserit.

2301 3218 2549 3290 Legimus
2597 3221 2652 3276 in
2694 3220 2879 3277 Veteri
2921 3221 3273 3278 Testamento
3317 3221 3514 3295 (Num.
3572 3223 3722 3293 χχι),
3768 3240 3898 3280 cum

2298 3308 2512 3382 Moyses
2553 3317 2773 3366 sanctus
2799 3309 2937 3366 ﬁlios
2981 3310 3147 3366 Israel
3197 3311 3266 3367 de
3319 3313 3631 3383 captivitate
3667 3313 3900 3386 :Egypti

610 3411 683 3466 tis
710 3411 851 3466 illius
871 3411 1036 3466 vellet
1053 3410 1324 3466 declinare
1351 3409 1685 3480 periculum;
1715 3408 1945 3473 dicitur,
1997 3409 2197 3464 inserta
2225 3399 2273 3465 C
2302 3402 2664 3472 produxisset,
2693 3410 2856 3471 atque
2884 3402 3024 3458 idem
3049 3403 3278 3473 populus
3308 3403 3361 3458 in
3414 3404 3632 3460 deserto
3676 3406 3836 3473 gravi
3863 3421 3897 3460 a

611 3517 737 3560 cera
761 3502 979 3557 auribus
1007 3502 1301 3570 sociorum,
1330 3502 1564 3571 seipsum
1595 3501 1662 3555 ad
1711 3501 1959 3555 arborem
2000 3499 2199 3568 navigii

609 3593 870 3662 religasse
901 3611 914 3646 :
947 3607 1055 3662 quo
1084 3602 1139 3648 et
1160 3593 1234 3646 illi
1263 3599 1512 3648 carerent
1539 3590 1843 3661 perniciosa
1873 3588 2086 3644 auditus
2132 3589 2198 3642 il-

610 3685 849 3748 lecebra,
879 3691 934 3738 et
961 3699 1021 3738 se
1047 3683 1116 3738 de
1136 3682 1377 3754 periculo
1407 3682 1603 3750 navigii
1629 3696 1820 3736 cursus
1849 3679 2104 3734 aulerret.
2140 3677 2198 3733 Si

611 3787 744 3842 ergo
766 3774 832 3827 de
863 3772 1052 3843 Ulysse
1079 3773 1170 3827 illo
1197 3772 1366 3827 refert
1392 3770 1568 3826 fabula
1588 3809 1602 3834 ,
1627 3771 1774 3839 quod
1821 3785 1944 3825 eum
1991 3769 2199 3824 arboris

609 3861 858 3932 religatio
878 3861 946 3915 de
973 3861 1213 3930 periculo
1242 3861 1492 3913 liberavit
1517 3877 1529 3911 :
1559 3867 1763 3926 quanto
1804 3859 1974 3926 magis
2002 3857 2198 3926 prtedi-

611 3950 843 4005 candum
869 3957 952 4005 est
979 3949 1122 4018 quod
1151 3965 1278 4004 vere
1301 3949 1499 4003 factum
1532 3954 1642 4013 est;
1675 3947 1778 4002 hoc
1796 3955 1899 4015 est,
1929 3947 2073 4016 quod
2101 3947 2200 4001 ho-

610 4041 700 4095 die
729 4055 888 4094 omne
915 4053 1083 4109 genus
1111 4039 1388 4095 hominum
1411 4039 1479 4094 de
1511 4038 1700 4093 mortis
1737 4038 1977 4108 periculo
2025 4037 2200 4093 crucis

613 4133 780 4187 arbor
804 4131 1037 4203 eripuit?
1066 4130 1144 4185 Ex
1165 4130 1448 4200 quoenim
1469 4127 1714 4184 Christus
1762 4128 2020 4185 Dominus
2071 4128 2199 4183 reli-

613 4231 770 4292 gatus
799 4223 851 4277 in
880 4237 1042 4278 cruce
1071 4231 1176 4287 est,
1206 4236 1273 4276 ex
1303 4236 1370 4276 eo
1399 4237 1500 4276 nos
1519 4220 1705 4275 mundi
1727 4220 2042 4275 illecebrosa
2086 4219 2198 4273 dis-

610 4317 836 4375 crimina
857 4317 1005 4372 velut
1030 4315 1211 4370 clausa
1240 4329 1370 4369 aure
1395 4314 1710 4377 transimus;
1739 4327 1841 4367 nec
1892 4312 2198 4382 pernicioso

610 4411 756 4467 enim
780 4410 958 4466 sarculi
980 4409 1287 4464 detinemur
1305 4407 1510 4472 auditu,
1541 4421 1644 4460 nec
1689 4420 1903 4461 cursum
1959 4403 2198 4459 melioris

611 4505 738 4559 vita:
763 4503 1096 4559 dellectimus
1121 4503 1174 4556 in
1195 4500 1449 4570 scopulos
1475 4499 1785 4568 voluptatis.
1818 4496 2007 4552 Crucis
2049 4495 2196 4552 enim

608 4595 773 4650 arbor
803 4611 910 4650 non
931 4595 1107 4649 solum
1133 4593 1416 4661 religatum
1437 4591 1538 4646 sibi
1574 4590 1845 4645 hominem
1876 4588 2058 4658 patria:
2103 4601 2194 4640 re-

608 4695 921 4760 prprsentat,
953 4685 1047 4740 sed
1076 4686 1238 4740 etiam
1266 4685 1444 4739 socios
1473 4682 1617 4738 circa
1646 4697 1706 4738 se
1735 4681 1940 4752 positos
1979 4679 2194 4734 virtutis

609 4795 721 4833 sua:
748 4779 941 4834 umbra
969 4775 1226 4832 custodit.
1256 4773 1411 4841 Quod
1460 4781 1640 4828 autem
1669 4788 1801 4828 crux
1850 4771 1917 4825 ad
1963 4772 2192 4842 patriam

608 4879 732 4940 post
753 4871 952 4926 multos
975 4883 1198 4925 errones
1227 4867 1404 4922 redire
1433 4882 1532 4922 nos
1585 4865 1768 4932 faciat,
1791 4863 2048 4918 Dominus
2096 4862 2190 4918 de-

606 4959 779 5012 clarat
799 4960 983 5016 dicens
1016 4958 1214 5013 latroni
1263 4957 1319 5011 in
1348 4971 1508 5011 cruce
1537 4955 1712 5025 posito
1741 4972 1753 5005 :
1781 4951 1951 5007 Hodie
1993 4968 2190 5006 mecum

604 5048 706 5100 eris
733 5048 788 5100 in
816 5049 1062 5118 paradiso
1093 5047 1253 5120 (Luc.
1304 5045 1493 5115 χχιιι).
1525 5044 1626 5111 Qui
1678 5043 1868 5112 utique
1911 5043 2050 5096 latro
2096 5041 2189 5096 diu

603 5135 886 5200 oberrans,
916 5150 980 5190 ac
999 5136 1315 5205 naufragus,
1340 5134 1498 5188 aliter
1536 5132 1604 5186 ad
1653 5131 1879 5201 patriam
1931 5129 2186 5200 paradisi,

602 5225 672 5280 de
693 5239 801 5295 qua
829 5223 1034 5294 primus
1085 5227 1249 5281 homo
1301 5225 1528 5288 exierat,
1579 5222 1756 5278 redire
1803 5237 1907 5277 non
1952 5229 2186 5291 poterat,

602 5315 704 5369 nisi
732 5313 918 5368 fuisset
937 5313 1118 5368 arbori
1151 5315 1432 5382 religatus;
1484 5312 1646 5367 arbor
1673 5310 1814 5365 enim
1853 5311 2096 5378 quaedam
2134 5311 2188 5364 in

599 5406 725 5460 navi
746 5420 880 5461 crux
924 5411 1008 5460 est
1047 5405 1100 5460 in
1143 5404 1408 5473 Ecclesia,
1437 5421 1558 5477 quae
1601 5405 1745 5460 inter
1793 5403 1962 5458 totius
2006 5404 2189 5458 saeculi

671 5553 698 5582 ⁸
722 5543 900 5628 ‘Cod‘d.
923 5544 1096 5628 Yatic.
1119 5543 1278 5609 $95!,
1304 5553 1360 5601 et
1383 5544 1660 5613 Urbevet.,
1683 5554 1732 5600 et
1751 5543 1821 5599 ibi
1841 5543 2178 5615 perdidimus,

596 5615 733 5689 quod
757 5625 877 5668 ante
899 5617 1002 5670 vix.

669 5686 693 5725 δ
719 5684 773 5741 1η
799 5684 1124 5751 utroq.cod.
1166 5681 1222 5737 S.
1266 5682 1454 5738 Crucis
1493 5686 1545 5739 in
1590 5685 1699 5740 Jer.
1752 5684 1967 5753 legitur,
2012 5685 2176 5740 dulcis

593 5767 794 5826 cantus,
820 5756 1069 5819 crudelis;
1102 5755 1154 5807 in
1173 5753 1295 5808 cod.
1321 5761 1501 5806 autem
1531 5754 1600 5808 9t)
1651 5756 1880 5810 habetur
1925 5757 2176 5811 suavitate

593 5845 692 5900 pro
719 5828 983 5900 ctu-ictam.

670 5912 690 5939 ε
722 5897 854 5956 Cod.
883 5894 1052 5954 Vatic.
1089 5892 1247 5960 1270,
1277 5907 1375 5958 quo
1398 5890 1623 5946 nolebat.

2303 3493 2643 3562 serpentibus
2672 3493 2977 3548 incursione
3006 3493 3292 3558 laboraret,
3323 3509 3425 3550 nec
3446 3495 3624 3565 aliqua
3672 3495 3780 3549 illis
3809 3512 3901 3550 ar-

2301 3597 2512 3637 morum
2540 3582 2780 3638 defensio
2803 3591 2985 3653 posset
3012 3584 3309 3650 obsistere;
3343 3592 3471 3639 tunc
3499 3594 3718 3640 sanctus
3747 3585 3900 3658 Moy-

2301 3687 2388 3728 ses
2415 3673 2596 3728 divino
2624 3674 2862 3743 repletus
2887 3673 3109 3745 Spiritu,
3135 3684 3650 3745 serpentemzereum
3666 3675 3896 3732 aﬂixum

2301 3765 2466 3834 ligno,
2497 3766 2638 3821 inter
2665 3766 2871 3822 medias
2911 3768 3256 3823 morientium
3303 3769 3542 3824 erexisse
3590 3769 3804 3833 turbas,
3839 3777 3897 3824 et

2301 3856 2583 3911 mandasse
2603 3857 2820 3927 populo,
2844 3866 2902 3912 ut
2930 3857 2998 3912 de
3029 3859 3121 3914 illo
3150 3859 3303 3928 signo
3324 3875 3476 3929 spem
3503 3867 3756 3928 gererent
3801 3875 3897 3914 sa—

2301 3946 2508 4016 nitatis,
2535 3955 2698 4016 atque
2727 3947 2830 4004 hac
2857 3963 2917 4004 re
2943 3957 3149 4004 tantam
3179 3949 3502 4005 medicinam
3529 3959 3718 4005 contra
3747 3967 3900 4006 mor-

2301 4053 2418 4093 sum
2441 4039 2687 4109 aspidum
2717 4041 3052 4109 provenisse,
3077 4050 3152 4107 ut,
3183 4042 3422 4112 quisquis
3469 4042 3783 4098 vulneratus
3839 4043 3897 4098 in

2300 4129 2447 4185 illam
2475 4130 2739 4200 serpentis
2766 4145 2980 4186 crucem
3011 4141 3106 4187 aut
3132 4133 3460 4202 respiceret,
3483 4141 3577 4186 aut
3620 4142 3898 4202 speraret,

2300 4222 2480 4277 statim
2509 4223 2804 4277 remedium
2826 4223 3014 4280 salutis
3035 4225 3322 4295 acciperet,
3349 4225 3502 4294 cujus
3542 4225 3666 4280 lacti
3721 4226 3897 4280 etiam

2302 4311 2560 4367 Dominus
2581 4313 2633 4367 in
2655 4311 2948 4382 Evangelio
2972 4315 3237 4380 meminit,
3269 4315 3454 4370 dicens
3485 4332 3498 4366 :
3532 4315 3681 4369 Sicut
3732 4313 3896 4385 Moy-

2299 4419 2380 4456 ses
2406 4403 2654 4457 exaltavit
2681 4414 2966 4474 serpentem
2985 4405 3039 4458 in
3063 4405 3280 4470 deserto,
3309 4407 3384 4458 ita
3413 4405 3638 4459 exaltari
3685 4414 3899 4475 oportet

2300 4491 2498 4548 Filium
2525 4494 2748 4549 hominis
2777 4494 2968 4567 (Joan.
2992 4497 3102 4567 ιιι).
3129 4495 3283 4552 Unde
3337 4497 3381 4552 si
3433 4497 3625 4551 affixus
3662 4513 3901 4568 serpens

2299 4584 2446 4656 ligno
2473 4585 2593 4641 filiis
2613 4585 2777 4642 Israel
2804 4587 3033 4643 contulit
3065 4586 3084 4626 τ
3114 4588 3434 4653 sanitatem;
3466 4596 3673 4658 quanto
3714 4591 3898 4658 magis

2299 4677 2528 4734 salutem
2556 4685 2780 4747 praestat
2800 4677 3014 4748 pepulis
3053 4677 3312 4733 Dominus
3357 4679 3410 4732 in
3437 4677 3678 4749 patibulo
3707 4679 3899 4734 cruei-

2221 4746 2276 4808 Ῑ)
2301 4769 2470 4825 fixus?
2495 4746 2608 4826 Etsi
2632 4746 3032 4839 figura—tantum
3054 4769 3275 4840 profuit,
3319 4746 3575 4840 quantum
3623 4769 3902 4840 prodesse

2297 4861 2567 4918 credimus
2593 4861 2908 4916 veritatem?
2936 4858 3172 4932 Serpens
3193 4861 3356 4931 igitur
3381 4861 3584 4931 primus
3612 4860 3899 4931 cruciﬁgi-

2297 4961 2386 5008 tur
2411 4971 2424 5008 :
2455 4961 2604 5008 recte
2630 4953 2812 5022 plane,
2841 4960 2923 5021 ut,
2944 4953 3069 5022 quia
3091 4955 3296 5024 primus
3316 4953 3460 5023 apud
3482 4954 3654 5009 Deum
3697 4968 3900 5024 pecca-

2296 5050 2447 5098 verat
2465 5042 2730 5108 diabolus,
2763 5043 2968 5113 primus
2996 5043 3174 5098 crucis
3198 5043 3468 5098 sententia
3514 5042 3807 5112 feriretur;
3842 5045 3902 5100 in

2295 5134 2442 5202 ligno
2471 5134 2615 5188 enim
2647 5142 2672 5180 Β
2701 5131 3061 5203 cruciﬁgitur;
3089 5133 3484 5188 rationabiliter
3529 5133 3769 5198 factum,
3807 5145 3896 5203 ut,

2294 5225 2420 5293 quia
2449 5224 2615 5279 homo
2644 5224 2698 5278 in
2720 5224 2967 5293 paradiso
2996 5238 3094 5294 per
3135 5225 3386 5279 arborem
3425 5224 3897 5294 concupiscentia:

2293 5317 2552 5385 deceptus
2581 5315 2774 5381 fuerat,
2803 5332 2946 5372 nunc
2973 5315 3120 5372 idem
3149 5331 3247 5387 per
3273 5317 3402 5385 ligni
3430 5317 3682 5372 arborem
3714 5318 3899 5371 salva-

2299 5414 2473 5474 retur,
2498 5417 2660 5475 atque
2680 5408 2871 5463 eadem
2899 5407 3144 5474 materia,
3168 5421 3288 5476 quae
3315 5422 3477 5463 causa
3525 5407 3718 5464 mortis
3768 5407 3901 5463 fue-

2356 5544 2385 5584 ⁴³
2419 5545 2655 5617 Uterque
2674 5549 2796 5604 cod;
2819 5549 2878 5605 S.
2911 5551 3098 5606 Crucis
3126 5549 3178 5604 in
3206 5547 3344 5612 Jer.,
3377 5547 3712 5617 voluptatum.

2359 5627 2384 5688 ς
2423 5616 2660 5688 Uterque
2687 5620 2809 5674 cod.
2833 5620 2891 5675 S.
2920 5620 3109 5676 Crucis
3139 5621 3192 5674 in
3223 5617 3357 5681 Jer.,
3381 5616 3710 5688 promiserit.

2364 5685 2544 5741 tCod.
2571 5685 2655 5742 'S.
2701 5689 2890 5745 Crucis
2942 5690 3097 5758 Min.,
3155 5685 3390 5744 contulit
3431 5696 3629 5739 tantum
3675 5688 3900 5740 sintita-

2288 5767 2546 5883 ’θ’ξναθέδς
2579 5828 2646 5883 90
2677 5829 2732 5883 δ’
2758 5828 2944 5884 Crucis
2983 5830 3036 5884 in
3081 5827 3214 5895 Jer.,
3249 5827 3572 5901 cruciﬁgitur
3619 5826 3893 5882 Christ-2:.
