4042 6192
238 371 326 430 ωε
1674 361 1956 418 llOMlLlA
1995 363 2056 418 L.

3381 376 3488 432 312

230 496 326 550 rat,
351 496 371 521 ⁸
404 497 544 537 nunc
572 479 712 536 idem
738 487 880 534 esset
917 476 1208 532 remedium
1257 474 1525 529 sanitatis.
1585 471 1792 528 Deinde
1822 481 1868 536 Α
1899 473 2072 539 ﬁeret,
2104 489 2166 529 ac
2195 474 2332 528 liber
2359 483 2500 529 esset
2529 492 2558 529 a
2589 485 2780 534 morte.
2817 477 3086 535 llabentcs
3122 481 3282 550 igitur
3309 484 3484 538 domi-

229 585 334 647 post
359 579 658 642 serpentem
683 571 734 623 in
756 568 1035 623 Salvatore
1066 569 1228 621 homo
1274 567 1386 634 ipse
1431 563 1791 631 cruciﬁgitur;

228 669 419 723 Scilicet
449 672 508 717 ut
537 671 656 732 post
697 668 969 715 auctorem
997 659 1251 728 puniatur
1295 665 1350 712 et
1400 655 1637 721 facinus;
1696 670 1795 725 per

229 764 440 834 primam
470 758 610 812 enim
637 771 850 810 crucem
876 753 1206 808 vindicatum
1253 759 1338 807 est
1375 751 1428 805 in
1457 758 1790 820 serpentem,

229 868 311 923 per
334 848 619 903 secundam
641 846 694 900 in
725 861 928 900 venena
959 844 1257 914 serpentis;
1279 843 1384 897 hoc
1406 850 1488 896 est
1517 859 1529 893 :
1561 841 1793 910 primum

231 950 403 994 auctor
431 939 545 1007 ipse
567 936 804 1007 punitur,
832 935 1026 990 deinde
1051 933 1166 1004 ejus
1192 933 1496 1002 malignitas
1540 930 1797 986 condem-

229 1041 389 1084 natur.
420 1028 579 1082 Virus
599 1028 763 1092 enim,
787 1019 932 1096 quod
954 1024 1302 1095 persuasione
1325 1039 1420 1078 sua
1451 1022 1502 1076 in
1522 1021 1795 1076 hominem

231 1119 593 1184 transfuderat,
619 1133 762 1172 nunc
790 1116 1049 1184 rejicitur,
1084 1130 1226 1170 nunc
1253 1123 1504 1178 curatur;
1534 1127 1660 1167 nam
1676 1126 1799 1167 cum

231 1215 377 1268 homo
414 1209 652 1281 passioni
698 1209 994 1273 addicitur,
1025 1223 1135 1260 non
1190 1206 1354 1260 morti
1403 1205 1651 1271 traditur,
1701 1203 1798 1259 sed

231 1303 401 1358 mortis
432 1303 485 1357 in
515 1318 585 1357 eo
614 1301 821 1356 facinus
849 1300 1195 1365 emendatur;
1224 1300 1329 1354 hoc
1374 1299 1517 1354 enim
1557 1299 1665 1366 agit
1693 1297 1798 1351 Do-

231 1395 388 1447 minus
409 1408 509 1462 per
536 1392 834 1458 hominem,
855 1406 1015 1459 quem
1043 1391 1296 1459 suscepit,
1324 1397 1379 1443 ut
1402 1389 1527 1443 dum
1545 1389 1802 1442 innocens

232 1485 434 1556 patitur,
464 1481 924 1553 praevaricationis
953 1481 1094 1536 illius
1122 1479 1400 1535 diabolica:
1422 1480 1474 1534 in
1523 1495 1590 1534 eo
1615 1479 1800 1534 inube-

231 1577 410 1632 dicntia
433 1575 459 1614 δ
489 1575 810 1644 corrigatur,
838 1573 992 1646 153
1023 1581 1079 1628 et
1119 1571 1373 1642 deinceps
1421 1571 1557 1626 liber
1585 1586 1614 1624 a
1644 1570 1801 1639 culpa

1901 581 2026 619 num
2055 563 2260 632 Jesum,
2291 566 2381 635 qui
2411 582 2508 620 nos
2538 568 2786 636 passione
2812 585 2906 623 sua
2937 571 3205 641 liberavit,
3235 575 3287 628 in
3316 575 3486 644 ipsum

1900 658 2222 728 aspiciamus
2249 674 2482 728 semper,
2509 670 2530 696 ε
2560 668 2614 714 et
2639 661 2805 730 ipsius
2832 662 2986 730 signo
3036 680 3333 733 speremus,
3387 683 3488 722 no-

1900 749 2025 802 stris
2046 748 2355 803 vulneribus
2372 749 2720 816 medicinam;
2745 753 2847 808 hoc
2875 762 2960 808 est
2987 755 3032 809 si
3054 754 3192 810 forte
3222 758 3377 812 nobis
3394 773 3488 812 vc-

1905 855 2101 894 nenum
2123 841 2362 895 avaritia:
2384 857 2443 895 se
2465 842 2736 912 diﬁ'undit,
2780 845 2950 915 ipsum
2981 848 3405 924 consideremus,
3433 859 3490 905 et

1904 940 2086 997 s:mat;
2110 932 2154 986 si
2177 932 2476 1001 scorpionis
2501 949 2599 988 nos
2627 934 2790 990 libido
2819 941 3147 1007 eompungit,
3181 940 3355 1010 ipsum
3398 958 3491 997 τοι

1903 1038 2111 1093 gemus,
2137 1032 2192 1079 et
2227 1033 2410 1089 curat;
2440 1026 2598 1098 15!.
2623 1026 2670 1080 si
2711 1034 3044 1084 terrenarum
3099 1032 3488 1099 cogitationum

1905 1132 2005 1169 nos
2033 1132 2245 1170 morsus
2265 1116 2523 1180 lacerant,
2547 1117 2794 1172 eumdem
2823 1135 3126 1189 precemur,
3152 1132 3207 1177 et
3235 1123 3486 1179 vivimus.

1907 1207 1969 1260 lli
2000 1206 2140 1260 enim
2170 1215 2294 1260 sunt
2321 1207 2623 1276 spirituales
2651 1219 2930 1278 serpentes
2951 1213 3248 1266 animarum
3279 1223 3489 1268 nostra-

1906 1314 2044 1360 rum,
2068 1305 2287 1366 propter
2307 1313 2444 1366 quos
2467 1299 2862 1356 conculcandos
2901 1301 3159 1358 Dominus
3202 1304 3490 1360 cruciﬁxus

1902 1399 2006 1451 est,
2030 1388 2098 1443 de
2126 1389 2321 1457 quibus
2347 1389 2461 1458 ipse
2489 1391 2568 1443 ait
2593 1408 2604 1441 :
2641 1389 2810 1461 Super
2829 1403 3090 1461 serpentes
3119 1402 3166 1447 et
3191 1397 3489 1466 scorpiones

1906 1479 2253 1546 ambulabitis,
2285 1489 2333 1534 et
2360 1480 2490 1534 nihil
2513 1480 2650 1536 vobis
2680 1483 2932 1536 nocebunt
2968 1485 2985 1555 (
3013 1483 3139 1538 Luc.
3174 1486 3241 1555 χ)
3277 1487 3313 1538 ¹.

1636 1665 1976 1725 HOMlLlA
2022 1667 2092 1726 L.

1535 1763 1615 1818 De
1643 1782 1792 1820 cruce
1811 1764 2022 1821 Domini
2066 1767 2149 1821 11.

1640 1857 2030 1913 ADMONITIO.

295 1951 456 2038 llnjtrt‘s
481 1966 704 2038 quoqu
725 1950 961 2038 honiilize
991 1967 1110 2038 esse
1139 1960 1414 2038 auctorem
1444 1949 1902 2038 Maximum,_non
1952 1960 2133 2038 autem
2147 1955 2526 2038 Ambrosium,
2550 1961 2801 2038 monachi
2831 1961 3162 2038 Benedictini
3191 1981 3488 2038 congrega-

236 2023 377 2102 tionis
404 2021 592 2102 Sancti
622 2022 827 2105 .Manri,
857 2021 1193 2105 Gennadimn
1234 2022 1483 2105 eumdem
1529 2021 1720 2105 secuti,
1766 2021 2091 2105 judicarunt.
2120 2025 2327 2105 ⁸ἱξέςςιυίξ
2353 2044 2482 2105 vero
2507 2021 2804 2105 gravissimi
2834 2033 3002 2105 hujus
3035 2021 3490 2105 scriptori;

235 2093 448 2176 nuntium
479 2092 834 2176 rI-jiciendum
867 2092 1143 2176 esthqutud
1173 2092 1226 2145 in
1253 2092 1422 2176 tritius
1444 2089 1926 2176 codicibusnsteculi
1950 2109 2047 2176 an,
2081 2089 2332 2176 videlicet
2357 2089 2799 2176 V_aticano_1270,
2830 2089 2949 2172 pag.
2969 2089 3064 2176 27,
3091 2089 3486 2176 etlﬁlbl

237 2161 311 2234 ts.
337 2172 386 2214 et
410 2160 635 2234 lv_I_’lut.
671 2179 684 2214 :
709 2159 1041 2234 _xAx:u|i,_oliui
1066 2160 1276 2214 Sanctae
1299 2159 1493 2234 Crucis
1502 2159 1554 2234 Μ
1564 2161 1699 2213 inor.
1725 2160 2012 2234 Copve_nt.,
2037 2164 2197 2218 modo
2226 2166 2354 2218 bibl.
2389 2159 2979 2234 Laurentianze,'s'an‘eu
3005 2159 3268 2230 Ambrosii
3293 2159 3488 2231 n'olneii

234 2230 437 2299 legatur.
474 2231 610 2308 Nam
636 2231 790 2308 nobis
806 2231 1027 2308 _eodices
1049 2239 1258 2308 prmsto
1293 2239 1436 2308 sunt,
1482 2230 1624 2308 iiqne
1650 2229 1929 2308 inmolari"
1960 2241 2252 2308 ac.ve_tcres
2280 2237 2538 2308 quinque,
2568 2240 2619 2292 in
2647 2229 2841 2308 quibus
2871 2244 3040 2296 nostri
3067 2245 3240 2298 sancti
3261 2229 3487 2298 Maximi

235 2298 411 2373 neuneu
440 2302 704 2373 scriptum
733 2300 1013 2373 videmus:
1048 2298 1427 2373 Sangallensis.
1463 2307 1518 2353 et
1558 2298 1626 2351 90
1649 2298 1860 2373 S_a_nct:e
1889 2299 2074 2356 Crucis
2111 2298 2486 2373 inAJerusale'm
2519 2298 2737 2363 homilia
2777 2309 2868 2373 56,
2894 2319 2948 2365 et
2974 2313 3042 2366 99
3073 2314 3282 2368 Sancte
3302 2314 3489 2369 Crucis

239 2372 282 2423 in
320 2367 618 2440 Jerusalem
667 2371 887 2424 homilia
930 2369 1027 2440 ξε),
1057 2379 1110 2422 et
1139 2369 1527 2440 Laurentianus
1553 2385 1618 2432 Χ,
1669 2367 1808 2440 Plut.
1855 2386 1964 2431 xw,
2002 2385 2122 2440 pag.
2157 2371 2261 2425 298
2295 2392 2307 2426 :
2342 2373 2477 2429 Item
2507 2378 2570 2431 de
2608 2396 2758 2432 cruce
2786 2388 2836 2433 et
2858 2367 2938 2435 Ide
2978 2367 3360 2438 resurrectione
3382 2367 3489 2440 Ilo:

235 2443 375 2519 mini;
395 2451 466 2519 et
509 2439 867 2519 Taurinennsis
892 2458 904 2492 :
939 2439 1072 2519 Item
1094 2451 1148 2519 et
1178 2439 1240 2492 de
1269 2439 1490 2519 eadem_(
1507 2454 1657 2519 cruce
1680 2439 1719 2519 ).,
1747 2439 2099 2519 insepultum
2133 2441 2361 2519 Domini.
2410 2446 2630 2519 Accedit
2675 2465 2882 2503 summa
2912 2451 3174 2506 editorum
3205 2439 3489 2509 consensio

236 2509 478 2592 lettnlci,
515 2509 795 2592 Galesinii,
829 2509 1063 2592 Cmndii,
1093 2507 1726 2592 Baypandi,’Mprgarini.
1759 2507 1868 2588 seq
1889 2507 1933 2562 is
1961 2525 1991 2562 a
2014 2513 2320 2592 (κείω-ἰερε
2354 2516 2646 2592 epigraphe
2673 2519 2910 2574 dissidet.
2945 2521 3074 2574 Nam
3106 2507 3246 2592 apud
3278 2524 3398 2578 illos
3426 2507 3490 2578 ea

237 2577 302 2656 sic
326 2581 479 2656 habet
510 2579 634 2656 :_De
661 2595 808 2632 cruce
843 2589 893 2632 et
917 2577 1424 2656 passioneDomini.
1459 2577 1614 2656 Apud
1643 2577 1999 2656 Margarinum
2019 2595 2150 2656 vero
2179 2601 2191 2635 :
2226 2577 2471 2656 [familia
2513 2577 2577 2640 Π
2612 2589 2675 2642 de
2697 2607 2846 2642 cruce
2882 2599 2931 2643 et
2960 2577 3225 2656 sepultura
3256 2577 3487 2648 Domini.

236 2647 456 2726 llonitns
486 2648 563 2726 ad
590 2659 888 2702 extremum
916 2648 1148 2726 lectores
1176 2648 1319 2726 volo,
1365 2648 1416 2700 in
1446 2647 1682 2700 editione
1721 2656 1907 2726 nostra
1952 2649 2227 2726 homiliam
2257 2655 2501 2709 eamdem
2539 2658 2592 2711 in
2623 2659 2736 2713 hmc
2763 2661 2927 2714 verba
2958 2647 3204 2717 (lesinere
3237 2681 3249 2716 :
3277 2647 3487 2726 Omnes,

233 2733 345 2800 quos
364 2717 624 2800 retinebat
650 2729 910 2800 πων-τεῳ..
925 2720 1232 2800 germinavit
1255 2726 1586 2800 {propterea
1609 2715 1754 2800 quod
1777 2725 1990 2800 caetera,
2023 2736 2140 2800 qua:
2169 2723 2222 2778 in
2256 2726 2623 2795 superioribus
2652 2728 2979 2786 editionibus
3016 2715 3264 2800 leguntur
3292 2715 3359 2787 ad
3389 2715 3488 2786 ho;

233 2789 416 2842 miliam
443 2788 533 2842 De
554 2805 766 2857 corpore
786 2786 976 2841 Christi
1002 2786 1324 2856 pertineant,
1358 2795 1416 2840 ut
1440 2803 1539 2841 suo
1562 2787 1683 2841 loco
1710 2786 2186 2847 demonstrabitur.

236 2880 616 2962 Anconstv'ruu.
646 2913 720 2963 -τ
750 2879 972 2964 Rursum
1017 2880 1326 2964 disserit‘de
1356 2880 1600 2964 salutaris
1637 2879 1802 2964 crucis
1835 2899 1878 2959 Β
1908 2881 2075 2950 ﬁgura
2106 2887 2249 2940 enim
2298 2891 2618 2945 sacramenti
2655 2892 2898 2962 quaedam
2947 2899 3030 2947 est
3053 2893 3228 2948 velum
3270 2909 3488 2964 suspen‘

293 2952 1167 3053 siqnoamiqﬂapi’tn:fjﬁvznare,
1225 2959 1421 3004 terram
1459 2951 1578 3012 colt,
1621 2948 1801 3005 σαείαπι
1912 2993 2030 3034 sum
2060 2980 2114 3034 in
2142 2981 2356 3048 arbore,
2383 2984 2537 3053 quasi
2562 2984 2808 3040 Christus
2832 2986 2904 3040 sit
2931 2985 3194 3041 exaltatus
3222 2987 3276 3042 in
3296 3002 3488 3052 cruce;

295 3023 410 3090 regi,
440 3022 684 3076 homines
717 3022 1028 3075 conservari.

294 3173 535 3229 Diximus
567 3175 812 3229 hesterna
861 3174 947 3228 die
988 3174 1131 3244 quod
1175 3191 1304 3230 crux
1334 3175 1546 3229 Domini
1575 3175 1806 3266 salutem

232 3267 398 3331 generi
427 3266 728 3321 contulerit
749 3267 1013 3330 humano;
1045 3275 1295 3321 etverqu
1318 3277 1418 3322 est.
1454 3267 1639 3323 Passio
1662 3271 1806 3322 enim

235 3356 362 3411 illius
381 3367 572 3412 nostra
603 3358 901 3427 redemptio
923 3367 1023 3424 est,
1049 3375 1193 3413 mors
1213 3357 1328 3426 ejus
1352 3361 1457 3413 vita
1490 3367 1670 3414 nostra
1692 3368 1802 3427 est;

231 3445 341 3502 ideo
366 3457 556 3503 autem
595 3448 735 3501 mala
777 3449 889 3502 haec
915 3457 1106 3503 cuncta
1148 3450 1419 3511 sustinuit,
1444 3459 1502 3504 ut
1542 3466 1639 3504 nos
1667 3452 1806 3506 bona

231 3540 394 3592 ontriia
421 3539 779 3604 sentiremus;
825 3538 947 3592 ideo
974 3539 1346 3593 crudelitatem
1392 3541 1442 3594 in
1483 3555 1540 3594 se
1561 3542 1806 3596 exerceri

232 3629 436 3697 maluit,
481 3635 548 3682 ut
592 3628 746 3682 nobis
785 3627 1212 3682 misericordiam
1264 3630 1577 3698 largiretur,
1630 3631 1806 3686 bonus

232 3717 342 3773 ideo
369 3721 418 3772 in
449 3734 559 3773 nos
598 3719 670 3772 ita
712 3734 832 3773 esse
864 3719 1051 3783 voluit,
1095 3728 1152 3772 ut
1178 3728 1304 3774 ante
1346 3722 1398 3774 in
1439 3738 1498 3776 se
1536 3730 1678 3775 esset
1706 3723 1804 3775 im-

233 3809 403 3863 mitis:
443 3807 703 3862 auferens
741 3809 884 3863 enim
921 3823 1018 3878 per
1058 3824 1270 3864 crucem
1322 3810 1545 3865 humani
1591 3812 1805 3881 generis

231 3895 455 3966 injurias,
489 3913 683 3952 omnes
725 3913 816 3952 eas
847 3899 899 3952 in
941 3914 1034 3952 sua
1067 3899 1316 3968 passione
1359 3902 1714 3972 consumpsit,
1747 3911 1805 3957 ut

233 3987 440 4044 ulterius
473 4005 587 4043 non
634 3997 778 4044 esset
812 3989 839 4026 ά
889 3989 1092 4043 homini
1138 3991 1283 4058 quod
1323 4002 1562 4048 noceret.
1591 3993 1804 4049 Grande

229 4092 346 4145 ergo
374 4082 557 4135 crucis
583 4089 665 4135 est
683 4089 1109 4144 sacramentum;
1142 4090 1198 4136 et
1223 4083 1268 4135 si
1298 4085 1674 4152 intelligamus,
1705 4101 1804 4157 per

232 4166 321 4223 hoc
345 4171 562 4238 signum
591 4173 752 4228 etiam
783 4177 1008 4231 mundus
1040 4178 1152 4247 ipse
1180 4177 1416 4232 salvatur
1453 4193 1577 4230 nam
1607 4191 1729 4230 cum
1769 4192 1799 4229 a

1910 3078 2073 3140 atque
2101 3071 2223 3128 ideo
2255 3073 2579 3130 conﬁdentia
2617 3076 2686 3132 de
2727 3077 2987 3148 mysterio
3016 3078 3288 3146 veniente,
3320 3079 3491 3132 homi-

1911 3177 2010 3217 nes
2051 3173 2352 3218 ventorum'
2382 3167 2646 3234 procellas
2693 3169 3000 3237 negligunt,
3045 3169 3492 3239 peregrinationis

1907 3263 2035 3309 vota
2085 3258 2402 3325 suscipiunt.
2455 3257 2605 3312 Sicut
2653 3269 2834 3314 autem
2886 3259 3125 3316 Ecclesia
3175 3262 3292 3316 sine
3331 3276 3492 3317 cruce

1915 3347 2070 3416 155
2099 3354 2242 3399 stare
2295 3362 2403 3400 non
2431 3356 2637 3416 potest;
2667 3348 2739 3402 ita
2769 3357 2824 3403 et
2851 3350 2967 3404 sine
3006 3352 3199 3406 arbore
3229 3351 3380 3406 navis
3409 3352 3487 3405 in-

1911 3434 2059 3488 ﬁrma
2089 3443 2199 3498 est;
2230 3437 2412 3490 statim
2439 3437 2580 3490 enim
2618 3437 2634 3474 τ
2667 3438 2913 3494 diabolus
2951 3440 3241 3510 inquietat,
3271 3450 3326 3496 et
3348 3442 3492 3495 illam

1911 3536 2104 3582 ventus
2133 3527 2338 3594 allidit;
2369 3537 2424 3583 at
2455 3530 2542 3583 ubi
2585 3531 2795 3598 signum
2833 3533 3007 3587 crucis
3035 3533 3278 3600 erigitur,
3309 3534 3491 3586 statim

1909 3626 1963 3674 et
1983 3619 2179 3673 diaboli
2211 3620 2464 3688 iniquitas
2499 3621 2798 3690 repellitur,
2842 3630 2897 3676 et
2924 3629 3207 3677 ventorum
3253 3624 3490 3694 procella

1904 3712 2136 3780 sopitur.
2177 3710 2286 3766 Sed
2311 3719 2366 3767 et
2392 3712 2568 3768 bonus
2595 3715 2830 3781 agricola
2860 3732 2983 3772 cum
3022 3724 3181 3786 parat
3219 3725 3379 3772 terra:
3408 3733 3489 3772 so-

1908 3801 2018 3854 lum
2047 3809 2279 3866 vertere,
2331 3810 2387 3855 et
2414 3803 2536 3856 vita:
2584 3803 2839 3859 alimenta
2877 3806 3223 3876 perquirere,
3274 3809 3489 3862 nonnisi

1907 3907 2004 3961 per
2030 3891 2240 3959 signum
2264 3891 2440 3947 crucis
2468 3893 2520 3946 id
2548 3891 2724 3948 facere
2761 3904 3016 3962 conatur;
3045 3896 3168 3951 dum
3197 3899 3340 3952 enim
3371 3913 3491 3951 ara-

1907 3988 1992 4036 tro
2021 3981 2237 4035 dentale
2265 3982 2498 4050 subjicit,
2528 3983 2696 4052 atﬁgit
2735 4000 2914 4049 aures,
2947 3987 3139 4041 stivam
3189 3987 3393 4052 inserit,
3428 3987 3492 4039 ﬁ-

1906 4086 2093 4141 guram
2123 4074 2300 4128 crucis
2329 4075 2597 4142 imitatur;
2641 4086 2666 4123 Β
2702 4079 3005 4146 compactio
3027 4079 3168 4133 enim
3199 4081 3309 4149 ipsa
3339 4081 3492 4134 simia

1906 4164 2075 4220 litudo
2102 4165 2346 4233 quaedam
2377 4173 2460 4220 est
2484 4167 2769 4222 dominica:
2797 4171 3079 4238 passionis.
3115 4171 3319 4226 leum
3349 4189 3490 4242 quo-

232 4262 392 4314 nautis
419 4262 690 4317 scinditur
727 4281 895 4332 mare,
924 4268 1071 4336 prius
1099 4269 1167 4321 ab
1208 4268 1336 4337 ipsis
1364 4267 1524 4321 arbor
1576 4266 1800 4333 erigitur
1828 4262 1874 4325 C
1903 4273 2009 4329 que
2039 4259 2213 4328 ipsum
2250 4258 2408 4328 hujus
2451 4259 2586 4326 signi
2633 4261 2798 4327 ﬁgura
2849 4261 3163 4330 dispositum
3207 4273 3308 4318 est.
3355 4265 3488 4318 Nam

227 4348 388 4403 velum
409 4351 760 4422 distenditur,
793 4363 880 4419 ut,
913 4372 1073 4410 cruce
1110 4355 1321 4411 Domini
1350 4355 1510 4420 facta,
1540 4370 1798 4424 aquarum

227 4438 408 4496 ﬂuenta
439 4455 792 4514 rumpantur;
835 4456 889 4501 et
937 4449 1040 4503 hoc
1081 4449 1352 4503 dominico
1383 4458 1406 4486 ο
1435 4449 1610 4503 securi
1642 4448 1796 4515 signo

227 4543 426 4601 portum
478 4537 670 4591 salutis
716 4546 924 4608 petunt,
968 4541 1265 4610 periculum
1302 4541 1492 4595 mortis
1519 4540 1795 4606 evadunt;

289 4653 313 4681 ⁸
336 4649 388 4704 In
418 4660 654 4722 utroque
679 4643 941 4709 codices.
973 4654 1161 4710 Crucis
1191 4655 1243 4709 in
1272 4653 1407 4721 Jer.,
1439 4655 1573 4709 etin
1618 4653 1792 4708 Vatic.

225 4717 401 4774 desunt
431 4717 598 4775 verba
625 4739 760 4775 nunc
782 4725 936 4777 idem.

290 4790 311 4824 δ
333 4791 462 4844 (ind.
491 4791 667 4846 Vatic.
703 4793 861 4860 1270,
892 4795 1188 4848 collidatur.

289 4868 310 4936 ξ
335 4860 761 4936 Qodd._S.Cr_t_i_c_._
778 4864 838 4936 _iu
855 4863 1059 4936 Jer.,et
1089 4864 1269 4928 Laur.,
1289 4873 1336 4918 et
1352 4883 1416 4920 ex
1443 4865 1606 4934 ipsius
1631 4865 1794 4936 ligno.

283 4925 308 4964 ⁸
337 4931 475 4983 Cod.
511 4931 630 4985 Vat.
662 4931 794 4985 6431
853 4934 1110 4988 hominem
1137 4925 1273 4993 quod
1293 4925 1517 4990 noceret.

290 5046 303 5075 ¹
332 5045 647 5120 Sirenarum
680 5048 855 5120 tabula
887 5064 1015 5120 usus
1041 5056 1124 5120 est
1166 5050 1458 5120 tissimus,
1501 5057 1561 5120 ut
1591 5057 1792 5120 myste-

226 5112 349 5168 rium
373 5117 550 5170 crucis
578 5117 910 5185 explanaret.
942 5117 1193 5184 Ejusdem
1223 5112 1515 5173 llumerum
1546 5112 1792 5173 invento-

227 5198 326 5258 rem
359 5186 520 5258 fuisse
544 5201 704 5258 nemo
727 5188 916 5252 nescit,
949 5188 1040 5257 qui
1090 5189 1189 5243 hac
1232 5189 1490 5258 praaclara
1536 5189 1788 5256 imagine,

225 5250 419 5327 lilyssis
447 5255 826 5327 prudentiam,
857 5250 1527 5327 sagacitatem-animique
1579 5250 1794 5311 ﬁrmqu

222 5325 405 5396 ltflllilll
437 5325 714 5396 elude-udis
742 5326 1260 5381 oblectamentorum
1300 5325 1586 5388 illecebris,
1620 5336 1674 5381 et
1705 5342 1793 5396 pe-

223 5394 396 5468 riculis
425 5393 646 5468 miriﬁce
675 5397 1095 5468 commendavit.
1113 5397 1170 5452 ln
1191 5397 1510 5452 duodecimo
1534 5393 1787 5468 Odyssea;

223 5459 351 5514 lihro
380 5463 571 5535 legitur
592 5481 626 5535 ξι
651 5481 792 5518 vers.
825 5465 892 5518 47
927 5467 994 5520 ad
1039 5466 1125 5534 δι,
1155 5475 1211 5521 et
1242 5467 1374 5520 infra
1406 5459 1679 5535 copiosius
1720 5467 1788 5520 ad

223 5545 357 5585 vers.
409 5533 528 5585 177.
577 5531 790 5587 Omnes
828 5535 1045 5591 llomeri
1098 5531 1556 5592 commentatores
1603 5538 1671 5591 de
1723 5552 1786 5590 ea

222 5611 402 5665 agunt,
434 5611 486 5655 et
511 5617 576 5655 ex
602 5601 805 5660 Latinis
832 5609 1141 5662 auctoribus
1169 5607 1433 5662 Diodorus
1456 5607 1670 5661 Siculus
1692 5607 1784 5662 lib.

225 5685 294 5732 In,
325 5671 471 5738 Virg.
500 5671 715 5726 zEneid.
740 5674 830 5727 lib.
857 5690 946 5738 vn,
978 5675 1128 5730 Ovid.
1164 5677 1376 5730 Metam.
1404 5679 1494 5730 lib.
1520 5695 1626 5739 xw,
1647 5677 1784 5730 Boe~

226 5741 322 5794 tius
343 5741 407 5795 de
432 5742 632 5798 Consol.
666 5744 754 5798 lib.
788 5761 859 5810 tv,
893 5755 1047 5802 metr.
1082 5748 1133 5813 3,
1179 5757 1234 5802 et
1261 5749 1318 5803 S.
1369 5749 1694 5814 Augustinus
1723 5748 1786 5800 dc

1908 4364 2030 4404 cum
2059 4357 2292 4419 quatuor
2318 4349 2580 4419 partibus,
2605 4350 2708 4404 hoc
2731 4358 2812 4403 est
2838 4352 3071 4414 oriente,
3104 4360 3159 4406 ct
3187 4354 3488 4419 occidente,

1907 4457 1970 4498 ac
2001 4442 2321 4507 meridiano,
2352 4450 2406 4496 et
2433 4442 2804 4511 septentrione
2849 4442 3212 4510 distinguitur,
3257 4454 3489 4514 quatuor

1905 4535 2060 4606 quasi
2089 4535 2265 4591 crucis
2293 4535 2499 4604 angulis
2524 4532 2548 4570 ¹¹
2576 4535 2899 4590 continetur.
2937 4535 3106 4606 Ipsius
3135 4538 3278 4592 enim
3317 4538 3487 4593 inces~

1981 4663 2004 4724 ὲ
2038 4653 2276 4724 Uterque
2303 4650 2472 4704 codex
2491 4649 2557 4724 AS.
2589 4648 2776 4724 Crucis
2806 4652 2858 4724 in
2884 4651 3020 4724 Jer.,
3051 4663 3102 4724 et
3125 4654 3291 4724 securi
3314 4656 3486 4724 signo.

1983 4723 2002 4762 τ
2036 4722 2169 4777 Cod.
2198 4722 2346 4782 Vat.,
2376 4721 2555 4774 statim
2583 4723 2720 4774 enim
2742 4734 2790 4774 et
2820 4723 2954 4775 hanc
2984 4722 3239 4776 diabolus.

1975 4803 2000 4838 κ
2027 4792 2160 4845 Cod.
2212 4791 2280 4842 90
2328 4789 2384 4843 S.
2435 4788 2622 4846 Crucis
2661 4791 2712 4845 in
2741 4789 2877 4856 Jer.,
2928 4793 3250 4858 compositio,
3283 4801 3338 4848 et
3363 4795 3488 4851 cod.

1900 4863 2022 4919 Vat.
2055 4861 2213 4925 1‘270,
2237 4860 2574 4927 comparatio.

1971 4930 2000 4969 ιι
2028 4929 2160 4986 Cod.
2197 4930 2340 4994 Vat.,
2370 4931 2680 4985 continetur.
2728 4930 2899 5000 Ipsius
2923 4932 3060 4985 enim
3089 4933 3340 5002 incessus,
3381 4943 3490 4990 etc.

1901 5046 2050 5100 Civit.
2086 5045 2210 5107 Dei,
2254 5045 2348 5099 lib.
2380 5061 2524 5108 xvm,
2557 5059 2674 5112 cap.
2718 5042 3080 5112 17.,Sanctus
3115 5043 3400 5108 Maximus,
3433 5057 3488 5101 ut

1896 5117 2215 5187 mysterium
2238 5116 2412 5187 crucis
2441 5111 3004 5187 declararet,_Ulvssis_
3034 5113 3372 5181 ingeniosum
3403 5119 3487 5172 in-

1897 5182 2118 5240 ventum
2142 5185 2441 5254 proposuit.
2475 5183 2606 5254 ljiam
2637 5182 2680 5234 is
2709 5182 2886 5254 arbori
2916 5183 3186 5254 alligatus,
3221 5189 3490 5242 obturalis

1897 5251 2168 5311 sociorum
2199 5251 2439 5318 auribus,
2470 5251 2781 5306 Sirenarum
2832 5253 3052 5308 insidias
3081 5257 3269 5320 evasit,
3315 5267 3371 5310 et
3401 5259 3485 5310 in-
3527 5291 3530 5294 ι

1895 5326 2123 5380 colmnis
2149 5341 2263 5394 quo
2281 5323 2531 5394 tendebat
2551 5323 2798 5390 pervenit
2815 5321 3097 5394 ;7Christus
3125 5328 3267 5380 cruci
3293 5325 3486 5382 afﬁxus

1898 5395 2147 5449 absoluto
2169 5392 2562 5461 redemptionis
2600 5406 2785 5460 opere.
2819 5393 3116 5449 diabolicas
3159 5397 3291 5450 vicit
3338 5397 3486 5450 frau-

1895 5465 2010 5524 des.
2043 5474 2097 5517 et
2117 5464 2344 5518 salutem
2375 5461 2622 5516 omnibus
2650 5463 2850 5516 attulit.
2903 5462 2948 5516 A
2989 5464 3164 5519 fabula
3205 5474 3382 5520 autem
3413 5467 3482 5520 ad

1895 5535 2187 5604 Scriptura:
2213 5535 2495 5586 veritatem
2529 5535 2720 5586 transit
2760 5532 3022 5590 Maximus
3044 5577 3058 5599 ,
3094 5545 3151 5589 ut
3181 5537 3316 5590 sacri
3348 5538 3480 5590 scri-

1893 5607 2065 5674 ptoris
2093 5605 2461 5676 characterem
2493 5613 2708 5676 servet,
2741 5612 2907 5672 atque
2953 5607 3266 5676 mysterium
3307 5608 3481 5662 crucis

1898 5677 1948 5728 in
1979 5681 2226 5742 serpente
2253 5674 2629 5742 prcesiguatum
2652 5674 2900 5730 illustret.
