4042 6192
528 332 635 390 345

1539 335 1597 390 S.
1638 286 1884 390 hlAXlMl
1922 332 2227 390 EPISCOPI
2265 332 2730 388 TAURINENSIS

3699 330 3796 388 511

526 459 620 501 sus
647 443 901 510 hominis,
951 459 1074 500 cum
1116 457 1307 498 manus
1349 442 1610 497 levaverit
1655 458 1869 499 crucem
1906 444 2110 525 pingit,
2139 453 2184 511 Α
2215 458 2337 497 suas
2366 443 2599 513 Moyses,
2627 441 2859 497 uincebat
2883 440 3069 508 Israel,
3105 450 3130 478 ει
3153 458 3268 495 cum
3288 451 3458 495 autem
3481 441 3799 513 deposuisset

527 544 691 606 atque
714 534 837 590 ideo
863 535 1020 606 156
1039 534 1265 589 elevatis
1292 533 1538 587 manibus
1559 548 1717 588 orare
1744 535 2105 604 praecipimur,

525 635 589 682 ut
623 627 742 698 ipso
784 640 1000 696 quoque
1041 624 1406 680 membrorum
1454 633 1607 693 gestu
1653 625 1961 694 passionem
2007 625 2109 680 Do-

523 716 658 770 mini
703 714 994 779 fateamur;
1037 721 1167 770 tunc
1203 713 1348 767 enim
1392 713 1552 768 citius
1594 722 1779 767 nostra
1820 713 2106 768 exauditur

522 806 720 869 oratio,
762 820 887 860 cum
932 803 1227 872 Christum,
1274 817 1435 873 quem
1473 817 1625 857 mens
1654 803 1908 873 loquitur,
1938 803 2103 857 etiam

519 912 718 968 corpus
746 897 1001 951 imitatur.
1028 894 1143 952 Hoc
1160 896 1323 951 etiam
1350 894 1599 971 exemplo
1625 893 1837 967 Moyses
1862 904 2101 960 sanctus,

2218 550 2403 588 manus
2423 549 2565 598 suas,
2597 532 2982 588 convalescebat
3009 532 3254 586 Amalech
3278 530 3476 602 (Exod.
3503 532 3654 601 xvu).
3686 532 3798 590 lloc

2213 623 2376 691 igitur
2403 622 2673 678 dominico
2700 624 2854 691 signo
2894 623 3157 678 scinditur
3183 638 3350 689 mare,
3381 631 3528 676 terra
3577 623 3794 690 colitur,

2213 713 2406 768 omium
2435 714 2662 782 regitur,
2694 713 2942 768 homines
2958 721 3369 769 conservantur.
3395 711 3529 779 lloc,
3557 713 3791 782 inquam,

2212 804 2486 860 dominico
2515 804 2670 872 signo
2710 805 2874 859 etiam
2925 811 3235 858 reserantur
3274 802 3512 868 inferna;
3564 819 3687 856 nam
3728 819 3793 858 ex

2214 911 2323 965 quo
2353 896 2518 951 homo
2549 895 2811 950 Dominus
2834 893 3010 960 Jesus,
3043 895 3135 964 qui
3173 894 3346 963 ipsam
3375 910 3589 950 crucem
3619 902 3794 962 gesta-

520 1004 643 1045 eum
671 996 862 1044 contra
910 987 1169 1043 Amalech
1209 986 1410 1042 bellum
1458 994 1694 1055 gereret,
1747 1001 1856 1041 non
1904 987 2101 1051 armis,
2207 985 2320 1051 hat,
2374 985 2615 1055 sepultus
2665 986 2719 1041 in
2769 994 2913 1040 terra
2960 993 3072 1051 est;
3121 985 3288 1040 veluti
3336 983 3555 1054 dirupta
3604 984 3675 1039 ab
3728 1000 3793 1039 eo

518 1092 630 1135 non
661 1080 823 1143 ferro,
854 1079 948 1135 sed
969 1079 1193 1135 elevatis
1220 1074 1343 1133 eum
1373 1076 1440 1131 ad
1468 1076 1641 1131 Deum
1667 1078 1914 1132 manibus
1940 1092 2104 1147 supe-
2207 1074 2237 1115 δ
2281 1084 2506 1130 exarata
2554 1086 2717 1139 terra,
2767 1089 2954 1131 omnes
2980 1117 2998 1141 ,
3039 1089 3177 1143 quos
3217 1075 3486 1130 retinebat
3524 1082 3790 1136 mortuos,

516 1174 692 1238 ravit;
716 1174 798 1229 sic
823 1172 967 1227 enim
987 1170 1155 1225 habes
1175 1168 1432 1238 scriptum
1464 1185 1477 1219 :
1505 1165 1630 1220 Cum
1651 1166 1898 1221 elevasset
1919 1182 2105 1221 manus
2207 1167 2527 1235 geminavit
2558 1167 2595 1220 ¹.

1910 1256 2256 1319 HOMILIA
2298 1258 2400 1321 LI.

1840 1354 1919 1410 De
1943 1366 2125 1412 sancto
2153 1356 2359 1413 latrone
2385 1358 2435 1411 1.

1954 1448 2342 1527 ΑωιυΝιΤιο.

587 1550 780 1619 Magna
807 1556 891 1604 est
915 1548 1240 1619 scriptorum
1263 1546 1332 1601 de
1359 1554 1600 1619 auctore,
1630 1544 1699 1601 de
1725 1544 1904 1619 titulo,
1953 1543 2301 1619 dequ_e_initio
2319 1544 2553 1619 hujusce
2593 1544 2829 1619 hemina:
2854 1544 3268 1619 dissensio.qu
3298 1543 3351 1598 in
3380 1542 3793 1619 codicesValli-

520 1612 782 1678 cellarium
824 1635 885 1685 ιι,
943 1625 999 1671 et
1025 1612 1344 1671 Vaticanum
1397 1613 1537 1670 6452
1576 1630 1714 1685 eam;
1743 1615 1975 1685 intulere
2024 1612 2380 1685 calligraphi,
2403 1612 2599 1670 sancto
2633 1613 3050 1685 LeoniWMagno
3082 1613 3497 1685 adjudicandam
3526 1613 3793 1668 existima~

518 1698 666 1746 runt.
696 1686 802 1744 Sed
834 1682 933 1743 hos
959 1685 1230 1741 Ballerinii
1268 1685 1463 1740 fratres
1501 1685 1557 1739 in
1584 1682 1783 1753 celebri
1812 1683 2051 1738 editione
2079 1682 2307 1753 operum
2333 1683 2450 1752 ejus
2484 1683 2658 1753 saneti
2680 1682 3133 1753 pontificis'nihili
3156 1682 3453 1738 iaciendos
3481 1697 3604 1737 esse
3632 1691 3791 1752 puta-

516 1768 667 1815 runt.
699 1757 756 1812 ln
777 1756 964 1813 codice
984 1755 1250 1810 Vaticano
1289 1753 1536 1808 Palatino
1577 1751 1711 1806 4951
1745 1753 2016 1808 omittitur
2056 1751 2296 1810 auctoris
2329 1768 2548 1808 nomen.
2588 1751 2722 1806 Eam
2763 1753 2817 1807 in
2850 1753 3237 1809 Ambrosianos
3264 1766 3543 1806 sermones
3561 1751 3793 1819 coiijecit

517 1827 767 1887 Gillotius
793 1826 970 1894 editor
989 1823 1310 1902 l’arisiensis
1334 1838 1463 1893 opp.
1494 1822 1995 1902 ambrosianorum,
2026 1834 2187 1902 quem
2200 1823 2385 1902 secuti
2408 1830 2534 1877 sunt
2559 1830 2840 1902 curatores
2876 1821 3133 1902 Romana:
3158 1821 3294 1902 Sigei
3324 1821 3595 1902 editionis.
3626 1821 3793 1877 Nobis

516 1907 701 1953 autem
725 1904 828 1961 est,
855 1890 975 1950 esse
994 1893 1229 1948 Maximo
1256 1890 1625 1949 asserendam.
1656 1890 1767 1947 Cur
1794 1899 1975 1961 autem
2006 1890 2085 1947 sic
2110 1898 2409 1947 statuamus
2436 1906 2615 1947 causa:
2641 1899 2766 1945 sunt
2810 1907 2941 1947 sane
2984 1893 3187 1946 multae.
3219 1891 3351 1945 Nam
3388 1900 3445 1945 et
3472 1906 3794 1961 nexusAcum

516 1966 741 2022 homilia
767 1959 1047 2035 superiore
1091 1963 1243 2035 satis,
1279 1969 1341 2035 et
1385 1962 1679 2035 stylusﬂqui
1724 1961 1885 2031 plane
1911 1959 2278 2035 Alasimiantts
2302 1969 2418 2035 est,_
2438 1969 2493 2016 et
2538 1960 3140 2035 ratioAadducendorum
3170 1961 3412 2035 locorum
3447 1975 3616 2035 saepe
3642 1959 3794 2035 Scri-

538 2045 695 2091 itura:
721 2028 850 2103 quae
869 2040 1018 2103 cerle
1042 2040 1126 2103 est
1154 2028 1386 2103 maximo
1412 2028 1801 2103 p'eeuliarisget
1827 2030 2047 2103 codices
2070 2045 2202 2087 mss.
2228 2030 2567 2103 insigniores,
2599 2037 2660 2085 ut
2680 2028 3065 2103 Sangallensis,
3095 2039 3153 2103 ut
3179 2028 3247 2103 9_9
3275 2030 3345 2083 Sa
3357 2037 3494 2083 nctze
3516 2028 3714 2103 Crucis
3743 2031 3794 2085 in

554 2098 850 2170 erusalem,
871 2111 930 2157 ut
956 2100 1325 2166 Tauriuensis,
1377 2098 1437 2155 ut
1474 2098 1877 2170 Laurentianus
1903 2117 1958 2166 χ,
1990 2098 2133 2170 Plut.
2150 2116 2269 2170 lxxv
2288 2139 2329 2170 ,Α
2354 2101 2406 2154 in
2447 2115 2570 2154 eam
2615 2115 2718 2155 nos
2762 2098 3082 2170 scntentiam
3130 2098 3482 2170 induxerunt;
3513 2099 3566 2153 in
3596 2114 3703 2167 qua
3731 2116 3797 2154 eo

515 2190 705 2230 sumus
732 2168 991 2242 majorem
1006 2171 1071 2242 _in
1100 2170 1319 2227 modum
1348 2169 1670 2242 confirmati,
1701 2185 1810 2238 quo
1851 2168 2106 2225 monachi
2149 2168 2489 2242 Benedictini
2517 2177 2827 2242 congregat.
2865 2169 3050 2242 Sancti
3097 2169 3289 2242 Mauri,
3335 2183 3457 2223 eam
3502 2183 3624 2224 esse
3641 2170 3795 2242 apud

515 2238 1115 2298 Maximum'videndam
1143 2247 1400 2296 moneant
1419 2240 1474 2293 in
1506 2254 1602 2294 sua
1642 2254 1952 2295 sermonum
1990 2239 2165 2294 sancti
2204 2238 2475 2295 Ambrosii
2524 2239 2864 2294 collectione.
2897 2238 3132 2293 Maximo
3175 2239 3305 2293 item
3352 2253 3475 2293 eam
3516 2238 3795 2294 ascribunt

516 2311 829 2384 gymnicus,
857 2310 1179 2384 Galesinius,
1211 2308 1842 2384 cumdius,__liaynaudus
1868 2316 1925 2365 et
1950 2307 2312 2384 Margarinus._
2336 2309 2413 2364 Ac
2432 2308 2501 2364 de
2529 2316 2750 2384 auetore
2786 2308 3004 2384 quidem
3033 2308 3203 2384 hujus
3240 2308 3475 2384 homiliaa
3505 2308 3792 2384 hactenus.

515 2375 670 2438 Nunc
696 2382 765 2437 de
794 2381 970 2435 titulo.
998 2378 1050 2433 ls
1080 2380 1132 2434 in
1166 2375 1446 2436 codicibus
1493 2375 1849 2447 Sangallensi,
1890 2386 1948 2434 et
1996 2375 2334 2448 Taurinensi,
2385 2385 2441 2434 et
2481 2376 2620 2448 apud
2647 2375 2983 2448 Gymnicum,
3024 2376 3378 2448 Galcsiniu‘m,
3416 2375 3794 2448 Raynaudum,

516 2450 821 2515 Cumdium,
854 2448 1211 2518 hlargarinum
1232 2456 1312 2503 est
1347 2465 1361 2501 :
1396 2449 1474 2518 Qe
1504 2445 1932 2518 sanctoitatrone.
1962 2448 2021 2503 In
2048 2446 2472 2518 Laurentiano;
2505 2445 2624 2518 :'D_e
2657 2445 2840 2518 sancta
2889 2449 3151 2518 passione.
3194 2447 3253 2518 ιιι
3280 2445 3717 2518 δειιιοιώϐτιιείξ
3741 2447 3793 2502 in

515 2518 816 2575 Jerusalem
846 2516 915 2571 99
947 2515 1066 2572 :‘De
1099 2518 1181 2571 die
1196 2527 1380 2587 sancto
1408 2516 1649 2587 Paschw.
1686 2517 1745 2572 ln
1771 2518 2030 2574 Vaticano
2058 2515 2305 2573 Palatino
2327 2516 2459 2571 4951
2512 2535 2525 2572 :
2568 2515 2650 2571 De
2675 2517 2781 2587 ﬁde
2821 2515 2989 2571 sancti
3018 2517 3255 2582 latronis,
3286 2519 3372 2579 qui
3415 2518 3471 2570 in
3502 2533 3654 2587 cruce
3684 2516 3795 2571 Do-

514 2591 713 2659 minum
738 2590 1003 2659 confessus
1028 2596 1124 2642 est.
1164 2586 1274 2659 Nos
1299 2585 1676 2659 pervulgatum
1703 2587 2110 2659 adsciscendum
2123 2588 2295 2659 pohis
2313 2588 2637 2659 putavimus,
2666 2585 2845 2659 quiut
2873 2587 3366 2659 animadvertimus,
3398 2594 3481 2641 est
3514 2585 3594 2659 De
3611 2595 3795 2659 sancto

518 2658 745 2713 latrone.
772 2655 963 2712 Restat
990 2656 1141 2713 locus
1164 2656 1232 2712 de
1252 2655 1486 2712 humilia:
1516 2656 1692 2712 initio.
1719 2656 1780 2712 In
1820 2657 2096 2713 codicibus
2122 2655 2386 2713 Vaticano
2415 2656 2557 2710 6452
2591 2665 2646 2710 et
2672 2655 3025 2712 Vallicellano
3052 2673 3088 2711 ιι
3136 2663 3220 2712 est
3246 2655 3555 2723 huiusmodi
3589 2674 3602 2708 :
3636 2657 3795 2709 Audit

513 2728 572 2782 in
596 2728 837 2798 prcesenti
864 2727 1071 2782 di!ectio
1098 2734 1287 2799 uestra,
1324 2728 1536 2799 fratres,
1565 2726 1689 2798 quid
1724 2728 1814 2799 sit,
1842 2726 1976 2799 quod
2003 2726 2101 2799 iste
2126 2726 2261 2799 latro
2288 2727 2532 2781 in‘cruce
2575 2725 2790 2799 Domini
2817 2728 3103 2799 constituto
3137 2742 3242 2781 non
3264 2726 3429 2780 solum
3467 2736 3796 2799 peccatorum

511 2795 725 2879 errorum
744 2799 942 2879 ueniam
970 2795 1428 2879 consequitur,sed
1450 2795 1609 2879 etiam
1635 2795 1876 2879 paradisi
1902 2798 2191 2879 amoenitate
2212 2796 2456 2876 donatur,
2487 2795 2678 2879 etc...ln
2709 2796 2948 2879 editione
2970 2796 3179 2879 §ixtina
3207 2810 3431 2879 operum
3459 2795 3632 2879 sancti
3661 2795 3796 2849 Am-

513 2865 681 2938 brosii
713 2885 727 2921 :
762 2865 1021 2938 Quoniam
1048 2864 1204 2921 hodie
1231 2864 1503 2938 Evangelii
1531 2864 1682 2921 lectio
1711 2867 1775 2921 de
1796 2867 1998 2938 latrone
2024 2867 2146 2938 fecit
2165 2866 2497 2938 mentionem,
2528 2865 2812 2938 videamus,
2842 2874 2948 2921 etc.
2976 2864 3457 2938 ANeutram’harum
3498 2864 3798 2920 lecti0num

512 2937 683 3018 secuti
711 2952 916 2993 sumus.
961 2935 1094 2991 Eam
1147 2933 1494 3007 probavimus
1538 2951 1658 3007 quae
1695 2944 1752 2992 et
1797 2933 2180 3006 insignius-ibus
2216 2934 2491 2991 codicibus
2521 2935 2850 3003 continetur,
2882 2943 2939 2991 et
2967 2933 3177 2991 (innata
3223 2942 3310 2991 est
3347 2934 3618 2990 editorum
3665 2949 3796 2991 cou-

512 3021 788 3062 SGIISIODC.

521 3096 917 3152 Anccuss'ruu.
949 3128 1023 3139 ——
1060 3094 1142 3150 De
1169 3096 1361 3162 causis,
1403 3063 1473 3151 οἷ
1499 3112 1629 3167 quos
1670 3097 1807 3151 latro
1833 3098 2107 3169 pmniteus,
2138 3102 2186 3163 Β
2215 3096 2365 3151 mino
2393 3096 2689 3152 constituto
2716 3113 2825 3153 non
2854 3098 3027 3153 solum
3068 3105 3413 3168 peccatorum
3451 3111 3673 3151 suorum
3704 3111 3797 3151 ve-

582 3202 697 3240 rum
729 3184 937 3241 Christo
976 3185 1119 3240 cruci
1166 3186 1372 3257 aﬂixus,
1418 3194 1523 3239 tam
1564 3187 1666 3241 cito
1692 3188 1993 3257 paradisum
2040 3187 2105 3241 ab

588 3277 769 3333 eodem
794 3286 1136 3349 promeretur.

583 3457 849 3525 Quoniam
880 3456 1136 3512 hesterno
1163 3455 1254 3511 die
1280 3454 1348 3511 de
1372 3454 1583 3510 latrone
1606 3452 1833 3510 fecimus
1859 3455 2099 3511 mentio-

512 3565 658 3614 nem,
689 3548 967 3604 videamus
990 3548 1111 3618 quis
1137 3547 1241 3602 iste
1270 3546 1411 3602 latro
1447 3545 1540 3611 sit,
1564 3546 1656 3615 qui
1685 3546 1740 3600 in
1777 3561 1937 3602 cruce
1983 3542 2095 3602 Do-

583 3696 607 3723 λ
636 3685 769 3741 Col.
802 3684 930 3738 Vat.
979 3682 1137 3747 6451,
1179 3684 1262 3738 sin
1293 3693 1463 3738 autem
1504 3683 1770 3751 paululum
1800 3686 2104 3752 remisisset,

515 3755 903 3812 convalescebat
931 3753 1198 3807 Amalech.

582 3961 599 3990 '
632 3956 730 4012 llic
750 3956 912 4011 habet
942 3956 1099 4028 linem
1116 3970 1301 4028 seer
1327 3956 1380 4009 in
1400 3956 1521 4028 cod.
1544 3956 1665 4010 Vat.
1689 3955 1847 4028 6t5l,
1879 3960 2098 4028 etquod

509 4028 756 4098 sequitur
783 4033 993 4095 spectat
1016 4026 1082 4079 ad
1112 4025 1391 4098 homiliam
1412 4025 1492 4080 De
1513 4042 1728 4098 corpore
1746 4026 1959 4082 Christi.

581 4094 608 4137 ί
636 4095 702 4149 1η
723 4094 871 4149 cruce
897 4098 1032 4150 enim
1054 4096 1251 4165 positus
1270 4094 1534 4149 Christum
1564 4096 1844 4152 Dominum
1866 4109 2100 4154 nostrum

511 4166 732 4222 credidit
759 4167 1083 4236 cruciﬁxum,
1108 4174 1157 4237 et
1184 4166 1300 4237 ideo
1322 4167 1408 4233 qui
1433 4168 1693 4237 consortio
1719 4168 1977 4237 passionis
2006 4172 2103 4224 uti-

510 4248 615 4302 tur,
664 4235 925 4291 consortio
972 4236 1207 4304 paradisi
1253 4236 1494 4291 donatur.
1531 4235 1978 4293 ~Vintlicandus
2014 4246 2100 4294 est

509 4308 777 4363 Maximus
812 4306 879 4360 ab
920 4305 1178 4375 injuriosa
1211 4306 1397 4361 Critice
1440 4305 1671 4375 Remigii
1711 4307 1976 4372 Ccllierii,
2007 4309 2101 4375 qui

508 4388 642 4434 tom.
675 4374 789 4430 XIV
822 4374 1023 4430 Hister.
1056 4394 1194 4431 sacr.
1226 4376 1458 4432 homiliaz
1484 4374 1645 4445 hujus
1665 4393 1927 4433 summam
1957 4374 2100 4434 refe-

507 4465 657 4514 rens,
701 4447 757 4502 S.
812 4448 1107 4501 antistitem
1137 4455 1380 4500 nostrum
1412 4446 1643 4501 traducit
1679 4449 1830 4516 quasi
1857 4448 2103 4504 docuerit

506 4518 772 4589 latronem
796 4518 856 4589 in
886 4532 1046 4589 cruce
1074 4516 1396 4589 pendentem
1421 4531 1455 4589 a
1484 4516 1599 4589 sola
1628 4516 1730 4589 ﬁde
1751 4518 2103 4586 justiﬁcatum

507 4584 692 4659 fuisse.
743 4588 861 4641 Alia
891 4584 1132 4659 profecto
1160 4601 1314 4659 mens
1360 4585 1461 4659 fuit
1499 4584 1715 4641 Maximi
1733 4584 1898 4652 {cum
1921 4589 2104 4659 plures

508 4657 699 4714 afferat
726 4654 937 4729 causas,
968 4656 1221 4729 quibusa
1250 4654 1465 4710 Christo
1490 4665 1835 4726 peccatorum
1864 4654 2097 4729 veniam,

507 4736 568 4783 ct
600 4727 831 4798 paradisi
879 4726 1104 4796 gloriam
1153 4724 1317 4798 Latro
1365 4734 1447 4780 est
1490 4724 1845 4798 consecutus:
1881 4724 2101 4798 Magna,

509 4795 702 4869 inquit,
729 4795 935 4869 fratres,
959 4805 1007 4851 et
1027 4796 1297 4869 multiplex
1318 4812 1476 4869 causa
1497 4806 1592 4850 est.
1624 4795 1855 4869 Primam
1886 4795 2104 4853 adducit

513 4864 637 4921 tidei
666 4864 1009 4923 devotionem
1030 4906 1046 4931 ,
1079 4866 1128 4920 id
1159 4864 1240 4920 est
1268 4864 1564 4931 perfectum
1593 4868 1810 4931 mentis,
1844 4877 1899 4923 et
1923 4869 2103 4925 cordis

510 4951 809 5006 assensum,
834 4954 942 5006 quo
967 4937 1221 4991 ereJebat
1248 4934 1522 4991 Christum
1550 4951 1734 4991 secum
1765 4939 2101 5006 compatien-

510 5013 621 5076 tem
642 5005 809 5076 Deum
838 5021 957 5061 esse
995 5006 1064 5061 ab
1095 5007 1241 5061 omni
1271 5021 1493 5076 prorsus
1522 5006 1679 5076 culpa
1708 5005 2023 5074 immunem,
2049 5017 2104 5061 et

512 5073 578 5128 ad
602 5075 829 5128 salutem
865 5073 1288 5146 comparandam
1321 5073 1630 5146 hominibus
1660 5073 2015 5146 supplicium,
2049 5086 2105 5132 et

511 5151 743 5226 morlem
772 5160 870 5226 pro
888 5145 1488 5226 .ill_is‘subire_voluisse.
1532 5145 1650 5226 Non
1678 5145 1748 5226 de
1766 5145 1937 5226 plena
1951 5163 2102 5226 pra;-

510 5214 651 5269 θεηιὶ
673 5213 929 5280 cogitavit
951 5213 1107 5279 latro,
1134 5217 1229 5271 sed
1255 5217 1323 5272 de
1352 5216 1590 5272 cavenda
1614 5213 1808 5270 futura.
1835 5216 1916 5270 Ad
1944 5213 2093 5273 Chri-

511 5291 654 5356 stum
684 5298 831 5352 ergo,
862 5298 1167 5353 quanquam
1195 5287 1324 5341 illud
1346 5287 1535 5343 eodem
1565 5286 1825 5356 supplicio
1851 5286 2102 5343 affectum

510 5352 741 5426 videret,
772 5352 896 5426 suas
926 5367 1114 5426 preces
1154 5371 1357 5425 suaque
1381 5365 1507 5410 vota
1555 5352 1853 5421 convertit,
1884 5366 1938 5412 et
1967 5372 2103 5426 prae-

510 5430 598 5479 ter
621 5421 778 5477 fidem
803 5424 862 5496 in
891 5424 1226 5496 majestatem
1271 5421 1712 5496 potestatemque
1740 5425 1875 5495 ejus,
1907 5421 2101 5495 magna

511 5507 612 5552 sne
658 5507 717 5547 se
759 5493 939 5549 ell‘erri
986 5494 1220 5548 ostendit
1272 5493 1300 5548 ὁ
1331 5495 1546 5552 Christo
1586 5494 1700 5550 fore
1742 5493 2097 5551 salvanduin:

567 5562 648 5636 lus
670 5563 852 5633 incipit
880 5579 1034 5636 avere
1054 5603 1069 5628 ,
1102 5564 1177 5618 ait
1204 5563 1466 5636 Maximus
1489 5604 1503 5627 ,
1555 5566 1691 5635 quod
1720 5577 1921 5633 sperat,
1952 5579 2105 5636 quam

515 5634 711 5705 sentire
754 5635 889 5705 quod
930 5634 1144 5705 patitur.
1203 5632 1430 5689 Crucem
1474 5632 1661 5690 revera
1718 5632 1937 5700 Christi,
1964 5632 2103 5704 'qua:

517 5703 636 5761 aliis
666 5703 777 5763 visa
806 5711 890 5761 est
923 5703 1255 5774 scandalum,
1295 5705 1407 5774 ipse
1436 5705 1572 5760 latro
1597 5706 1801 5774 putavit
1829 5703 2097 5772 virtutem,

2210 3186 2356 3241 niam
2399 3187 2783 3258 consequitur,
2837 3186 2935 3243 sed
2981 3187 3144 3242 etiam
3190 3184 3428 3257 paradisi
3479 3187 3798 3242 amoenitate

2206 3277 2480 3333 donatur:
2514 3285 2574 3333 ut
2596 3279 2687 3348 qui
2713 3287 2936 3349 propter
2959 3278 3163 3334 scelera
3193 3277 3476 3333 damnatus
3506 3278 3689 3333 fuerat
3732 3277 3799 3335 ad

2204 3382 2441 3438 poenam,
2471 3378 2696 3440 propter
2745 3368 2903 3431 tidem
2950 3367 3333 3424 transferretur
3361 3379 3385 3407 ε
3417 3367 3484 3422 ad
3530 3368 3796 3436 gloriam,

2203 3458 2469 3529 fueritque
2497 3461 2572 3514 illi
2600 3476 2756 3528 crux,
2786 3476 2946 3531 quam
2972 3460 3216 3530 pertulit,
3242 3474 3352 3514 non
3403 3468 3517 3513 tam
3543 3459 3798 3529 supplicii

2201 3550 2496 3614 damnatio,
2513 3567 2672 3622 quam
2696 3552 2886 3607 salutis
2913 3552 3150 3607 occasio.
3168 3551 3259 3606 ’ln
3286 3566 3445 3607 cruce
3471 3552 3614 3606 enim
3642 3549 3798 3623 posi-

2284 3688 2313 3727 ιι
2344 3688 2582 3759 Uterque
2610 3689 2685 3759 S.
2707 3688 2905 3759 Crucis
2931 3690 2983 3744 in
3009 3688 3143 3748 Jer..
3173 3699 3222 3744 et
3246 3699 3467 3745 exarata
3493 3700 3655 3757 terra.

2292 3770 2313 3797 ι’
2345 3757 2632 3814 (Σοάίνδι.
2663 3757 2820 3824 4951,
2852 3761 2905 3814 in
2942 3761 3183 3832 gloriam.

2201 3977 2305 4036 qua
2324 4003 2340 4027 ν
2389 3965 2566 4036 deleta
2611 3966 2765 4036 culpa
2792 4008 2807 4032 ,
2859 3966 2952 4023 Dei
2980 3982 3202 4035 regnum
3232 3975 3626 4022 restauraturus
3655 3974 3796 4020 erat.

2204 4033 2383 4106 Quare
2410 4035 2495 4090 his
2525 4033 2769 4106 perfusus
2799 4033 3089 4093 luminibus
3124 4039 3262 4092 latro
3303 4039 3616 4106 pnnclaram
3650 4036 3799 4089 illaut

2205 4103 2371 4177 edidit
2416 4103 2835 4168 confessionem,
2885 4124 3019 4177 qua,
3062 4116 3119 4161 ut
3188 4103 3358 4175 inquit
3426 4116 3647 4177 sanctus
3687 4106 3798 4159 Leo

2205 4171 2459 4245 Magnus,
2504 4192 2608 4231 non
2652 4184 2762 4229 tam
2800 4177 2869 4231 de
2900 4171 3040 4245 ligno
3069 4171 3277 4239 crucis;
3311 4191 3472 4245 quam
3500 4178 3567 4232 de
3597 4175 3799 4230 throno

2204 4243 2587 4301 misericordiae
2617 4246 2812 4301 meruit
2837 4243 3021 4301 audire
3044 4263 3103 4302 se
3127 4243 3535 4314 Christi‘gloriae
3558 4245 3799 4314 futurum

2205 4327 2326 4387 esse
2351 4325 2677 4387 consortem.
2731 4315 2902 4370 Ilodie
2933 4333 3128 4370 mecum
3155 4319 3259 4372 eris
3286 4319 3341 4371 in
3359 4312 3638 4387 paradiso.
3692 4312 3802 4369 Sed

2129 4408 2177 4471 ο
2209 4383 2346 4471 hanc
2376 4383 2585 4471 ‘divinze
2628 4385 2843 4471 pietatis
2894 4389 3216 4471 sententiam
3264 4383 3378 4440 non
3417 4385 3803 4471 tamulidcshet

2206 4466 2331 4522 spes
2376 4453 2599 4509 latronis
2632 4453 2742 4510 ’sibi
2790 4456 3166 4521 conciliarunt,
3211 4472 3372 4522 quam
3427 4457 3648 4517 caritas,
3692 4469 3802 4521 qua

2203 4537 2332 4595 suos
2355 4524 2495 4578 inter
2522 4524 2795 4580 cruciatus
2823 4527 3023 4595 exarsit
3059 4540 3184 4595 erga
3214 4526 3497 4581 Dominum
3526 4544 3538 4578 :
3574 4524 3804 4579 Intelle-

2203 4593 2280 4647 ait
2309 4596 2464 4665 enim,
2496 4597 2839 4665 prosequitur
2869 4593 3159 4659 Maximus,
3184 4597 3321 4665 quod
3340 4614 3433 4665 pro
3455 4596 3644 4649 alienis
3676 4610 3805 4665 pec-

2203 4615 2280 4647 :cu
2309 4615 2464 4659 enim,
2496 4615 2839 4665 prosequitur
2869 4615 3159 4659 maxnmus,
3219 4615 3319 4651 uoa
3340 4615 3433 4665 pro
3455 4615 3644 4649 aucms
3676 4615 3805 4661 pec-

2203 4665 2335 4718 catis
2355 4664 2449 4718 has
2477 4665 2661 4735 plagas
2688 4667 2987 4736 susciperet,
3027 4679 3137 4736 pro,
3159 4615 3343 4720 a‘iienis
3382 4666 3661 4718 sceleribus
3694 4663 3806 4736 lucc

2203 4736 2412 4787 vulnera
2440 4735 2739 4807 sustineret.
2764 4735 2844 4789 ...
2892 4735 3043 4807 atque
3082 4735 3197 4807 ideo
3242 4736 3359 4806 plus
3407 4752 3587 4788 amare
3612 4735 3804 4807 iecerit,

2204 4812 2475 4887 postquam
2514 4805 2568 4857 in
2605 4820 2817 4886 corpore
2851 4803 2970 4874 ejus
2990 4822 3090 4887 sua
3115 4803 3324 4887 vulnera
3350 4806 3669 4887 recognovit.
3694 4803 3775 4856 lle
3795 4832 3808 4843 -

2204 4871 2363 4945 rum:
2396 4871 2525 4945 Plus
2557 4890 2677 4945 ergo
2695 4871 2766 4928 'in
2803 4871 2953 4945 cruce
2978 4878 3173 4945 positus
3202 4875 3413 4928 livorem
3443 4871 3558 4944 ejus
3587 4887 3807 4945 cernens

2203 4943 2338 4996 latro
2379 4943 2550 5014 diligit
2584 4942 2783 5014 Deum;
2822 4942 3193 4999 infra'etiam:
3238 4946 3373 5014 mira
3414 4942 3496 4997 res
3521 4960 3540 4997 :
3587 4943 3708 5014 plus
3750 4943 3808 5014 in

2204 5027 2352 5066 cruce
2390 5012 2540 5086 latro
2572 5012 2836 5086 Christum
2877 5014 3077 5086 diligit,
3122 5031 3283 5086 _qua_m
3316 5012 3483 5086 ludas
3521 5012 3711 5086 dilexit
3755 5012 3809 5063 in

2206 5098 2368 5135 aena.
2453 5081 2656 5137 Deinde
2702 5084 2865 5137 etiam
2909 5081 3071 5138 do'cet
3116 5081 3173 5138 S.
3222 5083 3489 5137 Maximus
3530 5084 3808 5137 latronem

2204 5151 2489 5224 agnovisse
2532 5167 2752 5207 omnem
2803 5153 3012 5208 Domini
3055 5155 3362 5224 passionem
3395 5169 3462 5207 ex
3494 5148 3808 5224 ipsius‘liel'i

2207 5220 2513 5287 voluntate,
2562 5237 2685 5290 qua:
2726 5224 2962 5290 cognitio
3003 5220 3154 5279 tanto
3183 5226 3354 5291 magis
3392 5220 3529 5278 eum'
3547 5224 3614 5275 ad
3641 5220 3805 5275 Chri-

2206 5291 2702 5361 stum‘diligendum
2728 5294 2983 5348 incendit.
3023 5292 3156 5348 Cum
3182 5295 3345 5361 igitur
3368 5309 3397 5346 a
3428 5294 3666 5349 Maximo
3696 5307 3785 5344 not

2204 5361 2318 5414 sola
2347 5358 2500 5431 ﬁdes,
2529 5360 2626 5431 sed
2663 5363 2825 5416 etiam
2856 5378 3012 5431 spes,
3050 5371 3105 5418 et
3143 5358 3341 5419 caritas
3376 5363 3603 5417 latronis
3646 5376 3807 5415 comv

2204 5430 2508 5502 mendetur,
2558 5430 2814 5502 injuriose
2860 5430 2983 5488 cum
3025 5433 3142 5502 ipso
3172 5436 3255 5502 agi
3282 5434 3627 5495 arbitramur,
3660 5445 3809 5499 ιιιιοη

2207 5500 2308 5555 ties
2336 5515 2366 5553 a
2408 5501 2722 5569 priestantia
2753 5500 2898 5568 fidei,
2936 5512 2990 5557 et
3012 5500 3120 5558 non
3167 5500 3333 5558 a‘lidc
3374 5502 3533 5558 simul
3558 5516 3686 5557 cum
3718 5514 3812 5554 ca-

2205 5570 2365 5692 ritate
2392 5579 2654 5694 operante
2680 5571 2909 5640 dicatur,
2940 5572 3229 5629 Maximum
3256 5573 3505 5629 docuisse
3533 5572 3813 5627 lationem

2205 5654 2288 5694 lllS
2316 5657 2331 5694 ι
2355 5654 2433 5694 ica
2463 5656 2572 5694 um.

2201 5654 2572 5707 jusuucatum.
