4042 6192
200 329 299 385 315

1645 322 1923 379 llOMILlA
1964 322 2047 376 Ll.

3363 310 3399 382 '5
3415 329 3472 381 ισ

203 457 282 502 ius
301 439 575 493 Christum
594 447 614 473 η
633 436 918 491 Dominum
939 443 1178 490 nostrum
1203 433 1756 490 crediditcrucilixum
1780 451 1794 500 ;
1829 441 1874 495 Α
1902 450 2082 503 quam,
2112 451 2197 489 res
2224 453 2234 487 :
2271 435 2406 490 latro
2434 436 2752 492 lionorilicat
2773 438 3091 508 patientem,
3124 454 3282 507 quem
3317 439 3480 492 Judas

204 531 357 602 157
380 539 436 584 et
457 529 577 582 ideo
598 527 690 596 qui
707 525 981 582 consortio
1008 524 1271 593 passionis
1306 524 1492 587 utitur,
1519 523 1796 577 consortio

202 621 431 693 paradisi
456 617 812 672 condonatur.
840 615 1037 668 Beatus
1065 614 1207 669 enim
1237 613 1405 676 latro,
1437 612 1564 666 dum
1600 611 1801 681 suppli-

203 713 341 766 cium
365 710 585 779 patitur,
618 721 840 775 regnum
868 704 1087 760 caeleste
1122 703 1487 763 consequitur.
1521 701 1660 757 Ecce
1677 717 1802 756 reus

205 801 416 864 dicitur,
432 798 609 852 bsicut
628 797 713 852 cui
729 795 1000 850 damnari"
1018 793 1085 848 ad
1112 803 1323 864 tempus
1349 791 1641 862 expedivit.
1679 791 1798 845 Non

207 891 345 944 enim
358 888 668 958 perveniret
679 885 748 939 ad
761 885 1007 954 gloriam,
1023 885 1191 939 sinon
1204 883 1568 940 contradictus
1579 893 1722 938 esset
1735 883 1801 937 ad

208 995 444 1050 pmnam.
503 977 810 1040 Videamus,
839 977 1074 1044 inquam,
1097 990 1193 1030 cur
1216 983 1492 1030 tantorum
1520 975 1802 1030 criminum

184 1087 348 1135 .reus,
367 1079 476 1124 tam
499 1070 608 1125 cito
632 1084 662 1123 a
681 1067 964 1123 Salvatore
985 1068 1657 1138 paradisumpromeretur;
1683 1082 1806 1121 cum

185 1151 302 1216 'alii
358 1163 652 1216 multorum
689 1168 996 1229 temporum
1034 1159 1283 1230 lacrymis
1329 1157 1806 1228 frequentibusquc

188 1295 194 1317 ,
215 1253 443 1323 jejuniis,
467 1253 557 1306 vix
587 1250 910 1306 delictorum
925 1265 1144 1304 suorum
1158 1249 1367 1304 veniam
1383 1259 1804 1317 consequantur.

216 1343 425 1412 Magna,
456 1343 668 1406 fratres,
687 1350 741 1396 et
768 1340 1220 1410 multiplexcausa
1248 1348 1364 1394 est:
1395 1339 1644 1409 primum,
1663 1337 1808 1407 quod

218 1436 317 1490 iste
345 1435 489 1488 latro
518 1432 809 1488 devotione
836 1430 958 1485 ﬁdei
981 1440 1090 1486 tam
1109 1439 1333 1501 repente
1356 1437 1593 1484 mutatus
1617 1438 1720 1495 est,
1753 1437 1811 1483 ut

219 1534 545 1598 prmsentem
594 1539 810 1595 pinnam
853 1523 1171 1593 despiceret,
1199 1538 1262 1578 ac
1302 1523 1370 1578 de
1398 1522 1575 1576 futura
1597 1521 1810 1576 veniam

221 1628 556 1691 precaretur,
599 1626 654 1672 et
681 1617 851 1686 magis
870 1616 1115 1672 crederet
1134 1615 1265 1671 utile
1293 1614 1393 1670 sibi
1418 1629 1536 1669 esse
1557 1614 1622 1668 de
1649 1622 1809 1668 mter-

223 1727 292 1767 no
335 1709 544 1779 judicio
589 1715 816 1778 petere,
861 1721 1023 1774 quam
1049 1703 1076 1744 ά
1106 1705 1173 1760 de
1221 1704 1506 1774 temporali
1547 1703 1810 1774 supplicio

1905 525 2136 594 prodidit
2164 526 2494 580 osculantem
2523 545 2534 579 :
2568 529 2724 598 153
2743 529 2809 582 ab
2829 529 2934 582 hoc
2957 529 3101 597 pacis
3124 529 3481 582 blandimenta

1906 616 2226 681 venduntur,
2279 616 2345 669 ab
2397 617 2488 669 illo
2533 619 2706 671 crucis
2731 620 2950 673 vulnera
2989 619 3378 688 przedicantur;
3408 620 3483 672 ait

1905 707 2047 761 enim
2074 725 2085 759 :
2117 705 2371 760 Memento
2400 709 2529 773 mei,
2570 707 2804 773 Domine,
2829 726 2943 763 cum
2966 713 3159 764 veneris
3188 712 3242 763 in
3272 727 3482 780 regnum

1907 805 2046 848 tuam
2090 795 2237 862 (an.
2272 798 2444 865 χχιιι).
2475 797 2486 834 ι
2535 797 2660 853 llaec
2706 808 2789 854 est
2819 798 2936 854 lidei
2967 801 3124 870 plena
3155 801 3392 863 devotio,
3425 809 3484 854 ut

1907 903 2027 940 cum
2057 888 2122 940 de
2153 887 2462 942 vulneribus
2490 889 2700 943 Domini
2730 889 2968 960 prolluus
2994 893 3210 959 sanguis
3225 894 3484 958 cernitur,

1910 987 2034 1034 tunc
2058 978 2124 1033 de
2154 988 2419 1048 potestate
2447 980 2562 1049 ejus
2579 983 2732 1036 venia
2761 985 3092 1053 postuletur;
3124 1001 3246 1040 cum
3279 987 3492 1041 videtur

1908 1068 2024 1136 ejus
2050 1069 2340 1136 humilitas,
2371 1079 2497 1126 tunc
2522 1073 2691 1139 magis
2720 1082 2757 1108 ω
2791 1081 3038 1128 teneatur
3071 1075 3186 1143 ejus
3207 1076 3493 1144 divinitas;

1907 1174 2030 1214 cmn
2079 1161 2237 1214 morti
2276 1160 2522 1216 addictus
2549 1171 2789 1232 putatur,
2835 1172 2961 1218 tunc
2987 1172 3012 1199 η
3044 1165 3185 1232 regis
3215 1167 3288 1220 illi
3320 1167 3494 1221 IIono-

1907 1250 2169 1305 rilicentia
2198 1251 2488 1307 deferatur.
2532 1254 2546 1284 ¹
2576 1253 2682 1308 lste
2710 1253 2850 1308 enim
2877 1253 3046 1308 ﬁdelis
3072 1255 3208 1309 latro
3238 1272 3344 1310 non
3373 1273 3492 1311 crc-

1909 1342 2042 1398 didit
2070 1344 2387 1397 moriturum
2411 1387 2426 1411 ,
2452 1359 2612 1412 quem
2657 1345 2940 1398 annuntiat
2969 1354 3343 1413 regnaturum;
3386 1363 3492 1399 non

1909 1441 2060 1502 putat
2087 1433 2422 1488 subdendum
2455 1435 2635 1490 inferis
2656 1476 2672 1501 ,
2721 1449 2879 1503 quem
2905 1434 3305 1490 dominatunnn
3337 1437 3502 1490 conti-

1912 1533 2057 1578 tetur
2087 1526 2139 1578 in
2163 1535 2187 1562 ο
2217 1525 2384 1590 cmlo;
2437 1541 2544 1579 non
2589 1525 2882 1580 arbitratur
2909 1540 3033 1580 eum
3063 1526 3204 1596 apud
3234 1535 3494 1581 tartarum

1912 1616 2178 1679 detineri,
2222 1631 2250 1669 a
2291 1631 2399 1684 quo
2445 1617 2608 1671 etiam
2657 1630 2716 1670 se
2753 1616 2991 1686 postulat
3023 1616 3258 1670 liberari.
3300 1617 3500 1671 Cernat

1912 1710 2038 1764 licet
2071 1709 2186 1778 ejus
2223 1709 2423 1762 hiantia
2461 1710 2716 1774 vulnera;
2747 1715 2955 1778 spectet
2994 1709 3156 1779 ipsius
3184 1711 3498 1777 sanguinem

225 1800 532 1873 pOSlulal‘e;
573 1797 925 1853 reminiscens
966 1795 1112 1850 enim
1158 1795 1426 1849 scelerum
1472 1810 1692 1848 SllOl‘um
1713 1833 1728 1858 9
1757 1803 1812 1849 ει
1846 1795 1889 1854 Β
1916 1800 2299 1870 proﬂuentem,
2335 1811 2358 1848 P
2388 1798 2557 1854 Deum
2590 1808 2769 1854 tamen
2799 1799 3006 1864 credit,
3037 1817 3198 1870 quem
3228 1817 3377 1855 reum
3409 1817 3502 1854 ne-

227 1890 614 1963 pmnitudinem
653 1903 866 1957 gerens,
897 1887 1018 1958 plus
1060 1874 1248 1957 incipit
1279 1897 1300 1925 ε
1329 1903 1490 1942 avere
1517 1888 1657 1958 quod
1687 1903 1813 1957 spe-

230 1993 325 2047 rat,
356 1997 522 2052 quam
547 1981 747 2036 sentire
774 1980 918 2049 quod
948 1980 1173 2050 patitur.
1205 1977 1224 2017 τ
1258 1977 1437 2034 Potuit
1462 1980 1627 2047 enim,
1660 1990 1684 2027 ις
1715 1981 1817 2034 nisi

232 2074 294 2130 de
321 2073 518 2127 futuris
542 2072 772 2142 amplius
799 2063 1122 2139 cogitasset,
1151 2070 1243 2140 qui
1269 2071 1323 2125 in
1352 2071 1623 2126 Christum
1652 2074 1819 2128 semel

232 2165 574 2228 crediderat,
617 2163 685 2218 de
712 2163 965 2233 prtesenti
1005 2163 1176 2232 magis
1209 2163 1472 2232 supplicio
1520 2163 1818 2232 deprecari,

233 2253 260 2296 Ι·
285 2257 493 2311 Deinde
541 2255 673 2310 illud
716 2255 780 2308 ad
810 2254 1039 2322 gratiam
1086 2253 1203 2322 ejus
1249 2253 1470 2322 majoris
1507 2263 1588 2307 est
1622 2254 1818 2319 meriti,

233 2347 374 2418 quod
408 2347 686 2402 Christum
722 2346 774 2399 in
802 2359 962 2400 cruce
991 2344 1227 2414 positum
1248 2344 1509 2409 credidit,
1538 2352 1594 2399 et
1621 2345 1820 2414 passio,

234 2454 351 2509 qua:
398 2439 520 2492 aliis
570 2436 880 2492 scandalum
917 2434 934 2472 ί
970 2433 1128 2499 fecit,
1179 2435 1256 2489 illi
1283 2433 1351 2488 ad
1381 2433 1537 2489 ﬁdem
1567 2433 1822 2504 profecit;

236 2530 411 2585 crucis
440 2529 586 2583 enim
623 2528 802 2598 passio
839 2528 1024 2582 multis
1049 2526 1359 2582 scandalum
1382 2526 1498 2592 fuit,
1531 2527 1670 2581 sicut
1699 2527 1828 2581 dicit

238 2619 532 2689 Apostolus
573 2635 585 2671 :
619 2616 741 2672 Non
785 2627 956 2671 autem
993 2619 1336 2688 prwdicamus
1375 2617 1634 2672 Christum
1663 2619 1830 2671 cruci-

237 2711 425 2780 ﬁxum,
449 2708 651 2764 Judazis
679 2710 882 2780 quidem
909 2709 1229 2774 scandalum,
1253 2708 1486 2780 gentibus
1505 2719 1673 2763 autem
1703 2709 1831 2764 stal-

238 2803 403 2856 titiam
436 2799 491 2871 (1
523 2799 642 2855 Cor.
675 2801 734 2868 I).
777 2799 943 2855 Recte
965 2815 1095 2869 ergo
1126 2808 1363 2855 meretur
1386 2800 1710 2869 paradisum,
1741 2802 1833 2870 qui

246 2909 464 2950 crucem
493 2891 695 2948 Christi
718 2907 825 2946 non
855 2891 1062 2961 putavit
1087 2906 1206 2945 esse
1230 2890 1538 2946 scandalum
1558 2933 1572 2957 ,
1603 2891 1700 2946 sed
1728 2893 1836 2945 vir-

241 2991 442 3048 tutem;
480 2983 495 3032 i
536 2981 665 3036 dicit
693 2982 832 3036 cnim
864 2980 1002 3036 idem
1029 2981 1348 3051 Apostolus:
1374 2980 1513 3057 Ipsis
1540 2983 1728 3035 vocatis
1747 2980 1838 3035 Ju-

240 3075 367 3130 daris
397 3073 659 3129 Christum
682 3073 779 3126 Dei
800 3075 1053 3138 virtutem,
1084 3081 1133 3126 et
1162 3071 1258 3126 Dei
1287 3074 1594 3142 sapientiam
1624 3072 1834 3144 (Ibid.).

1917 1891 2055 1955 scit;
2100 1890 2302 1959 justum
2353 1889 2567 1955 fatetur,
2616 1905 2777 1958 quem
2825 1906 2931 1945 non
2980 1890 3222 1945 meminit
3249 1899 3502 1960 peccato-

1917 1997 2030 2036 rem
2063 1999 2075 2033 :
2128 1981 2204 2034 ait
2251 1981 2393 2034 enim
2439 1980 2512 2034 illi
2543 1979 2699 2033 alteri
2727 1980 3078 2049 exprobranti
3127 1980 3356 2033 latroni:
3392 1977 3506 2032 Nos

1919 2073 2122 2144 quidem
2169 2081 2304 2124 recte
2347 2072 2504 2141 digna
2550 2072 2704 2140 [actis
2733 2072 3044 2139 recipimus;
3075 2071 3156 2123 hic
3177 2081 3348 2122 autem
3380 2071 3508 2122 nihil

1921 2164 2044 2217 mali
2067 2163 2225 2233 gessit
2253 2161 2465 2232 (lbid.).
2510 2161 2781 2214 lntellexit
2810 2162 2952 2214 enim
2971 2203 2985 2226 ,
3027 2161 3171 2229 quod
3194 2178 3290 2230 pro
3320 2161 3510 2214 alienis

1923 2255 2158 2324 peccatis
2187 2254 2284 2306 has
2311 2253 2495 2321 plagas
2533 2252 2849 2322 susciperet,
2885 2267 2982 2321 pro
3005 2251 3194 2305 alienis
3223 2251 3512 2306 sceleribus

1926 2347 2040 2400 haec
2067 2345 2288 2399 vulnera
2317 2355 2345 2393 (ι
2373 2344 2692 2409 sustineret;
2721 2352 2776 2397 et
2804 2343 2980 2406 scivit,
3012 2342 3156 2410 quod
3187 2343 3272 2396 illa
3303 2343 3356 2396 in
3393 2358 3515 2396 cor-

1927 2448 2060 2510 pore
2088 2438 2285 2494 Christi
2311 2437 2552 2502 vulnera,
2586 2452 2692 2491 non
2721 2444 2902 2491 essent
2923 2435 3119 2490 Christi
3147 2435 3387 2498 vulnera,
3420 2435 3515 2487 sed

1930 2529 2185 2593 latronis;
2211 2537 2375 2597 atque
2405 2527 2527 2580 ideo
2556 2527 2675 2595 plus
2703 2540 2885 2579 amare
2913 2524 3104 2592 erepit,
3144 2531 3430 2592 postquam
3463 2524 3517 2575 in

1933 2635 2160 2689 corpore
2189 2619 2306 2687 ejus
2333 2634 2430 2673 sua
2461 2619 2684 2671 vulnera
2722 2615 3063 2685 recognovit.
3107 2615 3195 2668 Ait
3222 2615 3363 2668 enim
3396 2630 3520 2683 pro—

1933 2713 2132 2782 pheta:
2183 2709 2437 2773 Quoniam
2485 2709 2594 2777 ipse
2621 2707 2950 2776 inﬁrmitates
2999 2717 3208 2759 nostras
3234 2713 3425 2774 portat,
3473 2714 3522 2757 et

1935 2821 2032 2875 pro
2061 2804 2206 2858 nobis
2233 2802 2398 2864 dolet;
2427 2817 2520 2854 nos
2549 2809 2716 2852 autem
2745 2797 3172 2851 existimabamus
3192 2814 3305 2850 eam
3335 2813 3445 2848 esse
3467 2796 3522 2848 in

1938 2895 2133 2958 dolore,
2168 2903 2190 2932 τ
2224 2895 2382 2947 livore
2421 2892 2534 2961 ejus
2582 2889 2754 2942 sanati
2802 2903 2978 2941 sumus
3022 2885 3181 2957 (Isai.
3223 2888 3357 2956 LIII).
3401 2884 3524 2938 l‘lus

1938 2997 2068 3052 ergo
2115 2983 2167 3036 in
2208 2996 2368 3036 cruce
2413 2978 2618 3049 positus
2645 2986 2666 3012 ³
2701 2975 2926 3030 livorem
2958 2974 3075 3042 ejus
3113 2988 3360 3039 cernens,
3387 2973 3525 3026 latro

1945 3078 1963 3112 ι
2000 3075 2174 3143 diligit
2202 3074 2369 3128 Deum
2395 3089 2408 3124 :
2459 3071 2591 3125 mica
2635 3084 2756 3123 res:
2788 3066 2908 3137 plus
2932 3067 2985 3120 in
3015 3081 3175 3120 cruce
3205 3065 3343 3120 latro
3371 3065 3526 3120 Chri-

246 3166 414 3222 Recte
440 3167 604 3236 plane
629 3174 685 3219 et
708 3164 966 3218 Dominus
995 3163 1118 3218 huic
1151 3163 1318 3218 donat
1343 3163 1684 3233 paradisum,
1709 3166 1833 3233 quia
1861 3161 1908 3222 C
1940 3177 2080 3224 stum
2127 3165 2339 3233 diligit,
2389 3178 2549 3232 quam
2579 3159 2741 3214 Judas
2770 3159 2958 3214 dilexit
2999 3159 3052 3211 in
3093 3173 3245 3213 coena
3273 3175 3284 3208 :
3316 3157 3402 3211 ille
3432 3171 3526 3226 per

241 3275 403 3330 quem
430 3257 597 3313 Judas
620 3256 867 3312 Scarioth
897 3255 949 3310 in
985 3255 1202 3310 hortulo
1230 3255 1464 3325 paradisi
1491 3249 1831 3318 distraxeiat,

247 3352 329 3408 hic
358 3352 413 3405 in
442 3349 620 3406 crucis
666 3348 906 3420 patibulo
949 3345 1256 3402 conﬁtetur.
1290 3346 1314 3383 ¹ί
1346 3346 1479 3400 Mira
1510 3362 1598 3402 res
1624 3365 1637 3400 :
1669 3347 1838 3403 conli-

250 3450 389 3498 tetur
434 3442 574 3496 latro
641 3455 802 3510 quem
847 3439 1142 3509 discipulus
1179 3439 1492 3507 abnegavit;
1539 3441 1713 3509 mira,
1757 3442 1838 3496 in-

316 3607 344 3637 ι
397 3601 458 3654 In
507 3601 629 3657 cod.
685 3599 859 3655 Vatic.
901 3599 1041 3654 6152
1101 3599 1295 3654 desunt
1343 3615 1503 3657 voces
1551 3600 1833 3656 Dominum

252 3681 524 3795 ,ιοῖηὲἲὲίί
557 3739 682 3795 Vat.
717 3739 876 3805 6452,
906 3739 1044 3793 Ecce
1072 3757 1186 3793 reus
1216 3740 1424 3803 dicitur,
1465 3742 1548 3794 cui
1595 3741 1837 3797 damnari

255 3810 304 3882 id
332 3811 578 3882 temporis
599 3810 886 3882 expedivit;
910 3826 1013 3862 non
1035 3812 1172 3882 enim
1195 3812 1486 3882 perveniret
1498 3811 1568 3882 ad
1595 3812 1836 3882 gloriam,

257 3881 350 3950 nisi
378 3879 599 3950 traditus
619 3879 751 3934 esset
779 3880 847 3932 ad
881 3897 1100 3950 poenam.
1150 3879 1282 3933 ltem
1313 3879 1431 3934 cod.
1468 3879 1750 3935 γυιξιθδι
1787 3893 1843 3938 et

259 3949 386 4004 Cod.
422 3951 495 4004 90
525 3948 584 4004 S.
617 3950 802 4004 Crucis
830 3948 888 4002 in
914 3949 1024 4003 Jer.

328 4030 350 4058 ε
389 4020 538 4074 Idem
567 4020 688 4074 eod.
723 4021 780 4074 S.
813 4020 1028 4082 Crucis,
1057 4019 1113 4072 id
1139 4021 1378 4088 temporis
1409 4022 1681 4088 expedivit.
1719 4021 1840 4076 Non

258 4091 388 4143 enim
419 4092 712 4159 perveniret
744 4089 813 4143 ad
847 4090 1092 4160 gloriam,
1145 4091 1187 4142 si
1225 4105 1328 4142 non
1360 4091 1578 4143 traditus
1614 4100 1745 4145 esset
1775 4093 1844 4145 ad

264 4176 525 4284 Ρωμὲἔίά.
557 4229 682 4299 Vat.
715 4227 871 4292 6152,
892 4246 1043 4299 quant
1065 4229 1127 4282 de
1156 4229 1246 4282 tali
1275 4229 1523 4298 supplicio
1550 4231 1842 4299 postulare;

265 4298 374 4353 cod.
413 4300 584 4354 Vatic.
617 4298 786 4352 Palat.
821 4298 951 4352 4951
976 4339 992 4363 ,
1044 4299 1416 4352 reminiscendo
1463 4298 1600 4352 enim
1635 4318 1845 4356 suorum

266 4370 524 4440 scelerum,
557 4379 607 4423 et
630 4369 998 4439 plenitudinem
1020 4369 1241 4440 gerendo
1269 4373 1385 4440 plus
1410 4371 1610 4440 incipit.

333 4447 359 4476 ο
395 4438 638 4494 Latinius
667 4440 900 4494 editores
947 4438 1136 4493 omnes
1177 4439 1397 4506 corrigit
1424 4438 1523 4506 qui
1545 4440 1717 4493 dolere
1746 4440 1846 4494 ha-

269 4507 420 4572 bent;
449 4525 560 4564 non
590 4511 736 4564 enim
759 4509 1022 4576 dolorem,
1053 4509 1148 4563 sed
1178 4523 1421 4562 amorem
1450 4510 1670 4574 excitat,
1701 4511 1846 4579 quod

565 4649 686 4729 Vat.
719 4647 890 4729 Palat.
931 4647 1063 4729 41151
1087 4689 1113 4729 ,.
1144 4646 1321 4729 Potuit
1354 4648 1491 4729 enim
1522 4649 1584 4702 de
1603 4652 1846 4729 praesenti

271 4720 426 4799 magis
448 4718 1027 4799 suppliciondeprecari,
1061 4719 1162 4799 nisi
1193 4718 1257 4799 de
1283 4719 1482 4799 [Maiis
1507 4718 1728 4799 amplius
1759 4739 1846 4774 co-

274 4786 487 4855 gitasset,
624 4793 677 4842 in
706 4786 908 4842 Christo
932 4789 1087 4842 semel
1119 4786 1352 4840 credidit.
1386 4786 1606 4853 Deinde,
1638 4799 1744 4843 etc.

339 4867 363 4904 8
399 4859 530 4914 Cod.
558 4859 676 4914 Vat.
707 4857 866 4924 6452,
895 4859 996 4912 nisi
1023 4858 1085 4910 de
1107 4859 1294 4929 futuris
1322 4859 1588 4927 suppliciis
1615 4862 1840 4932 cogitas-

273 4937 526 5080 κιίο
568 4999 700 5082 Vat.
730 4997 922 5082 £452,
953 4997 1156 5082 Deinde
1181 4997 1344 5082 aliud.
1365 4997 1435 5050 ad
1475 5000 1697 5069 gratiam
1727 5002 1846 5082 .ejus

271 5069 472 5138 majoris
499 5079 576 5124 est
615 5070 803 5134 meriti,
843 5068 978 5140 quod
1016 5068 1280 5122 Christum
1328 5069 1386 5121 in
1432 5068 1581 5122 cruce
1626 5068 1849 5126 positum

273 5134 539 5194 Dominum
567 5139 808 5204 credidit,
833 5149 883 5192 et
911 5140 1106 5209 passio.

341 5257 356 5288 ι
397 5250 514 5321 Ipse
553 5254 692 5306 enim
739 5253 910 5321 ﬁdelis
957 5251 1092 5305 latro
1121 5268 1224 5305 non
1252 5249 1476 5304 credidit
1507 5253 1835 5316 moriturum,

275 5325 721 5392 quemannuntiat
764 5331 1094 5392 regnaturum
1119 5359 1134 5384 ,
1180 5322 1527 5376 etc.——Cum
1572 5330 1716 5376 totus
1760 5324 1846 5378 hic

274 5397 408 5442 esset
432 5389 689 5447 Maximus
732 5393 784 5446 in
815 5389 1148 5460 prtedicanda
1181 5392 1425 5445 conversi
1457 5392 1680 5446 latronis
1719 5393 1838 5455 lldc,

275 5460 569 5516 conﬁtentis
612 5463 884 5517 Christum
923 5477 1104 5515 secum
1151 5463 1440 5531 patientem
1477 5460 1665 5524 Deum,
1695 5463 1844 5516 etab

274 5540 340 5580 eo
366 5540 694 5597 peccatorum
724 5533 934 5585 veniam
955 5569 968 5593 ,
1003 5546 1066 5584 ac
1094 5532 1396 5598 paradisum
1426 5533 1726 5599 poscentis,
1760 5533 1842 5584 in-

275 5603 357 5648 ter
381 5607 564 5654 uetera
603 5603 795 5669 quibus
821 5617 944 5655 eum
969 5601 1390 5663 cmrnnemlavit,
1423 5601 1558 5652 dixit
1586 5601 1642 5652 S.
1675 5601 1842 5654 latro-

277 5679 392 5719 nem
435 5685 536 5723 non
583 5671 868 5725 credidisse
895 5671 1162 5724 Christum
1191 5671 1527 5723 moriturum.
1578 5669 1691 5724 lloc
1713 5687 1842 5725 sane

280 5735 437 5791 voluit
464 5740 677 5810 intelligi
694 5741 759 5794 de
780 5741 1100 5796 necessitate
1122 5740 1404 5802 moriendi,
1436 5756 1464 5792 a
1493 5755 1596 5808 qua
1621 5749 1677 5793 ut
1703 5741 1842 5795 Deus

1875 4905 1927 4965 Ι)

1941 3262 2120 3316 cibum
2147 3257 2455 3327 supplantat
2491 3253 2830 3320 Magistrum;
2871 3252 2960 3306 hic
2987 3250 3214 3304 credidit
3244 3249 3527 3302 Dominum

1941 3367 2040 3422 per
2078 3348 2360 3410 dolorem,
2403 3346 2540 3399 sicut
2580 3348 2655 3396 ait
2700 3342 3003 3412 propheta:
3045 3339 3144 3404 Qui
3171 3341 3349 3394 edebat
3372 3356 3528 3410 panes

1944 3461 2085 3499 meos
2131 3451 2157 3479 υ
2208 3439 2543 3507 adampliavit
2604 3435 2875 3490 adversum
2930 3451 3010 3488 me
3061 3433 3529 3504 supplantationem

2015 3602 2032 3641 ί
2074 3603 2210 3658 Cod.
2243 3605 2299 3659 S.
2331 3603 2519 3658 Crucis
2548 3604 2600 3656 in
2629 3601 2762 3664 Jer.,
2798 3602 2943 3671 facit.

2012 3673 2210 3749 l_Cod.
2241 3675 2416 3749 Vatia.
2445 3673 2604 3736 6152,
2639 3665 2939 3749 {liqueant}
2989 3665 3307 3749 Apostolus,
3342 3681 3529 3749 calcans

1939 3741 2198 3798 Christum
2231 3744 2326 3797 Dei
2347 3735 2604 3800 virtutem.
2626 3753 2674 3795 et
2695 3742 2790 3795 Dei
2816 3735 3147 3811 sapientiam.
3183 3736 3336 3811 llecte
3356 3735 3530 3811 plane.

2015 3813 2040 3851 ¹ί
2081 3813 2214 3868 Cod.
2245 3814 2366 3868 Vat.
2404 3812 2514 3866 Pal.
2547 3813 2707 3876 4951,
2742 3805 2887 3864 Mira
2918 3825 3000 3863 res
3027 3825 3042 3860 :
3074 3807 3346 3876 conﬁtetur
3375 3805 3529 3867 latro,

1943 3884 2254 3953 honori/ient
2285 3885 2594 3954 patientem,
2637 3899 2784 3954 quem
2829 3881 2996 3954 Judas
3037 3877 3534 3954 perdidituosculan-

1944 3963 2043 4006 tem
2069 3972 2086 4008 :
2111 3946 2172 4006 ab
2193 3946 2295 4008 isto
2313 3954 2382 4006 ad
2401 3946 2714 4022 perdendum
2735 3953 2909 4006 oscula
2931 3951 3137 4022 dantur,
3167 3947 3230 3999 ab
3252 3947 3340 3999 illo
3370 3946 3534 4004 crucis

1953 4025 2166 4078 vulnera
2193 4019 2580 4094 praxdicantur:
2613 4024 2736 4094 dicit
2766 4025 2899 4094 enim
2924 4038 2939 4072 :
2969 4019 3023 4073 Μ
3030 4025 3389 4094 εηιιιιιιοκεζις.

2023 4093 2037 4130 ¹
2083 4087 2216 4150 Cod.
2248 4096 2304 4148 S.
2337 4094 2521 4148 Crucis
2553 4096 2602 4147 in
2639 4092 2745 4146 Jer.
2767 4135 2780 4154 ,
2816 4092 2943 4144 Han~
2973 4101 3046 4143 est
3078 4106 3208 4143 vera:
3238 4087 3379 4156 ﬁdei.
3406 4095 3534 4150 etc.,

1947 4164 2099 4232 plena
2129 4165 2327 4218 tlerotio
2356 4174 2410 4216 ut
2448 4182 2558 4216 cum
2602 4165 2663 4214 de
2695 4161 3014 4221 vulneribus,
3039 4169 3141 4214 etc.
3161 4177 3185 4232 ;
3207 4155 3530 4232 coll._Palat.

1951 4226 2082 4286 £951
2119 4243 2175 4289 et
2196 4235 2314 4289 cod.
2349 4233 2471 4287 Vat.
2504 4232 2677 4297 6452,
2724 4232 2854 4286 Ilwc
2885 4248 3000 4284 vero
3029 4238 3104 4282 est
3134 4231 3288 4299 plena
3319 4226 3534 4292 devotio,

1951 4311 2056 4357 etc.

2023 4383 2060 4410 ω
2101 4373 2235 4427 Cod.
2268 4373 2326 4427 S.
2354 4371 2542 4428 Crucis
2566 4371 2616 4425 in
2640 4369 2775 4432 Jer.,
2805 4370 3066 4422 timeatur.

2021 4453 2046 4479 η
2086 4444 2218 4497 Cod.
2257 4445 2373 4497 Vat.
2405 4441 2560 4514 6452,
2587 4444 2703 4514 gregi
2727 4441 2823 4514 illi.

2022 4522 2046 4548 °
2084 4513 2228 4567 ldem
2252 4514 2370 4567 cod.
2404 4513 2545 4577 Vat.,
2578 4513 2631 4566 in
2661 4513 2820 4566 cazlis.

2025 4595 2050 4632 P
2089 4584 2221 4638 Cod.
2257 4584 2376 4636 Vat.
2412 4583 2570 4646 6452,
2599 4583 2878 4638 Dominum
2909 4590 3100 4634 tamen.

2021 4665 2048 4703 τι
2088 4654 2220 4708 Cod.
2257 4655 2375 4708 Vat.
2409 4653 2576 4715 6452,
2611 4655 2902 4709 sustineret.
2951 4651 3145 4712 Scivit,
3171 4646 3406 4719 quodque
3437 4662 3538 4698 non

1948 4724 2631 4796 essentsuavulneraLsed.
2733 4794 2757 4796 ἡ
2931 4791 2960 4796 _
3016 4791 3030 4796 _
3085 4792 3125 4796 __
3231 4789 3266 4796 κ
3308 4788 3320 4796 _

2024 4805 2046 4831 τ
2087 4794 2222 4847 Cod.
2259 4794 2375 4847 Vat.
2422 4783 2596 4847 6452.
2645 4804 2693 4848 et
2723 4794 2897 4846 livore.
2921 4791 3054 4846 Cod.
3085 4792 3204 4845 Vat.
3231 4788 3343 4841 Pal.
3379 4783 3538 4846 4951,

1950 4864 2040 4918 sed
2066 4866 2241 4918 livore.

2027 4942 2048 4970 ³
2092 4935 2226 4989 Cod.
2258 4934 2315 4989 S.
2345 4933 2531 4988 Crucis
2562 4935 2613 4987 in
2642 4932 2772 4995 Jcr.,
2807 4935 3010 4986 livores.

2035 5007 2050 5040 ί
2095 5004 2263 5058 Codd.
2291 5005 2407 5057 Vat.
2433 5003 2575 5057 6452
2594 5013 2646 5057 et
2668 5003 2827 5064 Vall.,
2855 5001 3012 5052 Latro
3035 4999 3213 5052 dilexit
3240 4997 3536 5052 Dominum.

2028 5084 2056 5111 ιι
2094 5074 2226 5130 Cod.
2261 5074 2381 5128 Vat.
2414 5073 2528 5127 Pal.
2561 5072 2720 5138 4951,
2743 5071 3096 5142 ampliﬁcat-it.

1950 5257 2089 5312 liber
2115 5265 2272 5322 erat.
2297 5265 2352 5312 et
2379 5257 2481 5311 nisi
2509 5255 2784 5318 voluisset,
2825 5263 3068 5310 mortuus
3097 5271 3205 5309 non
3232 5263 3393 5309 esset.
3427 5253 3538 5307 No-

1951 5335 2102 5381 verat
2130 5329 2274 5382 enim
2303 5329 2458 5392 latro,
2489 5335 2545 5379 nt
2582 5325 2716 5379 infra
2745 5326 2820 5379 ait
2842 5334 3058 5382 sanctus
3081 5326 3289 5389 doctor,
3322 5341 3538 5378 onmem

1949 5398 2044 5452 Dei
2066 5399 2367 5466 passionem
2390 5413 2454 5450 ex
2480 5396 2644 5464 ipsius
2669 5395 2780 5449 ﬁeri
2808 5397 3100 5460 voluntate,
3121 5396 3380 5464 perditam
3412 5394 3538 5446 Atlzu

1952 5469 2260 5538 progeniem
2306 5467 2813 5538 commiserantem,
2877 5469 3098 5535 ejusque
3143 5466 3368 5538 salutem
3419 5479 3538 5517 esse

1952 5537 2208 5610 causam,
2259 5553 2358 5590 cur
2402 5546 2703 5610 pateretur.
2759 5537 3098 5610 Quapropter
3142 5537 3210 5610 in_
3245 5552 3365 5610 eum
3421 5548 3536 5610 cre-

1949 5609 2104 5673 dens,
2137 5607 2253 5678 ejus
2279 5602 2535 5678 sanguine
2564 5607 2739 5673 ablui,
2774 5602 3015 5678 tantique
3042 5605 3285 5663 beneﬁcii
3315 5602 3533 5674 partici-

1949 5694 2071 5747 pem
2104 5677 2214 5731 lieri
2245 5677 2498 5747 postulat.
