4042 6192
399 353 496 408 551

1439 343 1498 398 S.
1540 342 1783 398 MAXIM]
1820 340 2123 398 EI’ISCUI’I
2164 341 2616 400 TAURINENSIS

3561 342 3664 402 351

400 460 634 527 erubuit,
664 457 855 512 Petrus
884 456 1130 511 conscius
1157 453 1304 520 dicti,
1361 461 1643 522 correptus
1689 455 1978 522 ingemuit;
2013 460 2059 516 Α
2088 470 2194 509 non
2226 456 2393 510 utitur
2424 414 2673 510 sermone
2695 467 2717 494 ε
2741 471 2848 525 quo
2880 454 3163 519 fefellerat,
3190 470 3303 525 quo
3331 471 3663 531 peccaverat,

404 552 493 605 ille
520 560 773 615 tanquam
817 546 1185 615 deprehensus
1226 541 1443 598 festinat
1489 543 1556 597 ad
1608 545 1866 621 latebras,
1900 545 1987 601 hic

405 651 658 710 tanquam
688 637 1003 693 emendatus
1029 635 1334 706 prorumpit
1380 634 1448 690 ad
1478 636 1772 705 lacrymas;
1822 635 1988 690 veluti

406 733 592 787 latenti
621 730 784 793 enim,
818 736 872 782 et
899 727 1092 781 celanti
1117 742 1177 781 se
1220 741 1251 779 a
1280 725 1566 780 Diviuitate
1592 726 1718 780 Adae
1746 725 1939 781 dicitur
1972 742 1985 778 :

407 824 575 876 Adam
606 822 693 875 ubi
722 837 779 874 es
801 818 952 889 (Gen.
978 819 1054 887 ιιι)
1074 819 1096 873 ?
1118 816 1234 873 Non
1262 817 1406 886 quod
1432 816 1603 871 Adam
1642 827 1991 887 conspectum

408 912 618 967 Domini
650 912 817 973 latere
836 910 1092 980 potuerit,
1124 909 1218 965 sed
1238 909 1381 978 quod
1402 909 1690 978 peccatrici
1718 911 1994 964 conscien-

410 1005 495 1058 tiae
527 1004 701 1057 nullus
730 1003 878 1056 locus
900 1009 1046 1057 tutus
1074 1000 1157 1056 vel
1184 1008 1366 1055 certus
1393 1000 1480 1062 sit,
1509 999 1636 1054 dum
1684 1000 1876 1055 metuit
1895 999 1991 1054 de-

410 1092 691 1164 prehendi.
726 1092 982 1161 Respexit
1006 1090 1264 1145 Dominus
1285 1074 1539 1153 Petrum,
1557 1098 1611 1144 et
1640 1090 1840 1160 apertis
1860 1106 1994 1145 ocu-

411 1186 477 1241 lis
496 1185 612 1253 ejus
641 1184 950 1239 emendavit
973 1198 1219 1238 errorem
1257 1181 1408 1252 (Luc.
1434 1182 1591 1251 χχιι).
1626 1182 1794 1238 Recte
1824 1182 1996 1236 oculis

411 1274 683 1341 emendat,
713 1274 838 1342 quia
857 1274 1115 1342 scriptum
1145 1281 1228 1327 est
1253 1290 1266 1325 :
1302 1270 1453 1325 Oculi
1492 1270 1705 1325 Domini
1733 1288 1887 1339 super
1906 1273 1998 1343 ju-

412 1375 543 1429 stas,
564 1373 612 1417 et
634 1380 784 1417 aures
805 1363 917 1433 ejus
938 1365 991 1417 in
1012 1380 1187 1433 preces
1207 1380 1386 1418 eorum
1407 1362 1584 1430 (Psal.
1613 1367 1825 1431 xxxiii).
1860 1362 1998 1431 Ergo

415 1454 609 1511 Petrus
653 1456 900 1524 prorupit
944 1464 967 1493 η
996 1454 1065 1509 ad
1106 1454 1388 1525 lacrymas,
1418 1454 1550 1508 nihil
1570 1469 1702 1510 voce
1728 1464 1996 1525 precatus.

416 1553 433 1583 ¹
466 1550 684 1605 Invenio
712 1550 855 1603 enim
877 1534 1028 1616 'quod
1056 1548 1263 1603 ﬂeverit
1291 1565 1303 1601 :
1336 1564 1444 1602 non
1465 1548 1681 1603 invenio
1702 1549 1826 1617 quid
1847 1548 2001 1611 dixe-

415 1642 519 1706 rit;
543 1641 807 1709 lacryinas
826 1638 942 1707 ejus
963 1638 1101 1705 lego,
1118 1636 1537 1693 satisfactionem
1554 1654 1663 1693 non
1679 1638 1817 1705 lego.
1838 1638 2004 1694 Recte

413 1730 574 1800 plane
599 1727 791 1782 Petrus
818 1728 963 1781 llevit
991 1736 1046 1781 ct
1088 1726 1276 1793 tacuit,
1306 1726 1431 1795 quia
1458 1727 1603 1795 quod
1631 1726 1816 1781 dellcri
1842 1727 2002 1796 solet,

2087 559 2196 613 quo
2224 544 2381 599 tidem
2412 546 2695 612 amiserat;
2739 560 2806 600 ne
2825 560 2925 616 per
2972 545 3023 601 id
3053 547 3104 600 ei
3138 545 3158 584 ί
3188 562 3299 602 non
3330 548 3575 604 credatur
3599 552 3665 606 ad

2089 634 2478 700 conlitendum,
2510 637 2530 666 '
2558 651 2666 704 quo
2693 651 2821 692 usus
2840 634 3014 690 fuerat
3038 636 3107 691 ad
3130 637 3430 706 negandum
3450 657 3464 704 ;
3487 655 3549 694 ac
3575 654 3669 710 per"

2088 725 2194 780 hoc
2220 725 2424 779 mavult
2450 732 2506 779 et
2553 740 2773 780 causam
2800 740 2954 780 suam
2983 723 3135 793 ﬂere,
3173 742 3336 799 quam
3362 728 3563 794 dicere,
3616 740 3668 785 et

2092 823 2118 862 ε
2145 814 2288 884 quod
2318 829 2449 870 voce
2478 822 2787 882 negaverat,
2840 814 3091 885 lacrymis
3142 815 3410 875 conﬁteri.
3455 816 3667 873 Invenio

2093 917 2275 963 autem
2302 916 2357 961 et
2378 906 2519 961 aliud
2540 922 2637 961 cur
2662 908 2891 965 tacuerit
2911 905 3131 974 Petrus;
3152 922 3223 963 ne
3246 916 3354 961 tam
3376 909 3485 964 cito
3509 911 3670 965 venue

2092 998 2384 1069 postulatio
2412 1013 2510 1067 per
2529 996 2913 1067 impudentiam
2937 998 3058 1068 plus
3086 997 3382 1054 oﬂ‘cnderet
3402 1016 3563 1070 quam
3587 1002 3673 1056 im-

2093 1096 2330 1160 petraret
2348 1106 2363 1154 ;
2380 1088 2520 1143 solet
2538 1089 2680 1143 cutim
2695 1087 2855 1144 citius
2876 1087 3073 1142 mereri
3098 1088 3503 1158 indulgentiam,
3525 1094 3675 1163 158

2096 1180 2187 1248 qui
2215 1177 2245 1216 ιι
2272 1178 2627 1235 verecundius
2653 1177 2997 1249 deprecatur.
3023 1177 3099 1233 ἰιι
3143 1179 3292 1233 omni
3335 1179 3496 1247 igitur
3524 1180 3675 1251 culpa

2098 1279 2224 1327 ante
2244 1269 2475 1325 ﬂendum
2504 1277 2607 1339 est,
2650 1268 2663 1306 ί
2695 1270 2775 1325 sic
2794 1269 3141 1340 precandum.
3174 1268 3384 1325 Scimus
3398 1270 3511 1340 jam
3539 1271 3553 1321 i
3579 1272 3679 1328 hoc

2100 1360 2371 1429 exemplo,
2420 1347 2872 1427 quemadmodum
2927 1367 3113 1415 nostra
3158 1370 3378 1428 peccata
3408 1376 3677 1418 curemus.

2102 1449 2125 1487 l‘
2150 1450 2289 1507 Ecce
2334 1450 2467 1507 nihil
2510 1450 2666 1504 nobis
2692 1449 2970 1518 apostolus
2989 1450 3175 1505 nocuit
3201 1450 3345 1518 quod
3367 1451 3604 1518 negavit,
3631 1459 3682 1505 et

2100 1541 2387 1611 plm'imum
2407 1539 2609 1609 profuit
2634 1537 2779 1607 quod
2800 1536 3126 1592 emendavit.
3152 1537 3394 1606 Denique
3421 1538 3683 1593 imitemur

2103 1646 2227 1687 eum
2257 1631 2383 1685 alibi
2412 1630 2681 1685 dicentem
2709 1645 2722 1681 :
2747 1643 2867 1683 cum
2898 1628 3041 1683 enim
3064 1628 3224 1684 tertio
3266 1629 3686 1696 interrogaretur

2105 1740 2136 1777 a
2180 1723 2445 1777 Domino:
2500 1720 2706 1785 Simon,
2761 1737 2908 1774 amas
2934 1720 3054 1775 me?
3102 1719 3445 1789 Responditl
3482 1721 3684 1776 tertio:

414 1836 525 1875 non
552 1820 691 1874 solet
720 1818 985 1883 excusari,
1019 1826 1073 1871 et
1101 1816 1245 1886 quod
1260 1816 1478 1871 defendi
1502 1834 1607 1871 non
1629 1825 1831 1887 potest,
1858 1818 2001 1871 ablui
2034 1816 2079 1876 Β
2106 1814 2344 1878 Domine,
2379 1822 2433 1866 tu
2477 1814 2599 1878 scis,
2630 1812 2752 1882 quia
2779 1812 2942 1883 diligo
2983 1821 3033 1867 te
3054 1829 3072 1866 :
3100 1813 3176 1865 ait
3199 1812 3458 1868 Dominus
3485 1830 3498 1866 :
3529 1811 3689 1866 l’asrc

416 1918 628 1980 potest;
676 1909 818 1963 lavat
864 1907 1009 1963 enim
1045 1906 1298 1976 .laeryma
1347 1905 1623 1979 delictum,
1674 1908 1825 1978 ιε]
1857 1906 1999 1977 quod

415 2013 552 2054 voce
601 1998 777 2068 pudor
798 2005 883 2051 est
913 1994 1176 2051 confiteri.
1211 1994 1483 2066 Lacrymae
1512 2010 1640 2063 ergo
1672 1996 2004 2053 verecundia:

418 2089 707 2145 consulunt
750 2087 970 2157 pariter,
1018 2096 1073 2141 et
1117 2086 1294 2150 saluti,
1350 2103 1450 2145 nec
1478 2088 1799 2143 erubescunt
1833 2090 2005 2157 inpe-

420 2178 602 2243 tendo,
635 2185 689 2233 et
715 2177 1007 2246 impetrant
1033 2176 1058 2214 δ
1082 2177 1134 2232 in
1160 2178 1397 2245 rogando
1430 2195 1443 2229 :
1474 2177 1741 2249 lacrymac,
1766 2179 2004 2247 inquam,

422 2272 597 2327 tacitae
638 2268 1039 2339 quodammodo
1085 2284 1275 2338 preces
1306 2280 1328 2307 ο
1358 2275 1502 2333 sunt,
1534 2269 1747 2323 veniam
1773 2285 1881 2323 non
1906 2285 2007 2338 po-

417 2360 638 2425 stulant,
670 2368 726 2414 et
771 2367 1077 2424 merentur;
1108 2375 1326 2413 causam
1347 2374 1454 2412 non
1477 2359 1686 2425 dicunt,
1709 2366 1764 2412 et
1791 2358 1973 2413 miseri
1993 2388 2005 2399 -

420 2451 662 2505 cordiam
706 2457 1142 2518 consequuntur;
1176 2450 1275 2503 nisi
1305 2449 1447 2517 quod
1478 2449 1721 2502 utiliores
1748 2449 2014 2519 lacryuta-

420 2558 541 2597 rum
564 2556 751 2609 preces
780 2549 903 2594 sunt
924 2556 1084 2608 quam
1106 2556 1447 2603 sermonum;
1474 2540 1596 2608 quia
1617 2555 1797 2593 sermo
1820 2541 1870 2593 in
1893 2556 2014 2609 pre~

418 2632 598 2689 cando
622 2632 758 2687 forte
785 2632 939 2694 fallit,
964 2631 987 2668 ι’
1015 2632 1248 2702 lacryma
1271 2632 1495 2686 omnino
1524 2649 1629 2685 non
1653 2631 1812 2698 fallit;
1834 2649 2019 2687 sermo

420 2726 566 2781 enim
597 2725 866 2780 interdum
898 2742 1005 2779 non
1030 2732 1199 2777 totum
1222 2723 1426 2793 profert
1446 2726 1754 2799 ngtium;
1780 2726 2016 2797 laeryma

422 2832 636 2886 semper
665 2825 837 2873 totum
867 2815 1046 2886 prodit
1074 2815 1350 2871 aﬂ'ectum.
1382 2813 1451 2869 Et
1498 2814 1622 2870 ideo
1670 2812 1863 2871 Petrus
1903 2816 2015 2885 jam

2107 1922 2222 1960 aves
2246 1921 2387 1959 meas
2416 1905 2599 1975 (Jaan.
2654 1905 2791 1971 χχι).
2841 1900 2907 1957 Ει
2947 1902 3052 1956 hoc
3081 1901 3239 1956 tertio
3265 1919 3277 1953 :
3308 1901 3452 1971 quod
3478 1902 3691 1970 quidem

2109 1999 2312 2055 dictum
2364 1997 2432 2055 ad
2469 1995 2967 2065 compensationem
3013 1994 3209 2063 prioris
3240 2003 3276 2029 ω
3310 1993 3437 2048 fecit
3464 1993 3690 2058 erroris;

2111 2091 2203 2161 qui
2231 2090 2374 2145 enim
2401 2088 2688 2145 Dominmn
2717 2087 2876 2142 tertio
2921 2094 3230 2155 negaverat,
3260 2087 3423 2141 tertio
3469 2085 3693 2140 conlitu-

2118 2190 2233 2245 tur;
2267 2189 2320 2236 et
2340 2180 2554 2250 quoties
2573 2178 2786 2248 culpam
2832 2175 3193 2245 delinquendo
3219 2184 3589 2240 contraxerat,
3622 2186 3695 2230 to-

2116 2271 2217 2325 ties
2236 2270 2463 2337 gratiam
2489 2266 2759 2335 diligendo
2806 2266 3097 2336 conquirit.
3139 2264 3329 2319 Videte
3357 2277 3506 2332 ergo,
3531 2280 3698 2334 quan-

2117 2369 2229 2416 tum
2262 2359 2417 2414 ﬂetus
2445 2357 2707 2429 profuerit
2754 2356 2918 2411 Petro
2951 2375 2964 2410 :
3006 2365 3295 2427 antequam
3318 2354 3490 2421 ﬂeret,
3523 2356 3705 2425 lapsus

2116 2463 2200 2509 e..t
2232 2472 2244 2506 :
2294 2462 2647 2523 posteaquam
2698 2449 2862 2517 ﬂevit,
2893 2451 3098 2505 electus
3126 2460 3240 2513 est;
3273 2458 3328 2504 et
3349 2450 3439 2517 qni
3469 2457 3600 2503 ante
3629 2448 3701 2502 lac

2116 2563 2327 2618 crymas
2354 2544 2735 2613 praevaricator
2776 2542 3003 2608 exstitit,
3048 2550 3172 2610 post
3214 2542 3476 2611 lacrymas
3523 2549 3702 2610 pastor

2119 2645 2426 2705 assumptus
2453 2643 2537 2688 est
2561 2652 2573 2685 :
2598 2641 2653 2687 et
2672 2634 2806 2688 a‘lios
2835 2632 3100 2700 regendos
3120 2632 3349 2701 accepit,
3380 2641 3407 2668 ιι
3434 2631 3527 2701 qui
3562 2631 3710 2701 prius

2120 2744 2181 2782 se
2211 2728 2324 2796 ipse
2354 2740 2457 2779 non
2482 2724 2644 2779 rexit.

1780 2914 2131 2983 HOMILIA
2174 2914 2336 2980 LIV.

1684 3013 1765 3069 De
1787 3017 1965 3071 cadent
1988 3019 2144 3073 Petro
2169 3019 2427 3086 apostolo.

1865 3108 2258 3165 ADMONITIO.

496 3194 645 3249 llanc
673 3192 968 3261 liomiliam,
998 3208 1106 3263 qua
1134 3193 1366 3249 dilucide
1393 3210 1513 3250 com
1556 3195 1778 3250 robatur
1842 3197 2068 3253 rimatus
2094 3196 2258 3264 Petri,
2287 3215 2393 3253 non
2415 3213 2537 3254 esse
2562 3199 2932 3255 ascribendam
2959 3213 3160 3255 censeo
3184 3206 3375 3255 sancto
3401 3198 3718 3264 Ambrosio,

506 3267 557 3318 in
587 3266 858 3318 codicibus
879 3265 1110 3318 duobus.
1138 3263 1398 3318 Vaticano
1430 3210 1587 3318 IT”.
1613 3279 1735 3318 Dan.
1759 3211 1847 3318 ϐξ.
1878 3275 1936 3318 et
1966 3267 2327 3318 Urbevetano.
2350 3278 2405 3318 et
2433 3272 2484 3318 in
2510 3270 2780 3318 nonnullis
2808 3269 3133 3318 editionihus
3155 3269 3373 3318 lenitur:
3404 3270 3498 3318 sed
3522 3278 3712 3318 salicto

424 3275 484 3321 ut
506 3267 557 3319 in
587 3265 1117 3337 codicibusrduobus,
1138 3263 1587 3337 vaticanoliii,
1612 3279 1735 3337 pag.
1759 3263 1847 3331 62,
1878 3275 1936 3321 et
1966 3267 2327 3334 Urbevetano,
2350 3278 2405 3324 et
2433 3272 2484 3322 in
2510 3270 2780 3325 nonnullis
2808 3269 3133 3324 editionibus
3155 3269 3373 3337 legitur;
3404 3270 3499 3324 sed
3522 3263 3712 3324 sancto

424 3337 683 3407 episcopo
711 3333 1328 3407 Taurinensi’Maximo.
1362 3334 1416 3389 Id
1444 3333 1629 3407 colligi
1645 3344 1824 3407 potest.
1872 3352 1939 3392 ex
1966 3338 2125 3405 hujus
2154 3355 2275 3393 cum
2306 3333 2583 3407 Superiore
2611 3355 2774 3405 nexu,
2805 3356 2873 3394 ex
2901 3339 3170 3394 scribendi
3195 3333 3405 3393 ratione
3431 3340 3618 3405 simili,
3648 3354 3712 3393 ex

424 3406 675 3478 congerie
698 3406 1211 3478 contrapositorum,
1243 3420 1361 3478 qum
1390 3405 1605 3478 propria
1628 3415 1710 3478 est
1733 3405 1972 3478 Maximi,
2002 3417 2163 3476 atque
2188 3424 2256 3463 ex
2290 3405 2512 3462 [numero
2524 3410 2799 3478 codicum,
2830 3410 2882 3463 in
2904 3410 3097 3478 quibus
3118 3408 3355 3476 ejusdem
3381 3424 3581 3464 nomen
3636 3409 3714 3462 in-

423 3476 697 3530 scribitur.
717 3474 942 3531 Codices
970 3476 1025 3529 hi
1053 3483 1178 3529 sunt
1205 3475 1459 3543 quinque,
1486 3474 1848 3542 Sangallensis
1869 3477 2054 3531 homil.
2075 3474 2172 3542 767,
2202 3478 2260 3533 S.
2283 3478 2471 3533 Crucis
2500 3481 2553 3533 in
2574 3477 2869 3534 Jerusalem
2891 3474 2979 3544 99,
3004 3474 3190 3534 bomil.
3223 3477 3311 3541 50,
3341 3478 3712 3540 Taurinensis,

420 3545 819 3600 'I.aurentianus
850 3563 902 3610 x,
927 3544 1066 3599 Plut.
1091 3561 1200 3609 xw,
1226 3558 1347 3613 pag.
1371 3544 1497 3608 288,
1528 3552 1583 3598 et
1605 3562 1675 3609 iv,
1702 3544 1840 3599 Plut.
1866 3562 2036 3601 χχχιιι
2066 3548 2194 3602 bibl.
2216 3550 2346 3602 olim
2366 3549 2423 3603 S.
2451 3548 2638 3604 Crucis
2666 3550 2857 3604 Minor.
2891 3548 3164 3604 Convent.
3200 3564 3344 3603 nunc
3370 3549 3423 3601 in
3466 3548 3709 3602 Laurem

426 3618 592 3689 tiana.
626 3614 799 3689 Supra
829 3616 1077 3689 laudatus
1105 3615 1276 3689 codex
1304 3615 1598 3689 vaticanus
1628 3615 1763 3689 l277
1793 3616 1957 3689 liabet
1990 3618 2404 3689 inscriptionem
2435 3618 2743 3687 hujusmodi
2769 3638 2782 3673 :
2816 3620 3001 3674 Sermo
3029 3621 3082 3673 in
3111 3619 3281 3673 natali
3317 3618 3377 3673 S.
3410 3617 3557 3689 Petri
3588 3635 3714 3689 pra-

427 3688 602 3760 prius;
648 3681 937 3760 Vaticanus
960 3687 1095 3739 alter
1123 3683 1265 3760 6151Δ
1296 3702 1309 3737 :
1345 3684 1526 3760 Sermo
1555 3687 1609 3739 in
1639 3686 1855 3760 vinculis
1886 3686 1948 3741 S.
1979 3686 2146 3742 Petri.
2166 3681 2390 3760 jNeuter
2416 3681 2605 3743 eorum
2633 3690 2925 3744 convenire
2972 3697 3170 3760 potest,
3205 3704 3313 3760 non
3333 3688 3562 3760 primus,
3588 3681 3715 3760 quia

428 3754 544 3829 dies
572 3754 763 3829 natalis
798 3764 1116 3829 sanctorum
1164 3754 1269 3829 dici
1304 3755 1447 3829 solet
1474 3756 1590 3809 dies
1620 3756 1874 3829 transitus
1876 3772 2083 3829 _eorum
2113 3758 2185 3829 ad
2206 3759 2433 3826 gloriam
2455 3774 2630 3829 ;_non
2659 3760 2941 3824 secundus,
2970 3754 3115 3829 quod
3142 3754 3276 3813 nihil
3313 3754 3380 3812 de
3399 3754 3718 3829 celebritate

428 3825 765 3880 vinculorum
798 3823 939 3877 Petri
965 3825 1066 3877 bac
1090 3825 1144 3893 in
1172 3823 1390 3893 bomilia
1412 3824 1646 3893 legatur.
1670 3823 1854 3878 Codex
1874 3823 2231 3882 Taurinensis'
2244 3829 2406 3883 habet
2432 3846 2444 3881 :
2476 3827 2609 3882 Item
2626 3838 2678 3882 et
2705 3829 2768 3883 de
2807 3823 3075 3884 eadem-8.
3113 3830 3299 3893 Petro;
3330 3828 3549 3883 (ueteri:
3615 3825 3717 3882 εει

428 3894 656 3967 quentia,
692 3893 935 3967 videlicet
952 3892 1212 3967 _e_am_dc_m_
1237 3892 1530 3956 homiliam,
1563 3901 1793 3967 qnze_est
1812 3894 1888 3967 de
1909 3896 2223 3967 pgmiteutia
2249 3898 2414 3952 Petri.
2445 3898 2703 3953 Alcuinus
2724 3912 2849 3967 pag.
2874 3900 2977 3953 336
3002 3899 3131 3953 cdlt.
3168 3892 3357 3953 Venet.
3390 3896 3531 3967 liii}?
3557 3911 3713 3967 eam-

429 3960 553 4039 (lem
576 3964 675 4016 sub
704 3963 923 4039 nomine
952 3960 1167 4039 Maximi
1198 3961 1340 4013 inter
1366 3976 1644 4039 sermones
1673 3960 1793 4039 festi
1816 3960 1926 4016 SS.’
1948 3962 2092 4039 P_etri
2113 3973 2167 4019 et
2198 3964 2359 4039 Pauli,
2373 3967 2677 4039 collocavit.
2707 3960 3001 4039 Gymnicus
3030 3983 3161 4039 vero
3187 3981 3312 4038 pag.
3343 3966 3713 4039 156,‘{}_:ilesi-

431 4033 703 4106 i_ii_us_pag.
736 4031 855 4095 128,
883 4030 1206 4106 Ilaynaugus
1226 4044 1347 4106 pag.
1378 4030 1500 4106 216,
1533 4030 1948 4106 Cumdiustom.
1981 4033 2049 4106 I_l,_
2068 4049 2190 4103 pag.
2226 4037 2381 4102 1257,
2413 4045 2469 4092 et
2513 4030 2847 4106 Margaririus
2887 4040 2939 4093 in
2971 4036 3108 4093 Bibl.
3135 4030 3289 4093 Max:
3307 4046 3441 4093 tom.
3477 4036 3564 4100 VI,
3589 4048 3715 4103 pag.

430 4102 519 4177 21,
550 4099 828 4177 designato
858 4099 1015 4154 titulo
1045 4118 1056 4152 :
1088 4099 1168 4177 De
1195 4100 1375 4177 eadem
1416 4100 1574 4177 Petro
1600 4102 1856 4177 apostolo,
1893 4102 1950 4157 S.
1999 4099 2242 4177 Maximo
2284 4099 2670 4177 ascripserunt.
2718 4108 2826 4163 Nos
2872 4116 2928 4163 et
2957 4109 3193 4175 titulum,
3223 4116 3279 4162 et
3303 4107 3445 4165 idem
3484 4099 3720 4177 lioniiliie

431 4172 754 4248 principium
780 4187 1059 4248 servamus
1089 4170 1255 4241 (quod
1283 4171 1500 4248 aliiﬂpro
1522 4170 1674 4248 libita
1696 4182 1993 4248 minavere)
2027 4182 2086 4228 ut
2113 4176 2175 4248 in
2194 4170 2443 4248 Maurina'
2463 4178 2760 4248 appendice
2787 4194 2950 4235 serm.
3004 4177 3061 4234 S.
3094 4170 3377 4247 Augustini
3408 4192 3558 4231 num.
3593 4172 3718 4239 I99,

432 4240 556 4314 pag.
578 4240 702 4311 9.26,
730 4242 859 4297 edit.
883 4240 1145 4311 Antucrp.
1170 4258 1258 4295 an.
1296 4242 1450 4308 1700,
1480 4250 1536 4297 et
1564 4242 1616 4295 in
1644 4242 1831 4298 codice
1851 4240 2013 4300 Vatie

2147 4245 2307 4315 6151,
2340 4240 2583 4316 legimus.

506 4427 530 4454 η
562 4416 695 4473 Cod.
716 4416 928 4472 Martia.
960 4418 1013 4472 in
1047 4418 1326 4488 lacrymas.
2051 4421 2098 4485 (ζ

504 4487 533 4527 ³³
560 4488 696 4541 Cod.
730 4488 1130 4554 Lambacensis,
1165 4487 1454 4558 irrigando.

505 4570 532 4628 ς
564 4560 697 4613 Cod.
724 4559 1129 4624 Ambrosianus,
1151 4575 1326 4628 preces
1357 4561 1549 4628 (terunt.

506 4627 535 4665 ἀ
564 4628 697 4752 υιῆι.
727 4628 939 4683 Sancta:
961 4628 1149 4683 Crucis
1173 4629 1226 4682 in
1245 4626 1562 4693 Jerusalem,
1586 4628 1833 4699 lacrymw
1848 4628 2025 4682 omnia

509 4718 539 4751 ιι
566 4702 617 4752 fu
662 4709 773 4752 unt.

438 4716 539 4754 uan
565 4701 773 4754 fallunt.

513 4780 537 4840 ιξ
564 4767 696 4824 Item
728 4769 848 4824 eod.
871 4768 1109 4833 Martin.,
1130 4768 1217 4840 qui
1242 4767 1443 4837 fellerat
1466 4783 1581 4822 cum
1601 4779 1916 4838 peccaverat.

518 4838 535 4876 ί
568 4841 702 4893 Cod.
732 4840 944 4895 Martin.
979 4838 1179 4895 omittit
1204 4854 1329 4891 non.

514 4918 539 4980 ξι
571 4910 705 4980 Cod.
737 4910 1012 4975 Ambros.,
1041 4920 1090 4963 at
1118 4926 1265 4980 quem
1294 4918 1568 4980 roce,elc._

514 4977 540 5015 ι·
570 4979 706 5034 Cod.
737 4980 915 5035 Casio.
947 4997 1052 5047 exn,
1081 4977 1167 5053 qui
1191 4979 1497 5034 verecundia
1516 4978 1571 5033 id
1593 4978 1918 5047 deprecatur.

2209 4418 2224 4457 ί
2260 4418 2396 4474 Cod.
2422 4419 2661 4489 Martin.,
2691 4430 2741 4475 et
2766 4422 2864 4476 sic.

2205 4492 2220 4540 ι
2257 4491 2407 4545 Idem
2434 4490 2557 4546 cod.
2592 4492 2833 4553 Martin.,
2865 4493 2921 4545 in
2947 4493 3044 4547 hac
3062 4493 3320 4553 cntempla.

2202 4559 2225 4599 ³⁸
2258 4561 2404 4644 Idem
2425 4563 2557 4644 cod.
2573 4562 2812 4628 Martiu.,
2830 4560 2965 4618 Ecce
2982 4563 3133 4618 nobis
3148 4559 3278 4617 nihil
3297 4561 3434 4632 quod
3454 4560 3727 4632 apostolus

2132 4640 2353 4701 negarit,
2385 4640 2578 4688 nocuit.
3297 4697 3304 4705 ρ

2209 4702 2225 4741 ι
2260 4701 2548 4783 ldeiucod.
2566 4701 2792 4783 ,Μίιινιίηνζ
2818 4702 3019 4783 omittit
3045 4704 3214 4783 tertia.

2204 4772 2735 4852 “Acoild.Ambros.,
2760 4771 2816 4826 ὃ.
2841 4772 3031 4827 Crucis
3052 4774 3104 4826 in
3127 4773 3263 4841 Jer.,
3290 4780 3345 4827 et
3363 4771 3535 4827 Vatic.
3560 4767 3727 4835 12⁸70,

2133 4844 2700 4993 ρνᾞῗλῗξᾶοῗῗιίιιωςη,
2730 4928 2834 4966 non
2860 4913 3117 4980 correxit;
3147 4912 3270 4969 eod.
3294 4911 3415 4967 Vat.
3448 4910 3605 4976 l270,
3632 4908 3734 4981 qui

2137 4998 2193 5035 se
2217 4992 2383 5052 ipsum
2406 4998 2510 5036 non
2541 4992 2693 5035 rexit.

518 5138 533 5168 ¹
568 5133 782 5208 Invenio
806 5135 941 5208 enirn
961 5136 1097 5208 quod
1112 5137 1308 5207 ﬂeverit
1330 5152 1483 5191 :-non
1506 5136 1712 5191 invenio
1735 5135 1873 5208 quod
1893 5136 2037 5190 dixe-

446 5208 560 5260 rit:
594 5207 851 5273 lacrymas
881 5205 993 5273 ejus
1018 5205 1149 5276 lego,
1198 5209 1612 5331 satisl‘actt'oncm
1654 5205 1760 5260 non
1815 5207 2027 5274 lego.—

451 5276 574 5330 Ilazc
603 5292 669 5330 cx
699 5273 1005 5331 Ambrosio.
1037 5275 1128 5330 lib.
1158 5294 1211 5331 x.
1245 5280 1296 5331 in
1348 5294 1499 5331 ucem
1529 5277 1826 5331 desumpsit
1853 5276 2027 5331 Maxi-

451 5276 574 5330 llicc
603 5292 669 5330 cx
699 5273 1005 5345 Ambrosio,
1037 5273 1128 5330 lib.
1158 5294 1211 5338 x.
1245 5280 1296 5331 in
1327 5273 1499 5333 lucem
1529 5277 1826 5345 desumpsit
1853 5273 2028 5331 Maxi-

452 5361 589 5401 mus.
620 5345 730 5399 Visi
757 5352 884 5397 sunt
909 5344 1074 5415 aliqui
1101 5346 1450 5404 confessionis
1478 5344 1794 5402 auricularis
1831 5361 2033 5415 prame-

451 5425 607 5487 ptum
635 5416 695 5487 in
715 5414 1407 5487 pmnitcntimsacramento
1462 5414 1845 5487 impugnantes’
1885 5414 2034 5487 abuti

455 5484 558 5541 lioc
586 5484 851 5539 Ambrosii
879 5484 1019 5539 loco.
1053 5484 1160 5538 Eos
1205 5487 1514 5542 confutatos
1535 5484 1673 5543 esse
1702 5504 1731 5541 a
1759 5486 2037 5541 monachis

456 5558 514 5611 S.
546 5555 714 5609 Mauri
755 5570 912 5608 nemo
955 5556 1154 5621 nescit;
1204 5556 1671 5612 docuerunt-enim
1694 5555 2037 5611 Ambrosium

459 5627 545 5681 hic
562 5627 629 5681 de
675 5623 1014 5680 confessione
1058 5626 1435 5681 sacramentali
1465 5643 1572 5682 non
1601 5642 1782 5695 agerc,
1835 5626 1933 5680 scd
1970 5624 2039 5679 de

457 5698 665 5768 privata
686 5696 1020 5767 paenitentia,
1052 5711 1172 5766 qua:
1200 5711 1229 5748 a
1260 5695 1511 5768 lacrymis
1530 5698 1767 5768 incipere
1785 5695 1964 5768 debet,
1987 5702 2043 5749 et

466 5764 652 5827 deinde
680 5764 746 5823 ad
775 5777 954 5823 reatus
976 5768 1058 5822 sui
1072 5764 1508 5823 accusationem.
1538 5774 1591 5820 et
1621 5764 1685 5820 ad
1725 5767 1889 5821 venue
1948 5781 2042 5836 pc-

2140 5137 2387 5208 titionem
2414 5137 2678 5207 procedit.
2714 5137 2915 5202 Inveni,
2949 5139 3120 5208 inquit
3153 5136 3506 5208 Ambrosius,“
3528 5151 3619 5208 cur
3644 5142 3738 5187 ta-

2142 5208 2303 5261 cuerit
2327 5205 2531 5271 Petrus,
2556 5224 2621 5261 ne
2641 5217 2745 5262 tam
2770 5210 2871 5263 rita
2891 5205 3052 5262 reniti:
3079 5209 3255 5278 petitio
3284 5208 3399 5277 plus
3428 5205 3737 5278 aﬂ'emlcret,

2143 5287 2263 5349 ante
2300 5278 2527 5349 ﬂendum
2548 5286 2651 5349 est,
2685 5280 2758 5332 sic
2787 5274 3131 5349 precandum.
3154 5274 3293 5349 yid.
3337 5274 3680 5349 Comment;
3680 5274 3740 5327 in

2144 5348 2235 5402 lib.
2265 5342 2519 5414 x'Evang.
2548 5342 2726 5413 Lucae,
2750 5342 2876 5402 eilit.
2908 5348 3080 5402 Paris.
3114 5348 3270 5409 1790,
3294 5360 3418 5416 pag.
3450 5344 3604 5398 1525.
3635 5342 3740 5416 Eo-

2144 5419 2263 5472 dem
2293 5419 2485 5477 spiritu
2516 5419 2726 5473 locutus
2748 5427 2829 5473 est
2853 5419 3137 5480 Maximus,
3166 5414 3463 5486 eademque
3487 5414 3740 5469 doctrina

2145 5488 2213 5543 ab
2240 5487 2697 5542 hetcrodoxorum
2723 5504 2950 5542 censura
2979 5489 3303 5543 defenditur.

2218 5562 2237 5589 ¹
2269 5558 2503 5612 Externa
2531 5558 2834 5626 negatione,
2880 5573 2986 5612 non
3016 5558 3178 5612 animi
3200 5557 3417 5618 allectu,
3443 5569 3552 5624 quo
3577 5566 3741 5605 exar-

2146 5628 2235 5691 sit,
2286 5644 2410 5683 cum
2454 5627 2590 5684 dixit
2641 5629 2869 5686 Domino
2900 5645 3000 5687 suo
3032 5647 3045 5681 :
3078 5629 3320 5682 Animam
3370 5641 3537 5680 meam
3565 5636 3661 5694 pro
3694 5633 3751 5678 te

2149 5715 2361 5769 ponam.
