4042 6192
275 318 380 379 333

1707 300 1870 358 IIOMI
1879 297 1986 357 LIA
2028 298 2159 358 LIV.

3458 311 3565 370 5M

281 431 432 503 [69
454 427 852 503 Διευκεκξωμ.
880 450 952 461 -·
976 417 1180 503 Bogus.
1211 422 1401 503 ῃαειρῄ
1432 415 1643 503 θνεςιὶξτλ
1669 409 1871 503 Pyle-
1900 414 1948 472 Α
1978 414 2093 467 nirc
2111 414 2390 483 vestigium
2428 434 2439 469 :
2470 417 2484 466 l
2514 416 2749 485 jactatur
2770 418 2895 475 licet
2916 419 3166 477 ﬂuctibus
3193 438 3363 487 mare,
3388 429 3563 483 ventis

341 484 539 555 mrum
550 505 697 564 petra
708 496 865 547 totius
872 490 1041 565 operis
1057 484 1340 565 Christiani
1350 484 1647 565 compagem
1665 484 1874 565 inpleui-

269 573 278 630 i
346 553 441 639 que
469 553 940 639 continens,_cujus
964 559 1152 639 aperis.
1172 557 1484 639 consortium
1524 553 1637 639 cum
1666 553 1871 639 Christo

271 623 276 643 ²
341 623 514 692 habet.
540 634 622 688 De
643 623 789 687 Petri
816 623 872 686 id
892 623 1025 684 mari
1046 626 1360 682 ambulantis
1388 624 1509 695 ﬁde,
1534 634 1685 686 atque
1705 623 1869 676 dilec-

270 748 276 759 .
344 710 506 762 tione.

340 881 689 937 Astruximus
724 887 747 915 ⁸
795 874 1074 947 superiore
1119 871 1423 937 dominica,
1457 869 1514 926 S.
1545 869 1765 924 Petrum
1817 869 1871 923 in

271 975 575 1032 Salvatoris
596 972 844 1043 passione
865 970 977 1024 suis
1005 966 1279 1022 erroribus
1305 963 1615 1035 profecisse,
1642 972 1697 1017 et
1718 971 1871 1032 post-

266 1082 504 1135 eaquam
538 1064 753 1133 negavit
782 1061 1066 1116 Dominum
1094 1055 1121 1095 b
1160 1056 1346 1121 Deum,
1389 1055 1551 1111 fuisse
1590 1055 1870 1111 meliorem

268 1160 517 1215 Fidelior
537 1157 684 1212 enim
714 1154 885 1209 factus
911 1159 1013 1217 est,
1061 1158 1348 1221 postquam
1380 1146 1540 1202 fidem
1588 1164 1647 1203 se
1689 1146 1871 1218 perdi-

258 1250 416 1303 disse
444 1246 695 1309 deﬂevit;
727 1251 890 1312 atque
926 1241 1049 1296 ideo
1089 1239 1352 1309 majorem
1395 1228 1623 1306 gratiam
1668 1236 1879 1305 reperit

268 1355 437 1409 quam
457 1338 681 1401 amisit;
708 1343 962 1404 tanquam
988 1333 1163 1386 bonus
1209 1329 1352 1384 enim
1391 1335 1577 1397 pastor
1614 1326 1871 1381 tuendum

267 1444 495 1499 gregem
524 1427 750 1497 accepit,
776 1432 833 1479 ut
855 1424 947 1493 qui
973 1422 1074 1477 sibi
1103 1427 1228 1475 ante
1250 1419 1492 1474 infirmus
1514 1417 1873 1481 fuerat,tieret

273 1532 296 1561 ε
329 1520 590 1576 omnibus
617 1516 1042 1579 ﬁrmamentum;
1064 1509 1091 1549 τι
1113 1520 1168 1566 et
1188 1511 1279 1581 qui
1300 1512 1415 1581 ipse
1436 1506 1872 1576 interrogationis

267 1614 581 1670 tentatione
611 1614 914 1672 nutaverat,
939 1613 1166 1661 cteteros
1206 1602 1330 1657 ﬁdei
1358 1602 1649 1657 stabilitate
1677 1596 1871 1653 tunda-

266 1716 375 1763 ret.
431 1706 673 1774 Denique
701 1717 800 1773 pro
848 1699 1119 1755 soliditate
1166 1696 1466 1751 devotionis
1507 1694 1870 1749 Ecclesiarum

1974 505 2214 573 pelagus,
2246 507 2597 563 confirmetur
2625 527 2730 565 non
2757 520 2939 566 tamen
2969 511 2992 550 ιι
3027 517 3272 569 turbatur
3300 514 3445 570 Petri
3471 533 3560 570 se-

1973 596 2123 659 mita,
2153 612 2271 667 qua:
2309 597 2458 653 ducit
2484 602 2549 655 ad
2582 601 2887 658 Dominum.
2920 603 3171 659 Ambutat
3213 606 3375 674 igitur
3402 623 3565 675 super

1974 698 2142 756 aquas
2181 686 2390 756 Petrus,
2424 700 2479 745 et
2516 693 2617 748 sub
2650 694 2877 763 pedibus
2901 694 3015 765 ejus
3042 697 3219 753 mollis
3264 698 3404 752 unda
3453 714 3561 752 non

1974 778 2142 833 cedit.
2193 778 2442 848 Legimus
2487 783 2540 837 in
2587 784 2767 840 Veteri
2822 784 3167 844 Testamento
3199 788 3395 858 (Exod.
3446 791 3559 860 xrv)

1974 866 2112 923 filios
2134 868 2296 925 Israel
2327 888 2422 942 per
2448 890 2597 929 mare
2628 876 2864 930 Rubrum
2887 879 3042 933 siccis
3069 879 3349 935 itineribus
3378 882 3562 934 ambu-

1974 960 2134 1025 lasse,
2166 970 2221 1017 et
2258 962 2324 1017 ad
2368 966 2712 1021 securitatem
2760 969 3142 1036 gradientium,
3186 987 3253 1026 ne
3284 972 3561 1026 laberetur

1974 1049 2137 1115 unda,
2171 1052 2225 1105 in
2252 1050 2577 1109 soliditatem
2617 1059 2899 1125 quamdam
2931 1073 3047 1112 eam
3078 1059 3241 1115 fuisse
3269 1070 3553 1115 mutatam.

1979 1139 1996 1178 ι
2032 1141 2244 1208 Quanto
2274 1145 2378 1199 hoc
2406 1146 2613 1211 melius,
2647 1148 2757 1211 ubi,
2783 1149 3089 1204 ambulante
3118 1148 3299 1217 Petro,
3323 1167 3424 1206 nec
3448 1168 3562 1206 mn-

1973 1239 2122 1290 tatur
2144 1232 2303 1301 unda,
2349 1254 2450 1293 nec
2479 1240 2694 1304 labitur,
2725 1255 2828 1295 nec
2857 1241 3120 1297 solidatur
3148 1259 3306 1312 aqua,
3339 1261 3440 1299 nec
3468 1260 3556 1299 re-

1975 1326 2128 1395 fugit.
2156 1329 2362 1393 Melius,
2392 1332 2632 1401 inquam,
2661 1342 2763 1399 est,
2796 1335 2885 1389 ubi
2915 1336 3103 1390 eadem
3126 1337 3289 1403 unda,
3315 1352 3433 1405 qua;
3458 1336 3559 1390 ﬂu-

1974 1426 2124 1473 ctuat
2150 1428 2206 1473 et
2233 1430 2520 1488 sustentat,
2545 1423 2635 1476 ubi
2674 1424 2812 1478 idem
2842 1439 3057 1494 gurges,
3087 1428 3178 1496 qui
3208 1429 3468 1495 mergitur
3505 1435 3560 1482 et

1973 1508 2281 1565 famulatur.
2296 1511 2409 1567 Illic
2437 1521 2497 1566 ut
2518 1522 2825 1582 portaretur
2844 1532 2942 1585 per
2962 1533 3111 1572 mare
3126 1519 3353 1588 populus
3371 1518 3557 1583 Israel,

1975 1608 2207 1655 meatum
2244 1618 2400 1656 suum
2448 1612 2641 1658 natura
2685 1605 2992 1674 perdiderat
3034 1624 3047 1660 :
3092 1607 3182 1663 hic
3223 1616 3467 1677 portatur
3502 1608 3557 1663 in

1975 1692 2128 1760 aquis
2159 1691 2380 1758 Petrus,
2413 1702 2451 1729 ω
2494 1709 2707 1749 cursum
2737 1711 2891 1750 suum
2923 1694 3121 1751 ﬂuenta
3153 1714 3260 1751 non
3300 1697 3555 1768 perdunt.

266 1808 428 1869 petra
471 1796 684 1859 dicitur,
717 1795 857 1849 sicut
907 1792 982 1845 ait
1035 1790 1292 1844 Dominus
1326 1807 1337 1841 :
1373 1788 1447 1840 Tu
1476 1805 1530 1841 es
1580 1786 1788 1853 Petrus,
1815 1796 1862 1837 et
1896 1782 1938 1841 Β
1967 1781 2307 1837 Temerarius
2336 1796 2464 1851 ergo
2489 1785 2663 1839 viator
2690 1786 2984 1855 apostolus,
3013 1787 3137 1841 novi
3166 1788 3374 1842 itineris
3411 1788 3552 1842 viam

267 1905 431 1960 super
462 1887 597 1941 hanc
617 1888 816 1957 petram
846 1880 1115 1952 wdiﬁcabo
1148 1878 1433 1933 Ecclesium
1458 1892 1625 1932 meum
1650 1872 1864 1948 (Matth.

269 1980 414 2047 xvi).
452 1976 610 2031 Petra
643 1976 785 2030 enim
816 1974 1029 2035 dicitur,
1060 1986 1126 2026 eo
1156 1970 1299 2039 quod
1320 1971 1524 2040 primus
1553 1969 1604 2023 in
1636 1969 1873 2023 nationi-

267 2071 371 2125 bus
399 2069 525 2123 fidei
549 2068 889 2122 fundamenta
918 2064 1179 2134 posuerit,
1206 2071 1260 2116 et
1289 2072 1538 2130 tanquam
1562 2076 1750 2115 saxum
1780 2061 1873 2114 im-

269 2161 479 2217 mobile
504 2161 663 2213 totius
685 2157 862 2227 cperis
884 2155 1170 2211 Christiani
1200 2168 1534 2222 compagem,
1563 2152 1871 2222 molemque

267 2253 576 2308 eontineat.
609 2246 765 2303 Petra
796 2259 819 2285 ε
844 2257 1026 2301 autem
1069 2261 1167 2316 pro
1195 2244 1484 2300 devotione
1514 2242 1704 2298 Petrus
1731 2244 1868 2299 dici-

271 2351 382 2406 tur,
426 2352 484 2396 et
505 2348 657 2409 petra
686 2354 785 2408 pro
809 2338 1006 2391 virtute
1036 2336 1297 2391 Dominus
1337 2344 1699 2405 nuncupatur,
1731 2335 1870 2389 sicut

268 2434 342 2488 ait
389 2430 727 2503 Apostolus:
774 2428 1022 2483 Bibebant
1045 2430 1217 2482 autem
1262 2428 1326 2481 de
1359 2427 1375 2465 τ
1405 2427 1663 2496 spirituali
1687 2442 1867 2479 conse-

265 2534 459 2597 quente
477 2541 566 2578 eos
593 2533 779 2594 petra;
802 2530 948 2593 petra
976 2530 1147 2574 autem
1168 2528 1278 2573 erat
1307 2517 1542 2573 Christus
1565 2515 1619 2590 (1
1640 2515 1760 2571 Cor.
1789 2516 1866 2587 Χ).

273 2616 454 2672 Recte
491 2614 824 2670 consortium
854 2619 1094 2666 meretur
1127 2611 1385 2674 nominis,
1414 2611 1504 2679 qui
1534 2610 1870 2667 consortium

266 2715 520 2762 meretur
542 2714 598 2760 et
634 2705 846 2774 cperis;
888 2703 941 2757 in
968 2702 1155 2758 eadem
1180 2703 1321 2757 enim
1345 2700 1507 2756 domo
1538 2700 1729 2757 Petrus
1752 2701 1871 2757 fun-

267 2798 589 2853 damentum
613 2797 811 2867 posuit,
837 2794 1029 2850 Petrus
1041 2794 1265 2864 plantat,
1287 2790 1546 2848 Dominus
1567 2793 1870 2848 incremen-

265 2900 385 2946 tum
418 2888 534 2955 dat,
559 2889 816 2944 Dominus
844 2888 1101 2956 irriguum
1129 2885 1503 2941 subministrat
1527 2884 1741 2955 (Matth.
1765 2886 1865 2956 tv).
1884 2878 1897 2887 ’

263 2980 469 3036 Petrus
496 2979 638 3035 enim
687 2978 1073 3035 tentationibus
1100 2977 1210 3032 suis
1244 2973 1476 3045 proficit,
1505 2975 1717 3031 ﬂetibus
1756 2974 1869 3030 suis

262 3073 495 3142 gaudet,
524 3071 778 3141 periculis
804 3061 915 3124 suis
937 3068 1151 3124 crescit.
1185 3078 1209 3115 ε
1240 3066 1330 3122 Sic
1361 3082 1593 3137 namque
1624 3067 1678 3121 in
1707 3066 1863 3131 mari,

1973 1873 2165 1942 carpit,
2189 1873 2349 1927 modo
2388 1874 2594 1928 curvati
2623 1876 2849 1944 gurgitis
2874 1877 3071 1932 molem
3101 1879 3362 1943 ascendit,
3393 1879 3564 1934 modo

1972 1963 2295 2019 subsidentis
2340 1964 2510 2032 sinus,
2564 1965 2706 2020 unda
2734 1965 3030 2033 descendit,
3061 1976 3115 2022 et
3144 1969 3284 2023 inter
3321 1970 3562 2024 marinos

1973 2056 2166 2111 ﬂuctus
2211 2072 2467 2113 ascensus
2518 2067 2545 2094 ιι
2598 2058 2675 2113 illi
2722 2059 2956 2126 itineris,
3007 2060 3402 2132 descensusque
3447 2079 3558 2119 non

1972 2146 2142 2201 deest.
2175 2146 2280 2201 Sed
2310 2148 2401 2202 ubi
2433 2149 2677 2203 turbatus
2698 2151 2900 2214 ventis,
2933 2153 3231 2219 exagitatus
3271 2154 3554 2222 procellis,

1975 2238 2201 2307 °incipit
2234 2239 2422 2293 timere
2450 2240 2594 2308 quod
2633 2240 2881 2307 credidit,
2908 2245 3090 2297 statim
3118 2244 3169 2298 ei
3209 2258 3401 2313 gurges
3428 2247 3557 2301 sub-

1972 2331 2221 2395 trahitur,
2254 2331 2394 2385 unda
2440 2332 2781 2399 subducitur;
2825 2345 2851 2383 p
2899 2350 3026 2390 mox
3048 2334 3400 2392 defatiscente
3430 2329 3574 2404 fide,‘

1973 2423 2182 2479 fatescit
2221 2425 2443 2489 semita;
2492 2430 2621 2480 tunc
2668 2426 3003 2495 exclamans,
3046 2427 3333 2483 Dominum
3374 2428 3556 2485 Jesum

1970 2515 2174 2569 salvum
2193 2529 2251 2569 se
2274 2512 2386 2568 fieri
2406 2514 2728 2585 deprecatur
2741 2533 2754 2582 ;
2769 2529 2930 2585 quem
2943 2526 2968 2566 ιι
2981 2517 3372 2586 apprehensum
3395 2534 3557 2575 manu

1971 2605 2223 2660 Salvator
2251 2605 2461 2669 liberat,
2493 2614 2550 2660 et
2590 2605 2858 2675 objurgat,
2890 2607 3076 2662 dicens
3107 2626 3120 2661 :
3151 2607 3373 2663 Modica:
3410 2609 3559 2679 fidei,

1971 2713 2131 2766 quare
2157 2696 2444 2750 dubistnti?
2465 2696 2578 2752 Hoc
2604 2705 2706 2762 est,
2737 2712 2833 2751 cur
2864 2706 2971 2751 tam
3001 2699 3222 2753 mediae
3247 2698 3368 2755 ﬁdei
3391 2716 3468 2763 es,
3499 2708 3558 2754 ut

1970 2788 2061 2856 qui
2092 2787 2366 2843 credendo
2400 2799 2420 2827 τ
2447 2804 2598 2843 mare
2628 2789 2905 2844 ambulare
2933 2804 3195 2860 coeperas,
3223 2806 3328 2846 non
3352 2793 3402 2848 id
3436 2808 3560 2863 pcr-

1972 2880 2271 2935 sererando
2301 2881 2593 2935 transires?
2632 2880 2904 2951 Scriptum
2933 2889 3017 2937 est
3040 2884 3184 2937 enim
3218 2901 3230 2936 :
3260 2882 3360 2947 Qui
3379 2901 3557 2956 perse-

1970 2974 2220 3026 veraverit
2269 2989 2430 3045 usque
2475 2975 2529 3027 in
2567 2976 2726 3044 ﬁnem
2765 2974 2848 3027 hic
2887 2975 3058 3028 saluus
3105 2977 3203 3028 erit
3230 2975 3440 3046 (Matth.
3476 2978 3558 3044 χ).

1972 3062 2081 3119 Sed
2108 3064 2235 3118 dum
2276 3065 2547 3119 cunctaris
2576 3073 2630 3119 et
2664 3065 2910 3129 dubitas,
2957 3066 3060 3119 iter
3097 3067 3240 3134 quod
3284 3065 3560 3133 ingressus

263 3133 392 3219 dum
423 3133 596 3233 sup-er
622 3161 792 3215 undas
820 3159 1141 3214 temerarius
1168 3158 1344 3214 viator
1364 3133 1679 3227 ingreditur,
1712 3164 1867 3212 nutat
1893 3133 1939 3196 (ἶ
1970 3152 2146 3210 fueras
2175 3155 2475 3226 perdidisti.
2505 3155 2632 3218 Cur,
2665 3155 2903 3226 inquam,
2940 3166 3048 3210 tam
3070 3133 3295 3211 modicae
3326 3156 3445 3211 fidei
3476 3171 3557 3223 es,

266 3258 430 3312 iaces;
452 3272 514 3323 u,
536 3256 631 3311 sed
652 3252 981 3309 convalescit
1007 3251 1225 3317 aﬂ‘cctu;
1250 3251 1586 3320 periclitatur
1613 3264 1864 3320 corpore,

269 3349 362 3403 sed
423 3346 721 3401 devotione
771 3360 882 3399 non
932 3343 1154 3407 labitur;
1182 3343 1443 3410 mergitur
1486 3342 1738 3412 pedibus,
1770 3340 1867 3396 sed

268 3438 475 3494 Christi
512 3437 733 3491 dextera
759 3433 785 3471 ¹ι
809 3442 1172 3499 sustentatur;
1210 3441 1477 3488 sustentat
1510 3433 1656 3499 Iidcs,
1702 3446 1865 3501 quem

268 3530 412 3585 unda
440 3527 755 3595 mergebat;
778 3534 834 3580 et
855 3538 1017 3594 quem
1057 3524 1310 3579 ﬂuctuum
1335 3522 1572 3594 procella
1596 3522 1862 3586 turbabat,

265 3620 574 3675 Salvatoris
594 3618 811 3673 dilectio
847 3615 1222 3673 confirmabat.
1254 3613 1270 3654 ί
1313 3615 1617 3670 Ambulavit
1638 3616 1781 3670 enim
1811 3614 1864 3669 in

265 3714 403 3767 mari
430 3712 629 3765 Petrus
650 3710 819 3778 magis
837 3709 1122 3764 dilectione
1144 3722 1308 3777 quam
1324 3707 1575 3776 pedibus;
1597 3723 1704 3761 non
1721 3706 1865 3761 enim

269 3804 497 3859 videbat
527 3802 618 3857 ubi
643 3801 838 3871 pedum
861 3800 1141 3868 vestigium
1161 3807 1422 3869 poneret;
1452 3799 1666 3853 videbat
1685 3805 1865 3852 autem

266 3895 355 3953 ubi
390 3891 588 3962 figeret
618 3892 899 3959 vestigium
926 3890 1188 3945 caritatis.
1222 3889 1279 3944 In
1324 3890 1459 3945 mari
1485 3890 1629 3945 enim
1660 3891 1865 3961 positus

265 3986 584 4041 considerat
605 3984 908 4047 Dominum,
941 3990 998 4036 et
1024 3996 1208 4036 amore
1234 3980 1351 4049 ejus
1371 3981 1565 4037 ductus
1585 3982 1866 4038 descendit

274 4078 509 4148 170m
526 4090 699 4139 mare,
722 4089 827 4130 non
843 4074 1045 4141 cogitat
1060 4072 1304 4127 labentes
1325 4087 1509 4140 aquas,
1527 4089 1633 4127 non
1664 4072 1865 4128 ﬂuenta

267 4168 644 4229 currentia;et
663 4165 793 4220 dum
820 4161 1096 4218 Cliristum
1126 4161 1372 4231 respicit,
1391 4176 1498 4217 non
1519 4162 1865 4231 respicitele-

266 4268 540 4316 mentum.
562 4256 748 4313 Credit
768 4254 871 4311 ﬁde
898 4256 1060 4311 etiam
1089 4255 1233 4311 inter
1253 4254 1425 4311 undas
1451 4255 1684 4311 solidum
1711 4258 1865 4316 inve-

1970 3254 2029 3299 ut
2054 3261 2161 3299 non
2191 3260 2254 3300 ea
2297 3246 2419 3311 fide,
2451 3261 2558 3314 qua
2585 3249 2770 3302 venire
2797 3264 3061 3317 cmperas,
3096 3248 3449 3317 perveniens?
3474 3246 3559 3301 In-

1968 3335 2150 3404 tellige
2170 3348 2299 3404 ergo
2328 3337 2453 3406 quia
2478 3338 2533 3391 in
2554 3338 2688 3391 mari
2713 3338 3008 3393 credulitas
3052 3346 3106 3394 te
3142 3342 3410 3409 portabat,
3439 3355 3561 3408 per-

1970 3428 2093 3482 tidia
2113 3427 2509 3495 submergebat.
2532 3427 2716 3495 Igitur,
2738 3426 2950 3491 fratres,
2967 3437 3186 3484 sanctus
3211 3428 3402 3485 Petrus
3431 3430 3560 3489 dum

1968 3516 2213 3583 ﬂuctuat,
2230 3517 2355 3571 dum
2376 3502 2657 3585 mergitur,
2687 3516 2814 3571 dum
2836 3518 3188 3586 periclitatur,
3221 3520 3298 3573 sic
3318 3521 3561 3588 pervenit

1974 3608 2041 3663 ad
2070 3608 2386 3675 Dominum;
2418 3606 2656 3663 ostendit
2696 3607 2851 3662 nobis
2887 3607 3034 3676 quod
3073 3610 3289 3663 nonnisi
3325 3625 3424 3678 per
3467 3626 3561 3679 pc-

1974 3701 2141 3756 ricula
2164 3708 2489 3770 properatur
2516 3699 2584 3754 ad
2604 3698 2913 3765 Christum;
2952 3700 3107 3754 multi
3135 3701 3277 3754 enim
3308 3701 3561 3756 dialiolici

1980 3798 2133 3871 171
2162 3796 2355 3852 ﬂuctus
2381 3803 2507 3851 sunt
2536 3795 2588 3849 in
2627 3794 2733 3849 hoc
2771 3794 2993 3857 mundo,
3018 3795 3374 3849 tentationum
3398 3795 3561 3850 inulta

1973 3890 2277 3959 naufragia;
2309 3903 2339 3942 a
2359 3887 2554 3957 quibus
2581 3887 2656 3941 ita
2682 3886 2898 3941 liberari
2927 3900 3230 3955 possumus,
3263 3885 3309 3939 si
3338 3886 3562 3939 clamau-

1973 3983 2119 4038 tibus
2146 3994 2365 4035 manum
2414 3994 2568 4033 suam
2603 3978 2759 4048 172
2800 3975 3050 4032 Salvator
3089 3975 3413 4031 ostenderit.
3458 3974 3591 4042 Non.

1973 4089 2103 4143 ergo
2131 4073 2369 4129 clamare
2397 4071 2464 4124 ad
2488 4070 2773 4124 Dominum
2805 4085 2913 4123 non
2937 4084 3210 4124 cessemus
3235 4092 3247 4122 ;
3283 4069 3372 4123 ille
3406 4067 3560 4121 auxi-

1973 4167 2101 4223 lium
2130 4166 2351 4221 solitum
2378 4177 2484 4217 non
2517 4162 2732 4229 negabit
2764 4170 2784 4195 ³
2824 4164 2864 4215 ¹.

338 4409 364 4436 ι
409 4396 583 4453 Codd.
616 4394 736 4449 Vat.
770 4390 899 4447 6451
930 4400 986 4448 et
1005 4388 1265 4465 Urbevet.
1290 4393 1370 4449 sic
1397 4393 1673 4450 homiliam
1704 4414 1866 4455 exor-
1893 4403 1946 4465 ι)
2045 4403 2060 4451 l
2105 4398 2339 4464 Uterque
2359 4390 2479 4449 cod.
2504 4388 2596 4460 qui
2619 4403 2804 4459 supra,
2835 4396 2892 4443 et
2917 4388 3036 4444 eod.
3059 4386 3117 4443 S.
3136 4389 3323 4445 Crucis
3354 4391 3405 4444 in
3425 4390 3561 4460 Jcr.,

267 4471 498 4545 diuntur
526 4486 555 4545 Ξ
576 4464 829 4545 Audistis,
855 4465 1045 4545 fratres
1082 4464 1359 4545 carissimi,
1388 4465 1739 4524 beatissimum
1760 4470 1869 4526 Pe-
1902 4464 1911 4465 ί
1968 4474 2213 4545 jactentr,
2246 4465 2395 4545 licet,
2416 4470 2521 4543 etc.

269 4550 407 4594 trum
430 4540 489 4593 in
516 4537 807 4593 Saluatoris
827 4535 1086 4601 passione,
1116 4541 1222 4601 etc.

343 4558 407 4594 1m
430 4556 489 4593 ιη
516 4552 807 4593 δαιυαιονω
863 4552 1086 4599 asswne,
1116 4552 1222 4601 etc.

343 4612 369 4648 δ
400 4609 577 4663 Codd.
613 4606 736 4661 Vat.
785 4552 922 4660 £77
970 4611 1027 4660 et
1066 4602 1234 4671 6451,
1277 4620 1492 4662 necnon
1541 4604 1868 4665 Urbevetan.

269 4682 534 4736 omittunt
562 4677 750 4731 Deum.

312 4762 368 4835 ut
405 4751 545 4804 Cod.
577 4747 635 4803 S.
658 4746 846 4801 Crucis
872 4746 928 4800 in
955 4743 1066 4800 Jer.
1098 4760 1199 4816 pro
1245 4745 1483 4799 omnibus
1525 4745 1655 4818 legit
1701 4749 1871 4805 immi-

268 4822 564 4944 Mlti“Cod.
598 4886 882 4952 Urbevet.,
912 4893 961 4940 et
986 4886 1074 4958 qui
1118 4885 1230 4954 ipse
1271 4886 1680 4958 interrogatione
1710 4907 1873 4961 nega-

270 4971 579 5083 MT‘Codd.
613 5026 669 5083 S.
702 5022 892 5081 Crucis
944 5025 999 5080 in
1050 5024 1160 5081 Jer.
1193 5035 1249 5081 et
1277 5024 1568 5093 U’rbevet.,
1616 5046 1735 5102 ergo
1777 5047 1875 5102 pro

274 5109 475 5154 autem.

355 5173 373 5209 ί
409 5168 545 5225 Cod.
580 5167 701 5221 Vat.
736 5166 893 5236 1277,
918 5166 981 5219 tle
1008 5167 1253 5236 spiritali.

351 5252 378 5285 κ
413 5239 548 5294 Cod.
585 5237 844 5307 Ut'bevet.
875 5235 1171 5307 Hicibabet
1202 5255 1298 5307 pro
1329 5238 1438 5293 Sic.

352 5310 381 5348 ιι
413 5308 548 5363 Cod.
599 5307 657 5362 S.
702 5306 890 5361 Crucis
946 5306 1108 5372 Min.,
1162 5306 1511 5371 sustentabat;
1572 5311 1699 5365 item
1748 5313 1870 5366 cod.

275 5384 499 5437 Sancta:
519 5378 707 5433 Crucis
735 5375 1140 5442 in‘Jer.,Vatic.
1173 5379 1334 5446 6451,
1367 5389 1423 5435 et
1444 5380 1723 5443 Urbevet.,
1754 5400 1872 5437 sus-

277 5450 481 5506 tinebat
510 5450 661 5519 ﬁdes.

359 5519 378 5559 ί
416 5517 556 5575 Ideni
578 5517 724 5583 cod.,
755 5518 1080 5572 Ambulabat.

357 5616 377 5647 ι
422 5612 548 5679 Qun
591 5611 695 5665 hac
722 5611 942 5665 humilia
970 5610 1036 5665 de
1068 5609 1211 5665 Petri
1253 5612 1486 5681 primatu
1530 5612 1581 5667 in
1627 5612 1870 5667 Ecclesia

282 5686 599 5744 complexus
640 5696 723 5734 est
750 5681 1044 5744 Maximus,
1078 5682 1225 5736 brevn
1251 5683 1719 5736 animadversione
1746 5692 1874 5737 sunt

287 5751 652 5828 moderandi.
683 5751 916 5809 Primum
950 5751 1168 5822 quidem
1196 5753 1458 5818 afﬁrmat,
1490 5752 1627 5809 adeo
1656 5751 1874 5808 Petrum

2045 4540 2070 4578 κ
2101 4527 2235 4593 Cod.
2268 4536 2325 4590 S.
2357 4533 2544 4588 Crucis
2572 4529 2723 4593 Min.,
2756 4537 2811 4585 et
2851 4529 2909 4585 S.
2941 4527 3128 4584 Crucis
3173 4529 3227 4583 in
3267 4529 3401 4595 Jer.,
3436 4546 3562 4586 ncc-

1974 4628 2083 4667 non
2108 4609 2226 4662 Vat.
2260 4603 2414 4669 1277,
2448 4601 2798 4657 conturbetur.

2051 4680 2069 4718 ι
2105 4678 2249 4733 Idem
2280 4675 2403 4731 cod.
2435 4674 2494 4730 S.
2524 4670 2712 4727 Crucis
2754 4672 2903 4734 Min.,
3036 4669 3223 4726 Cru‘is
3257 4671 3309 4726 in
3345 4671 3479 4737 Jor.,
3506 4678 3563 4727 et

1975 4751 2097 4807 Vat.
2132 4747 2292 4807 6451,
2319 4744 2526 4809 Quanto
2555 4744 2634 4796 hic
2654 4743 2856 4805 melius,
2887 4741 2973 4794 ubi
3000 4741 3315 4802 ambulante,
3348 4752 3453 4796 etc.

2045 4831 2084 4857 η’
2116 4818 2250 4873 Cod.
2284 4816 2402 4869 Vat.
2448 4813 2611 4873 1277,
2660 4822 2709 4868 et
2756 4829 2961 4865 cursum
2995 4828 3172 4873 suum;
3220 4813 3339 4867 cod.
3383 4822 3565 4877 autem

1978 4892 2103 4946 Vat.
2134 4888 2292 4949 (ilbi,
2327 4896 2374 4939 et
2398 4901 2603 4939 cursum
2631 4900 2780 4937 suum
2813 4882 3059 4951 ﬂuentum
3089 4898 3190 4933 non
3215 4884 3454 4950 pt'rtlldll.

2052 4972 2075 4997 υ
2107 4959 2242 5013 Cod.
2270 4956 2325 5010 S.
2353 4956 2540 5010 Crucis
2584 4953 2730 5012 Μῖη..
2764 4968 3005 5004 ascensus
3034 4951 3111 5004 illi
3132 4969 3171 5005 .s
3201 4954 3218 5005 i
3243 4954 3420 5007 inuris.

2050 5041 2075 5066 ο
2107 5029 2241 5083 Cod.
2274 5026 2550 5086 l.aurent.,
2575 5024 2756 5093 incipit
2775 5023 2972 5093 timere,
3003 5022 3089 5093 qui
3110 5024 3345 5081 credidit.

2054 5113 2077 5151 ν
2124 5100 2357 5161 [iterque
2404 5097 2524 5151 cod.
2571 5091 2857 5153 Laurent”
2890 5091 2945 5145 S.
2988 5091 3175 5147 Crucis
3207 5094 3360 5162 Min.,
3404 5102 3460 5151 et
3506 5095 3564 5151 S.

1978 5172 2167 5227 Crucis
2198 5173 2247 5224 in
2270 5168 2403 5230 Jer.,
2426 5182 2546 5220 mox
2565 5164 2700 5216 enim
2729 5162 3064 5232 defatisrente
3086 5165 3206 5227 ﬁde.

2054 5255 2078 5291 ⁸1
2110 5241 2244 5295 Cod.
2280 5237 2550 5291 U.bcvot..
2575 5249 2731 5304 quem,
2754 5235 3074 5304 apprehensa
3103 5252 3280 5290 ntauu.

2057 5323 2076 5349 τ
2108 5312 2276 5365 Codd.
2306 5309 2425 5361 Vat.
2453 5302 2607 5364 1277‘,
2632 5302 2791 5368 6451,
2816 5310 2873 5357 et
2906 5302 3181 5363 Urbcvet..
3217 5310 3269 5360 in
3298 5322 3458 5361 mare.

2056 5392 2074 5417 ⁵⁸
2109 5380 2277 5435 Codd.
2314 5379 2432 5431 Vat.
2465 5373 2596 5427 615i
2626 5382 2682 5428 et
2714 5372 2990 5438 Urbevet.,
3021 5376 3171 5430 Jt'stts
3199 5376 3430 5431 Christus
3464 5378 3567 5432 1)οο

1981 5455 2151 5508 minus
2193 5459 2382 5511 noster,
2415 5447 2502 5517 qui
2531 5460 2646 5517 cum
2670 5444 2830 5499 Patre
2856 5455 2904 5500 et
2926 5445 3127 5517 Spiritu
3165 5459 3346 5502 structo
3377 5450 3483 5501 vivi.
3520 5457 3567 5502 et

1983 5531 2162 5594 regnat
2182 5522 2235 5574 in
2257 5516 2447 5572 swcula
2481 5516 2804 5570 steculorum.

1977 5622 2185 5668 reatum
2215 5625 2369 5663 suum
2400 5606 2700 5674 deﬂevisse,
2734 5616 2794 5662 ut
2823 5608 3103 5677 majorem,
3137 5625 3297 5677 quam
3328 5610 3564 5679 perdide-

1979 5692 2062 5736 rat
2090 5682 2337 5749 gratiam,
2365 5680 2651 5743 receperit.
2684 5686 2741 5734 et
2760 5679 2850 5748 qui
2874 5680 3079 5748 primus
3101 5684 3330 5745 negavit.
3367 5681 3565 5745 primus

1978 5761 2034 5807 et
2060 5750 2338 5808 confessus
2361 5760 2465 5807 est.
2484 5750 2737 5806 Secundo
2767 5749 2947 5804 laudat
2976 5751 3027 5803 in
3047 5751 3295 5821 apostolo
3319 5750 3560 5800 devotio.
