4042 6192
239 278 337 332 5ΐῦ

1686 269 1966 337 llOMlLlA
2006 269 2113 323 LV.

3413 269 3519 328 358

213 388 345 457 συγ
385 386 513 456 Reg.
546 384 682 452 xm).
729 393 754 421 ⁸
789 383 920 450 Quis
947 383 1033 438 hic
1073 381 1214 437 aliud
1261 382 1652 450 prazliguratur,
1685 382 1786 435 nisi
1810 381 1837 420 δ
1865 387 1916 443 Α
1946 382 2225 435 universus
2265 380 2495 436 mundus
2543 397 2647 437 una
2688 391 2862 437 morte
2901 381 3152 437 salvetur.
3201 383 3389 439 Jonatu
3427 402 3517 439 ce-

226 463 424 534 lnoster
451 475 610 530 Jesus
646 474 922 538 Christus,
957 474 1046 544 qui
1091 472 1543 527 resurrectionem
1568 472 1636 526 de
1660 481 1836 527 morte

237 570 484 636 largitur,
508 575 566 621 et
589 567 753 618 vitam
785 565 1024 634 sepultus
1051 563 1344 633 operatur?
1372 562 1430 616 iu
1452 563 1661 617 latrone
1683 577 1835 616 reum

238 660 520 723 mundum,
550 659 604 712 in
632 657 908 727 propheta:
937 655 1221 709 virtutibus
1247 653 1519 709 Christum
1546 652 1834 707 Dominum

237 765 590 818 recognosce.
625 747 812 801 Adhuc
845 745 1196 800 celeberrime
1235 758 1334 813 per
1371 741 1679 812 Scripturas
1705 757 1834 796 san-

237 849 357 894 ctas
401 839 566 892 etiam
610 837 662 890 in
683 835 834 891 Jonm
859 835 1138 905 propheta:
1165 835 1468 900 laboribus,
1500 842 1556 888 et
1582 834 1837 889 aerumnis

237 928 439 984 Christi
481 928 662 998 passio
691 935 746 981 et
787 926 1108 981 resurrectio
1140 936 1162 964 ο
1189 925 1559 994 prtesignatur.
1610 923 1710 978 llic
1751 923 1839 978 Jo-

239 1035 372 1083 nas,
419 1017 565 1087 quod
612 1015 736 1071 fidei
775 1024 966 1070 vestra:
995 1031 1102 1070 non
1131 1015 1458 1069 arbitramur
1483 1013 1834 1082 incognitum,

241 1122 429 1183 typum
468 1111 683 1164 Domini
724 1110 954 1178 gessisse
997 1108 1372 1179 prescribitur;
1407 1109 1521 1177 ipse
1559 1108 1701 1162 enim
1730 1107 1838 1162 Do-

240 1202 423 1255 minus
450 1201 580 1254 dicit
605 1218 618 1252 :
653 1199 803 1254 Sicut
824 1200 963 1252 enim
993 1200 1090 1269 fuit
1125 1199 1294 1253 Jonas
1321 1200 1374 1251 in
1411 1208 1584 1252 ventre
1610 1199 1708 1251 ceti
1737 1199 1836 1250 tri-

238 1292 337 1346 bus
365 1293 544 1345 diebus
581 1298 630 1344 et
665 1289 828 1343 tribus
858 1287 1091 1343 noctibus
1133 1305 1151 1342 :
1181 1290 1255 1341 ita
1283 1290 1381 1342 erit
1414 1287 1461 1340 F
1465 1289 1583 1341 ilius
1613 1288 1838 1341 hominis

237 1385 294 1435 in
332 1383 487 1436 corde
524 1391 676 1433 terrte
703 1378 866 1432 tribus
888 1378 1066 1432 diebus
1095 1388 1144 1431 et
1173 1377 1330 1432 tribus
1359 1378 1593 1432 noctibus
1620 1377 1835 1449 (Matth.

239 1475 364 1543 xu).
415 1471 544 1537 ilic,
578 1473 829 1540 inquam,
869 1468 1034 1525 Jonas
1062 1470 1128 1524 ad
1157 1470 1552 1540 prtedicandum
1593 1469 1839 1524 Ninivitis

239 1566 341 1618 irze
368 1563 605 1618 caelestis
628 1562 886 1617 offensam
915 1560 1144 1616 Domino
1161 1559 1386 1629 iubente
1413 1560 1658 1628 dirigitur
1688 1559 1833 1631 (Jan.

240 1655 338 1724 n);
383 1653 480 1708 sed
513 1653 766 1723 praescius
795 1652 1001 1706 tristem
1027 1651 1366 1722 prophetiam
1393 1651 1577 1722 populi
1605 1666 1836 1706 conver-

1937 479 2023 524 tus
2052 471 2215 540 piscis
2240 473 2453 540 excepit
2480 472 2810 537 immersum,
2842 473 2934 527 sed
2966 489 3073 528 non
3103 475 3328 542 contigit
3354 475 3518 529 devo-

1936 573 2151 628 ratum;
2201 570 2256 618 et
2294 578 2455 633 quem
2498 565 2700 618 malitia
2746 564 3022 618 hominum
3051 565 3303 634 perdidit,
3348 567 3520 622 bestia

1937 655 2179 708 esuriens
2206 655 2523 720 custodivit;
2555 655 2728 724 plenis
2756 657 3047 711 visceribus
3073 656 3268 711 famem
3296 658 3518 727 patitur,

1937 747 2071 800 etin
2119 746 2356 814 praedam
2397 761 2561 815 quam
2592 747 2867 802 absorbuit
2912 749 3044 802 nihil
3071 748 3170 803 sibi
3226 749 3389 804 licere
3419 749 3516 804 mi-

1936 843 2105 890 ratur.
2153 835 2285 902 Quis
2328 844 2412 890 est
2451 836 2554 890 iste
2601 837 2695 904 qui
2741 837 2878 890 intra
2910 837 3096 892 avidos
3122 838 3290 893 rictus
3318 839 3518 894 assumi

1936 936 2151 997 potest,
2199 928 2441 981 consumi
2491 942 2598 980 non
2644 929 2858 996 potest?
2887 927 3050 983 Cibus
3090 937 3190 994 est,
3243 931 3520 998 corruptio

1941 1033 2048 1071 non
2080 1025 2197 1081 est;
2231 1017 2462 1071 traditur
2506 1019 2824 1087 perditionis
2861 1019 3159 1088 profundo,
3191 1027 3246 1072 et
3274 1015 3518 1072 servatur

1937 1108 2106 1178 ipsius
2133 1110 2324 1163 mortis
2352 1110 2634 1178 obsequio.
2660 1111 2798 1176 'Quis
2826 1119 2908 1165 est
2938 1111 3038 1165 iste
3065 1111 3154 1179 qui
3184 1111 3518 1165 vastissimas

1935 1201 2085 1253 sinus
2112 1200 2476 1269 periculorum
2510 1199 2533 1236 ¹ι
2568 1207 2717 1256 tutus
2763 1201 3075 1268 ingreditur,
3121 1209 3175 1255 et
3207 1202 3304 1254 sub
3333 1202 3518 1254 altitu-

1936 1291 2060 1345 dine
2082 1291 2344 1345 immcnsa
2366 1292 2651 1347 conclusus
2671 1335 2690 1360 ,
2718 1301 2879 1362 atque
2908 1292 3204 1357 mortifera,
3224 1293 3371 1346 vitali
3393 1307 3519 1346 aere

1935 1383 2189 1451 pascitur,
2222 1393 2278 1438 et
2304 1384 2568 1439 demissus
2597 1386 2650 1438 in
2680 1386 2910 1439 alienam
2940 1400 3120 1440 rerum
3144 1393 3388 1439 naturam
3407 1426 3420 1450 ,
3465 1385 3521 1438 iu

1936 1475 2058 1529 vine
2078 1475 2320 1529 exsilium
2347 1513 2360 1539 ,
2407 1491 2528 1530 cum
2561 1477 2667 1530 vita
2701 1477 3090 1546 peregrinatur,
3121 1485 3175 1530 et
3213 1478 3400 1531 mortis
3426 1493 3521 1531 su-

1935 1574 2147 1634 perstes
2180 1566 2332 1636 175
2378 1567 2662 1620 annuntiat
2714 1575 2997 1619 venturam
3063 1566 3247 1620 mundi
3295 1567 3521 1620 salutem

1945 1653 1959 1692 ¹
1994 1655 2141 1723 quod
2187 1655 2276 1709 hic
2326 1655 2581 1711 Dominus
2624 1663 2808 1710 noster
2852 1655 3007 1709 Jesus
3047 1654 3309 1720 Christus,
3356 1668 3520 1722 quem

239 1745 401 1798 sione
431 1742 780 1808 vacuandam,
812 1757 1003 1795 navem
1029 1740 1306 1811 profugus,
1338 1756 1458 1810 quae
1486 1741 1714 1796 Tarsum
1743 1757 1837 1811 pe-
1868 1740 1913 1799 B
1939 1759 2080 1799 steva
2102 1759 2280 1810 mors,
2315 1745 2702 1814 inexplicabilis
2736 1746 2934 1811 bellua,
2966 1746 3021 1799 in
3049 1760 3225 1800 escam
3252 1760 3402 1799 suam
3431 1759 3521 1797 ra-

242 1835 417 1899 tebat,
445 1833 740 1902 ingreditur
765 1851 777 1885 :
808 1831 965 1904 174
985 1832 1082 1887 scd
1108 1833 1286 1887 nautis
1311 1832 1338 1869 ά
1371 1833 1615 1899 turbatis,
1649 1840 1835 1887 exorta

243 1932 610 1993 tempestate,
650 1932 798 1978 sorte
843 1923 1093 1978 ﬂuctibus
1137 1923 1312 1988 datur,
1362 1933 1418 1978 et
1465 1924 1704 1979 faucibus
1730 1923 1838 1978 ceti

243 2015 411 2084 piscis
459 2014 725 2068 dimersus
768 2012 1076 2083 excipitur:
1133 2013 1228 2068 sed
1269 2014 1416 2082 pisce
1455 2015 1678 2068 illzesum
1719 2029 1842 2068 ern-

242 2114 432 2161 ctante
477 2105 780 2175 depositum
810 2106 968 2160 tertia
996 2106 1082 2160 die
1107 2106 1265 2160 terris
1295 2105 1617 2160 refunditur.
1652 2116 1676 2144 θ
1704 2107 1717 2127 ⁵
1748 2105 1842 2160 Vi-

243 2197 374 2252 dete
398 2196 684 2251 Dominum
715 2197 875 2251 etiam
905 2197 960 2251 in
985 2196 1166 2252 Veteri
1194 2197 1540 2253 Testamento
1564 2238 1581 2262 ,
1622 2199 1674 2252 in
1700 2197 1842 2253 servi

246 2287 422 2339 forma
452 2286 766 2340 mirabiliter
793 2302 1072 2356 apparere.
1113 2287 1303 2342 Videte
1331 2289 1602 2357 quomodo
1630 2304 1688 2344 se
1714 2297 1842 2344 ante

245 2376 386 2430 actis
416 2366 635 2430 satculis
661 2377 914 2431 indicavit
951 2377 1050 2430 sub
1089 2377 1298 2432 servilis
1328 2379 1513 2432 forma:
1539 2378 1842 2434 humilitate

248 2469 613 2518 venturutn'.
676 2465 840 2520 Jonas
886 2467 1018 2520 iram
1080 2463 1291 2521 Domini
1346 2469 1729 2538 praedicaturus
1775 2469 1842 2522 ad

249 2569 502 2623 magnam
556 2556 916 2612 Ninivitarum
974 2557 1276 2613 destinatur
1323 2561 1510 2614 urbem
1555 2561 1839 2616 dicturus:

256 2645 270 2682 ί
312 2645 671 2716 Quadraginta
701 2648 836 2712 dies,
861 2658 909 2700 et
940 2647 990 2700 Ν
998 2651 1130 2702 inire
1159 2649 1492 2716 subrertetur,
1525 2659 1580 2704 et
1601 2650 1844 2706 Christus

250 2737 324 2790 ad
352 2735 536 2789 mundi
567 2737 796 2791 mittitur
825 2739 1118 2804 civitatem,
1150 2747 1208 2793 ut
1236 2740 1378 2794 diem
1408 2740 1615 2806 salutis,
1640 2748 1692 2795 et
1716 2756 1846 2810 prte-

251 2829 463 2882 tiuitum
489 2828 672 2896 judicii
701 2839 909 2900 tempus
934 2833 1233 2885 annuntiet.
1280 2831 1445 2887 Jonas
1471 2833 1650 2887 navim
1679 2849 1845 2903 expe-

251 2919 357 2982 tit,
423 2918 668 2975 Cbristus
712 2918 1023 2974 Ecclesiam.
1089 2919 1253 2976 Jonas
1301 2922 1544 2978 fluctibus
1590 2925 1840 2991 agitatur,

250 3007 499 3062 Christus
548 3009 732 3063 mundi
775 3010 1074 3064 turbinibus
1120 3019 1425 3066 exercetur.
1457 3023 1483 3060 ις
1531 3013 1641 3067 Nisi
1681 3013 1843 3070 Jonas

1939 1836 2077 1904 puit,
2108 1842 2164 1889 et
2191 1835 2428 1903 przedam
2466 1851 2619 1889 suam
2656 1835 2868 1905 captiva
2910 1835 3253 1890 contremuit.
3301 1834 3522 1889 Contre-

1940 1923 2094 1991 muit,
2128 1922 2374 1992 inquam;
2417 1939 2540 1976 nam
2587 1925 2634 1978 si
2671 1933 2898 1978 noverat
2933 1923 3246 1978 crucifixum
3269 1964 3283 1988 ,
3317 1933 3519 1991 tamen,

1940 2031 2098 2085 quem
2131 2031 2238 2069 non
2268 2016 2587 2070 meminerat
2612 2031 2763 2070 reum
2787 2053 2802 2078 ,
2834 2031 2941 2070 non
2971 2025 3185 2084 poterat
3215 2023 3396 2070 tenere
3425 2015 3523 2069 da-

1942 2115 2220 2159 mnatum:
2270 2108 2394 2174 quia
2423 2107 2633 2175 culpam
2662 2122 2770 2160 non
2809 2105 2934 2160 facit
2980 2122 3167 2175 poena,
3207 2106 3302 2160 sed
3335 2121 3516 2160 causa.

1942 2195 2107 2263 Quasi
2145 2197 2363 2251 soiitum
2404 2197 2582 2251 cibum
2626 2197 2893 2266 perditum
2925 2207 2963 2232 ιιι
2990 2197 3042 2250 in
3085 2197 3290 2264 origine
3335 2195 3520 2251 mundi

1941 2289 2214 2343 hominem
2244 2287 2540 2353 devoravit,
2573 2287 2670 2342 sed
2699 2301 2945 2355 magnam
2977 2303 3094 2342 esse
3114 2289 3219 2343 cibi
3244 2288 3409 2356 ipsius
3432 2289 3517 2341 di-

1942 2379 2200 2448 gnitatem
2249 2379 2534 2448 praefocata
2583 2380 2868 2447 cognovit;
2930 2388 3091 2447 atque
3137 2379 3258 2433 ideo
3306 2379 3520 2432 divinus

1944 2485 2122 2524 sermo
2150 2477 2578 2523 commemorat:
2623 2468 2693 2521 Et
2739 2469 2982 2538 prtecepit
3020 2467 3276 2521 Dominus
3316 2468 3445 2537 pisci
3472 2477 3525 2520 et

1942 2560 2162 2614 evomuit
2203 2558 2398 2613 Jonam
2434 2560 2491 2613 in
2531 2559 2736 2612 aridam
2786 2557 2932 2629 (Jon.
2966 2558 3046 2626 ιι).
3092 2556 3354 2626 Praecepit
3393 2570 3524 2623 ergo

1945 2650 2129 2704 bestia:
2150 2690 2165 2714 ,
2197 2650 2452 2718 prazccpit
2498 2649 2659 2702 morti
2704 2663 2918 2717 semper
2945 2647 3229 2726 esurienti,
3270 2649 3525 2716 prateep't

1945 2740 2152 2810 abyssis
2169 2749 2224 2793 et
2247 2738 2476 2804 inferno,
2503 2747 2560 2792 ut
2585 2738 2783 2792 mundo
2802 2747 2828 2773 ιι
2856 2738 3141 2792 restituant
3165 2735 3521 2791 Salvatoretu.

1946 2828 2197 2883 Evomuit
2223 2837 2424 2896 autem,
2456 2829 2558 2882 hoc
2579 2827 2835 2882 debemus
2864 2829 3132 2896 accipere,
3152 2826 3296 2895 quod
3317 2841 3384 2880 ex
3406 2825 3526 2879 imis

1943 2921 2240 2976 visceribus
2281 2921 2471 2973 mortis
2511 2920 2706 2974 victrix
2732 2919 2840 2972 vita
2887 2919 3172 2980 remearit,
3208 2925 3372 2986 atque
3401 2932 3523 2970 eam

1947 3027 2012 3066 ex
2043 3012 2163 3066 imis
2207 3011 2516 3080 praecordiis
2545 3009 2734 3065 inferni
2762 3009 2991 3078 perditio
3019 3008 3322 3063 exulcerata
3347 3005 3528 3062 reddi-

255 3097 652 3167 pessumdctur,
701 3099 852 3152 navis
894 3099 1189 3168 periculum
1239 3116 1343 3154 non
1389 3101 1625 3165 sedatur,
1676 3105 1752 3158 sic
1789 3103 1917 3165 etC
1946 3103 2102 3157 derit.
2136 3102 2392 3159 Videmus
2421 3104 2600 3171 itaque
2622 3103 2672 3156 in
2695 3103 2972 3172 prophettc
2987 3100 3364 3156 afﬂictionibus
3382 3116 3529 3169 aper-

256 3205 362 3244 non
393 3189 654 3244 liberatur
682 3189 953 3256 Ecclesia,
996 3191 1099 3245 nisi
1143 3192 1340 3246 Christi
1371 3202 1545 3248 morte
1584 3195 1838 3250 salvetur.

256 3279 442 3335 Nautaa
471 3279 744 3336 ditnissuri
772 3281 986 3344 Jonam,
1019 3290 1197 3336 tamen
1225 3293 1481 3338 verentur
1508 3293 1564 3339 et
1591 3285 1780 3340 dicunt
1825 3305 1838 3339 :

259 3371 500 3437 Domine,
519 3389 585 3426 ne
602 3373 692 3427 des
713 3389 864 3442 super
879 3390 973 3427 nos
987 3376 1294 3444 sanguinem
1315 3376 1636 3429 innocentem
1662 3377 1841 3443 (Joan.

260 3467 320 3532 I).
363 3465 388 3500 δ
419 3465 614 3520 Nonne
643 3465 792 3519 vobis
821 3465 1030 3519 videtur
1052 3473 1333 3520 nautarum
1362 3466 1657 3536 increpatio
1689 3467 1845 3523 l’ilati

260 3571 376 3610 esse
403 3557 706 3628 confession
723 3557 814 3626 qui
854 3555 866 3592 ί
903 3556 1065 3609 tradit
1088 3556 1382 3620 Christum,
1417 3566 1472 3613 et
1498 3567 1673 3613 tamen
1705 3559 1849 3613 lavat

263 3664 449 3702 manus
477 3664 604 3702 suas
627 3689 642 3712 ,
675 3656 730 3702 et
766 3647 898 3702 dicit
930 3665 942 3701 :
990 3646 1218 3702 Mundus
1264 3665 1359 3720 ego
1390 3667 1502 3703 sum
1535 3668 1566 3704 a
1594 3654 1844 3722 sanguine

253 3740 382 3808 justi
411 3739 564 3809 hujus
618 3737 831 3810 (Matth.
885 3739 1114 3807 xxvn).i
1155 3738 1328 3804 Quam
1371 3755 1606 3809 congrue
1655 3757 1845 3810 perso-

264 3843 382 3881 nam
411 3829 668 3895 gcntilem
714 3826 844 3882 fides
883 3829 1121 3897 gentium
1167 3830 1443 3898 praedicat.
1499 3830 1637 3886 Dicit
1666 3832 1846 3901 itaque

266 3915 422 3972 Jonas
451 3919 506 3971 in
536 3919 782 3973 oratione
809 3934 905 3972 sua
933 3936 944 3970 :
980 3918 1122 3972 Tolle
1144 3920 1320 3989 igitur,
1349 3920 1590 3988 Domine,
1615 3923 1846 3976 animam

267 4027 427 4064 meum
454 4054 470 4080 ,
517 4013 638 4082 quia
679 4011 860 4066 melior
893 4020 969 4066 est
1009 4013 1136 4067 mihi
1177 4029 1317 4067 mors
1356 4030 1509 4084 quam
1541 4017 1661 4068 vita.
1694 4014 1848 4071 Dicat

268 4101 367 4156 hoc
390 4104 569 4160 verius
609 4103 866 4158 Dominus
895 4111 1080 4159 noster
1099 4103 1254 4159 Jesus
1275 4103 1539 4169 Christus,
1581 4108 1705 4176 quia
1734 4124 1848 4163 tne-

268 4192 366 4246 lior
391 4203 473 4247 est
500 4194 631 4248 mihi
677 4210 823 4249 mors
863 4210 1025 4264 quam
1053 4195 1197 4260 vita;
1251 4194 1304 4249 id
1347 4203 1432 4249 est
1473 4196 1662 4250 vivens
1686 4214 1845 4253 unam

269 4280 568 4339 indecorum
616 4296 830 4356 gentem
877 4285 1088 4340 salvare
1131 4300 1241 4340 non
1284 4285 1476 4357 potui;
1525 4287 1746 4356 moriar,
1790 4297 1846 4344 et

1950 3192 2152 3246 tissime
2197 3191 2594 3262 pmfiguratam
2622 3202 2646 3228 ο
2677 3201 2732 3247 et
2779 3201 3007 3247 mortem
3035 3195 3238 3262 pariter
3264 3200 3318 3247 et
3347 3207 3530 3246 resur-

1948 3284 2264 3338 rectionem.
2349 3282 2690 3352 Quapropter
2736 3282 2881 3351 quod
2925 3283 3204 3352 impletum
3257 3283 3434 3337 cernis
3476 3283 3528 3336 in

1949 3391 2127 3440 servo,
2161 3375 2383 3430 credere
2428 3391 2537 3429 non
2580 3375 2850 3429 cuncteris
2878 3375 2932 3428 in
2960 3375 3209 3429 Domino.
3252 3373 3381 3439 Qua:
3409 3387 3533 3427 cum

1950 3467 2023 3520 ita
2053 3466 2158 3522 sint
2177 3508 2190 3532 ,
2238 3466 2513 3535 perspice,
2563 3480 2597 3518 o
2627 3465 2822 3532 homo,
2850 3472 3107 3533 quantum
3136 3464 3338 3525 valeas,
3378 3465 3533 3534 176

1950 3564 2004 3610 et
2029 3557 2304 3626 perpende
2333 3563 2591 3625 quantum
2620 3555 2850 3619 debeas;
2882 3555 3128 3624 perspice
3151 3563 3411 3624 quantum
3437 3571 3531 3608 va-

1946 3652 2077 3711 leas,
2104 3657 2163 3701 ut
2180 3646 2394 3700 tandem
2418 3646 2538 3700 vilis
2553 3645 2779 3700 essetibi
2801 3645 3050 3709 desinas;
3083 3652 3143 3698 ut
3167 3644 3250 3698 vel
3270 3655 3404 3714 Ppro
3429 3643 3532 3699 hoc

1946 3739 2329 3795 erubescendis
2349 3740 2628 3808 subiacere
2640 3739 2781 3793 vitiis
2801 3737 3103 3805 dedigneris
3127 3755 3140 3788 :
3165 3736 3292 3790 dum
3304 3750 3533 3804 genero-

1946 3830 2160 3884 sitatem
2183 3838 2330 3882 tuam
2348 3827 2416 3882 de
2437 3828 2696 3882 creatoris
2720 3836 2774 3882 et
2795 3827 3120 3896 reparatoris
3144 3825 3405 3894 dignitate
3423 3840 3534 3879 me-

1948 3919 2722 3988 tiris.liabeteausas,quibus'1
2737 3934 2795 3973 se
2810 3919 2925 3987 ipse
2952 3916 3267 3982 confundat,
3292 3915 3534 3971 curindi-

1952 4011 2070 4080 gnis
2087 4010 2492 4076 dominis,victo
2514 4009 2696 4072 corde,
2728 4009 3006 4076 subdatur,
3037 4009 3122 4064 cui
3143 4009 3312 4077 gloria
3335 4017 3537 4062 teterua

1952 4101 2302 4170 promittitur,
2353 4114 2418 4152 ac
2455 4098 2501 4152 si
2542 4099 2758 4165 gemino
2785 4098 3086 4167 privilegio,
3117 4097 3209 4166 qui
3237 4097 3435 4151 dudum
3464 4096 3536 4149 di-

1953 4196 2092 4250 vinae
2139 4193 2386 4262 imaginis
2431 4191 2845 4260 participatione
2889 4190 3162 4244 videbaris
3220 4191 3536 4252 honoratus.

1953 4287 2183 4344 efficeris
2204 4286 2366 4340 etiam
2387 4283 2697 4338 commercii
2725 4281 3008 4336 nobilitate
3029 4283 3320 4351 pretiosus;
3348 4291 3368 4319 τ
3396 4279 3538 4336 unde

343 4491 368 4520 ³
402 4483 564 4557 Codd.
597 4477 658 4540 SI
688 4483 872 4540 Crucis
894 4483 1022 4538 Min.
1054 4490 1109 4539 et
1136 4491 1247 4540 tres
1273 4483 1422 4550 Vat.,
1455 4481 1582 4548 Quis
1619 4484 1702 4538 hic
1723 4485 1856 4540 alius
1887 4489 1937 4550 D
1964 4485 2095 4557 ﬁdes
2117 4483 2345 4557 gentium
2370 4482 2702 4557 prtedifatur.

269 4555 718 4639 ρπξιῖραῖιξθαιξιν·

345 4621 570 4679 bCodd.
618 4625 866 4679 Ambros.
917 4631 974 4679 et
1019 4622 1230 4693 Casin.,
1256 4623 1360 4678 nisi
1396 4623 1651 4678 Dominus
1679 4637 1856 4681 noster

270 4689 308 4743 «Ι
314 4709 421 4747 esus
447 4693 702 4758 Christus,
733 4703 839 4748 etc.

347 4774 368 4836 ς
408 4762 543 4836 Cod.
570 4764 689 4836 V_:_u.
717 4763 852 4836 241},
870 4763 1277 4836 prazsignantur.

344 4831 369 4868 ά
406 4832 568 4888 Codd.
597 4833 717 4887 Vat.
755 4822 890 4885 1270
919 4841 974 4887 et
1003 4822 1139 4886 4795-1
1173 4833 1383 4901 legunt,
1408 4833 1498 4886 sed
1517 4834 1688 4887 nautis
1707 4851 1860 4892 exor-

281 4908 333 4952 ta
361 4908 650 4958 tempestate
673 4903 912 4956 turbatis.

376 4983 399 5009 θ
438 4970 516 5027 Ex
541 4974 696 5030 codd.
730 4971 788 5026 S.
817 4972 1001 5027 Crucis
1031 4971 1178 5034 Min.,
1202 4970 1403 5035 Casin.,
1434 4973 1629 5038 Vatie.,
1658 4983 1714 5028 et
1741 4976 1861 5026 Am-

282 5039 418 5096 bros.

353 5110 370 5148 ί
409 5112 537 5183 Cod.
571 5112 692 5183 Vat.
720 5111 845 5177 248,
870 5111 1046 5183 _a_dhuc
1067 5112 1439 5183 quadraginta.

353 5189 375 5226 8
411 5182 536 5236 Cod.
569 5181 622 5235 S.
657 5183 841 5238 Crucis
869 5178 1092 5246 Minoe,
1126 5178 1248 5235 Nisi
1273 5178 1443 5236 Jonas
1465 5184 1719 5252 perditum
1747 5185 1842 5237 de-

283 5257 364 5301 tnr
381 5255 646 5323 naufraga:
673 5253 822 5306 navis
853 5253 1135 5323 pericuium
1170 5269 1288 5323 non
1316 5252 1557 5323 sedatur;
1596 5255 1681 5309 cui
1707 5270 1842 5309 con-

284 5270 364 5301 ηπ
381 5270 646 5377 ηαιιιτὲιὲαξ
673 5270 822 5306 navts
853 5270 1135 5322 pensatum
1179 5270 1282 5304 non
1316 5270 1557 5317 sedatur;

284 5332 465 5376 sonant
491 5339 520 5376 c
595 5362 608 5374 .
641 5323 890 5376 Ambros.
923 5329 978 5376 et
1003 5320 1128 5374 Vat.
1161 5321 1298 5374 1270
1325 5329 1380 5376 et
1407 5321 1566 5376 4951.

354 5389 378 5426 ιι
412 5391 574 5447 [idem
597 5393 754 5448 codd.
786 5391 931 5457 Vat.,
957 5389 1149 5445 Nonne
1174 5391 1312 5445 vobis
1341 5392 1557 5446 videtur.

251 5455 258 5531 ξ
359 5458 373 5497 ί
411 5462 540 5517 Cod.
572 5462 692 5516 Vat.
727 5455 999 5531 1270,7gui
1029 5461 1243 5515 tradidit
1271 5459 1553 5515 Christum.

358 5531 371 5579 1
415 5531 543 5586 Cod.
571 5532 846 5598 Ambros,
875 5530 1042 5603 Quam
1071 5548 1291 5603 congrue
1318 5549 1412 5601 pro
1434 5548 1655 5603 persona
1675 5533 1846 5603 genti-

292 5600 405 5670 timn
424 5603 546 5670 fides
581 5589 804 5670 gentium
833 5589 1192 5670 'pr'trdicaturJ
1223 5589 1352 5656 Item
1381 5589 1537 5655 cddd.
1570 5601 1628 5654 S.
1659 5589 1849 5656 Crucis

295 5677 347 5724 et
370 5669 482 5727 Vat.
510 5669 642 5739 9.18,
687 5669 855 5737 Quam
891 5688 1116 5742 congrue
1157 5688 1244 5741 per
1275 5685 1548 5743 personam
1584 5671 1846 5738 gentitem.

2035 4554 2059 4592 ¹ι
2101 4547 2271 4610 Codd.
2304 4547 2426 4606 Vat.
2456 4551 2594 4605 1270
2623 4560 2678 4606 et
2705 4547 2974 4614 Ambros,
3005 4559 3157 4604 totus.

2037 4625 2056 4663 ι
2098 4624 2232 4679 Cod.
2265 4623 2398 4693 Vat.
2418 4621 2578 4693 9451,
2611 4622 2747 4693 quod
2767 4622 2847 4693 hic
2875 4632 2951 4674 est
2983 4621 3230 4693 Dominus
3250 4627 3443 4693 noster.

2037 4705 2077 4732 ω
2116 4695 2261 4748 Idem
2308 4692 2430 4747 cod.
2462 4691 2582 4746 Vat.
2604 4688 2906 4763 {perditum
2935 4693 2988 4744 in
3017 4691 3195 4744 mundi
3219 4691 3421 4760 origine
3443 4688 3538 4744 Ito-

1960 4782 2011 4819 m
2017 4781 2150 4818 tnem
2157 4805 2170 4818 .

2034 4843 2059 4869 ο
2100 4834 2242 4887 Idem
2269 4832 2393 4886 cod.
2422 4832 2546 4886 Vat.
2578 4830 2740 4894 4951,
2771 4831 3114 4884 restituerent.

2040 4912 2064 4940 ο
2102 4903 2247 4958 Idem
2276 4903 2396 4958 cod.
2433 4902 2574 4969 Vat.,
2624 4911 2673 4956 et
2711 4909 2924 4955 mortem
2969 4898 3176 4964 Christi,
3218 4908 3268 4952 et
3309 4914 3538 4953 resurre-

1964 4975 2205 5028 ctionem.

2039 5056 2063 5093 1·
2101 5044 2232 5099 Cod.
2264 5041 2321 5097 S.
2373 5041 2560 5097 Crucis
2595 5041 2746 5101 Min.,
2785 5048 2843 5092 ut
2881 5039 2958 5092 vel
2993 5055 3084 5107 per
3116 5037 3209 5092 hoc
3236 5036 3539 5092 erubescens

1962 5115 2236 5185 snbjacere
2256 5115 2408 5178 vitiis,
2433 5123 2561 5185 etc._,
2581 5128 2660 5185 _ex_
2690 5111 2918 5185 lectione
2947 5108 3066 5185 cod.
3101 5107 3222 5163 Vat.
3254 5109 3541 5177 corrigitur

1958 5179 2213 5238 Galesinii
2237 5193 2428 5245 textus,
2459 5183 2549 5250 qui
2581 5182 2739 5250 habet
2767 5179 3012 5250 digneris.

2029 5267 2056 5304 τι
2097 5255 2238 5308 Idem
2270 5253 2390 5308 eod.
2421 5247 2540 5305 Vat.
2574 5249 2732 5313 4951,
2765 5247 2949 5320 seipse
2974 5249 3121 5302 homo
3151 5247 3460 5319 confundat.

2029 5335 2051 5362 τ
2091 5324 2223 5378 Cod.
2256 5324 2376 5378 Vat.
2407 5323 2522 5384 cit.,
2545 5321 2828 5392 uitlequam
2851 5320 2998 5392 {ortis
3019 5337 3137 5392 esse
3155 5321 3323 5392 possis
3347 5328 3534 5392 contra

1952 5397 2150 5448 hostem
2182 5403 2354 5455 tuum;
2383 5408 2496 5444 cum
2526 5389 2615 5442 tibi
2644 5389 2890 5444 Dominus
2921 5390 2989 5442 ad
3010 5390 3303 5443 bellandum
3340 5389 3395 5440 in
3421 5405 3537 5440 mna

1950 5464 2101 5517 nibus
2125 5463 2232 5516 suis
2259 5461 2563 5532 principem.
2588 5459 2771 5532 Codd.
2799 5461 3072 5524 Ambros"
3091 5459 3164 5532 AS.
3195 5459 3381 5532 Crucis
3412 5458 3538 5532 Mitt.

1951 5543 2006 5587 et
2036 5534 2156 5586 Vat.
2192 5526 2314 5598 248,
2345 5526 2813 5585 ad'debelfandum
2853 5532 2904 5585 in
2947 5529 3184 5584 membris
3229 5530 3328 5582 tuis
3357 5526 3538 5582 mundi

1951 5620 2256 5674 prtuctpem.
