4042 6192
543 294 643 353 ξῖῗέε)

1590 287 1646 343 S.
1687 280 1931 339 MAXIM
1968 278 2269 336 EPISCOPI
2311 276 2763 338 TAERINENSIS

3698 271 3797 329 360

539 426 698 481 quam
746 378 895 463 fuitis
940 421 1059 462 esse
1100 404 1273 476 possis
1302 412 1490 459 contra
1521 403 1734 457 hostem
1765 410 1933 464 tuum,
1962 399 2122 453 inter—
2149 403 2194 458 Α
2227 397 2364 451 liras
2410 395 2671 451 deviceris
2711 401 3027 465 potestates.
3087 391 3204 448 Non
3241 406 3369 463 ergo
3412 401 3465 448 te
3489 393 3795 461 degenerem

545 515 671 570 roga
713 508 912 554 statuat
960 507 1106 552 tuum
1132 538 1145 563 ,
1179 495 1323 564 quod
1353 494 1450 549 tibi
1475 493 1740 548 Dominus
1767 491 1836 545 ad
1860 489 2127 543 debellan-

546 591 667 645 dum
691 590 742 644 iu
770 590 1021 643 membris
1053 587 1159 641 tuis
1186 584 1372 640 mundi
1406 584 1705 655 principem
1727 622 1742 647 ,
1772 596 1837 636 ac
1857 580 2128 649 spiritales

547 680 809 748 nequitias
851 677 1218 748 superaudas,
1262 676 1486 730 liberam
1527 671 1754 729 contulit
1787 671 2125 735 facultatem;

549 786 611 824 ac
635 770 714 824 sic
742 760 1067 837 impossibile
1091 781 1198 821 non
1228 775 1384 836 putes
1407 805 1423 832 ,
1475 771 1533 819 ut
1580 762 1858 818 transferri
1886 761 2130 817 obtineas

551 861 603 914 in
631 860 900 928 angelicas
926 858 1308 921 beatitudines,
1354 870 1477 911 cum
1515 852 1571 908 in
1606 853 1712 908 hoc
1740 851 1941 907 saeculo
1969 863 2134 918 ange-

2229 503 2291 541 ac
2322 487 2635 555 despectum
2657 486 2816 541 faciat
2847 485 2953 540 vita
2972 523 2986 548 ,
3019 499 3178 554 quem
3210 485 3292 539 vel
3321 485 3525 539 factura
3550 486 3795 552 probatur

2231 578 2490 632 illustrem
2535 578 2826 647 protulisse
2849 618 2864 644 ,
2895 576 2980 632 vel
3007 577 3214 645 gratia,
3260 576 3359 631 sed
3386 592 3599 632 cursum
3628 576 3799 632 ﬁdeles

2232 668 2431 723 Christi
2471 669 2537 722 ad
2582 683 2813 737 superna
2859 666 3183 723 fiducialiter
3225 669 3520 733 extollant;
3571 684 3687 721 nam
3714 672 3796 737 qui

2240 767 2268 795 ἰ
2297 773 2356 813 se
2402 757 2610 813 cmlcsti
2655 759 2831 828 pretio
2876 758 3063 813 vident
3107 758 3453 829 redemptos,
3487 757 3554 812 ad
3578 758 3801 813 coelestia

2239 864 2348 903 non
2369 848 2615 903 dubitent
2641 854 2994 917 praeparatos.

1904 962 2245 1025 HOMILIA
2291 962 2390 1022 LV
2403 959 2450 1021 Ι.

1390 1066 1470 1121 De
1501 1064 1679 1121 Maria
1716 1062 2053 1138 Magdalene,
2075 1074 2125 1118 et
2145 1064 2208 1118 de
2234 1064 2610 1118 resurrectione
2632 1063 2844 1120 Domini
2874 1061 2960 1118 11.

1991 1151 2383 1210 ADMONITIO.

626 1253 737 1308 Etsi
764 1253 907 1306 hanc
950 1257 1010 1304 ut
1038 1247 1313 1304 homiliam
1342 1245 1399 1300 S.
1433 1244 1666 1300 Maximo
1692 1244 2020 1315 probemus,
2049 1244 2266 1315 nonnisi
2294 1244 2430 1315 duos
2458 1244 2673 1315 codices
2701 1243 2892 1315 afferre
2921 1242 3641 1315 possumus,r'l‘aurinenscm
3669 1246 3805 1302 vide-

626 1260 737 1308 Etsi
768 1260 907 1306 hanc
950 1260 1010 1304 ut
1039 1260 1313 1304 hominum
1342 1260 1399 1300 δ.
1434 1260 2017 1367 maxunoMpronemus,
2049 1260 2266 1297 nonnisi
2294 1260 2430 1298 unos
2458 1260 2673 1299 coutces
2701 1260 2892 1300 auerre
2921 1260 3225 1315 possumus,
3257 1260 3641 1300 't’aurmenscm
3669 1260 3805 1302 vute-

560 1327 702 1388 Iicet,
724 1338 841 1378 cum
864 1321 1018 1374 titulo
1046 1337 1058 1371 :
1094 1319 1226 1372 Item
1255 1317 1318 1388 de
1337 1315 1542 1388 eodem,
1572 1324 1621 1388 et
1712 1315 1829 1388 aria
1859 1312 2174 1384 Magdalene
2192 1355 2207 1374 ,
2238 1319 2293 1367 et
2320 1312 2531 1388 Sanctae
2559 1313 2747 1388 Cru_cis
2774 1316 2828 1369 in
2855 1314 3152 1388 Jerusalem
3183 1314 3271 1378 99,
3304 1315 3523 1388 homilia
3554 1315 3637 1380 6i,
3666 1318 3808 1385 cujus

560 1382 836 1462 inscriptio
865 1397 985 1462 est:
1040 1387 1238 1456 Incipit
1268 1385 1331 1437 de
1354 1384 1533 1462 aria
1564 1383 1917 1454 Magdalene;
1955 1382 2148 1462 Itamen
2178 1397 2286 1462 non
2326 1382 2632 1437 dubitamus
2654 1384 3206 1462 futurumnemiuem,
3238 1385 3329 1462 qni
3359 1400 3459 1462 nos
3486 1400 3604 1462 esse
3632 1382 3807 1462 repre-

559 1451 819 1518 hensioue
845 1460 1034 1526 dignos
1060 1451 1233 1527 putet,
1265 1454 1580 1527 quod_illum
1607 1451 2351 1527 auctorem__ejusdem_fuis_se
2380 1467 2726 1527 censeamus,
2759 1454 2849 1508 ubi
2878 1454 3228 1527 doctissimos
3248 1451 3520 1527 Maurinos
3549 1455 3603 1507 in
3630 1451 3807 1527 eadem

560 1530 824 1587 sententia
851 1521 1357 1592 versari—intelligat.
1409 1521 1519 1577 llos
1558 1523 1798 1592 igitur,si
1824 1523 1977 1586 velit,
2005 1522 2249 1592 consulat
2279 1522 2331 1575 in
2347 1522 2640 1592 appendic.
2670 1538 2977 1577 sermonum
3003 1525 3173 1578 sancti
3202 1523 3483 1591 Augustini
3514 1538 3661 1577 num.
3692 1524 3805 1587 155,

561 1610 615 1656 et
645 1602 696 1654 in
726 1597 870 1661 pncf.
900 1596 966 1650 ad
994 1590 1271 1651 sermones
1295 1590 1698 1661 Ambrosiauos.
1757 1591 1891 1644 Illud
1921 1590 2593 1661 animadvertendumest,
2633 1593 2684 1645 in
2715 1593 2900 1647 codice
2931 1591 3052 1658 172,
3084 1607 3206 1661 pag.
3239 1590 3303 1655 6,7
3322 1593 3450 1661 bibl.
3484 1593 3634 1647 olim.
3674 1595 3804 1647 ardil.

560 1670 691 1725 cccl.
726 1660 1006 1736 Metropol.
1035 1663 1387 1736 Florentium,
1405 1660 1962 1736 nunc__Laur_-ent_iano,
1989 1662 2134 1736 hunc
2162 1675 2281 1714 esse
2310 1660 2541 1736 hominm
2569 1662 2819 1715 titulum:
2859 1661 3026 1736 _F_eria
3068 1660 3223 1736 tertia
3264 1661 3319 1736 in
3356 1660 3615 1736 Paschate
3654 1679 3809 1717 sermo

561 1739 730 1794 sancti
764 1728 1041 1807 Augiistini
1073 1731 1426 1807 episcopihin
1474 1730 1658 1807 codice
1697 1729 2162 1807 γεραιῷ-12]οἎ
2172 1742 2291 1798 pag.
2326 1728 2685 1807 §S,Ra'_tergo,_
2708 1732 2921 1807 nonnisi
2952 1732 3067 1807 haec
3092 1733 3255 1785 verba
3284 1730 3430 1807 legi:
3467 1729 3618 1785 Unde
3643 1748 3809 1802 supra,

563 1808 714 1876 cujus
740 1797 1043 1876 praecedens
1071 1797 1190 1857 est:
1220 1797 1301 1876 D_e
1333 1798 1729 1876 Resurrectione
1764 1799 2010 1876 Domini,
2042 1797 2387 1876 S._G_rego_rio
2416 1798 2519 1876 PP.
2551 1797 2813 1876 ascripta;
2832 1802 3119 1876 _in_cod_ice
3147 1816 3277 1876 vero
3311 1797 3669 1876 Urbevetano,
3699 1797 3810 1876 pag.

566 1868 688 1939 12⁷5,
721 1868 756 1929 a
783 1882 951 1942 tergo,
983 1874 1098 1926 sine
1130 1871 1382 1942 nomine:
1417 1868 1510 1942 _De
1544 1872 1916 1942 resurrectione
1959 1868 2172 1942 Domini
2214 1869 2346 1939 feria
2380 1870 2580 1942 quinta.
2629 1868 2773 1942 Cum
2792 1870 2880 1926 hic
2906 1870 3263 1942 Maximusgde
3293 1868 3813 1942 resurrectionem-

565 1946 693 2004 tuini
724 1938 989 2014 praecipue
1014 1953 1316 2014 sermonem
1339 1938 1543 2014 habeat
1566 1978 1580 2000 ,
1634 1939 1844 2014 titulum
1893 1938 2305 2014 οοι11.ιιιῐῃ“ῃὶς›ςῖζ
2350 1939 2716 2014 prmferimus,
2749 1940 3097 2014 inscriptioni
3121 1940 3392 2014 editorum
3420 1958 3432 1992 :
3454 1939 3541 2014 Pe
3563 1940 3815 2014 sepultura

565 2005 804 2089 Qomini,
836 2005 904 2065 et’
924 2011 1102 2089 Maria
1132 2007 1592 2089 Magddlene.nlm
1628 2006 1918 2089 Gymnicus
1950 2021 2071 2089 pag:
2091 2005 2567 2089 _123_,‘Calesiuius
2589 2005 3260 2089 pagi.._i‘_24_,_Combeflsi_u_s
3289 2017 3422 2063 tom.
3450 2009 3518 2089 y,
3547 2005 3668 2077 pag.

565 2073 1248 2206 ἓιιιϋιξὶίὲῗῃζοᾟὶὲῖἶῃξίἷὲῖ
1284 2076 1447 2141 1585,
1480 2073 1804 2146 Rayuaudus
1843 2073 1967 2147 pag.
2007 2073 2133 2141 214,
2162 2086 2219 2130 et
2244 2073 2649 2145 Margariuusin
2677 2078 2815 2133 Bibl.
2845 2078 2985 2134 Max.
3020 2087 3151 2133 tom.
3183 2079 3270 2144 Vl,
3295 2093 3415 2149 pag.
3449 2073 3602 2142 21,11
3623 2073 3816 2147 quibus

567 2243 955 2297 Anuuutmrust.
989 2272 1061 2282 —
1100 2239 1176 2294 De
1222 2239 1494 2310 objurgnta
1538 2234 1712 2310 Maria
1768 2233 2147 2310 Magdalena_a
2178 2237 2222 2296 Β
2250 2240 2337 2288 cat
2370 2251 2382 2287 :
2418 2232 2552 2298 Quia
2581 2234 2740 2290 Pater
2766 2237 2821 2291 in
2847 2253 2945 2301 me,
2979 2245 3028 2291 et
3066 2252 3160 2309 ego
3185 2237 3240 2291 in
3268 2235 3429 2290 Patre
3456 2235 3635 2307 (Joau.
3669 2232 3814 2303 xw)’:

637 2312 841 2367 Christo
861 2349 874 2373 ,
908 2309 1043 2381 quod
1067 2325 1182 2362 cum
1209 2304 1321 2379 post
1353 2304 1777 2381 resurrectionem
1814 2304 2061 2376 quicreret
2087 2304 2144 2356 in

637 2383 892 2450 sepulcro,
914 2374 963 2431 et
991 2380 1143 2432 vellet
1182 2374 1416 2449 tangere.
1452 2374 1574 2450 Non
1607 2376 1661 2427 in
1688 2374 1848 2450 terra,
1884 2389 2043 2445 neque
2066 2388 2143 2450 se:

638 2442 1113 2503 cmidum‘carnem
1158 2442 1388 2519 quwiere
1434 2445 1674 2498 debemus
1717 2442 2149 2519 Salvatorem,_si

640 2521 870 2573 volumus
897 2534 1011 2570 eum
1044 2511 1270 2570 invenire
1308 2525 1355 2569 et
1386 2523 1622 2584 tangere,
1650 2514 1741 2566 sed
1760 2513 2039 2566 secundum
2067 2511 2150 2565 di-

643 2591 775 2643 vina:
798 2587 1084 2657 majestatis
1113 2584 1358 2657 gloriam:

644 2679 823 2733 lla-ret
869 2677 1043 2749 adhuc
1086 2677 1331 2732 sensibus
1381 2676 1594 2741 nostris,
1645 2673 1859 2739 fratres,
1909 2672 2013 2728 hoc
2052 2686 2150 2727 uos

572 2777 700 2825 ante
746 2769 862 2824 dies
906 2767 1258 2837 paucissimos
1286 2767 1604 2837 prmdicasse
1626 2807 1640 2832 ,
1683 2765 1826 2834 quod
1855 2763 2018 2818 Maria
2047 2761 2154 2817 Ma-

571 2859 797 2929 gdaleue
826 2875 933 2914 non
960 2858 1152 2913 leviter
1177 2856 1337 2913 fuerit
1362 2857 1642 2926 objurgata
1660 2899 1674 2922 ,
1706 2872 1802 2912 cur
1826 2864 1947 2926 post
1975 2869 2153 2909 resur-

573 2950 866 3005 rectionem
892 2947 1178 3002 Dominum
1207 2954 1472 3015 quaereret
1518 2945 1573 3000 in
1621 2946 1899 3016 sepulcro,
1949 2953 2005 2998 et
2044 2958 2152 2996 non

573 3040 924 3095 reminiscens
950 3040 1235 3094 verborum
1265 3038 1401 3107 ejus,
1432 3040 1626 3109 quibus
1652 3055 1711 3093 se
1737 3039 1804 3093 ab
1831 3037 2016 3092 inferis
2042 3045 2154 3091 ter-

577 3130 650 3183 tia
676 3126 765 3184 die
804 3144 925 3184 esse
966 3137 1392 3183 resurrecturum
1420 3130 1648 3195 dixerat,
1678 3135 1893 3198 putaret
1914 3142 2036 3181 eum
2064 3125 2152 3180 iu-

579 3220 715 3276 ferui
762 3220 969 3288 legibus
1016 3219 1263 3273 detineri.
1314 3218 1570 3287 Arguitur
1616 3219 1759 3273 enim
1806 3233 1914 3273 non
1945 3218 2150 3284 leviter,

578 3329 676 3368 cur
721 3329 829 3368 non
857 3312 884 3368 ι’
921 3321 1315 3368 memoraretur
1362 3313 1769 3368 resurrectionis
1800 3300 2152 3382 promissum,

577 3420 641 3460 ac
679 3406 865 3458 mortis
893 3411 1221 3459 scrutaretur
1248 3404 1522 3459 iudicium.
1572 3403 1730 3458 Fides
1770 3403 1913 3457 enim
1943 3402 2157 3457 humilis

577 3507 633 3552 et
676 3497 899 3565 ignara,
957 3498 1149 3565 quierit
1191 3496 1336 3565 quod
1383 3498 1586 3562 nescit,
1637 3496 1968 3552 obliviscitur
2011 3496 2155 3565 quod

2249 2341 2279 2378 a
2304 2340 2412 2394 quo
2441 2342 2538 2395 per
2578 2328 2915 2382 indiécretam
2955 2328 3248 2383 divinitatis
3288 2327 3642 2382 substantiam
3688 2343 3817 2381 nuu-

2247 2432 2407 2486 quam
2435 2427 2517 2471 est
2543 2422 2854 2487 Separatus;
2895 2418 3022 2472 dum
3057 2418 3198 2473 enim
3228 2432 3368 2472 unus
3396 2419 3449 2471 in
3478 2434 3586 2472 uno
3630 2425 3816 2482 manet,

2246 2524 2459 2579 semper
2490 2508 2705 2564 Patrem
2733 2508 3032 2579 Filiumque
3069 2509 3229 2565 simul
3256 2524 3377 2565 esse
3404 2508 3673 2579 significat
3695 2527 3709 2575 ;
3734 2517 3818 2563 aut

2248 2600 2487 2668 nunquid
2512 2599 2637 2655 illuc
2663 2600 2955 2680 ascendere
2984 2616 3044 2656 se
3064 2600 3194 2657 dicit
3221 2599 3407 2666 Filius,
3439 2600 3531 2655 ubi
3567 2608 3696 2680 ante
3728 2602 3815 2653 ha-

2248 2691 2384 2745 bitat
2420 2707 2578 2760 quam
2622 2676 2910 2747 ascendat?
2956 2692 3101 2748 Dixit
3137 2693 3280 2748 enim
3327 2691 3469 2747 idem
3524 2676 3816 2746 Dominus:

2250 2782 2420 2839 Nemo
2460 2784 2694 2838 ascendit
2728 2785 2784 2839 in
2813 2786 3016 2851 cazlum,
3052 2785 3154 2840 nisi
3192 2784 3280 2857 qui
3314 2783 3575 2838 descendit
3611 2782 3674 2836 de
3707 2781 3821 2834 calo

2251 2874 2299 2928 F
2302 2875 2422 2929 ilius
2451 2875 2689 2941 hominis,
2713 2877 2799 2947 qui
2823 2877 2878 2931 in
2900 2877 3025 2931 caelo
3045 2885 3119 2932 est
3143 2876 3323 2946 (Joan.
3348 2875 3451 2945 ιιι).
3475 2874 3531 2931 Si
3553 2888 3685 2942 ergo
3708 2889 3819 2929 cum

2251 2967 2525 3022 descendit
2555 2968 2805 3024 Salvator
2841 2969 2895 3024 in
2938 2969 3075 3027 cwlo
3103 2979 3206 3037 est,
3245 2970 3417 3025 multo
3459 2970 3625 3025 etiam
3669 2968 3823 3037 magis

2253 3058 2561 3128 priusquam
2584 3068 2611 3106 ι
2633 3059 2907 3124 ascendat,
2929 3061 2983 3114 in
3012 3059 3152 3115 ctelo
3177 3066 3278 3114 est.
3310 3059 3415 3115 Sed
3444 3059 3566 3113 vide
3602 3075 3670 3115 ne
3700 3058 3825 3112 forte

2253 3148 2318 3203 ad
2340 3148 2767 3218 objurgationem
2788 3148 2967 3204 Maria:
2986 3166 3092 3205 vox
3112 3150 3211 3205 ista
3234 3150 3539 3221 pertineat:
3562 3149 3653 3204 cui
3677 3147 3825 3219 paulo

2255 3247 2379 3294 ante
2409 3240 2548 3294 inter
2574 3240 2820 3310 sepulcra
2847 3241 3106 3309 qumreuti
3125 3240 3409 3295 Dominum
3442 3240 3644 3295 dicitur
3669 3258 3681 3292 :
3702 3238 3825 3303 Quid

2254 3331 2440 3402 quieris
2474 3331 2722 3385 viventem
2752 3347 2866 3384 cum
2904 3331 3164 3385 mortuis?
3201 3330 3352 3385 Nunc
3389 3330 3622 3384 addatur
3663 3348 3676 3382 :
3710 3327 3827 3383 Noli

2256 3438 2336 3475 me
2357 3430 2582 3491 tangere,
2605 3421 2724 3490 quia
2744 3420 2972 3476 nondum
3000 3421 3213 3476 ascendi
3240 3422 3308 3474 ad
3333 3418 3574 3483 Patrem;
3605 3421 3707 3475 hoc
3733 3427 3825 3480 est,

2258 3510 2383 3579 quid
2412 3527 2498 3565 me
2519 3512 2829 3579 contingere
2855 3512 3024 3580 cupis,
3054 3525 3172 3580 qua)
3199 3526 3305 3575 me,
3330 3509 3469 3564 dum’
3494 3510 3638 3564 i..tcr
3665 3518 3829 3563 tumu-

576 3588 838 3655 docetur;
881 3586 1072 3643 festina
1116 3589 1334 3657 quidem
1381 3598 1463 3644 est
1504 3589 1573 3644 ad
1606 3588 1950 3658 obsequium,
2003 3588 2156 3660 177

2261 3602 2342 3656 los
2372 3602 2583 3670 quaeris,
2615 3600 2790 3657 adhuc
2814 3601 2881 3655 ad
2917 3601 3131 3656 Patrem
3160 3600 3602 3656 ascendisse'non
3633 3597 3827 3662 credis;

576 3676 668 3731 sed
696 3692 802 3731 non
850 3674 1085 3747 perfecta
1114 3686 1197 3732 est
1240 3677 1306 3732 ad
1342 3677 1699 3743 credendum;
1736 3688 1759 3716 ο
1787 3677 1946 3731 auxia
1987 3686 2070 3732 est
2092 3678 2160 3732 de

577 3769 855 3823 dominicae
899 3769 1077 3823 carnis
1125 3767 1356 3837 injuria,
1415 3769 1509 3823 sed
1561 3769 1763 3824 incerta
1810 3769 1877 3824 de
1920 3784 2162 3824 resurre-

577 3858 771 3911 ctionis
816 3857 1015 3925 gloria;
1072 3857 1251 3925 plorat
1296 3857 1512 3925 quidem
1552 3872 1735 3913 amore
1778 3859 2011 3923 Christi,
2066 3859 2161 3914 sed

578 3950 768 3999 luceret
815 3946 1191 4014 desperatione
1238 3948 1482 4015 corporis
1523 3962 1632 4001 non
1670 3949 1908 4018 reperti;
1938 3950 2160 4019 periisse

576 4041 732 4104 putat
757 4050 916 4102 quem
941 4034 1051 4103 jam
1079 4048 1305 4102 regnare
1337 4038 1650 4104 constabat;
1689 4037 1716 4077 ά
1746 4047 2012 4095 scrutatur
2034 4056 2157 4096 eum

582 4124 634 4178 iu
664 4125 889 4189 tumulo,
925 4138 1083 4193 quem
1115 4125 1364 4181 invocare
1383 4128 1563 4197 potius
1586 4128 1806 4185 deberet
1831 4145 1861 4184 a
1882 4131 2040 4187 caelo.
2072 4131 2161 4187 In-

582 4223 831 4283 crepatur
863 4214 1023 4284 igitur
1054 4215 1111 4270 S.
1145 4212 1308 4271 Maria
1340 4225 1592 4288 tanquam
1617 4221 1820 4290 pigrior
1842 4222 1908 4277 ad
1937 4223 2163 4281 creden-

582 4305 730 4369 dum,
757 4314 811 4360 et
836 4321 956 4360 cum
981 4321 1100 4360 sera
1128 4306 1255 4361 licet
1276 4308 1556 4364 Dominum
1579 4311 1940 4378 cognovisset,
1965 4311 2162 4367 dicitur

583 4396 634 4450 ei
658 4411 687 4448 a
716 4396 991 4451 Salvatorc
1016 4415 1028 4450 :
1057 4396 1182 4452 Noli
1204 4415 1284 4452 me
1304 4409 1530 4471 tangere,
1554 4402 1677 4469 quia
1702 4401 1930 4456 nondum
1952 4404 2161 4458 ascendi

584 4488 655 4542 ad
684 4488 910 4543 Patrem.
942 4489 1059 4544 Noli
1106 4506 1193 4545 me
1221 4499 1468 4559 tangere,
1515 4493 1900 4563 increpationis
1937 4496 2161 4550 verbum

584 4587 699 4645 est;
729 4579 831 4634 hoc
858 4591 941 4634 est
971 4581 1077 4635 noli
1108 4597 1193 4636 me
1222 4590 1443 4651 tangere
1481 4585 1746 4650 manibus,
1778 4587 2030 4655 quoniam
2074 4602 2162 4641 re-

586 4672 972 4727 surrectionem
1013 4688 1186 4727 meam
1234 4676 1427 4729 mentis
1479 4677 1749 4733 oblivione
1791 4696 1896 4734 non
1938 4680 2158 4735 retines.

591 4772 616 4800 θ
632 4765 647 4783 ⁸
667 4762 779 4818 [Ioc
790 4773 872 4817 est
886 4764 1004 4818 Noli
1025 4779 1108 4819 me
1125 4772 1342 4833 tangere
1359 4768 1619 4833 manibus,
1638 4770 1890 4836 quoniam
1910 4768 2030 4825 fidei
2048 4787 2164 4841 per-

590 4850 817 4908 fectione
846 4870 950 4909 non
980 4856 1170 4922 tangis.
1217 4854 1330 4910 Non
1359 4867 1514 4925 potes
1549 4873 1634 4913 me
1674 4860 1949 4930 corporeis
1979 4869 2163 4917 tenere

2259 3706 2380 3761 qua:
2405 3691 2530 3745 dum
2561 3706 2645 3745 me
2674 3691 2814 3747 inter
2842 3691 3046 3747 inferna
3076 3693 3333 3748 scrutaris
3375 3693 3442 3747 ad
3481 3692 3719 3747 cmlestia
3748 3703 3830 3745 re-

2258 3784 2420 3839 diisse
2461 3781 2694 3848 diffidis;
2742 3784 2869 3839 dum
2916 3784 3056 3839 inter
3097 3795 3339 3840 mortuos
3377 3785 3608 3852 quaeris,
3660 3784 3832 3837 vivere

2259 3889 2381 3928 cum
2423 3874 2533 3928 Deo
2577 3873 2734 3928 Patre
2781 3891 2904 3930 meo
2951 3892 3058 3930 non
3106 3892 3308 3946 speras.
3343 3875 3610 3939 Nondum,
3650 3873 3829 3944 inquit,

2259 3965 2472 4020 ascendi
2502 3964 2569 4018 ad
2594 3964 2808 4020 Patrem
2843 3984 2855 4019 :
2884 3968 2988 4023 hoc
3018 3977 3120 4033 est,
3144 3968 3239 4023 tibi
3268 3969 3500 4022 nondum
3526 3966 3743 4023 escendi
3769 3963 3834 4020 ad

2258 4053 2502 4120 Patrem;
2528 4057 2653 4126 quia
2681 4057 2822 4127 apud
2852 4056 3008 4114 fidem
3036 4068 3180 4115 tuam
3208 4060 3380 4114 adhuc
3409 4059 3661 4113 detineor
3681 4059 3734 4113 in
3753 4070 3835 4112 se-

2259 4147 2463 4217 pulcro.
2496 4145 2763 4215 Quantum
2793 4150 2845 4204 in
2879 4157 2931 4204 te
2953 4159 3037 4206 est
3070 4151 3213 4205 enim
3246 4152 3402 4222 178
3426 4151 3602 4205 adhuc
3630 4148 3833 4204 humili—

2258 4236 2358 4291 bus
2388 4238 2662 4305 immorer,
2695 4240 2869 4294 adhuc
2899 4241 3123 4295 terrenis
3152 4241 3405 4305 inlucreo,
3444 4241 3569 4310 quia
3605 4238 3836 4295 nondum

2260 4342 2347 4383 me
2379 4328 2509 4383 fides
2539 4338 2626 4384 tua
2652 4331 2882 4386 elevavit
2907 4332 2974 4387 ad
3005 4333 3219 4388 coelum.
3257 4332 3394 4400 Quid
3417 4347 3545 4401 ergo
3574 4347 3664 4387 me
3692 4329 3836 4386 festi-

2261 4434 2359 4472 nas
2385 4420 2696 4490 contingere
2741 4429 2800 4477 ut
2843 4422 2938 4477 Dei
2968 4422 3177 4487 Filium,
3209 4438 3367 4492 quem
3394 4424 3728 4479 .redeuntem
3772 4420 3839 4476 ad

2262 4506 2473 4562 Patrem
2501 4510 2695 4564 mentis
2721 4510 3008 4566 devotione
3038 4528 3141 4566 non
3165 4514 3443 4581 sequeris?
3471 4512 3728 4583 Quisquis
3746 4512 3839 4581 igi-

2263 4605 2351 4653 tur
2369 4599 2484 4654 vult
2503 4601 2816 4667 contingere
2843 4602 3127 4659 Dominum
3148 4602 3499 4669 Salvatorem,
3525 4604 3676 4674 prius
3699 4604 3840 4658 illum

2262 4688 2423 4744 debet
2463 4688 2563 4745 ﬁde
2591 4707 2685 4745 sua
2714 4692 2779 4745 ad
2807 4693 3082 4748 dexteram
3119 4694 3418 4750 Divinitatis
3458 4696 3760 4766 imponere,
3788 4699 3842 4749 et

2263 4779 2577 4836 credulitate
2598 4782 2775 4837 cordis
2794 4784 3058 4839 collocare
3084 4786 3134 4838 iu
3157 4785 3482 4850 cmlestibus,
3500 4786 3843 4856 potiusquam

2265 4869 2406 4924 inter
2432 4870 2710 4927 defunctos
2738 4874 3027 4942 inquirere.
3055 4875 3134 4929 llli
3163 4884 3343 4931 autem
3386 4876 3633 4931 ascendit
3659 4874 3843 4930 Domi-

591 4944 921 5034 amplexibus
948 4947 998 5011 ';
1026 4947 1276 5014 quoniam
1309 4949 1619 5016 prohibetur
1649 4958 1814 5013 tactu,
1846 4949 1861 4988 τ
1894 4966 2012 5020 qua:
2033 4953 2163 5007 ami-
2190 4952 2240 5012 ι)
2264 4976 2367 5015 nus
2392 4961 2458 5015 ad
2490 4960 2722 5027 Patrem,
2745 4964 2838 5032 qui
2864 4978 2985 5018 cum
3012 4980 3228 5034 semper
3248 4980 3368 5022 esse
3387 4966 3558 5021 credi;
3585 4966 3645 5021 in
3667 4964 3840 5020 parte,

589 5033 660 5090 sit
688 5035 956 5101 auditum;
996 5035 1120 5091 Noli
1157 5054 1256 5102 me,
1290 5038 1478 5107 inquit,
1509 5048 1740 5110 tangere,
1772 5042 1893 5110 quia
1933 5043 2160 5097 nondum

592 5122 800 5174 accendi
840 5123 908 5174 ad
937 5123 1144 5178 Patrem
1191 5127 1370 5185 (Joan.
1420 5128 1533 5197 xx).
1568 5128 1853 5184 Videamus
1892 5133 2164 5199 quomodo

592 5211 659 5265 ad
681 5208 893 5265 Patrem
924 5212 1152 5267 nondum
1182 5217 1482 5272 ascenderit
1509 5218 1768 5285 Christus,
1801 5237 1919 5276 cum
1944 5223 2056 5291 ipse
2084 5224 2163 5277 di-

665 5394 690 5462 ξ
729 5385 861 5462 Cod.
891 5384 1161 5462 Ambros,
1185 5404 1239 5462 se
1267 5406 1299 5462 ᾳ
1321 5393 1513 5446 caelesti
1532 5396 1715 5462 pretio.

664 5452 691 5492 ιι
727 5456 858 5507 Cod.
890 5455 947 5508 S.
978 5453 1163 5509 Crucis
1191 5458 1241 5509 iu
1270 5457 1402 5516 Jer..
1436 5452 1887 5520 reniemoraretur.

665 5535 687 5562 ε
717 5523 940 5598 (ξριεὶςρε
965 5540 1004 5598 _x
1052 5523 1327 5598 Laurent.,
1366 5528 1502 5585 Plut.
1537 5549 1642 5598 xw,
1674 5546 1730 5588 et
1769 5536 1827 5590 S.
1874 5535 2063 5591 Crucis
2109 5539 2162 5593 in

595 5592 697 5649 Jer.
732 5594 818 5654 99,
851 5594 1010 5646 muria
1038 5595 1172 5647 enim
1197 5605 1291 5657 est,
1324 5610 1429 5651 etc.

662 5668 687 5701 ιι
711 5663 852 5719 Idem
875 5665 994 5718 cod.
1021 5662 1296 5731 Laurent.,
1315 5676 1368 5719 et
1392 5668 1446 5720 S.
1478 5669 1663 5728 Crucis
1689 5673 1740 5727 in
1768 5673 1875 5731 Jer.
1903 5685 2163 5731 scrutatur

2266 5053 2521 5108 Ascendit
2545 5053 2719 5108 beatis
2746 5057 3005 5124 apostolis
3030 5056 3097 5111 ad
3121 5056 3356 5123 Patrem,
3387 5057 3581 5126 quibus
3604 5058 3683 5111 ait
3707 5074 3720 5110 :
3748 5055 3844 5120 Qui

2265 5159 2344 5196 me
2366 5142 2520 5206 videt,
2544 5143 2680 5198 videt
2700 5156 2748 5198 et
2774 5144 2989 5199 Patrem
3018 5147 3197 5216 (Joan.
3215 5145 3351 5220 xxv).
3376 5148 3636 5203 Ascendit
3653 5146 3845 5203 Joanni

2264 5229 2633 5300 Evangelistm,
2657 5235 2749 5303 qui
2770 5236 2910 5305 apud
2929 5234 3144 5293 Patrem
3172 5252 3296 5294 eum
3315 5238 3579 5310 quaesivit,
3610 5247 3670 5294 et
3696 5251 3847 5307 repe‘

2269 5404 2406 5456 enim
2436 5421 2568 5458 (nm.

2343 5486 2365 5509 υ
2389 5472 2466 5526 Ex
2491 5475 2613 5529 cod.
2644 5474 2897 5531 Laurent.
2928 5493 3124 5533 CLxxu.

2272 5541 2524 5664 minem.
2555 5544 2612 5599 S.
2646 5543 2831 5600 Crucis
2860 5546 3009 5615 Min.,
3039 5548 3334 5619 prohibetur
3363 5559 3519 5621 tactu,
3544 5568 3702 5623 quem
3726 5551 3850 5606 nmio

2476 5630 2493 5664 ι
2519 5630 2600 5664 ns.

2476 5630 2600 5665 tms.

2342 5692 2364 5727 τι
2394 5682 2525 5736 Cod.
2558 5683 2616 5737 S.
2647 5684 2835 5740 Cruris
2863 5686 2914 5741 in
2934 5685 3066 5745 Jer.,
3099 5686 3348 5742 asceddit.
