4042 6192
222 251 314 304 561

1584 248 1860 308 HOMILIA
1898 249 2045 309 Lm.

3388 259 3494 313 εἶῢί

227 352 330 435 rit;
367 376 531 435 atque
558 366 682 422 ideo
714 367 788 421 ait
821 384 833 419 ε
870 365 938 420 Et
978 369 1199 421 Verbum
1232 377 1343 420 erat
1380 368 1518 437 apud
1546 366 1729 433 Deum,
1757 378 1806 421 et
1835 375 1880 430 Α
1910 370 2029 424 Cor.
2060 371 2135 440 v).
2169 369 2330 439 Igitur
2358 379 2413 426 et
2440 369 2747 441 Stephanus
2776 373 2965 429 beatus
3006 372 3107 429 lide
3136 390 3229 430 sua
3262 392 3369 433 non
3396 395 3490 435 su—

225 461 368 516 Deus
407 466 521 514 erat
571 458 796 512 Verbum
830 458 1008 530 (Joan.
1043 461 1114 529 ι),
1161 459 1412 515 Ascendit
1452 461 1613 515 etiam
1656 462 1814 516 beato

226 552 419 619 Paulo,
450 551 562 621 qui,
601 566 707 604 non
739 561 759 586 η
792 559 1077 605 contentus
1118 567 1176 605 se
1204 553 1343 607 scire
1371 552 1514 620 quod
1558 560 1801 615 noverat,

222 659 330 697 nos
374 657 589 711 quoque
634 641 818 695 docuit
866 642 1314 710 quemadmodum
1373 641 1708 697 Salvatorem
1758 644 1809 697 in

224 732 541 787 cmlestibus
575 746 935 799 qumreremus
959 730 989 769 δ
1024 749 1038 784 :
1084 729 1211 795 Qua:
1262 750 1464 787 sursum
1509 745 1629 787 sunt
1668 749 1813 805 qua:-

224 824 363 885 rite;
392 820 477 873 ubi
504 820 737 874 Christus
762 831 842 875 est
866 822 923 874 in
950 822 1171 875 dextera
1201 820 1299 875 Dei
1324 822 1509 875 sedens
1539 820 1672 891 (Col.
1708 821 1809 890 tu).

229 910 302 965 Et
326 921 384 965 ut
409 927 507 965 nos
537 911 603 963 ab
637 912 739 964 hac
768 911 952 964 humili
982 912 1063 965 vel
1090 920 1302 967 terrena
1330 913 1673 981 inquisitione
1701 912 1813 965 Ma-

230 1003 328 1055 ria:
366 1001 578 1070 penitus
602 1000 966 1065 submoveret,
997 1000 1142 1054 addit
1169 1001 1352 1055 dicens
1386 1019 1398 1052 :
1435 1000 1563 1064 Quae
1608 1017 1812 1055 sursum

224 1104 351 1148 sunt
378 1095 563 1164 sapite,
593 1110 696 1146 non
720 1109 836 1162 quw
858 1110 1012 1161 super
1036 1104 1242 1148 terram.
1281 1094 1419 1164 Ergo
1449 1111 1555 1149 non
1580 1095 1690 1163 jam
1720 1112 1813 1151 su-

224 1200 333 1255 per
358 1192 579 1249 terram,
611 1198 711 1237 nec
739 1183 792 1236 in
826 1192 988 1250 terra,
1019 1199 1118 1238 nec
1144 1184 1434 1239 secundum
1462 1199 1679 1239 carnem
1716 1185 1811 1239 de-

224 1275 424 1328 bemus
450 1287 690 1342 quaerere
717 1270 1073 1341 Salvatorem,
1103 1274 1149 1327 si
1170 1275 1413 1329 volumus
1437 1290 1563 1329 eum
1598 1273 1810 1328 inveni-

227 1379 291 1418 re
327 1372 487 1432 atque
515 1363 856 1430 contingere,
888 1362 983 1417 sed
1020 1363 1310 1418 secundum
1339 1364 1532 1418 divina:
1562 1364 1815 1433 majesta-

226 1454 303 1507 tis
332 1453 591 1520 gloriam;
629 1462 686 1505 ut
709 1451 950 1506 dicamus
979 1468 1109 1507 cum
1137 1454 1386 1523 apostolo
1415 1451 1581 1508 Paulo
1608 1471 1624 1506 :
1658 1451 1815 1507 Nunc

228 1552 408 1598 autem
446 1543 724 1598 secundum
766 1559 977 1596 carnem
1020 1559 1124 1597 non
1168 1544 1400 1598 nouimus
1430 1543 1689 1596 Christum
1728 1542 1817 1613 (ιι

1918 477 2015 531 per
2041 470 2239 516 terram
2266 463 2510 530 quaesivit
2536 462 2825 529 Christum,
2856 463 2950 518 sed
2992 471 3223 520 stantem
3252 466 3403 521 illum
3429 470 3499 524 ad

1918 552 2011 605 Dei
2034 551 2309 605 dexteram
2334 554 2644 618 recognovit
2676 571 2688 605 :
2723 553 2795 608 ibi
2823 552 2969 607 illum
2992 555 3216 624 reperit,
3234 557 3326 611 ubi
3352 573 3501 614 men-

1919 642 1984 695 tis
2011 640 2299 695 devotione
2326 643 2587 709 quaesivit.
2622 643 2735 697 Non
2767 645 2938 697 solum
2970 654 3150 699 autem
3191 645 3498 717 Stephanus

1917 730 1970 784 in
2001 730 2140 785 coelo
2171 728 2314 783 videt
2340 729 2629 795 Christum,
2661 732 2754 785 sed
2793 739 2848 785 et
2876 735 3131 804 martyrio
3161 750 3260 790 suo
3291 739 3494 806 tangit;

1918 826 2086 891 tangit
2114 825 2257 879 enim
2298 826 2599 893 Dominum,
2630 844 2751 882 cum
2781 845 2879 898 pro
2906 831 3138 887 inimicis
3162 832 3271 887 suis
3309 847 3494 901 orans,

1919 915 2006 967 vel
2035 912 2136 968 fide
2164 929 2259 968 sua
2288 922 2478 969 tenens
2515 917 2681 983 illum,
2722 918 2849 973 dicit
2880 938 2890 971 :
2917 920 3155 985 Domine,
3188 940 3254 976 ne
3296 931 3498 977 statuas

1915 1001 2022 1055 illis
2053 1002 2146 1055 hoc
2173 1012 2435 1072 peccatum
2466 1004 2601 1075 (Act.
2633 1006 2751 1075 vn).
2810 1007 3091 1076 lutelligite
3132 1023 3260 1077 ergo
3295 1021 3501 1079 quanta

1918 1091 2220 1145 devotionis
2260 1099 2341 1145 est
2382 1094 2570 1159 gloria.
2604 1094 2767 1148 Maria
2802 1095 2952 1163 juxta
2983 1098 3263 1152 Dominum
3295 1100 3497 1155 consti—

1919 1186 2031 1233 tuta
2060 1195 2181 1235 eum
2211 1188 2432 1249 tangere
2462 1198 2568 1237 non
2608 1193 2845 1239 meretur
2872 1202 2885 1238 :
2926 1186 3228 1255 Stephanus
3256 1188 3309 1241 in
3340 1188 3500 1242 terris

1919 1272 2125 1339 positus
2154 1269 2423 1325 Christum
2471 1274 2639 1341 tangit
2687 1274 2741 1329 in
2771 1277 2928 1342 omlo,
2971 1278 3059 1331 illa
3100 1278 3239 1333 inter
3279 1278 3500 1347 angelos

1920 1371 2236 1431 praesentem
2274 1379 2380 1417 non
2424 1364 2570 1419 videt
2609 1365 2944 1422 Salvatorem
2975 1386 2987 1421 :
3016 1369 3321 1441 Stephanus
3358 1371 3499 1425 intra

1921 1452 2089 1506 cmlos
2111 1452 2391 1507 Dominum
2415 1455 2586 1508 cernit
2608 1455 2903 1511 absentem.

1572 1629 1917 1693 HOMILIA
1962 1630 2151 1693 LVII.

1342 1728 1420 1785 De
1458 1730 1638 1784 eadem
1667 1730 1886 1785 Pascha:
1918 1731 2241 1785 solemnitate
2272 1730 2389 1785 III.

1670 1815 2065 1873 ADMONITIO.

320 1912 474 2037 V9
500 1908 755 1967 Miriﬁcus
782 1905 998 1979 quidem
1036 1923 1099 1979 ac
1124 1923 1262 1978 pene
1290 1910 1573 1978 singularis
1601 1918 1684 1965 est
1710 1908 1954 1965 codicum
1994 1926 2123 1966 mss.
2155 1926 2428 1976 numerus,
2455 1914 2546 1982 qui
2574 1914 3023 1983 elegantissimam
3052 1918 3191 1975 hanc
3231 1917 3504 1976 ltomilian

233 1985 299 2040 S.
388 1985 569 2037 aximo
593 1989 859 2035 asserunt.
900 1979 1044 2034 Duos
1070 1978 1378 2040 Vaticanos,
1410 1978 1572 2040 4951,
1610 1993 1731 2040 pag.
1755 1977 1842 2040 99,
1867 1988 1921 2034 et
1949 1974 2108 2040 6451,
2133 1995 2255 2040 pag.
2281 1980 2333 2040 4,
2356 1984 2530 2040 primo
2559 1986 3082 2040 commendabimus:
3115 1989 3251 2040 duos
3281 1992 3504 2040 perinde

281 2000 417 2040 ,Μέὶ

426 1974 569 2037 ﬁmo
593 1974 859 2051 asserunt.
900 1979 1044 2051 Duos
1067 1974 1583 2051 Vatican_os,'49§j,
1610 1993 1734 2051 pag.
1755 1977 1937 2051 99,_et_
1949 1974 2108 2042 6451,
2133 1995 2255 2049 pag.
2281 1980 2333 2045 4,
2356 1974 2530 2051 primo
2559 1974 3082 2051 conimendabimus;
3115 1974 3251 2043 duos

3281 1992 3506 2059 perinde

236 2057 297 2109 δ.
332 2055 521 2126 Crucis
548 2052 612 2126 in
630 2049 944 2126 Ierusalem,
968 2047 1037 2126 99
1066 2049 1249 2103 homil.
1277 2048 1449 2126 48,l_et
1570 2047 1757 2103 homil.
1780 2047 1874 2114 ‘55,
1905 2049 2043 2126 duos
2068 2047 2270 2126 pariter
2295 2047 2630 2126 Casinenses,
2655 2069 2759 2126 cxi,
2788 2069 2906 2123 pag.
2932 2057 2982 2119 3,
3007 2047 3209 2119 ct'lSS,
3233 2047 3355 2126 pag.
3381 2060 3499 2121 159,

236 2126 379 2179 duos
409 2125 536 2177 item
579 2120 839 2188 Belgicos,
870 2118 1251 2188 Martinensem
1279 2128 1334 2174 et
1359 2116 1870 2188 Camberonensem,
1899 2116 2311 2173 Cisterciensem
2349 2120 2545 2176 Montis
2571 2116 2812 2187 Amiataz;
2844 2116 2907 2178 ac
2934 2116 3148 2179 tandem
3188 2116 3499 2182 Laurentia;

240 2210 372 2264 num
405 2211 464 2264 u1
483 2191 625 2264 Plut.
657 2186 763 2249 xiv,
789 2203 909 2264 pag.
937 2186 1066 2264 295,
1104 2203 1143 2264 τι
1170 2195 1342 2264 tergo.
1375 2187 1684 2264 Memoratis
1712 2187 1985 2264 codicibus
2021 2190 2155 2264 mire
2182 2189 2472 2264 concinunt
2499 2190 2759 2264 editores1
2782 2186 3074 2264 Gymnicus
3102 2210 3224 2264 pag.
3257 2195 3359 2250 146
3381 2213 3502 2252 cum

240 2263 408 2317 titulo
430 2261 509 2333 De
528 2261 705 2333 eadem
733 2256 1553 2333 solemnitate,Ealesiniusitem
1580 2271 1715 2333 pag;
1735 2256 2134 2333 133,_Cumdius
2151 2265 2286 2333 tom.
2309 2258 2373 2325 II,
2396 2274 2520 2328 pag.
2549 2256 3050 2333 li_44_,_Rafnaudus
3072 2256 3201 2333 pag:
3215 2264 3339 2330 2l8,
3368 2265 3504 2320 Mar«

241 2334 468 2401 garinus
496 2332 551 2385 in
582 2330 714 2383 Bibl.
746 2328 887 2382 Max.
918 2327 1322 2401 tom._VI,_pag.
1351 2326 1441 2401 25.
1474 2326 1650 2401 Quare
1679 2326 2561 2401 Benedictinimonachicongreg.
2585 2329 2649 2401 _S.
2665 2326 2839 2401 Mauri
2870 2340 3016 2385 tanta
3043 2326 3172 2387 mss'.
3197 2342 3251 2388 et
3278 2326 3509 2389 eicuso-

239 2396 367 2456 inm
398 2402 665 2471 librorum,
678 2398 1034 2453 consonantia
1052 2396 1227 2461 ducti,
1251 2414 1358 2452 non
1386 2397 1746 2462 Ambrosium,
1768 2397 1847 2451 uti
1875 2397 2030 2466 pauci
2048 2396 2264 2451 codices
2290 2396 2488 2463 ferunt,
2509 2396 2604 2453 sed
2632 2399 2920 2454 Maximum
2946 2401 3105 2471 hujus
3128 2404 3390 2457 orationis
3412 2419 3512 2460 au-

242 2482 458 2528 ctorem
496 2468 903 2524 constituerunt.

247 2563 648 2641 Ancuussruu.
688 2591 759 2601 —-
791 2557 1062 2641 Prodigia,
1102 2575 1223 2641 quin
1264 2559 1321 2611 in
1363 2556 1553 2641 Christi
1599 2573 1829 2611 resurre-
1861 2561 1909 2621 Β
1934 2553 2081 2610 dum.
2113 2553 2218 2609 Sed
2244 2554 2372 2610 dicit
2401 2556 2592 2625 aliquis
2624 2575 2636 2609 :
2672 2555 2691 2594 τ
2722 2557 2779 2611 Si
2806 2558 2861 2611 in
2890 2557 2975 2613 die
2990 2560 3370 2627 gratulandum
3400 2571 3503 2626 est,

320 2633 498 2685 ctione
528 2633 671 2702 facta
698 2637 836 2693 sunt,
878 2626 1287 2698 eloquentissime
1315 2644 1347 2680 a
1375 2626 1427 2679 Μ
1437 2629 1610 2681 aximo
1647 2642 1829 2681 recen-

317 2719 417 2756 seu
424 2712 521 2755 tur.

321 2832 445 2886 Non
474 2830 759 2895 immerito,
809 2828 1018 2893 fratres,
1058 2827 1317 2883 hodierna
1357 2827 1444 2883 die
1470 2827 1705 2898 psalmus
1745 2826 1831 2880 hic

250 2925 454 2993 legitur
503 2920 676 2992 (Psal.
722 2920 857 2990 xm),
907 2920 960 2973 in
1006 2934 1113 2988 quo
1159 2918 1419 2988 propheta
1460 2916 1833 2973 exsultantium

253 3014 501 3085 praecipit
529 2994 583 3066 et
613 3012 925 3077 lzrtandum;
959 3026 1143 3064 omnes
1167 3011 1310 3064 enim
1338 3019 1614 3065 creaturas
1640 3009 1709 3064 ad
1738 3010 1831 3063 hu—

253 3122 341 3174 ιιιε
380 3104 488 3157 diei
534 3102 873 3157 lestivitatem
917 3101 1081 3155 David
1110 3108 1325 3155 sanctus
1354 3100 1574 3165 invitat;
1615 3114 1741 3153 nam
1780 3099 1832 3152 in

254 3196 359 3250 hac
392 3195 481 3248 die
514 3208 613 3263 per
640 3193 1086 3247 resurrectionem
1124 3202 1145 3230 ο
1178 3192 1375 3246 Christi
1403 3192 1643 3260 aperitur
1669 3187 1697 3227 ά
1728 3196 1838 3243 tar-

254 3293 428 3349 tarus,
470 3299 568 3353 per
608 3282 907 3353 neophytos
933 3280 1187 3335 Ecclesia:
1217 3282 1502 3335 innovatur
1530 3289 1691 3348 terra,
1722 3295 1834 3334 cm-

254 3376 369 3428 lum
412 3389 510 3443 per
549 3372 803 3441 Spiritum
830 3378 1075 3426 sanctum
1107 3379 1405 3435 reseratur;
1453 3378 1668 3440 apertus
1695 3370 1837 3423 enim

255 3470 502 3517 tartarus
529 3463 705 3517 reddit
739 3470 999 3524 mortuos,
1028 3462 1278 3516 innovata
1298 3469 1443 3515 terra
1468 3460 1729 3529 germinat
1752 3474 1839 3514 re-

254 3562 563 3623 surgentes,
605 3554 799 3608 cmlum
846 3562 1142 3607 reseratum
1195 3552 1417 3621 suscipit
1466 3552 1834 3607 ascendentes.

258 3645 505 3712 Denique
554 3644 793 3697 ascendit
841 3643 979 3698 latro
1031 3644 1083 3696 in
1126 3643 1432 3712 paradisum
1477 3661 1490 3695 :
1534 3650 1839 3696 sanctorum

256 3750 492 3803 corpora
523 3733 888 3801 ingrediuntur
910 3733 960 3786 in
983 3741 1226 3787 sanctam
1247 3732 1515 3786 civitatem
1546 3749 1563 3784 ε
1597 3731 1663 3785 ad
1692 3732 1840 3785 vivos

258 3826 465 3879 mortui
495 3832 853 3885 revertuntur,
886 3833 939 3878 et
966 3824 1209 3893 profectu
1237 3823 1466 3893 quodam
1497 3823 1551 3877 in
1596 3837 1838 3877 resurre-

1931 2646 1997 2699 iis
2042 2645 2225 2713 utique
2272 2646 2644 2713 gratulandum
2692 2655 2775 2700 est
2830 2650 2985 2718 180
3035 2663 3173 2717 quos
3225 2650 3339 2705 dies
3392 2652 3505 2720 ipsa

1929 2735 2303 2805 complectitur
2333 2753 2345 2788 :
2376 2736 2570 2791 malum
2610 2744 2788 2791 autem
2828 2743 2883 2791 et
2911 2747 3143 2794 tartarus
3170 2749 3319 2795 extra
3351 2742 3513 2810 hujus

1930 2826 2117 2880 mundi
2143 2825 2284 2880 diem
2305 2834 2430 2880 sunt
2450 2828 2743 2882 constituta
2766 2847 2779 2881 :
2805 2830 3076 2897 quomodo
3106 2832 3265 2900 igitur
3287 2843 3507 2903 possunt

1931 2933 1996 2973 ea
2024 2919 2288 2973 elementa
2317 2917 2382 2972 ad
2410 2918 2753 2975 festivitatem
2774 2922 2934 2992 hujus
2954 2924 3059 2978 diei
3079 2927 3279 2991 vocari,
3307 2937 3331 2971 ιι
3360 2927 3516 2997 cujus

1932 3010 2038 3065 diei
2076 3011 2281 3065 ambitu
2319 3026 2426 3065 non
2456 3014 2746 3067 tenentur?
2790 3013 2896 3069 Sed
2938 3015 3023 3069 hic
3052 3015 3165 3070 dies
3194 3032 3351 3086 quem
3382 3017 3513 3072 fecit

1934 3100 2189 3155 Dominus
2215 3109 2463 3170 penetrat
2483 3103 2680 3167 omnia,
2704 3104 2953 3158 universa
2982 3106 3241 3170 continet,
3275 3104 3300 3143 ι·
3318 3108 3514 3162 caelum

1930 3199 1990 3245 et
2011 3198 2208 3243 terram
2232 3198 2596 3259 tartarumque
2614 3194 3011 3261 complectitur.
3026 3194 3140 3249 Lux
3157 3196 3300 3249 enim
3327 3196 3339 3231 ί
3364 3196 3520 3251 Chri-

1934 3290 2048 3335 stus
2079 3296 2185 3335 non
2212 3282 2507 3350 parietibus
2524 3282 2844 3349 obstruitur,
2875 3300 2984 3338 non
3015 3286 3294 3340 elementis
3322 3287 3515 3343 dividi-

1936 3378 2041 3433 tur,
2087 3384 2194 3423 non
2224 3370 2457 3423 tenebris
2487 3370 2822 3424 obscuratur.
2853 3369 2991 3438 Lux,
3037 3373 3273 3440 inquam,
3319 3374 3515 3431 Christi

1937 3459 2053 3513 dies
2077 3466 2162 3513 est
2188 3458 2305 3513 sine
2329 3466 2513 3526 nocte,
2544 3458 2661 3513 dies
2687 3459 2805 3512 sine
2834 3458 2960 3523 line,
3005 3461 3201 3528 ubique
3248 3462 3515 3530 splendet,

1939 3549 2137 3617 ubique
2158 3547 2357 3614 radiat,
2383 3548 2581 3615 ubique
2620 3562 2728 3600 non
2772 3547 2967 3601 deﬁcit.
2997 3548 3149 3614 Quod
3190 3560 3368 3603 autem
3416 3551 3516 3606 ista

1938 3638 2053 3693 dies
2082 3637 2325 3693 Christus
2353 3638 2444 3704 sit,
2486 3636 2775 3706 Apostolus
2813 3637 2943 3691 dicit
2986 3655 2999 3689 :
3056 3636 3180 3691 Nox
3233 3641 3516 3709 pra’cessil,

1939 3732 2050 3785 dies
2080 3738 2250 3783 autem
2270 3729 2697 3799 appropinquavit
2729 3727 2907 3799 (Rom.
2943 3728 3077 3799 xm).
3109 3728 3408 3797 Praecessit,
3435 3731 3519 3784 in-

1940 3823 2076 3892 quit,
2103 3837 2229 3885 nox,
2252 3836 2361 3875 non
2391 3820 2631 3889 sequitur
2660 3836 2674 3871 :
2699 3827 2759 3872 ut
2785 3819 3070 3887 intelligas,
3100 3821 3515 3889 superveniente

258 3919 447 3971 ctione
475 3916 672 3970 Christi
702 3916 767 3969 ad
796 3916 984 3970 altiora
1008 3922 1203 3971 cuncta
1243 3916 1504 3970 elementa
1534 3931 1591 3969 se
1626 3915 1836 3969 tollunt.
1869 3909 1914 3971 C
1943 3910 2140 3966 Christi
2167 3911 2387 3974 lumine,
2428 3917 2484 3963 et
2508 3908 2706 3963 diaboli
2747 3909 3000 3964 tenebras
3028 3908 3271 3978 eﬂugari,
3307 3918 3363 3965 et
3390 3925 3522 3980 pec-

256 4006 526 4060 Tartarus
548 4022 683 4075 quos
719 4006 881 4059 habet
920 4005 1090 4059 reddit
1131 4005 1199 4057 ad
1243 4020 1500 4073 superos,
1527 4014 1664 4058 terra
1705 4019 1840 4073 quos

258 4085 463 4166 sepelit
501 4097 665 4149 mittit
698 4095 765 4149 ad
804 4096 1035 4161 coelum;
1088 4095 1280 4149 ccelum
1322 4110 1457 4162 quos
1492 4096 1714 4164 suscipit
1755 4109 1841 4148 re-

260 4193 555 4255 praesentat
584 4185 650 4239 ad
670 4184 989 4249 Dominum;
1014 4193 1068 4239 ct
1090 4201 1191 4238 una
1216 4184 1509 4252 eademque
1531 4185 1843 4254 operatione

258 4275 567 4330 Salvatoris
586 4277 767 4345 passio
795 4275 969 4330 elevat
996 4276 1063 4330 de
1088 4276 1228 4339 imis,
1252 4275 1472 4330 suscitat
1498 4275 1563 4330 dc
1593 4278 1841 4343 terrenis,

259 4365 506 4419 collocat
533 4366 584 4419 in
629 4366 875 4419 excelsis.
910 4365 1249 4420 Resurrectio
1279 4366 1419 4419 enim
1453 4363 1650 4419 Christi
1682 4375 1707 4402 ο
1751 4364 1845 4419 de-

256 4455 467 4510 functis
496 4465 579 4511 est
613 4457 741 4522 vita,
774 4456 1142 4526 peccatoribus
1179 4456 1355 4520 venia,
1387 4456 1582 4510 sanctis
1623 4464 1706 4510 est
1731 4456 1847 4524 glo—

262 4548 374 4602 ria.
409 4546 626 4602 Omnem
658 4562 785 4617 ergo
816 4554 1115 4601 creaturam
1138 4546 1201 4600 ad
1232 4546 1575 4600 festivitatem
1607 4561 1846 4601 resurre-

255 4636 471 4689 ctionis
494 4635 689 4691 Christi
714 4635 878 4689 David
903 4643 1117 4689 sanctus
1148 4635 1334 4688 invitat
1358 4653 1370 4686 :
1397 4635 1470 4687 ait
1498 4635 1639 4689 enim
1669 4635 1848 4688 exsul-

263 4726 495 4781 tandum
523 4730 574 4782 in
620 4729 723 4782 hac
765 4727 851 4781 die
878 4741 1035 4795 quam
1077 4724 1201 4779 fecit
1239 4724 1516 4789 Dominus,
1560 4733 1615 4779 et
1658 4724 1845 4779 laetan-

348 4889 381 4917 ⁸·
410 4878 571 4934 Codd.
597 4877 734 4933 99$.
761 4876 1159 4945 Crucisinler.,
1182 4887 1448 4932 contentus
1468 4878 1635 4931 solum
1647 4894 1724 4944 se,
1748 4887 1849 4932 etc.

350 4949 381 4986 δ
416 4948 555 5004 Idem
592 4949 713 5004 cod.
758 4948 820 5002 S.
864 4948 1050 5004 Crucis
1085 4948 1139 5001 in
1187 4946 1321 5011 Jer.,
1363 4964 1732 5020 quereranus,
1775 4948 1855 5000 di-

572 5088 752 5142 Casin.
786 5086 921 5155 125,
953 5086 1159 5141 Domini
1189 5086 1352 5139 nostri
1380 5085 1505 5140 Jesu
1537 5087 1745 5141 Christi.

347 5157 378 5195 δ
412 5157 538 5213 Cod.
584 5176 637 5224 ι,
668 5157 805 5211 Plut.
840 5174 946 5223 xiv,
980 5158 1108 5226 legit
1138 5166 1411 5223 tartarum,
1444 5164 1502 5210 ut
1540 5166 1595 5211 et
1634 5157 1687 5209 in
1727 5171 1855 5226 pro—

260 5245 493 5299 gressu.

355 5309 383 5334 ε
417 5297 540 5351 Cod.
575 5298 693 5352 Vat.
729 5296 891 5363 4951,
922 5296 1175 5366 defunctis
1206 5296 1330 5362 vita,
1361 5306 1467 5351 etc.

356 5366 378 5404 ί
420 5366 552 5421 Idem
581 5368 702 5421 cod.
736 5366 878 5433 Vat.,
916 5368 959 5420 si
988 5365 1108 5419 inde
1134 5368 1503 5435 gratulandum
1530 5376 1626 5428 est,
1658 5366 1725 5419 iis
1764 5365 1860 5418 uli-

261 5454 387 5557 gm;
419 5437 774 5559 grtztiulaitdum
797 5446 906 5502 est,
936 5453 1060 5508 quos
1091 5437 1218 5501 dies,
1251 5443 1354 5491 etc.
1379 5436 1511 5491 Coll.
1537 5435 1770 5498 Martin.,
1813 5435 1859 5487 si

250 5524 328 5562 ἰη
384 5520 463 5556 sae
537 5522 581 5559 ε.

356 5585 390 5621 ε
404 5573 545 5695 “Cod.
580 5575 815 5642 Martin.,
849 5592 961 5646 qum
990 5576 1139 5645 hujus
1175 5576 1279 5629 diei
1312 5574 1505 5631 ambitu
1547 5591 1653 5630 non
1702 5573 1861 5628 conti-

356 5662 395 5695 ιι
456 5662 498 5695 τ.
1484 5692 1495 5695 -

266 5662 395 5698 ,ιιι
404 5662 498 5701 sur.

517 5741 784 5800 Parnm“
836 5736 1018 5796 LVII.

1946 4012 2188 4057 calorum
2228 4001 2455 4055 obscura
2481 4015 2587 4053 non
2619 4003 2634 4050 ι
2666 4000 2837 4068 sequi,
2857 4008 2917 4054 et
2939 4001 3050 4070 ,ἱυεὶ
3072 4003 3362 4072 splendore
3383 4017 3522 4072 prte-

1948 4092 2135 4146 teritas
2161 4091 2416 4157 caligines
2443 4088 2669 4158 depelli,
2696 4087 2727 4141 .‘I
2758 4092 3088 4159 surrepcntia
3118 4091 3311 4146 delicta
3340 4093 3525 4162 prohi-

1947 4181 2082 4236 beri.
2113 4179 2243 4233 Nam
2269 4179 2395 4249 quia
2425 4178 2512 4233 hic
2536 4178 2650 4232 dies
2674 4177 2917 4233 Christus
2940 4180 3153 4244 ctelum,
3182 4189 3399 4246 terram,
3421 4190 3525 4236 tar-

1950 4281 2228 4341 tarumque
2269 4270 2547 4325 collustret
2580 4268 2856 4339 Scriptura
2898 4278 3140 4323 testatur.
3191 4270 3342 4336 Quod
3381 4275 3525 4325 enim

1950 4377 2107 4432 super
2135 4371 2331 4416 terram
2369 4359 2598 4428 fulgeat,
2643 4359 2772 4414 dicit
2807 4357 3044 4413 Joannes
3075 4376 3087 4410 :
3128 4357 3259 4411 Erat
3284 4360 3375 4412 lux
3404 4375 3525 4413 vera

1949 4471 2061 4524 qua
2104 4454 2363 4508 illuminat
2407 4468 2608 4515 omnem
2653 4452 2913 4506 hominem
2956 4452 3239 4505 venientem
3280 4453 3335 4505 in
3386 4452 3523 4505 hunc

1949 4546 2194 4600 mundum
2226 4545 2404 4617 (Joan.
2448 4545 2508 4613 I).
2542 4544 2695 4611 Quod
2731 4536 2789 4599 in
2828 4542 3038 4598 inferno
3069 4543 3262 4607 luceat,
3296 4542 3369 4595 ait
3398 4558 3525 4612 pro-

1948 4637 2108 4706 pheta
2154 4655 2166 4689 :
2208 4635 2313 4700 Qui
2345 4636 2589 4690 sedebant
2625 4636 2680 4689 in
2719 4637 2929 4706 regione
2963 4634 3157 4688 umbra:
3197 4635 3393 4698 mortis,
3436 4635 3527 4687 luat

1947 4738 2065 4780 orta
2102 4735 2178 4780 est
2226 4724 2242 4763 ι
2282 4727 2389 4780 illis
2421 4725 2576 4795 (Isai.
2607 4725 2704 4796 sx).
2737 4735 2775 4762 ω
2805 4725 2958 4791 Quod
3000 4726 3054 4777 in
3102 4724 3250 4777 caelis
3284 4723 3399 4777 dies
3428 4724 3529 4778 iste

2030 4875 2057 4914 ιι
2086 4874 2219 4933 Cod.
2250 4878 2464 4933 Martin.
2496 4879 2695 4933 omittit
2733 4878 2931 4932 malum.

2037 4948 2050 4984 ί
2085 4946 2254 5002 Codd.
2305 4947 2559 5003 Laurent.
2602 4956 2657 5002 et
2687 4947 2878 5007 Vatic.,
2919 4944 3366 5012 quemadmodum
3393 4946 3529 5003 San-

1958 5026 2058 5072 cta:
2084 5016 2271 5073 Crucis
2299 5018 2353 5072 in
2380 5018 2490 5074 Jer.
2523 5027 2577 5072 et
2605 5016 2814 5070 Martio.
2840 5011 3037 5068 habent
3057 5011 3247 5069 Christi
3268 5032 3365 5085 pro
3387 5016 3530 5073 Chri~

1957 5098 2087 5226 ’Ὗ
2084 5156 2319 5226 Uterque
2348 5155 2558 5226 codLS.
2591 5154 2776 5226 Crucis
2803 5153 2854 5226 in
2895 5151 3029 5226 J_er.,
3060 5154 3313 5226 subsequi.

2028 5224 2056 5263 "
2100 5222 2249 5303 Ideni
2285 5228 2406 5303 cod.
2449 5225 2590 5287 Vat.,
2638 5222 3113 5303 subripientiaque;
3151 5222 3383 5303 cpjlilces‘
3404 5242 3533 5279 vero

1882 5319 1934 5378 ι)
1960 5296 2175 5378 hiartin.
2207 5295 2562 5378 ethlf‘aureptw
2583 5292 2950 5378 subiripientia;
2981 5291 3137 5348 codd.
3169 5292 3237 5347 99
3264 5292 3320 5347 S.
3344 5291 3534 5349 (lrucis

1964 5367 2016 5420 in
2044 5365 2154 5419 Jer.
2187 5374 2241 5421 et
2269 5365 2358 5432 90,
2388 5364 2734 5432 subrepentia.

2041 5432 2057 5472 ι
2091 5434 2224 5489 Cod.
2250 5430 2467 5501 Belgici,
2497 5430 2612 5501 orta
2639 5441 2715 5486 est
2741 5430 2834 5485 eis.

2036 5513 2075 5540 ππ
2103 5504 2236 5559 Cod.
2263 5500 2542 5568 Laurent.,
2575 5500 2723 5565 Quod
2741 5502 2794 5554 in
2823 5501 2961 5554 caelis
2982 5501 3090 5557 dies
3111 5501 3207 5554 iste
3226 5511 3526 5570 permaneat

1967 5575 2093 5628 item
2123 5573 2277 5628 codd.
2307 5571 2484 5626 Casin.
2517 5581 2572 5625 et
2605 5570 2750 5638 Vat.,
2782 5570 2929 5634 Quod
2956 5571 3011 5623 in
3039 5570 3176 5623 caelis
3205 5583 3525 5639 permaneas,

1962 5644 2057 5699 sed
2078 5642 2200 5698 cod.
2237 5640 2444 5695 Martin.
2479 5642 2606 5711 legit
2634 5643 2741 5695 dies
2770 5651 3066 5711 permaneat
3094 5640 3207 5692 iste.

3103 5728 3179 5786 12
