4042 6192
540 297 646 356 $63

1779 289 1834 343 S.
1876 289 2117 344 ΜΑΧΙΜῙ
2159 288 2610 345 ΤΑΕΒΙΝΕΝδΙδ

3705 291 3795 348 5M

541 418 870 483 permaneat.
907 408 1070 464 refert
1101 405 1264 462 David
1291 406 1480 462 dicens
1510 424 1521 458 :
1557 405 1759 461 Ponam
1789 406 1842 461 in
1873 407 2114 462 sazcutum
2147 413 2188 468 Α
2220 407 2506 476 caliginum
2528 422 2589 462 se
2610 416 2767 463 nocte
2787 407 3160 468 circumdedit,
3185 415 3238 460 et
3259 404 3564 461 Iudaeorum
3589 405 3790 477 facinus,

538 503 712 557 secuti
737 511 762 539 ⁸
791 517 961 555 semen
983 501 1113 570 ejus,
1135 509 1185 553 et
1204 498 1376 552 sedem
1395 498 1506 569 ejus
1527 499 1659 552 sicut
1679 499 1788 552 dies
1808 502 1923 552 caeli
1945 496 2115 569 (Psal.

538 593 822 661 Lxxxvm).
847 591 978 658 Quis
1003 600 1180 645 autem
1203 590 1318 644 dies
1337 590 1459 645 οωΙί
1483 589 1583 645 nisi
1609 589 1890 644 Christus?
1918 589 1985 645 de
2011 605 2120 658 quo

536 686 732 740 dicitur
776 699 876 754 per
917 683 1234 754 prophetam
1279 700 1293 736 :
1343 682 1470 737 Dies
1510 683 1612 736 diei
1652 692 1852 736 eructat
1896 683 2120 739 Verbum

539 776 713 846 (Psat.
754 775 923 844 xvm).
983 774 1103 845 lpse
1155 783 1238 830 est
1274 775 1416 829 enim
1458 775 1573 829 dies
1609 774 1792 842 Filius,
1849 777 1935 830 cui
1959 774 2122 831 Pater

535 867 652 920 dies
700 866 996 920 divinitatis
1040 880 1151 921 sua:
1196 875 1404 921 eructat
1438 869 1591 938 181
1649 882 1922 920 arcanum.
1978 865 2116 936 lpse,

537 957 788 1026 inquam,
846 965 929 1012 est
981 957 1096 1012 dies
1149 958 1241 1026 qui
1281 959 1357 1012 ait
1417 973 1515 1028 per
1565 957 1910 1013 Salomonem
1958 959 2118 1032 :Ego

536 1047 654 1117 feci,
679 1057 737 1101 ut
765 1048 958 1103 orietur
984 1049 1040 1102 in
1067 1049 1192 1103 caelo
1224 1048 1248 1086 ι)
1278 1049 1386 1103 dies
1413 1050 1714 1120 indeﬁciens
1737 1049 1924 1120 (Eccli.
1947 1051 2116 1120 xxxv).

537 1138 688 1194 Sicut
741 1153 870 1206 ergo
909 1139 1050 1195 diem
1091 1139 1212 1194 caeli
1258 1155 1370 1194 nox
1423 1141 1644 1194 omnino
1673 1157 1782 1194 non
1837 1142 2118 1209 sequitur,

537 1228 612 1284 ita
659 1239 715 1285 et
755 1229 955 1285 Christi
1002 1229 1264 1298 justitiam
1317 1238 1660 1300 peccatorum
1718 1231 1956 1285 tenebrat
2012 1246 2119 1285 non

537 1331 863 1390 sequuntur;
918 1337 1133 1392 semper
1165 1323 1307 1377 enim
1353 1323 1468 1376 dies
1514 1323 1633 1377 θα)ιί
1667 1322 1944 1392 splendet,
1978 1321 2122 1377 lucet

537 1419 590 1464 et
621 1411 803 1480 fulget,
841 1427 1018 1482 neque
1052 1412 1231 1480 aliqua
1261 1420 1439 1482 potest
1480 1413 1809 1467 obscuritate
1837 1413 2118 1480 concludi;

537 1504 610 1558 ita
662 1513 718 1558 et
772 1505 952 1559 lumen
1006 1504 1203 1560 Christi
1250 1521 1462 1576 semper
1508 1517 1529 1545 ε
1579 1508 1762 1573 micat,
1820 1505 1847 1544 ά
1922 1508 2119 1571 radiat,

535 1602 811 1659 coruscat,
871 1611 973 1651 nec
1029 1596 1209 1665 aliqua
1269 1604 1452 1666 potest
1523 1597 1842 1653 delictorum
1894 1598 2123 1666 caligine

535 1689 953 1759 comprehendi;
986 1689 1126 1744 unde
1166 1690 1243 1743 ait
1270 1690 1593 1758 evangelista
1621 1689 1857 1745 Joannes
1887 1707 1899 1744 :
1932 1688 2002 1743 Et
2031 1692 2122 1745 tua:

2224 497 2424 552 mundo
2474 505 2647 561 teste,
2693 498 3037 567 congemuit:
3065 497 3318 567 judicium
3364 498 3508 550 enim
3547 498 3791 568 quoddam

2222 588 2424 642 doloris
2468 590 2521 643 in
2568 589 2683 644 sole
2730 597 2842 654 est,
2895 597 3046 643 tanto
3093 589 3281 644 sceleri
3328 587 3562 642 ofllcium
3603 589 3795 648 luminis

2230 683 2387 752 182
2415 665 2731 748 denegasse,
2753 690 2807 736 et
2829 681 3030 736 ultione
3050 681 3280 751 quadam
3309 679 3337 733 ,1
3347 679 3616 734 udaeorum
3645 683 3796 740 oculis

2223 776 2476 828 tenebras
2523 772 2810 839 infudisse;
2860 781 2920 828 ut
2964 788 3194 842 quorum
3243 783 3267 819 ε
3317 780 3554 826 mentem
3602 775 3795 829 cmcitas

2225 864 2534 927 invaserat,
2589 879 2775 918 eorum
2831 864 3018 919 oculos
3072 864 3288 918 caecitas
3335 871 3660 931 occuparet,
3706 879 3794 918 nec

2224 956 2432 1010 luceret
2483 956 2562 1010 eis
2608 955 2792 1010 mundi
2839 956 3054 1021 lumen,
3100 970 3130 1009 a
3174 955 3367 1024 quibus
3413 953 3590 1008 fuerat
3632 953 3794 1010 lumen

2223 1046 2410 1101 saltitis
2440 1047 2786 1101 exstinctum.
2839 1045 3122 1099 Damnatio
3151 1044 3311 1112 igitur
3336 1043 3585 1112 quredam
3613 1043 3792 1111 ingeri-

2225 1145 2313 1190 tur
2342 1133 2646 1200 Pharisazis,
2673 1144 2730 1189 ut
2760 1136 3009 1189 tenebras
3036 1135 3088 1189 in
3118 1134 3204 1189 die
3223 1134 3410 1202 judicii
3439 1134 3799 1204 peccatoribus

2224 1227 2576 1296 repromissas
2617 1225 2730 1295 jam
2775 1226 2916 1295 apud
2963 1241 3188 1297 superos
3219 1224 3246 1263 ιι
3292 1226 3585 1296 patiantur.
3656 1225 3795 1294 Apud

2223 1330 2448 1385 superos
2475 1329 2625 1384 ergo,
2657 1316 2913 1371 crucifixo
2949 1313 2966 1352 ί
3002 1315 3355 1370 immorantur
3386 1315 3621 1370 tenebrat
3647 1333 3659 1366 :
3681 1316 3794 1386 quid

2224 1407 2420 1470 mirum
2439 1447 2455 1472 ,
2487 1408 2530 1463 si
2572 1407 2711 1478 apud
2740 1423 2967 1477 superos
2996 1417 3121 1462 sunt
3152 1409 3419 1475 tenehrze,
3452 1424 3573 1464 cum
3600 1407 3688 1463 lux
3714 1409 3798 1464 dc-

2225 1501 2433 1556 seendit
2461 1500 2528 1555 ad
2557 1501 2792 1558 inferos?
2815 1501 3000 1570 Igitur,
3035 1502 3244 1568 fratres,
3276 1518 3465 1558 omnes
3506 1504 3558 1557 in
3589 1504 3686 1557 hac
3719 1503 3797 1558 die

2225 1601 2410 1648 sancta
2441 1594 2712 1648 exsultare
2739 1593 2996 1650 debemus
3023 1612 3036 1646 :
3068 1594 3245 1648 nullus
3272 1609 3330 1649 se
3359 1610 3389 1648 a
3414 1593 3683 1649 communi
3715 1594 3797 1648 lze-

2227 1685 2339 1737 titia
2369 1692 2718 1754 peccatorum
2747 1684 3082 1739 conscientia
3122 1685 3432 1751 subtrahat;
3464 1685 3609 1739 nulla
3639 1701 3666 1738 a
3704 1701 3797 1754 pu-

535 1781 590 1834 in
611 1780 831 1835 tenebris
859 1780 1010 1845 lucet,
1035 1789 1084 1834 et
1110 1779 1332 1834 tenebrw
1358 1797 1474 1834 eam
1493 1798 1598 1835 non
1625 1782 2118 1851 comprehenderunt
2156 1783 2197 1842 Β
2224 1775 2377 1830 blicis
2403 1777 2543 1831 votis
2567 1774 2889 1831 delictorum
2916 1777 3127 1831 sarcina
3161 1785 3469 1832 revocetur.
3505 1789 3519 1826 ι
3559 1777 3802 1843 Quamvis

537 1871 719 1941 (Joan.
751 1871 810 1940 l).
859 1870 918 1925 In
964 1872 1357 1926 resurrectione
1403 1884 1532 1938 ergo
1565 1883 1588 1909 υ
1617 1870 1814 1926 Christi
1855 1872 2123 1925 elementa

535 1963 715 2017 omnia
745 1962 1071 2031 gloriantur;
1105 1977 1229 2016 nam
1257 1971 1310 2016 et
1337 1961 1505 2016 solem
1536 1962 1710 2031 ipsum
1745 1961 1979 2016 arbitror
2005 1976 2125 2016 esse

536 2052 591 2107 in
618 2053 720 2108 hac
742 2051 830 2108 die
867 2052 1028 2107 solito
1065 2052 1376 2116 clariorem;
1419 2067 1641 2107 necesse
1669 2053 1814 2106 enim
1843 2060 1927 2107 est
1955 2060 2015 2106 ut
2043 2052 2125 2107 sol

535 2143 589 2199 in
614 2144 732 2214 ejus
756 2145 1147 2199 resurrectione
1168 2143 1429 2212 gaudeat,
1463 2144 1515 2198 in
1541 2143 1693 2212 cujus
1717 2144 1968 2213 passione
1995 2158 2126 2198 con-

533 2235 734 2301 doluit;
788 2232 807 2272 ι
839 2242 895 2288 et
921 2233 1073 2303 cujus
1118 2241 1347 2288 mortem
1393 2234 1603 2302 lugubri
1630 2233 1863 2302 quadam
1890 2233 2119 2300 caligine

531 2333 850 2396 prosccutus
877 2333 990 2387 est,
1030 2323 1269 2394 ejusdem
1301 2325 1464 2378 vitam
1490 2324 1756 2379 nitidioris
1779 2324 1912 2380 lucis
1939 2325 2118 2395 splen-

530 2416 666 2470 dore
687 2415 971 2484 suscipiat;
1001 2423 1057 2469 et
1078 2421 1332 2483 tanquam
1353 2415 1526 2469 bonus
1547 2415 1808 2480 minister,
1833 2415 1971 2470 sicut
1991 2423 2121 2470 tunc

532 2506 854 2560 obscuratus
873 2506 1042 2559 estad
1062 2506 1345 2574 exsequias
1365 2505 1671 2574 sepultum,
1694 2505 1855 2561 modo
1875 2517 2118 2562 coruscet

531 2596 586 2651 in
608 2592 1016 2652 resurrectionis
1033 2595 1383 2664 obsequium;
1407 2596 1461 2650 in
1481 2597 1732 2666 passione
1754 2599 1897 2652 enim
1918 2597 2118 2654 Christi

2229 1867 2370 1920 enim
2401 1877 2677 1937 peccator,
2707 1868 2761 1922 in
2791 1868 2892 1922 hac
2918 1867 3007 1923 die
3033 1868 3102 1923 de
3144 1868 3472 1938 indulgentia
3504 1884 3612 1922 non
3653 1868 3802 1922 debet

2225 1959 2538 2029 desperare;
2571 1966 2652 2015 est
2679 1961 2822 2015 enim
2854 1961 3206 2030 prterogativa
3234 1976 3342 2015 non
3371 1975 3569 2030 parva;
3599 1960 3647 2014 si
3671 1962 3804 2016 enim

2227 2049 2365 2104 latro
2392 2049 2696 2119 paradisum
2725 2052 2955 2119 meruit,
2999 2067 3098 2107 cur
3142 2067 3252 2107 non
3301 2061 3574 2106 mereatur
3603 2053 3801 2107 veniam

2226 2143 2590 2205 Christianus,
2621 2143 2748 2198 etsi
2779 2142 2802 2180 ιι
2833 2144 2909 2198 illi
2956 2143 3244 2208 Dominus,
3293 2159 3414 2198 eum
3461 2142 3804 2210 cruciﬁgitur,

2227 2235 2532 2299 miseretur,
2580 2235 2749 2288 multo
2776 2235 2945 2303 magis
2967 2235 3093 2290 huic
3117 2235 3478 2300 miserebitur,
3521 2250 3646 2290 cum
3676 2231 3693 2270 ι
3725 2249 3800 2288 re-

2227 2327 2424 2397 surgit;
2455 2329 2574 2382 etsi
2594 2327 2856 2398 passionis
2888 2327 3161 2382 humilitas
3181 2335 3389 2381 tantum
3409 2327 3660 2397 praestitit
3685 2342 3813 2381 con-

2230 2418 2423 2484 ﬁtenti,
2442 2419 2856 2474 resurrectionis
2878 2419 3051 2487 gloria
3067 2425 3327 2488 quantum
3413 2418 3602 2473 tribuit
3625 2417 3812 2487 depre-

2227 2511 2407 2565 canti?
2435 2509 2660 2579 Largior
2683 2511 2826 2565 enim
2856 2509 2922 2564 ad
2950 2509 3310 2580 pnestandum
3339 2511 3476 2565 solet
3504 2525 3649 2577 esse,
3678 2509 3805 2564 sicut

2230 2595 2330 2672 ipsi
2351 2603 2526 2670 scitis,
2557 2601 2677 2656 laeta
2706 2601 2950 2667 victoria,
2982 2616 3145 2671 quam
3171 2601 3379 2658 addicta
3406 2602 3715 2673 captivitas.

1869 2711 2209 2774 HOMILIA
2253 2713 2472 2774 LVIII.

1635 2810 1712 2864 De
1748 2811 1930 2864 eadem
1970 2810 2195 2865 Pascha:
2229 2810 2558 2866 solemnitate
2603 2809 2632 2864 Ι
2647 2810 2707 2864 ν.

1981 2897 2375 2954 ADMONITIO.

601 2987 770 3087 1'329.
779 2990 1092 3087 aegis:
1119 2987 2846 3087 etiam,eis2,9assensi):testestestessatis
2873 2988 3138 3087 ὶίξξίιξιεε
3165 2989 3322 3087 huius
3351 2989 3587 3087 'iemi'im
3617 3005 3808 3087 rei:

530 3059 859 3130 enuntiatur.
894 3058 1124 3130 Honoris
1151 3058 1486 3130 gratia_duos
1506 3059 1733 3130 codices
1756 3057 2067 3130 Vaticanos,
2091 3057 2249 3122 4951,
2281 3057 2651 3130 pag—100,7er
2687 3059 2848 3125 6451,
2882 3073 3001 3129 pag.
3036 3059 3123 3130 i7,
3156 3057 3548 3130 prtelaudamus
3568 3101 3584 3122 ,
3618 3057 3810 3115 deinde

527 3129 904 3200 duos_codi_ces
929 3127 987 3183 S.
1017 3127 1204 3182 Crucis
1234 3129 1287 3200 in
1309 3127 1613 3200 Jerusalem
1625 3126 1767 3200 ,790,
1792 3129 1976 3200 homil.
2008 3129 2099 3194 52,
2120 3138 2185 3200 et
2210 3126 2315 3196 99—,
2349 3126 2534 3200 homil.
2565 3128 2657 3194 56,
2686 3146 2810 3200 eum
2839 3126 2996 3185 titulo
3034 3148 3046 3184 :
3082 3126 3509 3200 Ite'mgsequentia
3537 3129 3605 3182 de
3632 3141 3811 3184 sancto

530 3197 759 3268 Pascha,
791 3198 1198 3268 Taurineusein,
1232 3198 1322 3252 ubi
1349 3214 1527 3253 sermo
1555 3197 1623 3252 29
1651 3199 1936 3268 inscriptus
1961 3208 2042 3254 est
2066 3218 2077 3252 :
2104 3199 2239 3253 Item
2265 3208 2315 3253 et
2340 3200 2405 3253 de
2425 3199 2659 3264 Pascha,
2689 3199 3109 3255 Laurentianum
3141 3217 3192 3266 ι,
3223 3197 3366 3254 Plut.
3399 3216 3504 3263 xw,
3531 3213 3657 3268 pag.
3687 3199 3809 3261 195,

530 3267 922 3338 Vercelleusem
951 3268 1042 3329 85,
1075 3267 1397 3338 Augiensem
1426 3285 1516 3333 xv,
1546 3267 1981 3333 Ambrosianum,
2011 3269 2421 3326 Cisterciensem
2448 3270 2642 3324 Montis
2667 3269 2920 3331 Amiatae,
2953 3270 3334 3326 Martinensem
3375 3267 3559 3325 homil.
3597 3267 3689 3332 59,
3721 3272 3812 3338 qui

529 3352 715 3392 omnes
743 3338 797 3409 in
831 3337 1054 3409 Pascha,
1085 3340 1198 3409 sive
1213 3339 1268 3392 in
1301 3337 1568 3409 ‘Paschate
1597 3338 1869 3393 homiliam
1900 3349 2227 3409 nuncupant.
2262 3340 2554 3409 Accedunt,
2567 3340 2833 3404 editores,
2866 3356 2987 3395 cum
3017 3341 3172 3395 titulo
3201 3358 3215 3393 :
3249 3338 3316 3393 In
3344 3341 3525 3394 eadem
3566 3337 3811 3394 solemni-

528 3416 652 3470 tate,
683 3408 887 3480 scilicet
915 3407 1150 3480 Pasehie.
1179 3407 1256 3462 lta
1284 3407 1573 3478 Gymnicus
1596 3422 1720 3480 pag.
1746 3408 1874 3480 71757,
1903 3407 2203 3480 Calesinius
2225 3424 2342 3480 pag.
2379 3408 2502 3472 155,
2527 3408 2783 3465 Cumdius
2813 3419 2941 3466 tom.
2960 3410 3040 3480 lli
3058 3450 3076 3475 ,
3104 3423 3226 3480 pag.
3260 3409 3414 3475 1M7,
3447 3409 3808 3466 Combeﬂsius

528 3485 658 3550 tom.
690 3477 930 3550 lll,pag.
962 3478 1052 3543 85,
1084 3477 1407 3550 Raynaudus
1434 3493 1554 3548 pag.
1585 3477 1710 3544 220,
1741 3479 2072 3547 Margarinus
2102 3482 2156 3535 in
2184 3477 2320 3534 Bibl.
2350 3480 2492 3534 Max.
2523 3488 2649 3550 tom.
2676 3479 2767 3542 Vl,
2798 3494 2918 3550 pag.
2946 3479 3037 3534 27.
3065 3477 3411 3536 Nos’tertiam
3439 3479 3726 3535 homiliam
3757 3481 3811 3532 in

526 3547 675 3602 libris
717 3547 875 3619 editis
921 3549 1007 3604 hic
1051 3547 1374 3611 omittimus,
1401 3547 1628 3619 eamque
1655 3551 1887 3619 primum
1933 3550 2072 3604 inter
2117 3565 2397 3605 sermones
2435 3551 2502 3611 de
2550 3547 2813 3619 Paschate
2857 3547 3263 3606 collocabimus.
3295 3550 3430 3604 Cum
3466 3564 3599 3619 ergo
3645 3552 3815 3604 tantis

527 3625 741 3686 tamque
762 3618 1079 3673 authenticis
1103 3619 1422 3674 testimoniis
1443 3618 1701 3674 munitam
1723 3621 1859 3674 hanc
1880 3620 2154 3674 homiliam
2182 3620 2492 3676 habeamus.
2518 3618 2737 3674 editioni
2758 3620 2979 3675 Sixtinze
2998 3619 3054 3676 8.
3079 3621 3346 3678 Ambrosii
3366 3618 3814 3683 contradicimtts,

523 3701 645 3755 quae
675 3703 820 3741 num.
853 3687 922 3741 55
950 3689 1095 3742 illam
1125 3689 1264 3743 inter
1291 3704 1570 3745 sermones
1595 3689 1755 3758 hujus
1781 3691 1951 3745 sancti
1981 3691 2218 3745 doctoris
2238 3690 2543 3745 collocavit.

527 3795 1178 3878 Aucuuenruu.—-_Vera
1223 3796 1634 3878 Christianorum
1681 3799 1983 3852 resurrectio
2029 3807 2104 3851 est
2134 3802 2179 3864 ο
2209 3797 2494 3852 Christiani
2543 3813 2737 3868 corpus
2785 3799 2982 3854 Christi
3032 3809 3088 3856 et
3135 3799 3374 3856 membra
3417 3799 3478 3871 (1
3509 3799 3636 3856 Cor.
3665 3802 3811 3871 xu);

592 3866 723 3957 {“L‘fﬁ
738 3865 1208 3957 ’ifﬁ‘ﬁfﬂ-Jif’j‘i’i“
1244 3866 1900 3957 {ififffi‘fﬁnfifﬂifffgo
1919 3886 1965 3957 -α
1987 3885 2108 3957 Ρξ9’
2209 3897 2524 3956 resurgente
2570 3865 2729 3957 igitur
2772 3890 2986 3946 Christo
3015 3892 3198 3946 omnia
3245 3865 3550 3946 necessario
3580 3909 3713 3947 cum

592 3935 723 3987 εαιίε
753 3935 822 3986 ad
850 3935 1218 4003 Paenitentiam.
1248 3951 1280 3986 α
1310 3936 1448 3988 vitiis
1476 3936 1544 3988 ad
1590 3935 1856 3999 ινίτιιιεεηιν
1910 3953 1944 3988 α
1984 3935 2104 3990 ιαη-
2208 3935 2535 4003 ζζῗᾲῗξζζζζ
2570 3935 3560 4003 ﬁt;Zil'fwnifr'i-II“???:1
3582 3935 3776 4003 Ἶῖῖζ

627 3981 1446 4074 ᾗδιῖίξήἓῶῖξξᾖῖἦιίῇίδῆξζ
1465 3981 2104 4078 ἆξαάξῶἷςζέοιῆρςξῦη
2207 3993 2304 4033 sua
2333 3981 2540 4034 viscera
2568 3990 2937 4036 surrexerunt.
2990 3981 3123 4035 Dum
3170 3982 3316 4036 enim
3360 3982 3450 4036 ille
3495 3983 3567 4038 ab
3616 3982 3812 4036 inferis

623 4071 894 4138 Ihristiani,
919 4082 973 4126 ut
1003 4075 1070 4126 ad
1091 4071 1530 4129 immortalitatem
1560 4091 1673 4129 cum
1699 4073 1903 4130 Christo
1929 4071 2102 4131 resur-
2209 4071 2401 4123 ῐΐὲὶηδίι
2426 4071 2492 4124 ad
2517 4086 2776 4142 superos,
2821 4088 2921 4128 005
2971 4072 3039 4127 de
3094 4081 3270 4127 ιιὶονῑῢ
3314 4074 3546 4128 ῑτθῐιείΐθ
3575 4074 3712 4128 Ῐοείι
3741 4073 3812 4126 ad

2205 4160 2391 4215 vitam.
2421 4159 2624 4217 Pascha
2651 4165 2805 4233 183
2827 4164 2969 4218 enim
2998 4160 3264 4218 llebraice
3293 4163 3550 4217 transitus
3579 4151 3830 4225 dicitur,

2209 4255 2294 4308 vel
2323 4253 2616 4324 profectus,
2645 4255 2850 4310 scilicet
2876 4256 3001 4324 quia
3031 4270 3126 4324 per
3168 4255 3273 4309 hoc
3311 4255 3634 4325 mysterium
3669 4266 3697 4304 ρ
3744 4255 3817 4308 de

2210 4344 2479 4413 pejoribus
2513 4344 2580 4399 ad
2608 4346 2831 4400 meliora
2862 4347 3138 4400 transitur.
3179 4343 3358 4400 Bonus
3379 4355 3407 4395 (ι
3428 4345 3701 4400 transitus
3728 4351 3814 4399 est

2207 4435 2436 4490 transire
2457 4435 2524 4490 de
2544 4437 2779 4506 peccatis
2802 4436 2869 4490 ad
2892 4437 3181 4506 justitiam,
3199 4436 3265 4490 de
3288 4437 3428 4491 vitiis
3453 4435 3521 4490 ad
3541 4439 3814 4500 virtutes,

2205 4525 2270 4577 ad
2301 4523 2578 4579 infantiam
2600 4525 2668 4580 de
2681 4523 2997 4592 senectute;
3034 4527 3311 4581 infantiam
3333 4535 3511 4582 autem
3540 4527 3814 4595 dixerint,

2205 4631 2314 4670 non
2341 4617 2544 4683 :etatis,
2587 4617 2681 4671 sed
2708 4618 3090 4687 simplicitatis;
3123 4618 3325 4674 habent
3351 4619 3494 4674 enim
3521 4629 3583 4674 et
3607 4622 3818 4678 merita

2200 4716 2388 4764 aetates
2414 4724 2555 4776 suas,
2588 4709 2643 4764 in
2670 4709 2906 4766 occiduis
2927 4710 3070 4765 enim
3103 4711 3254 4782 prius
3269 4712 3544 4768 constituti
3577 4729 3820 4771 eramus

634 4073 894 4195 hristiani,
919 4082 973 4126 ut
1003 4075 1070 4126 ad
1091 4073 1530 4156 immortalitatem
1560 4091 1673 4129 cum
1699 4073 1903 4130 Chris.’o
1929 4073 2102 4131 resur-

634 4159 696 4195 an
729 4182 744 4195 .

593 4159 744 4214 gant.

592 4233 862 4304 Magnum,
912 4235 1134 4302 fratres,
1182 4245 1239 4292 et
1265 4246 1290 4272 η
1320 4238 1563 4295 mirabile
1608 4240 1809 4295 donum
1834 4241 2105 4297 concessit

528 4328 682 4384 nobis
710 4327 870 4393 Deus,
917 4328 1062 4383 hunc
1110 4327 1326 4384 Pascha:
1366 4331 1656 4386 salutarem
1702 4332 1862 4400 diem,
1911 4333 1964 4387 in
1993 4348 2101 4402 quo

521 4433 805 4490 resurgens
836 4429 860 4454 ο
890 4420 1152 4476 Dominus
1191 4424 1641 4479 resurrectionem
1687 4427 1935 4495 praestitit
1983 4428 2101 4481 uni-

518 4510 719 4575 versis;
761 4520 817 4564 et
843 4510 910 4565 de
938 4510 1059 4564 imis
1095 4510 1162 4564 ad
1203 4511 1394 4566 altiora
1423 4515 1809 4582 conscendens,
1841 4533 1940 4572 nos
1965 4533 2100 4586 quo-

517 4614 624 4670 que
652 4598 720 4655 ad
747 4600 1026 4670 superiora
1054 4602 1122 4656 de
1155 4600 1495 4657 inferioribus
1521 4603 1572 4658 in
1601 4620 1698 4659 suo
1726 4621 1953 4676 corpore
1973 4609 2098 4663 sub-

515 4691 735 4749 levavit.
776 4691 974 4749 Sumus
1020 4695 1161 4749 enim
1207 4694 1499 4750 secundum
1545 4697 1860 4767 Apostolum
1908 4717 2100 4758 omnes

585 4923 611 4950 ἰ
641 4912 774 4994 Cod.
908 4916 965 4972 8.
997 4915 1264 4994 Crucisin
1295 4917 1430 4986 Jer.,
1475 4925 1646 4994 sedem
1674 4923 1807 4994 ejus,
1839 4933 1888 4978 et
1919 4941 2093 4980 semen

511 4982 624 5051 ejus
653 4984 783 5052 sicut
809 4987 915 5040 dies
945 4987 1074 5041 caeli.
1103 4985 1230 5052 Quis
1251 4982 1425 5043 autem
1450 5002 1524 5045 est
1551 4992 1660 5046 dies
1689 4982 1804 5046 ἕωιῖ
1827 4995 1929 5047 nisi
1951 4994 2100 5050 Chri-

511 5051 948 5175 zt‘ueagominus;
998 5059 1051 5112 in
1096 5051 1256 5126 quem
1285 5065 1611 5116 conveniunt
1637 5063 1794 5118 codd.
1825 5062 1881 5117 S.
1913 5065 2100 5122 Crucis

704 5139 776 5175 In.

511 5135 567 5174 οι
593 5135 776 5176 uasm.

554 5189 612 5271 ,δ
646 5189 882 5276 vterque
907 5195 1028 5250 eod.
1059 5196 1116 5250 S.
1147 5199 1334 5255 Crucis
1377 5201 1429 5256 in
1469 5200 1600 5268 Jer.,
1633 5211 1686 5256 et
1710 5201 1957 5258 Casinen.
1995 5223 2094 5276 pro

510 5259 620 5316 dies
652 5260 779 5328 legit
794 5259 992 5316 iumen.

587 5341 609 5368 ⁸
640 5331 774 5385 Cod.
806 5331 952 5394 Vat.,
978 5336 1182 5390 emicat.

581 5396 608 5437 ἀ
639 5383 772 5455 Cod.
800 5383 1276 5466 Laurent—Iradiat
1303 5419 1353 5462 et
1372 5423 1624 5466 coruscat.
2121 5383 2173 5441 Β

584 5479 608 5554 ς
638 5469 772 5554 Cod.
801 5471 1132 5554 hlartinqin
1163 5483 1528 5554 resurrectione
1554 5499 1673 5554 ergo
1699 5503 1793 5540 sua
1822 5486 2029 5542 Christi.

579 5537 604 5587 ι
637 5537 771 5619 Cod.
802 5541 1138 5619 Casin._125,
1168 5555 1223 5598 ut
1250 5549 1398 5619 cujus
1425 5537 1658 5608 mortem.

573 5630 617 5665 κο
643 5607 877 5680 Uterque
897 5614 1039 5678 cod.,
1071 5607 1282 5670 mentes.

573 5702 598 5730 ι.
631 5682 768 5748 cod.
803 5681 980 5737 Casin.
1012 5687 1125 5752 cit.,
1163 5685 1516 5743 renrobantur.

2281 4929 2570 5012 :_Uterque
2598 4933 2718 5012 cod.
2751 4933 2897 5012 Yat.,
2939 4935 2998 4991 S.
3045 4936 3232 4992 Crucis
3272 4934 3818 5012 in_.ler_._,_Casinen.

2201 5007 2256 5051 et
2281 4999 2589 5078 Martinam,
2621 5005 2770 5078 Apud
2793 4999 3004 5078 superos
3025 5025 3147 5078 ergo
3176 5008 3426 5078 cruci/iuta
3447 4999 3697 5063 Christo.

2279 5071 2290 5140 ἱ
2329 5071 2461 5126 Cod.
2493 5071 2776 5130 Martiuen.
2810 5071 3009 5130 omittit
3041 5071 3304 5140 Quamvis.

2272 5139 2297 5178 ι
2328 5140 2462 5196 Cod.
2493 5141 2738 5208 Martin.,
2769 5145 2930 5200 illius.

2276 5209 2292 5248 ι
2329 5211 2472 5286 l_d_em
2502 5214 2646 5286 eod‘.,
2674 5227 2927 5286 resurget.

2268 5290 2304 5318 ω
2338 5281 2634 5352 ιάεηιροᾱ.
2658 5281 2905 5349 4951,ὀι
2932 5285 3169 5352 Marum,
3202 5286 3406 5342 tribuet.

2270 5360 2295 5388 ³³
2327 5352 2459 5408 Cod.
2489 5351 2725 5418 Ma‘rtin.,
2751 5356 3078 5410 admirabile.

2269 5430 2292 5456 ο
2322 5421 2455 5498 _C_od.
2487 5421 2758 5498 Am_br_os.,
2791 5442 3059 5498 resurgens
3095 5424 3351 5498 Christus.

2265 5500 2292 5541 Ρ
2320 5491 2464 5570 ldem
2493 5493 2614 5547 cod.
2647 5491 2903 5570 Laurent.
2933 5491 2986 5570 ξ,
3030 5504 3086 5551 et
3101 5497 3386 5570 _Ambros.,
3418 5499 3540 5570 quia
3571 5515 3680 5569 per
3710 5501 3822 5557 hoc

2189 5565 2488 5631 mysterium
2519 5573 2816 5684 resur‘gente
2841 5564 3043 5622 Christo
3075 5565 3159 5632 de,
3181 5575 3288 5622 etc.
3372 5564 3378 5566 “
3429 5564 3442 5570 ⁷

2262 5643 2289 5681 ιι
2316 5633 2445 5687 Cod.
2471 5635 2540 5687 90
2568 5634 2626 5688 8.
2681 5634 2841 5689 Jrucis
2867 5636 2919 5689 in
2948 5635 3081 5692 Jer..
3115 5634 3290 5691 Bonus
3317 5637 3442 5692 iait‘u

2433 5674 2445 5687 .
2471 5651 2626 5723 ουρ.
2657 5651 2841 5689 uruczs
2867 5652 2919 5689 in
2948 5651 3081 5702 Jer.,
3115 5651 3290 5691 uanus
3317 5651 3492 5710 igitur.
