4042 6192
284 344 394 397 565

1678 339 1956 396 IIOMILIA
1996 341 2128 398 LIX.

3458 349 3559 402 ῖΐιῦ

282 453 441 507 senio
463 462 834 522 peccatorum;
857 459 1167 519 resnrgente
1187 449 1400 507 Christo
1422 452 1665 506 renovati
1688 467 1871 507 sumus
1905 465 1949 518 Α
1982 454 2148 523 pellit,
2171 454 2394 518 scilicet,
2417 463 2478 507 ut
2495 454 2587 523 qui
2608 470 2836 525 corpore
2862 454 3039 524 fragili
3067 466 3372 521 senuerant,
3406 459 3559 513 inno-

281 544 594 599 innocentia
625 545 985 614 parvulorum.
1034 542 1204 597 liabet
1231 550 1285 597 et
1311 542 1614 597 Christiana
1657 544 1865 613 simpli-

276 637 420 689 citas
450 636 727 690 infantiam
756 650 934 700 suam;
960 636 1097 688 sicut
1122 634 1262 689 enim
1288 634 1462 687 infans
1490 636 1659 689 nescit
1688 636 1867 698 irasci,

278 723 535 778 fraudare
566 742 671 779 non
702 726 880 789 novit,
914 724 1133 778 referire
1164 740 1269 778 non
1298 723 1490 789 audet;
1523 724 1595 777 ita
1637 733 1691 780 et
1716 725 1870 779 Chri-

275 816 572 869 stianitatis
602 815 822 869 infantia
853 815 1166 869 hedentibus
1190 830 1296 868 non
1327 814 1599 879 irascitur;
1632 816 1870 884 spolian-

276 908 428 961 tibus
456 922 562 960 non
594 908 831 970 resistit,
876 906 1200 960 caedentibus
1231 921 1336 960 non
1381 914 1661 974 repugnat.
1706 906 1867 959 Deni-

273 1012 407 1064 que,
440 997 580 1051 sicut
603 996 763 1064 jussit
787 996 1074 1061 Dominus,
1105 997 1267 1049 etiam
1299 1007 1322 1031 η
1352 1005 1472 1049 orat
1500 1012 1596 1065 pro
1620 997 1863 1062 inimicis,

276 1087 648 1142 auferentibus
676 1088 908 1141 tunicam
940 1088 1191 1155 relinquit
1217 1095 1271 1141 et
1298 1087 1548 1156 pallium,
1580 1087 1867 1140 verberan-

272 1179 426 1232 tibus
452 1178 723 1231 maxillam
755 1177 957 1245 prmbet
982 1185 1039 1230 et
1066 1178 1318 1242 alteram;
1351 1177 1453 1230 nisi
1494 1176 1636 1245 quod
1678 1177 1730 1229 in
1760 1175 1865 1229 hoc

272 1270 472 1323 melior
497 1276 581 1321 est
616 1266 813 1321 Christi
863 1265 1084 1319 infantia
1123 1281 1281 1334 quam
1320 1275 1553 1329 naturae;
1604 1266 1690 1318 illa
1720 1266 1864 1319 enim

268 1374 505 1429 peccare
534 1360 722 1423 nescit,
758 1359 859 1412 ista
889 1358 1217 1422 contemnit;
1251 1358 1338 1411 illa
1367 1372 1463 1427 per
1503 1357 1861 1413 inlirmitatem

266 1450 496 1503 innoxia
526 1458 635 1513 est;
684 1449 788 1502 ista
824 1457 905 1502 est
955 1448 1215 1501 innocens
1246 1462 1343 1516 per
1371 1448 1640 1502 virtutem.
1688 1446 1863 1516 Atque

266 1540 399 1594 ideo
428 1540 571 1593 laudi
601 1539 769 1607 magis
795 1537 1174 1593 ascribendum
1203 1546 1281 1592 est
1302 1577 1317 1602 ,
1361 1554 1467 1591 non
1498 1547 1605 1591 tam
1636 1536 1664 1575 ι’
1690 1538 1859 1592 male-

264 1629 454 1686 faccre
484 1648 591 1685 non
620 1647 777 1700 posse
828 1646 988 1699 quam
1022 1630 1181 1684 nolle.
1216 1628 1388 1697 Ergo,
1440 1630 1579 1684 sicut
1604 1630 1856 1691 diximus,

258 1732 464 1779 anates
495 1724 736 1793 qumdam
779 1732 904 1778 sunt
950 1724 1296 1788 meritorum;
1344 1738 1465 1776 nam
1513 1730 1567 1775 et
1612 1729 1858 1775 senectus

1974 546 2163 599 centim
2192 544 2428 599 moribus
2456 559 2833 611 renascantur,
2862 546 3000 601 sicut
3029 547 3105 600 ait
3124 546 3372 601 Salvator
3394 565 3406 600 :
3432 546 3554 603 Nisi

1971 636 2083 701 quis
2114 645 2319 687 renatus
2349 635 2501 703 fuerit
2532 650 2598 687 ea;
2619 652 2753 706 aqua
2780 645 2831 689 et
2858 635 3058 703 Spiritu
3087 646 3292 701 sancto,
3334 652 3439 693 non
3476 639 3559 691 in-

1972 722 2128 775 trabit
2166 724 2218 776 in
2252 740 2466 794 regnum
2498 734 2521 770 ις
2556 724 2652 777 Dei
2683 725 2861 797 (Joan.
2906 726 3004 793 ιιι).
3035 726 3237 781 Dicitur
3263 740 3393 795 ergo
3419 743 3555 797 apo-

1971 812 2122 866 stolis
2149 830 2161 864 :
2194 810 2316 866 Nisi
2351 815 2576 867 conversi
2616 816 2836 884 fueritis,
2865 824 2915 868 et
2940 816 3230 885 efficiamini
3269 818 3400 870 sicut
3428 832 3556 887 puer

1968 904 2085 957 iste.
2132 902 2248 958 Non
2295 904 2427 958 dicit
2471 905 2610 959 sicut
2639 906 2789 974 pueri
2820 906 2927 971 isti,
2958 906 3050 959 sed
3079 906 3217 960 sicut
3258 922 3390 975 puer
3418 907 3550 972 iste;

1968 1010 2131 1049 unum
2161 993 2189 1031 ιι
2218 995 2394 1061 eligit,
2428 1011 2593 1049 unum
2623 997 2895 1064 proponit.
2925 996 3210 1051 Videamus
3238 998 3397 1065 igitur
3433 998 3551 1067 quis

1967 1086 2057 1141 ille
2086 1093 2264 1139 tantus
2300 1086 2368 1140 sit
2404 1087 2497 1154 qui
2525 1085 2798 1155 discipulis
2835 1084 2848 1122 ί
2884 1088 3203 1155 proponitur
3237 1088 3545 1144 imitandus.

1966 1175 2082 1230 Non
2111 1176 2253 1230 hunc
2281 1176 2514 1230 arbitror
2534 1190 2652 1229 esse
2676 1175 2743 1229 de
2768 1174 2940 1245 plebe,
2966 1191 3072 1229 non
3095 1176 3163 1231 de
3182 1176 3414 1247 publico,
3436 1191 3547 1232 non

1965 1267 2032 1320 de
2057 1267 2399 1321 multitudine
2421 1274 2761 1332 ceterorum,
2795 1269 3061 1337 praecipue
3080 1268 3171 1335 qui
3200 1284 3297 1337 per
3324 1276 3545 1337 aposto-

1966 1359 2047 1412 los
2080 1358 2093 1408 ἰ
2134 1359 2385 1413 universo
2414 1358 2613 1412 mundo
2642 1358 2827 1412 tribuit
2866 1360 3164 1414 sanctitatis
3210 1360 3543 1430 exemplum;

1966 1466 2070 1503 non
2090 1491 2105 1514 ,
2144 1450 2389 1519 inquam,
2424 1449 2568 1503 hunc
2597 1449 2664 1503 de
2692 1449 2905 1518 publico
2931 1464 3050 1504 esse
3078 1451 3327 1515 arbitror,
3356 1450 3449 1505 sed
3476 1450 3544 1505 de

1962 1541 2118 1595 ccelo.
2152 1540 2270 1609 Ipse
2298 1550 2381 1594 est
2404 1542 2545 1593 enim
2576 1539 2644 1593 de
2668 1540 2807 1594 cmlo
2836 1554 2986 1609 Puer,
3008 1540 3075 1595 de
3102 1555 3209 1609 quo
3229 1542 3356 1596 dicit
3381 1541 3542 1597 Isaias

1961 1631 2220 1700 propheta
2246 1648 2259 1684 :
2287 1630 2425 1684 Puer
2444 1639 2597 1683 nauis
2617 1638 2692 1682 est
2714 1628 2890 1693 nobis;
2914 1628 2938 1665 ιί
2952 1630 3091 1699 ﬁlius
3116 1630 3267 1684 datus
3293 1641 3371 1685 est
3396 1632 3541 1688 nobis

1963 1718 2117 1791 (Isai.
2144 1726 2241 1788 ιχ).
2276 1720 2392 1790 Ipse
2436 1720 2596 1789 plane
2628 1733 2758 1788 puer
2803 1729 2915 1785 est,
2953 1720 3044 1788 qui
3090 1722 3228 1775 sicut
3263 1722 3539 1788 innocens,

264 1832 485 1870 morum
515 1816 781 1870 invenitur
809 1818 862 1870 in
904 1816 1112 1885 pueris,
1162 1823 1218 1869 et
1262 1814 1565 1869 innocentia
1597 1814 1854 1867 infantum
1885 1812 1932 1872 B
1957 1825 2079 1865 cum
2107 1812 2534 1873 malediceretur,
2561 1823 2667 1865 non
2700 1807 2716 1846 ³
2752 1810 3118 1876 remaledixit;
3146 1828 3266 1866 cum
3295 1822 3541 1881 percute-

268 1908 546 1977 reperitur
571 1908 622 1960 in
648 1908 881 1962 senibus.
914 1907 1153 1975 Denique
1179 1907 1323 1975 quod
1361 1907 1413 1960 in
1440 1907 1741 1976 junioribus
1769 1922 1853 1960 se-

259 2006 462 2051 nectus
490 1999 731 2066 quaedam
757 1998 825 2051 sit
846 1997 1164 2062 honestatis,
1192 1996 1320 2051 dicit
1348 1998 1605 2067 pr0pheta
1638 2015 1650 2049 :
1684 1997 1849 2051 Sene-

257 2084 381 2142 crus
417 2092 553 2143 enim
594 2089 893 2144 venerabilis
941 2098 961 2126 ε
1011 2104 1116 2141 non
1163 2087 1439 2151 diuturna,
1479 2105 1570 2141 nec
1599 2105 1852 2141 annorum

262 2197 487 2234 numero
518 2179 541 2217 ἀ
580 2190 903 2249 computata;
929 2180 1212 2233 cauicnim
1256 2188 1374 2232 sunt
1416 2196 1594 2234 sensus
1636 2181 1852 2234 hominis

260 2272 432 2341 (Sep.
457 2274 549 2342 iv).
581 2273 657 2325 AI
682 2272 955 2341 apostolos
981 2281 1160 2325 autem
1185 2269 1295 2339 jam
1322 2271 1582 2336 seniores,
1616 2271 1769 2342 18!.
1798 2280 1853 2325 et

260 2363 505 2430 majores
532 2372 658 2416 natu
688 2364 817 2416 dicit
843 2362 1101 2416 Domi..us
1137 2380 1149 2415 :
1185 2360 1306 2415 Nisi
1352 2364 1581 2416 conversi
1625 2365 1847 2432 fueritis,

258 2464 321 2508 ιι
343 2455 634 2523 efﬁciamini
655 2457 781 2507 sicut
809 2471 934 2523 puer
962 2457 1076 2515 iste,
1102 2470 1204 2507 non
1231 2463 1254 2491 ο
1278 2454 1536 2507 intrabitis
1564 2456 1618 2507 iu
1641 2472 1853 2526 regnum

259 2547 510 2599 calorum
538 2543 749 2613 (Matth.
780 2545 908 2611 xvi).
945 2543 1181 2598 Revocat
1211 2544 1372 2609 igitur
1399 2558 1493 2598 eos
1531 2544 1597 2598 ad
1631 2538 1852 2613 originis

260 2635 289 2673 ¹
325 2652 435 2691 sum
462 2638 682 2699 fontem,
703 2643 756 2691 et
777 2644 1067 2690 retrorsum
1098 2634 1165 2689 ad
1194 2633 1473 2689 infantiam
1499 2634 1673 2689 redire
1697 2651 1849 2690 com-

1958 1909 2125 1964 retur,
2161 1916 2266 1955 non
2297 1900 2652 1969 repercussit;
2683 1899 2810 1967 quin
2852 1900 3030 1968 potius
3069 1902 3122 1955 in
3151 1901 3265 1970 ipsa
3295 1904 3540 1970 passione

1957 2008 2056 2062 pro
2084 1991 2193 2046 suis
2220 1992 2393 2045 oravit
2439 1990 2698 2056 inimicis,
2730 1989 2912 2044 dicens
2939 2009 2952 2042 :
2984 1990 3164 2056 Pater,
3189 1992 3387 2046 dimitte
3428 1995 3537 2057 eis;

1959 2089 2190 2140 nesciunt
2215 2087 2351 2139 enim
2381 2086 2503 2154 quid
2530 2087 2726 2157 faciunt
2751 2085 2900 2155 (Luc.
2928 2087 3095 2155 xxxv).
3120 2087 3196 2140 Ita
3225 2088 3536 2158 simplicita-

1959 2183 2088 2240 tem,
2120 2190 2282 2243 quam
2312 2174 2600 2229 infantibus
2624 2183 2812 2229 natura
2841 2176 3055 2241 tribuit,
3085 2176 3341 2232 Dominus
3368 2179 3535 2235 mise-

1960 2268 2203 2323 ricordia:
2230 2267 2470 2321 bonitate
2497 2268 2818 2322 cumulabat.
2847 2267 2952 2323 Iste
2986 2282 3114 2336 ergo
3140 2286 3273 2339 puer
3299 2281 3406 2334 est,
3439 2274 3532 2341 qui

1959 2361 2248 2417 imitandus
2293 2362 2525 2431 parvulis
2568 2361 2904 2431 proponitur,
2946 2370 3001 2415 et
3026 2363 3356 2432 sequendus;
3407 2380 3531 2421 nam

1958 2454 2072 2522 ipse
2100 2452 2228 2508 dicit
2262 2470 2275 2503 :
2311 2451 2454 2505 Tolle
2481 2468 2681 2505 crucem
2710 2460 2871 2515 tuam,
2898 2461 2952 2507 et
2978 2468 3186 2523 sequere
3212 2470 3293 2507 me
3313 2453 3527 2524 (Matth.

1958 2544 2098 2611 xu).

1614 2727 1957 2789 HOMILIA
2008 2728 2172 2789 LIX.

1392 2826 1471 2881 De
1498 2828 1682 2883 eadem
1719 2827 1943 2884 Pascha:
1976 2828 2300 2883 solemnitate
2338 2826 2401 2879 γ.

1708 2919 2101 2976 ADMONITIO.

332 3009 446 3084 Nisi
491 3007 670 3084 hujus
698 3008 930 3063 liomi‘liaa
971 3006 1380 3084 perfecta__cum
1427 3008 1708 3084 superiore
1730 3010 2022 3084 colligatio
2061 3010 2291 3084 eniteret
2344 3008 2541 3084 dubius
2574 3010 2692 3084 ejus
2718 3019 2907 3067 auctor
2940 3010 3129 3069 haberi
3159 3025 3371 3084 posset,
3402 3033 3524 3077 cum

261 3079 454 3151 paucis
482 3079 765 3133 admodum
795 3094 924 3132 mss.
959 3078 1281 3132 testimoniis
1310 3078 1596 3132 muniatur.
1630 3078 1699 3132 At
1728 3080 1849 3135 inde
1872 3080 2090 3203 (quidem
2118 3079 2336 3133 fortuita
2364 3080 2575 3146 generis
2603 3078 2755 3136 istius
2779 3078 3432 3152 opusculorum-collectio
3456 3092 3525 3144 ab

261 3148 682 3203 amanuensibus
710 3150 1028 3202 concinnata
1059 3147 1399 3203 iudicabitur.
1422 3163 1543 3201 cum
1573 3148 1724 3203 plura
1753 3150 1870 3203 eius
1909 3165 1992 3203 em
2024 3150 2302 3203 scriptoris
2325 3150 2622 3203 omiserint.
2653 3165 2790 3203 dum.
2816 3153 3007 3203 maiori
3034 3155 3272 3203 solertia.
3303 3157 3523 3203 fuissent

257 3147 682 3221 amanuensibus
710 3150 1028 3221 concinnata
1054 3147 1403 3221 judicabitur,
1422 3163 1543 3201 cum
1570 3148 1724 3221 plura
1748 3147 2001 3221 ejusdem,
2024 3150 2302 3221 scriptoris
2325 3150 2790 3221 otiiiserint,iqu:c,
2816 3147 3007 3221 majori
3034 3155 3272 3221 solertia,
3302 3157 3524 3214 fuissent

262 3218 561 3275 consecuti.
594 3216 835 3291 Quatuor
863 3218 1026 3291 igitur
1055 3225 1256 3291 tantum
1279 3217 1499 3291 codices
1528 3216 1712 3291 aﬂ'ero,
1747 3216 1889 3291 hanc
1914 3220 2006 3291 qui
2050 3216 2324 3291 hoiiiiliam
2353 3217 2586 3291 Maximo
2623 3216 2940 3291 inscriptam
2968 3216 3273 3291 posteritati
3301 3231 3523 3283 manda-

264 3298 415 3355 runt,
462 3295 706 3361 suntque‘
730 3287 836 3361 duo
880 3288 1091 3361 Sancta:
1137 3286 1417 3361 Crucismin
1448 3284 1761 3353 Jerusalem,
1786 3288 1893 3361 DQ,
1925 3284 2109 3341 homil.
2142 3287 2231 3361 55,
2278 3297 2334 3342 et
2370 3284 2456 3361 99,
2492 3288 2675 3361 homil.
2706 3284 3039 3361 57.'titulum
3070 3304 3318 3361 gerentes
3345 3315 3359 3349 :
3390 3296 3523 3352 Item

261 3357 554 3436 sequentia;
587 3354 772 3436 tertius
799 3356 1189 3436 Laurentianus
1231 3373 1283 3420 χ,
1308 3354 1759 3436 Plut."x‘iy‘,”pag_.‘
1781 3358 1853 3436 29

1957 3373 2054 3411 :um
2084 3358 2273 3436 eadem
2303 3356 2621 3436 epigraphe;
2652 3354 3271 3436 qua_rtus__'I_‘aurii'iensis,
3302 3367 3393 3436 qui
3423 3383 3520 3436 pro

264 3424 422 3482 tit'ulo
452 3426 614 3481 habet
642 3445 653 3478 :
683 3425 815 3480 Item
844 3437 894 3479 et
922 3427 984 3479 de
1013 3425 1216 3479 Pascha
1243 3441 1412 3479 sermo
1440 3424 1687 3479 XXXII.
1712 3424 2090 3482 Probatiorem
2139 3435 2315 3480 tamen
2360 3425 2416 3479 S.
2469 3424 2698 3480 Maximo
2748 3427 3021 3482 homiliam
3070 3424 3297 3487 reddunt
3317 3424 3516 3491 'Beltc-

260 3498 451 3551 dictini
478 3497 729 3569 monachi
760 3509 1010 3564 congreg.
1042 3495 1225 3549 Sancti
1252 3495 1442 3569 Mauri.
1474 3495 1562 3569 qui
1593 3496 1660 3549 ab
1689 3496 1967 3569 Augustini
1995 3497 2349 3569 sermonibus,
2380 3496 2468 3569 cui
2493 3497 2619 3550 olim
2647 3496 2899 3551 attributa
2930 3497 3058 3562 fuit,
3100 3503 3421 3569 eximentes,
3466 3516 3521 3561 et

262 3569 321 3620 in
351 3567 701 3636 appendicem
731 3568 1067 3636 traducentes
1097 3565 1265 3618 sancti
1292 3564 1508 3636 Maximi
1539 3580 1672 3636 opus
1700 3582 1819 3620 esse
1857 3566 2182 3636 jtidicaruiit.
2232 3566 2291 3636 In
2319 3566 2561 3636 eamdem
2606 3581 2908 3621 convenere
2936 3572 3257 3624 sententiam
3285 3564 3520 3629 editores

266 3584 321 3620 tn
351 3581 701 3636 appemueem
731 3581 1067 3620 traducentes
1097 3581 1265 3618 saucu
1292 3581 1508 3616 maxumi
1539 3581 1672 3688 ogus
1700 3582 1819 3620 esse

266 3636 556 3707 Gymnicus
598 3649 717 3705 pag.
754 3636 873 3700 I59,
910 3633 1210 3689 Galesinius
1251 3647 1369 3702 pag.
1406 3633 1523 3697 155,
1613 3636 1819 3690 umdius

266 3704 401 3758 Bibl.
430 3705 573 3758 Max.
608 3715 740 3758 tom.
776 3705 858 3758 VI.
882 3719 1001 3758 nan.
1031 3704 1117 3757 27.
1151 3704 1294 3758 Satis
1317 3717 1446 3758 eruo
1486 3711 1637 3758 natet
1681 3706 1853 3758 illorui

1957 3581 2182 3621 icarunt.
2232 3581 2288 3619 ιη
2319 3581 2561 3619 eamaem
2606 3581 2908 3621 convenere
2936 3581 3257 3624 sententiam
3285 3581 3518 3629 editores

1957 3652 1997 3688 [ι.
2031 3635 2096 3703 II,
2123 3649 2244 3717 pag.
2273 3633 2429 3716 Ii“,
2462 3633 2781 3758 Ragnaudus
2810 3649 2930 3716 pag.
2959 3636 3080 3700 220,
3111 3637 3438 3708 Margarinus
3466 3646 3518 3699 in

1957 3714 2219 3758 unnosmo
2255 3719 2346 3758 aur
2376 3718 2493 3757 eam
2567 3745 2579 3756 .
2613 3704 2916 3758 Ambrosm.
2945 3708 3390 3758 auemadmodnm
3429 3714 3518 3758 nni

265 3704 401 3782 [illi].
430 3704 740 3782 Ma_x_._tom.
776 3705 858 3782 VI,
882 3719 1001 3774 pag.
1031 3704 1294 3782 27.-Satis
1317 3717 1446 3782 ergo
1486 3711 1638 3782 pat_e_t_
1681 3706 1892 3782 illorum
1912 3704 2493 3782 _suppositio_qui_eam
2520 3704 2579 3758 S.
2613 3704 3391 3782 Ambrosio,.quemadmodum
3429 3714 3519 3782 qui

264 3774 519 3855 S._Leoni
546 3774 753 3855 Magno
770 3773 1087 3855 tribuerunt.
1119 3773 1191 3855 Id.
1202 3774 1471 3855 peculiare
1500 3773 1874 3855 exhibet_l_::cc
1912 3773 2158 3855 homilia,
2177 3773 2523 3855 disciplinam
2566 3775 2769 3855 scilicet
2810 3773 3060 3855 Ecclesia:
3088 3786 3212 3855 tunc
3240 3773 3516 3855 temporis,

264 3845 559 3899 solemnem
589 3846 784 3899 adultis
811 3842 1215 3897 administrandi
1241 3844 1560 3911 baptismum
1589 3843 1641 3895 in
1673 3843 1897 3900 sabbato
1937 3852 2143 3898 sancto.
2177 3842 2270 3897 liis
2310 3842 2435 3911 ergo
2463 3844 2789 3912 regeneratis
2817 3846 2881 3899 ad
2911 3848 3135 3913 gratiam
3180 3842 3365 3904 habuit
3385 3842 3517 3905 coné

265 3916 476 3969 cionem
506 3913 564 3967 S.
594 3916 817 3968 antistes
845 3914 1219 3979 Taurinensis,
1248 3915 1433 3984 eisque
1462 3928 1765 3967 memorans
1791 3915 1882 3984 qui
1922 3914 2149 3979 fuerint,
2200 3922 2256 3967 et
2285 3915 2373 3983 qui
2416 3928 2513 3984 per
2556 3916 2978 3983 regenerationis
3020 3916 3336 3975 beneficium
3375 3931 3518 3981 sunt,

266 3993 604 4053 peramanter
630 3984 899 4047 admonet,
934 3993 990 4036 ut
1017 3983 1300 4037 sanctioris
1330 3983 1455 4035 vitm
1482 3984 1723 4037 novitate
1751 3982 1824 4039 sev
1839 4000 2009 4040 novos
2035 3984 2280 4039 homines
2304 3982 2611 4037 ostendant.

212 4150 225 4161 .
276 4076 426 4145 135
458 4076 846 4129 Aacuuraruu.
877 4106 949 4117 ——
986 4071 1286 4161 Neap/imos
1326 4071 1843 4161 adhortatur'Maxi-
1872 4077 1918 4139 C
1948 4088 2219 4128 assumere
2241 4072 2385 4141 quod
2415 4082 2543 4127 ante
2580 4089 2687 4128 non
2723 4072 2926 4141 fueras;
2959 4076 3251 4143 innovatio,
3283 4079 3519 4150 inquam,

341 4141 447 4199 itus
474 4155 529 4197 ut
582 4152 883 4198 renoventur
927 4160 1016 4212 per
1032 4142 1313 4212 justitiam,
1342 4157 1496 4211 quam
1538 4141 1593 4192 in
1628 4142 1843 4212 lauacro

341 4214 737 4285 regenerationis
779 4210 1091 4285 receperunt,
1130 4212 1216 4282 qui
1246 4210 1491 4285 (aliquant
1520 4210 1724 4285 aguilte,
1755 4213 1843 4265 de-

344 4280 514 4351 positis
541 4285 804 4338 uetustatis
832 4280 1045 4349 exuviis,
1073 4280 1204 4337 nova
1231 4281 1519 4335 sanctitatis
1541 4280 1843 4335 indumenta

348 4362 680 4423 sumpserunt.

350 4525 551 4583 Retinet
569 4527 828 4581 sanctitas
847 4536 1046 4591 vestra,
1072 4528 1281 4589 fratres,
1306 4542 1393 4581 me
1410 4526 1515 4582 hoc
1537 4528 1840 4597 nuperrime

260 4616 575 4687 pndicasse
619 4617 764 4686 quod
796 4619 956 4672 homo
998 4618 1049 4671 in
1087 4617 1351 4685 juniorem
1379 4624 1590 4671 mtatem
1628 4633 1724 4687 per
1755 4616 1841 4685 ju-

262 4708 462 4761 stitiam
485 4708 826 4769 reformatur,
855 4715 910 4761 et
930 4708 1172 4775 quamvis
1198 4706 1366 4761 fessus
1385 4707 1555 4769 senio,
1581 4723 1763 4761 rursus
1786 4706 1838 4760 in

268 4812 485 4865 puerum
511 4796 835 4853 innocentia:
858 4796 1095 4851 moribus
1123 4805 1462 4862 renascatur;
1495 4798 1567 4850 ita
1591 4805 1648 4850 ut
1674 4798 1839 4851 inter-

269 4886 507 4942 veniente
533 4888 793 4959 mysterio
821 4902 889 4941 ex
913 4886 1108 4940 vetulis
1134 4886 1326 4940 iterum
1361 4887 1635 4942 videamus
1661 4887 1836 4941 infan-

270 4985 370 5030 tes.
399 4976 672 5034 lnnovatio
702 4978 845 5033 enim
865 4975 1107 5047 quaedam
1150 4985 1233 5031 est
1262 4978 1505 5031 desinere
1528 4978 1670 5046 quod
1692 4991 1833 5043 eras,

344 5139 366 5166 ⁸
393 5130 529 5205 Idem
558 5133 682 5187 cod.
706 5133 763 5188 S.
790 5135 975 5190 Crucis
995 5136 1047 5189 in
1068 5134 1200 5197 Jer.,
1228 5151 1396 5200 orare,
1425 5137 1676 5205 auferenti
1699 5137 1836 5189 tuni-

266 5215 382 5274 r‘arn
423 5202 658 5274 relinquit
701 5214 751 5256 et
786 5206 1031 5274 pallium;
1075 5205 1360 5259 verberanti
1406 5202 1692 5269 mutillum,
1726 5215 1832 5261 etc.

260 5266 398 5320 Cod.
414 5285 537 5345 vero
559 5266 936 5345 Martinflegit,
962 5266 1240 5345 relinquere
1260 5285 1307 5327 et
1327 5276 1560 5345 pallium,
1583 5286 1630 5328 et
1651 5266 1839 5329 maxil-

290 5353 374 5388 um
399 5340 617 5405 prwbere
644 5340 947 5396 verberanti.

349 5406 371 5445 δ
551 5410 957 5484 μευνβιιῐηηοη
985 5421 1090 5466 tam
1110 5414 1246 5468 mala
1270 5415 1456 5484 facere,
1491 5424 1592 5469 etc.

346 5492 369 5519 ε
395 5479 522 5538 (ΣυιΙ.
551 5479 761 5533 Martin.
792 5482 937 5535 addit
960 5492 1054 5536 est.

344 5548 375 5624 ἦ
392 5552 517 5624 βοαὶ.
542 5550 1036 5624 (Ζεεᾼὶηυιοίιηρηιηιγ
1058 5569 1265 5607 numero
1286 5564 1361 5624 est
1381 5564 1689 5624 computata.

355 5618 376 5639 ⁹
397 5621 529 5678 Idem
556 5620 678 5682 eod.
706 5620 775 5678 99
800 5618 855 5674 S.
885 5620 1087 5687 Crucis,
1119 5623 1409 5678 introibitis.
1492 5618 1501 5624 ’
1632 5636 1642 5647 ’

350 5686 368 5725 ί
395 5690 518 5747 Cod.
543 5694 755 5752 Marii",
793 5693 987 5745 omittit
1014 5686 1140 5757 suae.
1468 5722 1473 5727 -

349 5767 372 5805 ι
399 5759 619 5833 Uterque
646 5768 765 5822 cod.
797 5771 855 5822 S.
902 5762 1086 5817 Crucis
1113 5763 1162 5817 in
1192 5761 1326 5831 Jer.,
1356 5764 1411 5818 in
1442 5780 1653 5833 regnum
1678 5764 1832 5817 catla-

1949 4171 2049 4227 est,
2082 4163 2225 4217 unde
2268 4169 2324 4216 et
2366 4163 2622 4232 neophyti
2661 4174 3054 4233 nuncupantur,
3096 4169 3239 4237 quod
3286 4172 3519 4227 novitate

1946 4252 2176 4321 quadam
2205 4252 2440 4307 maculas
2469 4252 2746 4306 vetustatis
2785 4253 3095 4320 abjecerint,
3127 4259 3351 4324 gratiam
3390 4262 3520 4314 sim-

1946 4344 2199 4412 plicitatis
2224 4343 2623 4412 assumpserint,
2649 4342 2858 4398 dicente
2879 4344 3136 4413 Apostolo
3162 4365 3174 4399 :
3199 4347 3516 4415 Deponentes

1943 4444 2159 4488 veterem
2197 4434 2452 4487 hominem
2485 4450 2605 4487 cum
2639 4434 2834 4489 actibus
2864 4445 2902 4473 ω
2933 4437 3059 4500 suis,
3089 4439 3284 4492 induite
3314 4457 3515 4503 novum.

1945 4525 2030 4596 qui
2059 4524 2333 4579 secundum
2366 4524 2526 4579 Deum
2544 4535 2745 4579 creatus
2772 4537 2847 4581 est
2873 4526 3004 4594 (Col.
3038 4528 3134 4598 ιιι).
3166 4528 3316 4585 Unde
3335 4539 3391 4585 et
3418 4530 3517 4584 Da-

1945 4615 2033 4669 vid
2062 4623 2280 4669 sanctus
2309 4615 2383 4668 ait
2407 4632 2419 4666 :
2453 4613 2800 4670 Renovabitur
2822 4619 2953 4672 sicut
2975 4620 3158 4690 aquin
3170 4623 3409 4691 juventus
3426 4629 3517 4673 tua

1946 4705 2115 4777 (Psal.
2142 4708 2263 4776 cu);
2298 4706 2596 4774 intelligens
2625 4723 2723 4777 per
2747 4709 2972 4775 gratiam
3010 4711 3257 4779 baptismi
3293 4710 3515 4766 occidua

1945 4797 2064 4849 vitae
2108 4806 2304 4849 nostra:
2347 4812 2505 4864 posse
2536 4800 2875 4863 reviviscere,
2906 4812 2960 4853 et
2981 4800 3260 4868 juventute
3287 4802 3514 4872 quadam

1941 4886 2189 4940 renovari
2230 4900 2388 4955 posse
2431 4887 2484 4941 id
2522 4888 2665 4957 quod
2706 4890 2759 4943 in
2804 4890 2961 4944 nobis
3002 4888 3173 4944 fuerat
3201 4891 3514 4948 delictorum

1941 4984 2207 5032 vetustate
2232 4977 2547 5049 collapsum.
2584 4978 2649 5034 Ut
2677 4988 2853 5036 autem
2882 4981 3147 5050 intelligas
3165 4983 3289 5051 quia
3313 4984 3381 5040 de
3402 4998 3514 5055 gra~

1941 5151 2203 5280 Μῗῦοᾶ.
2232 5205 2300 5260 99
2320 5206 2378 5261 S.
2401 5204 2584 5262 Crucis
2606 5205 2657 5259 in
2677 5203 2809 5269 ler.,
2835 5221 2990 5259 unum
3011 5207 3179 5277 elegit,
3202 5225 3358 5264 unum
3378 5226 3531 5280 prte-‘

1938 5277 2101 5347 ponit.

2020 5346 2033 5383 ί
2071 5345 2203 5401 Cod.
2229 5344 2441 5398 Martio.
2474 5342 2620 5413 addit
2647 5344 2778 5413 ejus.

2018 5418 2031 5497 ξ
2066 5415 2209 5471 Idem
2239 5414 2360 5497 cod.
2392 5414 2460 5469 99
2488 5412 2544 5467 S.
2569 5411 2754 5469 Crucis
2792 5413 2844 5467 in
2888 5412 3021 5478 Jer.,
3051 5432 3143 5484 per
3170 5416 3429 5486 apostolos
3456 5420 3511 5472 in

1939 5492 2028 5538 uni
2035 5500 2194 5548 verso,
2226 5492 2330 5537 etc.

1865 5547 1916 5607 ι)
2012 5553 2036 5623 ξι
2068 5547 2209 5609 Idem
2239 5554 2357 5623 cod.
2385 5551 2620 5615 Martin.,
2642 5554 2693 5623 rei
2713 5552 2872 5623 filius.

2017 5621 2035 5661 ι
2069 5623 2212 5677 Idem
2240 5622 2382 5687 cod.,
2412 5639 2513 5675 non
2542 5621 2826 5676 maledixit.

2012 5701 2052 5730 ω
2075 5693 2233 5746 Iidem
2261 5692 2413 5747 codd.
2445 5692 2502 5747 S.
2534 5692 2718 5748 Crucis
2746 5693 2798 5746 in
2817 5690 2926 5746 .Ier.
2960 5700 3014 5745 et
3041 5690 3313 5756 I.aurent.,
3338 5690 3502 5757 Depo-

1941 5773 2119 5817 nentes
2140 5771 2353 5816 veterem
2378 5764 2634 5818 hominem
2663 5779 2776 5817 cum
2804 5761 2998 5816 actibus
3023 5763 3154 5829 eius.
