4042 6192
457 313 557 366 5ῢ7

1692 305 1749 358 8.
1791 301 2031 357 MAXIM!
2051 318 2054 322 '
2073 297 2532 358 TA’DRINENSIS'

3621 301 3728 354 568

457 423 531 475 tia
551 418 890 489 baptismatis
907 415 1168 487 propheta
1183 412 1440 482 loquitur,
1459 409 1858 466 innovationem
1874 410 2042 479 ipsam
2073 414 2117 471 Α
2147 409 2242 463 sed
2267 409 2418 464 adest
2441 409 2545 464 illis
2577 408 2794 478 justiti:
2814 407 2881 463 de
2905 409 3246 479 reparatione
3274 410 3549 466 securitas.
3586 408 3726 476 Quid

459 513 647 580 aquilae
673 522 699 549 ι
728 508 1079 580 comparavit,
1108 519 1228 574 qua:
1256 503 1369 558 avis
1388 501 1598 557 assidua
1619 501 2036 556 commutatione

457 603 676 657 habitus
701 601 782 654 sui
813 600 1024 663 longam
1045 595 1242 649 ducere
1273 592 1439 647 fertur
1464 598 1700 656 natalem,
1729 598 1785 644 et
1812 589 2035 644 vetustis

457 692 562 761 jam
589 687 956 743 fatiscentibus
979 684 1191 754 plumis,
1222 697 1358 736 nova
1377 695 1674 749 pennarum
1695 679 2034 733 successione

455 785 800 853 iuvenescere
844 799 857 832 :
908 779 979 832 ita
1012 784 1090 838 ut,
1134 774 1393 843 depositis
1429 771 1760 840 antiquitatis
1805 770 2031 835 exuviis,

455 875 689 928 rediviva
734 871 1164 925 indumentorum
1215 866 1491 919 nativitate
1530 878 1588 917 se
1625 862 1819 917 vestiat
1850 880 1862 913 :
1894 861 2034 915 unde

456 963 797 1031 intelligimus
841 959 986 1028 quod
1031 964 1363 1012 senectutem
1412 953 1601 1022 aquilze
1646 967 1754 1006 non
1798 953 2035 1005 sentiunt

455 1053 716 1113 membra,
748 1050 841 1106 sed
868 1049 1078 1118 plumae.
1113 1047 1188 1100 De
1218 1059 1356 1100 novo
1383 1057 1513 1110 ergo
1541 1056 1599 1095 se
1629 1042 1804 1101 vestit,
1833 1049 1890 1095 et
1912 1041 2032 1110 pul-

456 1145 747 1199 lulantibus
773 1142 982 1211 pennis,
1015 1146 1226 1194 vetusta
1255 1147 1425 1191 mater
1449 1135 1640 1189 iterum
1671 1143 1958 1188 renovatur
1980 1134 2033 1186 in

454 1225 678 1306 pullum.
728 1231 895 1286 Pullis
923 1230 1062 1284 enim
1092 1228 1119 1266 δ
1153 1225 1512 1296 comparanda
1551 1233 1651 1290 est,
1692 1223 1908 1291 quando
1949 1239 2034 1277 ra-

441 1327 728 1383 diantibus
756 1323 953 1394 plumis
984 1335 1205 1375 necesse
1233 1327 1318 1373 est
1342 1318 1417 1371 illi
1445 1331 1656 1372 rursum
1685 1314 1928 1369 meditari
1951 1331 2033 1368 ru-

439 1418 578 1474 dem
606 1417 863 1479 volatum,
900 1413 1057 1484 186
1084 1421 1140 1465 et
1166 1410 1368 1464 alarum
1397 1407 1525 1461 olim
1559 1405 1851 1461 exercitata
1881 1404 2034 1458 remi-

455 1509 574 1576 gia,
621 1515 872 1574 tanquam
923 1501 1130 1556 novella
1181 1499 1411 1553 volucris
1468 1497 1606 1551 intra
1658 1495 1838 1549 nidum
1881 1495 2029 1562 pigra

442 1611 827 1666 compescere;
868 1592 1110 1663 quamvis
1141 1590 1216 1644 illi
1247 1589 1319 1643 sit
1356 1586 1571 1642 volandi
1597 1586 1784 1640 notitia
1804 1583 1870 1638 de
1897 1599 2030 1638 con-

453 1685 763 1748 suetudine,
808 1683 960 1737 deest
1005 1689 1183 1733 tamen
1232 1679 1307 1732 illi
1355 1676 1421 1732 de
1466 1690 1763 1744 pennarum
1813 1673 2030 1727 raritate

2141 499 2301 566 igitur
2351 497 2408 552 S.
2455 499 2618 553 David
2660 499 2803 555 dicat
2848 499 3021 554 adhuc
3065 499 3370 568 diligentius
3412 501 3723 564 videamus;

2139 604 2245 642 non
2275 588 2416 642 enim
2443 590 2518 642 ait
2544 606 2556 641 2
2581 588 2948 643 Renovabitur
2963 589 3104 643 sicut
3123 589 3444 659 aquilarum,
3465 590 3559 646 sed
3578 592 3722 647 sicut

2138 679 2329 748 aquilae
2351 678 2606 747 juventus
2634 687 2747 734 tua.
2779 678 2946 734 Unius
2973 692 3101 746 ergo
3133 680 3322 750 aquila:
3358 682 3719 738 renovandam

2137 768 2191 822 in
2219 769 2374 823 nobis
2411 770 2605 823 asserit
2642 769 3000 839 juventutem,
3040 785 3199 838 quam
3239 787 3401 826 unam
3449 780 3505 828 et
3544 775 3718 830 solam

2135 860 2366 930 aquilam
2394 868 2541 915 recte
2567 860 2839 914 Christum
2869 862 3152 916 Dominum
3179 862 3428 931 dixerim,
3459 864 3610 933 cujus
3625 865 3718 934 ju-

2135 959 2325 1004 ventus
2353 958 2608 1004 renovata
2637 958 2719 1004 est
2749 958 2873 1006 tunc
2900 966 3022 1006 cum
3052 967 3081 1005 3
3111 952 3337 1008 mortuis
3377 956 3670 1010 νθεωτειίι
3696 973 3714 1010 ζ

2133 1039 2391 1109 depositis
2419 1041 2560 1102 enim
2583 1037 2608 1077 δ
2628 1041 2954 1109 corruptelm
2983 1042 3226 1096 mortalis
3251 1042 3458 1096 exuviis
3476 1043 3714 1099 rediviva

2133 1131 2309 1186 carnis
2341 1132 2702 1200 assumptione
2739 1129 3000 1198 reﬂoruit,
3039 1133 3176 1187 sicut
3215 1133 3330 1201 ipse
3356 1133 3432 1187 ait
3459 1149 3556 1204 per
3581 1149 3716 1204 pro-

2131 1221 2347 1290 phetam
2385 1239 2396 1273 :
2429 1220 2497 1274 Et
2536 1221 2765 1290 reﬂoruit
2792 1238 2913 1276 caro
2953 1238 3086 1286 mea,
3113 1232 3162 1276 et
3200 1240 3266 1276 ea:
3305 1227 3564 1278 voluntate
3598 1242 3717 1279 mea

2131 1311 2411 1380 conﬁtebor
2453 1312 2533 1365 illi
2583 1311 2753 1383 (Psal.
2799 1311 2986 1381 um).
3032 1312 3312 1379 Relloruit,
3355 1314 3548 1384 inquit,
3585 1332 3720 1372 caro

2133 1415 2272 1454 mea.
2297 1401 2485 1457 Videte
2513 1417 2620 1472 quo
2640 1402 2804 1457 verbo
2833 1419 2958 1457 usus
2986 1412 3099 1469 est;
3133 1420 3237 1458 non
3261 1405 3355 1470 ait,
3385 1404 3588 1475 ﬂoruit,
3616 1407 3718 1462 sed

2130 1488 2405 1544 reﬂoruit:
2430 1507 2539 1545 non
2563 1491 2704 1545 enim
2726 1491 3044 1560 reﬂorescit,
3075 1493 3176 1547 nisi
3204 1494 3348 1564 quod
3368 1503 3494 1550 ante
3517 1495 3717 1552 ﬂorue-

2129 1580 2218 1636 rit.
2251 1581 2456 1636 Floruit
2477 1590 2654 1638 autem
2683 1599 2809 1639 caro
2838 1584 3070 1654 Domini,
3097 1601 3216 1640 cum
3245 1587 3474 1656 primum
3503 1588 3570 1643 de
3593 1590 3713 1644 Ma—

2131 1674 2225 1727 riae
2266 1673 2485 1742 virginis
2514 1675 2715 1728 illibata
2741 1674 2900 1729 vulva
2936 1677 3220 1745 processit,
3259 1678 3399 1731 sicut
3436 1679 3514 1732 ait
3548 1678 3718 1736 Isaias

452 1776 662 1829 fiducia.
695 1773 772 1828 De
796 1769 1130 1840 baptismatis
1165 1767 1326 1836 igitur
1351 1767 1523 1835 gratia
1558 1765 1662 1820 hoc
1697 1763 1755 1818 S.
1792 1762 2032 1818 Psalmo-
2062 1776 2105 1834 Β
2134 1763 2354 1818 dicens:
2379 1763 2726 1836 Exibitvt'rga
2762 1765 2825 1819 de
2860 1767 3036 1820 radice
3061 1767 3226 1833 Jesse,
3255 1776 3304 1822 et
3328 1770 3427 1838 ﬂos
3453 1770 3514 1824 de
3538 1772 3718 1826 radice

447 1867 683 1935 graphus
722 1860 1085 1933 prophetavit.
1142 1858 1274 1912 Nam
1321 1857 1505 1925 utique
1555 1854 1814 1926 neophyti
1858 1853 2026 1908 nostri

450 1971 624 2026 nuper
649 1952 922 2022 baptizati,
961 1958 1214 2019 tanquam
1249 1946 1438 2016 aquila:
1462 1945 1718 2014 depositis
1746 1944 2027 1998 vetustatis

440 2047 674 2107 exuviis,
712 2058 850 2098 nova
889 2040 1188 2096 sanctitatis
1221 2038 1530 2092 indumenta
1567 2042 1928 2103 sumpserunt,
1971 2040 2026 2088 et

449 2134 813 2191 fatisceutibus
849 2130 1082 2200 antiquis
1120 2128 1360 2192 maculis,
1402 2126 1540 2181 sicut
1567 2126 1763 2195 plumis
1798 2125 2021 2190 levibus,

439 2227 681 2282 rediviva
709 2223 880 2293 gratia
909 2219 1326 2276 immortalitatis
1354 2225 1614 2272 ornantur
1640 2234 1652 2269 :
1686 2217 1757 2270 ita
1786 2223 1846 2270 ut
1867 2217 1918 2270 in
1946 2217 2027 2272 his

441 2317 735 2376 senectutis
763 2313 984 2369 occidua
1009 2319 1231 2382 peccata
1249 2309 1545 2376 sonuerint,
1569 2309 1676 2362 vita
1699 2323 1808 2363 non
1833 2323 2027 2362 senue-

423 2394 536 2470 rit,
561 2417 813 2475 tanquam
845 2403 1022 2472 aquila
1053 2402 1106 2456 in
1135 2400 1358 2469 pullum,
1390 2399 1530 2453 sicut
1558 2398 1633 2452 illi
1666 2398 1719 2452 in
1748 2397 2025 2452 infantiam

450 2517 468 2533 ·’
501 2493 760 2552 revocati.
790 2491 886 2546 Est
926 2492 1005 2546 eis
1047 2489 1226 2545 sazculi
1263 2489 1331 2543 de
1367 2487 1777 2545 conversatione
1809 2489 2020 2554 notitia,

2133 1854 2244 1924 ejus
2265 1853 2503 1908 ascendet
2527 1853 2683 1925 (Isai.
2714 1855 2810 1924 ιι).
2844 1855 3105 1911 Reﬂoruit
3132 1865 3335 1926 autem,
3357 1874 3477 1914 cum
3503 1860 3718 1915 succiso

2131 1959 2230 2014 per
2255 1943 2467 2000 Judmos
2495 1947 2738 2015 corporis
2776 1946 2930 2014 ﬂore,
2961 1947 3198 2003 rediviva
3237 1949 3304 2005 de
3349 1951 3592 2020 sepulcro
3617 1967 3717 2007 re-

2131 2035 2477 2091 surrectionis
2517 2037 2688 2106 gloria
2727 2038 3082 2107 germinavit,
3120 2048 3176 2095 et
3215 2040 3267 2095 in
3309 2040 3457 2097 ﬂoris
3493 2042 3717 2098 modum

2133 2123 2354 2178 odorem
2383 2126 2588 2194 pariter
2614 2133 2669 2180 et
2688 2127 2916 2182 nitorem
2945 2129 3150 2183 cunctis
3173 2129 3478 2185 hominibus
3497 2130 3718 2187 immor-

2132 2215 2356 2270 talitatis
2402 2215 2603 2272 aﬂlavit
2635 2235 2647 2270 ε
2681 2218 2902 2274 odorem
2929 2219 3192 2275 bonorum
3219 2236 3442 2291 operum
3479 2223 3716 2276 suavita-

2129 2314 2238 2360 tem
2289 2306 2699 2376 circumferens;
2733 2310 2958 2366 nitorem
2991 2311 3406 2383 incorruptelam
3435 2322 3717 2382 perpetua

2125 2397 2419 2454 divinitatis
2448 2399 2756 2455 ostendens.
3415 2383 3436 2398 ’

1818 2582 2149 2645 EOMlLlA
2199 2585 2334 2646 LX.

1726 2699 1805 2753 De
1845 2701 2156 2754 Ascensione
2186 2700 2414 2755 Domini.

1869 2789 2262 2846 ADMONITIO.

515 2891 668 2960 187
699 2887 838 2960 Post
867 2899 1086 2960 exactas
1121 2886 1188 2960 de
1231 2883 1440 2960 Christi
1463 2883 1854 2960 resurrectione
1881 2881 2150 2960 homilias,
2181 2882 2414 2960 editores
2453 2883 2596 2960 illam
2636 2887 3046 2960 recensentcui
3075 2887 3286 2960 titulum
3326 2889 3544 2946 afflxere
3577 2910 3588 2944 :
3623 2890 3716 2948 De

433 2951 668 3030 mima
694 2967 743 3030 et
761 2957 976 3029 jejuniis
1006 2955 1378 3030 Ninivitarum.
1401 2951 1536 3030 Cum
1563 2951 1620 3006 S.
1654 2951 1913 3030 Maximus
1941 2951 2258 3030 concionem
2282 2951 2518 3030 alteram.
2545 2953 2613 3008 de
2648 2953 2892 3030 Ninivitis
2929 2956 3194 3030 habuerit,
3227 2967 3504 3030 utramque
3530 2977 3712 3030 copu-

439 3030 552 3084 lare
581 3027 729 3088 duxi,
761 3021 828 3082 ac'
853 3034 979 3081 tunc
1004 3025 1082 3097 de
1123 3023 1675 3097 precationibusquas
1705 3021 1914 3097 litanias
1938 3029 2133 3097 vocant
2163 3021 2443 3076 disseram.
2475 3022 2658 3092 Neque
2689 3025 2806 3078 illos
2835 3025 2887 3078 in
2913 3026 3101 3097 ordine
3126 3021 3388 3097 tituloque
3416 3021 3571 3097 hujus
3596 3021 3712 3086 lio-

439 3099 597 3152 inilia:
616 3112 843 3168 sequor;
877 3088 1226 3148 animadverti
1255 3093 1397 3168 enim
1423 3088 1651 3168 nihil:de_
1672 3091 1925 3168 mysterio
1943 3088 2302 3168 Pentecostes
2340 3088 2614 3168 auctorem
2650 3107 2828 3168 agere,
2859 3095 2951 3168 sed
2983 3095 3119 3168 facta
3148 3113 3179 3151 e
3206 3088 3430 3168 vestigio
3453 3088 3712 3168 gloriosa:

439 3158 843 3222 resurrectionis
871 3162 1404 3227 commemoratione,
1434 3158 2027 3232 admirabilémChristi
2075 3160 2288 3232 Domini
2333 3158 2704 3217 ascensionem
2745 3158 3037 3219 celebrare.
3081 3165 3256 3232 Quare
3298 3158 3376 3222 De
3403 3158 3714 3225 ascensione

439 3235 649 3292 Domini
677 3235 948 3305 homiliam
974 3232 1235 3301 inscripsi,
1260 3232 1423 3305 eique
1453 3231 1629 3305 locum
1661 3239 1786 3284 ante
1814 3230 2061 3305 homilias
2087 3230 2154 3283 de
2179 3227 2496 3305 Pentecoste
2525 3233 2796 3305 constitui,
2829 3234 2958 3288 mihi
2999 3227 3158 3305 etiam
3193 3235 3514 3305 suffragante
3553 3237 3713 3294 Lati—

437 3307 546 3360 uio.
573 3305 652 3357 Ad
683 3304 732 3358 id
759 3305 922 3359 etiam
951 3319 1038 3357 me
1053 3299 1320 3371 compulit
1348 3299 1627 3371 manifesta
1651 3315 1772 3371 cum
1798 3299 2072 3369 superiore
2096 3300 2423 3368 conjunctio,
2449 3309 2506 3355 ut
2532 3303 2644 3356 hmc
2663 3311 2786 3371 post
2806 3304 3197 3370 praecedentem
3226 3299 3405 3360 habit'a
3428 3308 3707 3364 videatur.

440 3375 507 3429 Ut
535 3382 711 3428 autem
739 3389 859 3428 eam
880 3372 942 3426 S.
974 3367 1205 3426 Maximo
1233 3385 1466 3424 asseram
1490 3368 1618 3423 mibi
1637 3367 2162 3438 suﬂ‘ragiaprmstant
2189 3367 2287 3423 Sex
2311 3367 2822 3438 commendatissimi
2848 3373 3077 3437 codices,
3107 3375 3213 3428 duo
3242 3376 3446 3431 scilicet
3474 3376 3528 3431 S.
3559 3377 3709 3432 Cru-

434 3445 512 3515 cis
552 3445 602 3496 in
631 3441 924 3515 Jerusalem
949 3440 1036 3515 9D,
1064 3440 1250 3496 homil.
1285 3438 1370 3503 54,
1403 3439 1570 3515 e_t9_9,
1615 3439 1819 3515 ho_mil._
1846 3437 1934 3501 66,
1963 3438 2365 3515 _Ambl_'osia_nu_s
2392 3437 2432 3492 C
2462 3439 2551 3506 98,
2591 3439 2648 3515 S_.
2681 3441 3002 3515 Emmerami
3030 3443 3432 3514 Ratisponensis
3453 3462 3570 3515 pag.
3607 3447 3709 3513 l9,

434 3462 512 3499 ClS
552 3462 602 3496 Ill
631 3462 924 3497 Jerusalem
949 3462 1036 3504 3U,
1064 3462 1250 3496 nomn.
1285 3462 1370 3503 υίιι,
1403 3462 1457 3494 et
1484 3462 1570 3504 vv,
1618 3462 1801 3492 uuum.
1846 3462 1934 3501 uu,
1983 3462 2365 3494 naturus-uanus
2392 3462 2432 3492 υ
2464 3462 2551 3506 vo,
2591 3462 2648 3494 δ.
2681 3462 3002 3496 blllmeraml
3031 3462 3432 3514 nausponensns
3453 3462 3516 3515 pa
3557 3487 3570 3499 .
3607 3462 3708 3513 ιθ,

433 3511 823 3566 Laurentianus
863 3529 917 3576 x,
952 3512 1086 3565 I'lut.
1131 3527 1240 3574 xw,
1272 3523 1390 3579 pag.
1423 3508 1548 3573 307,
1579 3516 1635 3562 et
1663 3506 2025 3579 Taurinensis,
2055 3507 2208 3579 cujus
2237 3508 2422 3579 titulus
2461 3518 2580 3563 est:
2607 3509 2739 3564 Item
2767 3521 2815 3564 et
2842 3511 2907 3565 de
2943 3512 3248 3568 Pentecoste
3295 3516 3472 3569 homil.
3521 3462 3634 3570 ἳἸΙ
3646 3515 3708 3571 1.

432 3581 624 3638 Cmteri
654 3583 850 3636 habent
879 3575 976 3650 pro
1008 3580 1160 3634 titulo
1192 3575 1644 3650 Seauentiagcum
1673 3577 1814 3650 hanc
1835 3578 1974 3650 inter
2003 3575 2248 3650 homilias
2265 3578 2331 3631 de
2353 3575 2669 3650 Pentecoste
2693 3589 2990 3636 numerent.
3025 3583 3104 3638 Ab
3131 3584 3212 3637 his
3238 3585 3556 3639 dissentiunt
3580 3586 3701 3642 duo

431 3652 663 3722 codices,
687 3645 916 3722 quorum
937 3656 1189 3722 unusnesl
1217 3645 1289 3722 ιε
1306 3649 1432 3722 olim
1461 3645 1884 3722 bibl._§._Crucis
1911 3647 2100 3722 Minor.
2133 3645 2401 3722 Convent.
2426 3662 2546 3722 pag.
2581 3647 2669 3722 δῖ,
2711 3650 2872 3722 modo
2903 3651 3308 3719 Laurentianus,
3334 3656 3424 3722 qui
3454 3656 3708 3710 eamdem

431 3717 486 3774 S.
521 3720 685 3774 Leoni
706 3715 904 3790 Magno
933 3719 1204 3790 inscribit;
1224 3718 1536 3790 __Vaticanus
1582 3715 1739 3779 1270,
1785 3731 1906 3790 pag.
1930 3716 2038 3790 σεξ.
2081 3717 2171 3790 qui
2201 3716 2256 3790 S_.
2289 3715 2586 3790 Ambrosio.
2620 3718 2814 3790 Verum
2845 3720 2899 3773 in
2927 3730 3151 3790 utroque
3179 3715 3330 3778 error
3352 3715 3710 3781 amanuensis

430 3790 793 3862 deprehensus
807 3784 918 3841 fuit
945 3796 1058 3840 tum
1086 3802 1117 3840 a
1148 3786 1466 3862 Balleriniis,
1487 3794 1611 3862 tum
1636 3801 1665 3862 ξι
1695 3784 1972 3862 monachis
2000 3785 2068 3862 S._
2089 3785 2275 3862 Mauri.
2299 3784 2460 3840 Primi
2490 3788 2631 3862 enim
2653 3789 2789 3862 hanc
2818 3784 3248 3862 homiliamrinter
3275 3809 3438 3862 opera
3465 3794 3706 3862 genuina

431 3853 779 3932 Sfpontilicis
804 3863 1289 3932 non_reuceperunt;
1322 3853 1661 3932 Benedictini
1691 3869 1822 3932 vero
1849 3856 1904 3908 in
1933 3854 2150 3932 pncfat._
2168 3854 2235 3908 ad
2263 3871 2539 3932 sermones
2577 3857 2634 3910 S.
2665 3858 2950 3932 Ambrosii,
2992 3869 3047 3932 et
3085 3853 3406 3932 inappe'nd.
3439 3853 3597 3932 scrin.
3627 3863 3706 3920 S.

431 3920 712 3996 Augustini
737 3941 886 3980 num.
916 3923 1036 3988 185,
1061 3920 1335 3996 auctorem
1363 3924 1478 3996 ejus
1613 3921 1896 3996 Maximum
1932 3920 2153 3996 professi
2181 3932 2324 3978 sunt.
2352 3923 2630 3996 Editiones
2658 3942 2786 3996 ergo
2810 3927 2866 3982 8.
2899 3920 3164 3985 Ambrosii
3192 3920 3544 3987 Parisiensem
3573 3931 3704 3987 Gil-

431 3990 569 4069 lolii,
601 3996 655 4048 in
673 4010 801 4069 _qua
829 4002 912 4069 est
939 4008 1116 4069 sermo
1142 3990 1403 4069 bimum
1428 3990 1583 4045 titulo
1617 4008 1630 4042 :
1675 3990 1806 4045 Item
1846 3992 1910 4045 de
1934 3990 2268 4069 Pentecoste,
2311 4001 2366 4047 et
2410 3993 2693 4069 Sistinam,
2719 3990 2825 4052 'ubi
2863 4006 3040 4069 exstat
3077 4015 3253 4056 sermo
3294 4001 3382 4067 6!,
3424 4018 3539 4056 cum
3589 4003 3707 4058 hoc

431 4063 602 4141 altero
625 4081 638 4117 :
662 4061 741 4117 De
763 4064 963 4117 ratione
977 4061 2070 4141 festitjtatisPentecostestuon-curandas
2091 4063 2271 4116 censui
2276 4082 2305 4141 ἐ
2312 4078 2393 4141 eo
2422 4061 2882 4141 vel_r_nagis,qquod
2909 4069 3108 4141 rectius
3120 4061 3379 4141 editores
3393 4073 3501 4134 alii,
3523 4069 3705 4141 Gym-

428 4133 581 4208 nicus
605 4148 796 4208 nempe
821 4145 942 4208 pag.
970 4130 1098 4208 ΙἹυὶ
1118 4130 1420 4208 Galesinius
1445 4144 1568 4200 pag.
1603 4130 1746 4208 l59,_
1769 4131 2092 4208 Raynaudus
2118 4146 2241 4208 pag.
2274 4132 2397 4208 2:29.,
2422 4141 2477 4188 et
2505 4130 2835 4208 Margarinns
2864 4137 2916 4192 in
2947 4137 3082 4192 Bibl.
3118 4139 3260 4195 Max.
3291 4150 3423 4195 tom.
3454 4130 3541 4202 VI,
3566 4130 3703 4208 pag.

423 4201 516 4275 27,
545 4203 686 4275 inter
712 4200 1058 4275 Blasimianns
1075 4201 1331 4275 _ho_milias
1359 4207 1694 4275 recenseant.
1727 4200 1783 4275 In
1806 4200 2079 4257 Breviario
2108 4202 2268 4256 etiam
2293 4201 2538 4259 Romano
2564 4200 2689 4274 pars
2706 4206 2863 4275 hujus
2885 4208 3118 4263 homilize
3144 4212 3243 4265 sub
3264 4212 3480 4266 nomine
3498 4200 3707 4265 8(Μὲ-

427 4272 558 4328 ximi
586 4273 777 4341 legitur
803 4271 934 4328 feria
965 4271 1123 4326 tertia
1153 4271 1205 4324 in
1233 4278 1424 4325 octava
1462 4269 1820 4326 Ascensionis.

434 4383 820 4460 Aacuuenruu.
850 4417 922 4427 ——
941 4384 1098 4460 Prior
1125 4384 1351 4460 (aemilio:
1369 4401 1491 4460 pars
1519 4394 1596 4460 est
1624 4386 1688 4439 de
1715 4384 1904 4460 Christi
1930 4403 2010 4440 re—
2038 4387 2084 4452 C
2115 4386 2257 4442 unde
2302 4403 2409 4442 non
2451 4388 2742 4457 incongrue
2785 4394 3056 4460 prosecuti
3099 4409 3302 4448 sumus.
3349 4391 3708 4452 Conveniens

496 4453 2005 4552 fillfgﬁ‘ifif’gfi‘f’ffjfiiﬁiefﬂi‘fﬁ':iﬁcﬂﬁmf‘ﬁﬁfﬁﬂ'ﬁ
2111 4475 2254 4530 enim
2278 4484 2396 4531 erat
2421 4484 2479 4532 ut
2506 4476 2604 4534 ﬂos
2631 4480 2920 4549 pretiosior
2953 4482 3007 4535 in
3037 4483 3252 4538 hortulo
3281 4483 3605 4552 gigneretur,
3630 4496 3708 4542 et.

499 4523 690 4577 Clu-isti
713 4523 1021 4591 triumphum
1041 4539 1155 4576 cum
1175 4523 1423 4594 prapheta
1453 4523 1620 4577 David
1649 4524 1708 4578 S.
1751 4523 2005 4579 Maximus
2115 4523 2254 4530 ”“”“
2281 4523 2395 4531 "ﬂ
2422 4523 2479 4580 Ϊ”
2507 4523 2604 4534 ”“”’
2633 4523 2910 4549 ⁷“”’“’”“”
3038 4523 3252 4538 "mum
3281 4523 3605 4586 “imum”
3630 4523 3706 4542 u

499 4593 771 4644 describit:
811 4602 1166 4644 nostremoaue
1204 4593 1349 4644 docet
1377 4591 1633 4644 Christum
1678 4595 1901 4644 residere
1937 4595 2006 4644 ad
2109 4567 2266 4623 hom”
2305 4567 2468 4638 frug”
2507 4571 2939 4626 commendatum
2976 4573 3094 4628 501°
3123 4589 3327 4642 semen,
3358 4583 3495 4629 Imm
3533 4585 3706 4644 sema

497 4593 771 4657 describit;
793 4591 1633 4664 postremoqueidocetAChristum
1678 4595 1901 4648 residere
1937 4595 2006 4647 ad

495 4663 759 4716 dexteram
780 4658 974 4727 Patris,
1000 4658 1102 4716 non
1123 4663 1244 4732 quia
1263 4661 1432 4732 major
1451 4661 1627 4730 Patre,
1643 4664 1734 4718 sed
1755 4680 1818 4718 ne
1836 4665 2006 4720 minor
2109 4658 2424 4726 domestica,
2461 4659 2479 4698 τ
2513 4669 2691 4716 tamen
2723 4662 2947 4716 virentia
2977 4664 3204 4718 salutem
3235 4665 3470 4719 omnium
3509 4665 3708 4733 pullu-

498 4749 608 4786 csse
637 4734 897 4787 credatur.

395 4793 409 4894 β
497 4823 613 4877 Non
646 4822 983 4878 incommode
1011 4830 1137 4877 ante
1180 4822 1294 4878 dies
1340 4825 1664 4894 complures,
1707 4828 1844 4881 sicut
1882 4828 2005 4884 reti-

429 4912 588 4978 netis,
628 4911 837 4980 fratres,
885 4913 1192 4983 praedicatio
1240 4921 1425 4968 nostra
1470 4916 1755 4983 processit,
1797 4916 1851 4969 in
1896 4933 2002 4986 qua

429 5002 807 5070 descripsimus
847 5005 990 5074 quod
1030 5021 1157 5062 caro
1203 5005 1414 5060 Domini
1447 5017 1469 5044 ο
1498 5006 1730 5061 rediviva
1775 5009 1921 5063 velut
1949 5011 2002 5064 in

428 5091 606 5144 nitore
628 5089 772 5146 ﬂoris
800 5094 866 5147 de
896 5097 1100 5151 tumulo
1127 5096 1530 5164 germinaverit;
1553 5113 1713 5166 quem
1741 5103 2002 5157 tumulum

430 5179 589 5233 situm
619 5180 671 5234 in
699 5181 912 5236 hortulo
933 5187 1258 5253 evangelista
1290 5185 1466 5247 (Joan.
1493 5187 1604 5258 nx)
1630 5196 1853 5248 testatus
1880 5202 1999 5247 est:

500 5347 526 5423 ς
556 5335 688 5423 god.
719 5337 787 5390 99
814 5335 872 5391 S.
900 5337 1101 5423 Crucis,
1133 5356 1418 5423 compar-at.

497 5403 524 5486 ᾗ
556 5404 789 5486 Literde
810 5403 1228 5486 Eod._S._Cr_ucis
1245 5403 1302 5466 in
1331 5411 1462 5478 Jer.,
1480 5422 1606 5486 tunc
1625 5418 1994 5486 comparanda.

501 5484 524 5545 εξ
553 5474 685 5545 Cod.
717 5475 777 5530 S.
805 5475 990 5532 Crucis
1016 5479 1070 5534 in
1097 5478 1229 5545 Jer.,
1259 5474 1509 5537 renovati.

497 5540 520 5580 ά
552 5543 700 5625 idem
732 5545 850 5625 eod.
882 5545 950 5600 99
975 5549 1042 5625 §.
1073 5540 1276 5614 Crucis,
1317 5553 1730 5625 corruptibilibus
1767 5559 1997 5625 corporis

427 5613 792 5692 παρέξω-(Σιρρ.
815 5630 945 5692 gero
972 5617 1060 5692 90Ρ
1085 5613 1386 5692 corruptelae
1412 5613 1641 5692 corporis
1670 5613 1884 5679 exuviisl

501 5694 524 5720 ⁸
554 5682 686 5740 Cod.
717 5682 784 5739 90
814 5684 868 5739 8.
901 5686 1085 5742 Crucis
1114 5688 1166 5742 in
1206 5682 1312 5743 Jer.
1357 5682 1519 5744 habet
1558 5711 1569 5744 :
1600 5695 1817 5748 redivivo
1846 5694 1994 5748 veluti

2100 5497 2252 5551 veluti
2292 5501 2457 5552 nitore

2110 4749 2268 4805 laret.
2299 4749 2496 4805 Christi
2525 4753 2664 4806 enim
2695 4755 3016 4808 resurrectio
3045 4765 3356 4810 cunctorum
3381 4763 3461 4809 est
3483 4755 3710 4811 redem-

2106 4840 2220 4909 ptio
2247 4841 2585 4910 populorum.
2619 4842 2758 4910 Ergo
2789 4844 2842 4897 in
2872 4844 3086 4899 hortulo
3117 4845 3364 4900 Salvator
3389 4845 3703 4903 redivivum

2105 4945 2301 4999 corpus
2333 4933 2576 5000 assumit,
2607 4941 2662 4987 et
2688 4934 2829 4989 inter
2849 4934 3100 4991 ﬂorentes
3131 4937 3352 4992 arbores
3380 4946 3433 4993 et
3457 4937 3708 4995 canden-

2105 5021 2178 5074 tia
2196 5021 2326 5088 lilia,
2350 5037 2510 5076 carne
2535 5022 2644 5090 jam
2668 5034 2877 5080 mortua
2904 5025 3226 5091 reﬂorescit,
3251 5037 3306 5081 et
3327 5029 3398 5081 ita
3418 5027 3703 5096 germinat

2105 5108 2173 5164 de
2200 5113 2466 5181 sepulcro,
2497 5122 2556 5168 ut
2595 5115 2949 5181 germinantia
2978 5124 3032 5170 et
3056 5115 3282 5170 nitentia
3309 5124 3498 5170 cuncta
3517 5130 3702 5184 repe.

2105 5203 2228 5259 riat.
2274 5203 2364 5260 Sic
2403 5208 2544 5260 enim
2589 5215 2711 5276 post
2747 5207 2992 5262 hiemalis
3030 5207 3222 5276 rigoris
3265 5207 3502 5277 frigidam
3535 5222 3699 5278 quo-

2105 5359 2268 5428 nitore
2293 5359 2440 5428 ﬂoris
2475 5361 2538 5413 de
2567 5361 2759 5416 tumulo
2788 5363 3118 5428 germinaret.
3149 5361 3282 5418 Cod.
3325 5379 3362 5419 ιι
3405 5361 3463 5418 8.
3492 5359 3704 5421 Crucis

2101 5425 2302 5511 Minor;
2321 5431 2374 5511 in
2400 5429 2678 5511 Laurent”
2706 5429 2762 5484 S.
2787 5425 3106 5488 Emmerami
3128 5431 3430 5504 Ratispon.,
3456 5432 3702 5490 redivivo

2179 5515 2457 5622 ξιιέἰῶφὲ
2689 5567 2903 5636 Minor.,
2929 5571 2997 5626 90
3023 5570 3079 5626 8.
3111 5567 3296 5626 Crucis
3317 5571 3369 5624 in
3390 5569 3521 5636 Jer.,
3546 5568 3705 5628 Αω-

2103 5634 2248 5688 bros.
2287 5645 2342 5691 et
2376 5638 2434 5691 S.
2466 5635 2786 5693 Emmerami
2825 5634 3054 5712 Ratisp.,
3085 5656 3288 5695 amcena
3308 5634 3541 5695 virentia.
