4042 6192
276 340 373 395 369

1597 339 1873 394 llOMlLlA
1913 341 2044 397 LXI.

3413 349 3525 403 370

272 436 553 507 dammodo
579 450 908 520 sepulturam
939 448 1197 518 pullulare
1236 448 1502 502 elementa
1537 451 1694 519 188
1720 464 1838 501 om-
1870 456 1915 510 Α
1943 452 2094 507 duxit
2122 454 2187 507 ad
2218 454 2407 509 altiora
2437 456 2722 526 captivum,
2755 459 2892 513 sicut
2919 460 3172 528 scriptum
3202 467 3285 513 est
3313 461 3363 513 iu
3394 475 3520 528 pro-

270 540 350 593 nia
398 538 745 603 festinarunt,
796 546 885 600 ut,
935 546 1247 604 resurgente
1300 537 1567 602 Domino,
1620 546 1675 591 et
1728 539 1841 607 ipsa

266 634 669 694 consurgerent.
702 626 835 679 Nam
878 626 1061 694 utique
1101 641 1167 678 ex
1214 626 1611 679 resurrectione
1649 626 1844 680 Christi

270 704 359 768 aer
396 715 662 769 salubrior
706 722 807 779 est,
842 723 865 750 ιι
896 714 978 768 sol
1006 715 1301 777 candidior,
1350 723 1491 768 terra
1525 715 1839 769 fecundior:

272 821 335 859 ex
378 820 446 859 eo
481 805 725 859 surculus
752 805 943 858 crescit
984 805 1037 857 in
1080 804 1344 866 fruticem,
1378 805 1545 858 herba
1574 806 1765 859 crescit
1794 807 1844 859 in

272 902 525 962 segetem,
555 895 710 948 vinea
748 894 991 964 pubescit
1036 895 1088 948 in
1127 896 1419 964 palmitem.
1449 896 1504 949 Si
1541 898 1700 963 igitur
1727 913 1846 951 cum

272 984 566 1039 reﬂorescit
591 982 791 1038 Christi
829 1000 976 1049 caro,
1019 986 1196 1039 omnia
1240 986 1459 1040 lloribus
1501 988 1800 1041 vestiuntur
1832 1004 1843 1037 :

272 1089 491 1130 necesse
518 1086 618 1138 est,
645 1083 701 1129 et
727 1091 846 1129 cum
891 1077 1028 1130 idem
1066 1076 1295 1130 fructum
1338 1076 1511 1141 affert,
1540 1080 1700 1132 etiam
1732 1081 1849 1132 uni—

272 1181 423 1219 versa
452 1165 789 1230 fructiﬁcent,
821 1168 958 1221 sicut
981 1168 1055 1221 ait
1079 1168 1216 1223 idem
1250 1171 1504 1225 Dominus
1537 1190 1549 1225 :
1584 1171 1704 1225 Nisi
1725 1191 1848 1243 gra-

272 1276 395 1311 num
424 1260 581 1312 tritici
618 1259 807 1313 cadens
854 1262 908 1313 in
951 1270 1141 1314 terram
1186 1272 1441 1317 mortuum
1482 1266 1653 1334 fuerit,
1684 1266 1851 1333 ipsum

270 1351 435 1404 solum
455 1358 659 1415 manet;
690 1367 805 1404 cum
833 1360 1002 1405 autem
1029 1361 1284 1407 mortuum
1312 1356 1481 1425 fuerit,
1506 1357 1719 1409 multum
1741 1359 1852 1427 fru-

270 1449 407 1493 ctum
428 1441 580 1509 affert
602 1439 781 1511 (Joan.
806 1442 921 1512 xu).
956 1442 1216 1497 Reﬂoruit
1252 1445 1413 1512 igitur
1435 1445 1711 1511 Dominus,
1728 1464 1849 1503 cum

270 1531 563 1584 resurrexit
591 1546 621 1585 e
654 1531 890 1596 tumulo;
922 1530 950 1570 δ
988 1532 1292 1597 fructificat,
1333 1552 1455 1590 cum
1505 1539 1745 1592 ascendit
1786 1539 1854 1591 ad

272 1621 489 1676 cmlum.
523 1621 644 1676 Flos
672 1631 772 1685 est,
796 1638 916 1676 cum
946 1624 1013 1678 de
1042 1625 1381 1680 inferioribus
1405 1635 1560 1681 terra:
1588 1630 1851 1696 gignitur;

272 1711 479 1765 fructus
507 1720 606 1777 est,
637 1727 757 1767 cum
798 1713 1052 1766 altissima
1095 1714 1222 1768 sede
1260 1716 1585 1770 reconditur.
1618 1717 1853 1770 Granum

1945 546 2107 614 pheta
2133 562 2145 596 :
2177 545 2467 599 Ascendens
2506 548 2561 599 in
2600 548 2761 602 altum
2791 550 3044 618 captivam
3070 549 3215 601 duxit
3245 550 3520 618 captivita-

1947 646 2073 700 tem,
2105 636 2247 689 dedit
2289 630 2427 690 bona
2463 637 2752 692 hominibus
2786 637 2953 708 (Psal.
2998 654 3165 704 uvn;
3196 637 3386 708 Eplies.
3422 637 3517 703 iv).

1948 728 2076 793 Qum
2104 728 2365 782 sententia
2397 730 2581 797 utique
2609 730 2685 784 sic
2727 730 3054 797 intelligitur,
3086 745 3152 784 eo
3180 730 3324 798 quod
3350 731 3517 798 capti-

1947 820 2167 873 vitalem
2206 819 2466 883 hominis,
2515 833 2674 886 quem
2720 820 2822 874 sibi
2862 821 3104 875 diabolus
3132 820 3516 890 captivaverat,

1950 909 2024 962 illi
2054 908 2292 963 eruendo
2326 909 2426 962 sibi
2454 908 2711 963 Dominus
2739 912 3049 979 captivarit,
3080 920 3134 965 et
3162 912 3352 980 ipsam,
3383 912 3523 965 sicut

1950 999 2045 1063 ait,
2076 999 2439 1067 captivitatem
2470 1008 2495 1046 ε
2525 1008 2736 1068 captam
2774 1000 2839 1054 ad
2868 1002 3125 1056 omlorum
3153 1002 3259 1055 alta
3287 1003 3520 1056 sustule-

1951 1088 2038 1141 rit.
2092 1087 2327 1157 Utraque
2365 1088 2523 1155 igitur
2558 1090 2840 1158 captivitas
2879 1105 2983 1144 uno
3023 1091 3284 1145 vocabulo
3311 1107 3521 1145 nuncu-

1951 1186 2129 1248 patur,
2168 1178 2261 1233 sed
2288 1194 2399 1233 non
2429 1176 2457 1215 δ
2494 1179 2714 1249 aequalis
2742 1187 2965 1248 utraque
2992 1188 3093 1235 est.
3144 1180 3350 1235 Diaboli
3378 1182 3521 1236 enim

1951 1270 2234 1337 captivitas
2273 1269 2515 1323 servituti
2545 1269 2785 1337 subjicit,
2817 1270 3014 1325 Christi
3043 1278 3221 1325 autem
3245 1273 3527 1340 captivitas

1952 1360 2185 1412 restituit
2221 1358 2236 1396 ί
2271 1359 2522 1413 libertati.
2559 1361 2573 1409 l
2611 1359 2875 1425 Ascendit,
2908 1360 3108 1429 inquit,
3138 1362 3191 1413 in
3217 1361 3409 1423 altum;
3434 1377 3523 1413 ca-

1953 1453 2142 1524 ptivam
2185 1452 2333 1504 duxit
2379 1452 2745 1520 captivitatem.
2806 1450 2974 1516 Quam
3020 1451 3158 1504 bene
3204 1449 3525 1519 triumphum

1954 1542 2165 1598 Domini
2210 1542 2470 1611 propheta
2513 1540 2785 1594 describit.
2819 1539 3058 1604 Solebat,
3097 1541 3252 1610 190
3280 1540 3417 1594 sicut
3444 1539 3525 1591 di-

1956 1640 2122 1695 cunt,
2187 1645 2413 1698 regnum
2467 1629 2910 1698 triumphantium
2963 1644 3150 1683 currus
3195 1629 3528 1698 captivorum

1960 1737 2148 1791 pompa
2179 1719 2481 1789 praecedere
2510 1738 2520 1772 :
2560 1734 2683 1773 ecce
2707 1719 2987 1773 Dominum
3017 1728 3231 1775 euntem
3267 1720 3336 1774 ad
3365 1721 3529 1775 cmlos

273 1809 373 1869 est,
410 1802 540 1856 sicut
573 1802 686 1872 ipse
730 1802 822 1866 ait,
862 1818 983 1857 cum
1029 1804 1176 1859 solus
1216 1820 1429 1861 crucem
1477 1806 1702 1876 patitur,
1745 1806 1845 1861 fru-
1889 1817 1932 1875 Β
1963 1828 2067 1865 non
2099 1809 2366 1880 prascedit,
2399 1808 2490 1864 sed
2520 1809 2804 1864 comitatur
2831 1809 3063 1877 gloriosa
3092 1810 3391 1878 captivitas,
3424 1825 3531 1861 non

274 1902 395 1947 ctus
424 1901 523 1957 est,
566 1909 689 1947 cum
727 1894 954 1964 plurima
1002 1896 1367 1965 apostolorum
1410 1898 1722 1952 credulitate
1756 1900 1857 1952 cir-

273 1983 575 2039 cumdatur.
625 1982 720 2038 llis
772 1985 914 2037 enim
958 1994 1083 2053 post
1128 1988 1578 2041 resurrectionem
1628 1989 1858 2056 quadra-

274 2073 422 2141 ginta
451 2073 639 2127 diebus
674 2090 795 2129 cum
820 2073 1094 2144 discipulis
1140 2086 1486 2131 conversatus
1506 2120 1519 2144 ,
1546 2090 1565 2116 ε
1600 2087 1709 2131 tota
1742 2079 1860 2133 illos

272 2165 553 2235 sapientia:
595 2166 904 2220 maturitate
933 2165 1169 2231 edocuit,
1211 2176 1266 2221 et
1306 2168 1373 2221 ad
1420 2170 1613 2224 bonam
1654 2169 1857 2237 frugem

275 2272 373 2311 eos
415 2256 559 2310 omni
605 2255 1021 2325 disciplinarum,
1050 2256 1377 2312 fecunditate
1423 2259 1707 2313 convertit.
1758 2260 1860 2313 De-

273 2345 403 2401 inde
454 2344 695 2417 asqendit
739 2343 807 2398 ad
857 2345 1073 2413 cmlum,
1128 2346 1193 2399 ad
1237 2345 1449 2401 Patrem
1493 2348 1698 2402 scilicet
1751 2347 1861 2401 fru-

274 2446 427 2493 ctum
470 2437 646 2491 carnis
709 2434 733 2472 ά
802 2429 1127 2506 praeferens,
1196 2438 1250 2491 in
1314 2438 1586 2508 discipulis
1641 2438 1861 2507 justiti-.1:

272 2531 483 2586 semina
541 2528 938 2598 derelinquens.
1007 2528 1263 2584 Ascendit
1318 2544 1447 2598 ergo
1515 2530 1583 2583 ad
1646 2529 1859 2585 Patrem

278 2618 555 2674 Dominus.
630 2618 871 2673 Meminit
942 2620 1199 2674 sanctitas
1249 2628 1424 2674 vestra
1473 2619 1619 2689 quod
1670 2621 1862 2691 aquila:

279 2713 442 2782 189
472 2711 544 2765 illi
570 2710 637 2765 de
667 2710 919 2779 psalterio
940 2752 955 2776 ,
987 2710 1139 2779 cujus
1173 2712 1482 2767 innovatam
1520 2711 1856 2780 juventutem

276 2802 532 2870 legimus,
564 2801 986 2870 comparaverim
1025 2799 1396 2867 Salvatorem;
1428 2810 1510 2857 est
1530 2803 1673 2856 enim
1703 2803 1855 2857 simi-

275 2892 448 2947 litudo
476 2908 583 2946 non
610 2907 771 2962 parva
799 2910 812 2944 :
851 2892 988 2947 sicut
1016 2892 1157 2947 enim
1188 2894 1363 2962 aquila
1392 2894 1612 2948 humilia
1641 2894 1858 2961 deserit,

268 2982 384 3034 alta
416 2980 568 3050 petit,
602 2990 625 3019 ο
662 2982 680 3001 ⁶
702 2981 868 3036 cmlos
905 2981 1078 3035 vicina
1117 2983 1457 3038 conscendit:
1492 2984 1566 3038 ita
1593 2992 1647 3038 et
1675 2983 1862 3039 Salva-

276 3080 365 3127 tor
396 3072 615 3126 humilia
645 3071 837 3126 inferni
869 3072 1123 3138 deseruit,
1152 3072 1384 3142 paradisi
1414 3074 1603 3127 altiora
1630 3075 1858 3143 petiit‘;

1961 1910 2087 1955 ante
2112 1901 2412 1955 vehiculum
2441 1900 2671 1963 ducitur,
2703 1898 2798 1953 sed
2828 1900 2941 1969 ipsa
2973 1900 3154 1953 evehit
3176 1899 3531 1954 Salvatorem.

1961 1991 2201 2056 Quodam
2226 1990 2367 2044 enim
2397 1988 2672 2059 mysterio,
2702 1988 2827 2041 dum
2859 1987 3023 2042 Filius
3052 1988 3145 2041 Dei
3169 1987 3331 2041 filium
3362 1986 3533 2045 homi-

1964 2084 2044 2133 nis
2071 2079 2095 2116 ¹ί
2126 2079 2337 2133 sustulit
2363 2077 2428 2131 ad
2457 2078 2647 2131 cmlum
2669 2116 2683 2141 ,
2718 2078 2830 2145 ipsa
2886 2078 3168 2146 captivitas
3197 2084 3437 2145 portatur
3479 2084 3533 2129 et

1958 2175 2159 2240 portat.
2192 2169 2345 2234 Quod
2370 2177 2544 2221 autem
2575 2168 2648 2219 ait
2674 2185 2685 2218 :
2729 2166 2885 2220 Dedit
2912 2168 3051 2221 dona
3080 2165 3394 2229 hominibus,
3428 2166 3532 2219 hoc

1959 2259 2199 2315 victoris'
2235 2259 2440 2326 insigne
2486 2265 2598 2321 est;
2648 2264 2769 2325 post
2809 2258 3133 2326 triumphum
3175 2257 3315 2310 enim
3364 2257 3532 2309 victor

1960 2364 2173 2418 semper
2196 2348 2335 2403 dona
2366 2348 2607 2416 largitur,
2640 2355 2693 2402 et
2721 2348 2941 2417 proprio
2969 2362 3136 2416 regno
3165 2346 3405 2401 residens
3430 2360 3529 2399 ser

1962 2442 2207 2495 vulorum
2250 2440 2440 2508 gaudia
2487 2448 2815 2493 muneratur.
2865 2438 2955 2492 Sic
3000 2437 3242 2492 Christus
3280 2436 3535 2491 Dominus

1966 2529 1984 2567 ι
2019 2531 2343 2586 diabolicum
2371 2539 2495 2600 post
2532 2530 2861 2599 triumphum
2903 2528 3142 2582 residens
3164 2528 3229 2581 ad
3258 2528 3535 2582 dexteram

1964 2620 2137 2676 Patris
2163 2620 2422 2676 hodierna
2451 2620 2539 2674 die
2572 2618 2846 2689 discipulis
2874 2618 3013 2673 dona
3042 2618 3261 2686 largitus
3291 2628 3399 2682 est,
3428 2633 3535 2672 non

1964 2715 2079 2769 auri
2108 2713 2327 2777 talenta,
2357 2728 2464 2767 non
2494 2712 2701 2781 argenti
2729 2710 2963 2774 metalla,
2995 2709 3089 2765 sed
3117 2709 3345 2778 Spiritus
3366 2708 3535 2762 sancti

1963 2806 2201 2862 cmlestia
2229 2821 2451 2860 munera
2473 2845 2488 2871 ,
2533 2811 2590 2859 ut
2634 2805 2775 2857 inter
2808 2810 3031 2858 caeteras
3066 2802 3264 2870 gratias
3294 2799 3535 2869 Apostoli

1963 2900 2126 2954 etiam
2155 2899 2349 2966 linguis
2378 2898 2539 2951 variis
2560 2897 2935 2963 loquerentur;
2969 2894 3069 2948 hoc
3090 2901 3191 2957 est,
3214 2901 3273 2947 ut
3302 2893 3536 2946 Hebrum:

1964 2989 2198 3044 nationis
2242 2990 2405 3044 homo
2465 2988 2665 3045 Christi
2713 2987 2935 3055 gloriam
2980 2986 3233 3040 Romanae
3281 2984 3538 3039 facundia:

1964 3081 2275 3149 eloquentia
2300 3088 2628 3149 pertonaret,
2662 3088 2715 3133 et
2740 3079 3161 3149 redemptionem
3190 3079 3399 3145 generis
3434 3077 3537 3131 liu-

273 3162 535 3217 omlorum
551 3162 1316 3233 fastigiapenetravit:etsicut
1332 3164 1526 3232 aquila,
1543 3165 1741 3220 relictis
1757 3175 1928 3238 ter-C
1960 3171 2111 3224 mani
2150 3170 2442 3239 peregrina:
2491 3185 2666 3234 aures,
2709 3178 2749 3205 ω
2797 3169 2921 3237 quia
2975 3167 3154 3222 Judma
3217 3168 3539 3237 przedicanto

277 3254 428 3308 renis
448 3254 715 3317 sordibus,
747 3253 764 3291 ι
791 3255 1014 3309 sublime
1053 3256 1259 3318 volans,
1300 3256 1529 3325 purioris
1552 3258 1690 3311 aeris
1724 3257 1866 3312 salu-

274 3343 472 3398 britate
490 3343 808 3413 perfruitur;
840 3345 914 3399 ita
941 3353 995 3399 et
1016 3345 1273 3401 Dominus
1318 3353 1653 3400 terrenorum
1681 3346 1862 3407 faccem

275 3434 533 3489 deserens
562 3444 932 3504 peccatorum,
966 3437 1017 3489 in
1046 3437 1244 3491 sanctis
1282 3438 1392 3491 suis
1421 3437 1651 3491 volitans
1680 3439 1862 3508 purio-

278 3526 354 3580 ris
384 3526 506 3579 vita:
530 3526 873 3595 simplicitate
899 3526 1123 3581 lzetatur.
1158 3526 1263 3582 Per
1283 3527 1461 3582 omnia
1490 3529 1649 3596 igitur
1669 3529 1859 3597 aquila:

277 3616 614 3685 comparatio
662 3616 912 3671 convenit
957 3615 1243 3671 Salvatori.
1311 3617 1417 3672 Sed
1456 3618 1583 3687 quid
1611 3617 1852 3683 facimus,

278 3707 425 3777 quod
471 3708 648 3777 aquila
695 3708 928 3777 prmdam
974 3707 1285 3778 frequenter
1328 3709 1536 3778 diripit,
1584 3710 1723 3764 tollit
1749 3708 1851 3763 fre-

280 3808 515 3869 quenter
560 3802 832 3855 alienum?
870 3800 977 3856 Nec
1021 3802 1075 3856 in
1122 3802 1225 3856 hoc
1266 3809 1447 3855 tamen
1478 3801 1748 3856 dissimilis
1775 3809 1859 3856 est

279 3889 568 3945 Salvator:
615 3891 847 3961 praedam
878 3892 1021 3946 enim
1049 3891 1443 3960 quodammodo
1472 3893 1706 3957 sustulit,
1736 3907 1858 3947 cum

281 3977 552 4035 hominem
577 4021 591 4046 ,
633 3996 792 4049 quem
833 3982 1094 4051 suscepit,
1129 3980 1321 4036 inferni
1352 3989 1566 4051 raptum
1595 3982 1854 4043 faucibus,

282 4073 519 4142 portavit
563 4072 632 4126 ad
679 4073 903 4139 coelum,
946 4080 1004 4127 ut
1036 4073 1223 4127 alienae
1263 4073 1672 4138 dominationis,
1704 4074 1860 4128 idest

282 4164 561 4220 diabolica:
600 4166 883 4236 potestatis
921 4180 1133 4221 servum
1176 4164 1243 4223 de
1284 4164 1595 4235 captivitate
1623 4174 1852 4225 erutum,

1972 3262 2150 3328 lingua
2174 3275 2281 3314 non
2311 3268 2601 3329 caperent,
2632 3260 2847 3328 pr0pria
2879 3259 3091 3327 loquela
3133 3266 3537 3326 cognoscerent.

1967 3351 2154 3407 Omnis
2184 3352 2362 3419 lingua
2408 3351 2463 3404 in
2508 3350 2887 3419 prmdicatione
2920 3348 3118 3403 Christi
3146 3348 3449 3410 resolvitur,
3483 3356 3541 3401 ut

1966 3441 2304 3509 majestatem
2333 3439 2449 3509 ejus
2476 3438 2649 3494 omnis
2678 3438 2888 3506 loquela
2920 3438 3165 3500 fateatur,
3207 3437 3345 3491 sicut
3378 3437 3451 3489 ait
3479 3435 3535 3489 8.

1965 3531 2169 3586 David:
2201 3528 2327 3584 Non
2369 3539 2489 3583 sunt
2529 3530 2740 3600 loquela:
2762 3570 2776 3593 ,
2826 3545 2987 3599 neque
3020 3543 3303 3591 sermones,
3328 3542 3541 3596 quorum

1961 3642 2065 3679 non
2085 3625 2365 3677 audiantur
2385 3638 2528 3677 voces
2551 3637 2727 3676 eorum
2750 3619 2919 3691 (Psal.
2948 3621 3116 3687 xvm).
3136 3627 3164 3654 ιι
3180 3617 3257 3671 Ne
3276 3616 3539 3670 miremini

1961 3720 2138 3766 autem
2201 3710 2344 3780 quod
2380 3710 2447 3764 ad
2494 3710 2769 3763 dexteram
2817 3708 2993 3762 Patris
3037 3706 3272 3760 residere
3308 3706 3541 3759 diximus

1963 3800 2186 3865 Filium;
2228 3799 2296 3853 ad
2332 3800 2609 3854 dexteram
2649 3797 2792 3852 enim
2822 3797 3037 3863 residet,
3073 3812 3178 3851 non
3208 3797 3331 3863 quia
3372 3794 3541 3863 major

1961 3889 2144 3956 Patre,
2177 3900 2202 3928 ο
2232 3891 2327 3946 sed
2365 3907 2435 3947 ne
2470 3892 2647 3945 minor
2680 3905 2799 3945 esse
2839 3890 3115 3953 credatur;
3145 3889 3279 3942 sicut
3308 3886 3542 3941 hmretici

1960 3982 2333 4051 blasphemare
2372 3989 2793 4048 consueverunt;
2824 3982 2962 4036 sicut
2988 3981 3129 4035 enim
3160 3978 3419 4033 Divinitas
3442 3978 3539 4031 ho~

1960 4073 2309 4128 noriticentia:
2364 4072 2587 4140 gradum
2635 4073 2846 4137 nescit,
2897 4072 2971 4126 ita
3017 4070 3292 4141 Scriptura
3354 4076 3539 4121 sancta

1961 4164 2114 4217 novit
2133 4164 2353 4219 obviare
2382 4174 2409 4213 P
2438 4163 2803 4233 blasphemiis.

1627 4252 1973 4314 HOMILIA
2018 4253 2181 4313 LXI.

1373 4351 1437 4407 In
1464 4353 1786 4407 solemnitate
1807 4362 2003 4406 sauch
2031 4351 2361 4407 Pentecostes
2393 4347 2446 4406 I.

1703 4441 2093 4498 ADMONITIO.

356 4542 511 4623 191
537 4539 778 4623 Celebris
804 4545 887 4623 εει
924 4538 1065 4623 apud
1108 4537 1423 4623 Gratianum
1463 4537 1696 4623 δίέίίηθὲ·
1747 4536 1995 4623 ἶ7,’,.9ΞΡῙ
2026 4533 2275 4623 M9179:
2293 4532 2539 4623 Milite.
2551 4526 3544 4623 @9???‘P£Mf“£’9il‘-ﬂf¥f2135fi”

289 4597 765 4681 δοεήἶιῖῗιᾳιιαρὶηια
786 4609 893 4663 dies
922 4597 1066 4681 nobis
1086 4618 1161 4662 est
1182 4610 1323 4681 jugis
1343 4618 1391 4661 et
1412 4597 1996 4681 gontinuataﬂfestivitas
2016 4620 2036 4681 ς
2068 4597 2142 4657 ita
2170 4597 2226 4657 ut
2247 4605 2341 4681 li‘oc
2361 4605 2498 4663 omni
2522 4597 2746 4681 tempore
2764 4617 2930 4681 neque.
2944 4600 3010 4652 ad
3030 4597 3546 4681 observandum‘indi:

289 4665 458 4735 camus
479 4665 727 4751 ieiunia,
751 4696 911 4748 neque
938 4680 1006 4731 ad
1042 4665 1364 4733 exorandum
1405 4676 1569 4731 Deum
1604 4665 1817 4747 genib'us
1849 4674 2195 4727 succidamus.
2257 4671 2493 4733 Primum
2521 4674 2589 4728 de
2616 4665 3004 4729 consuetudine
3032 4686 3139 4725 non
3162 4665 3466 4737 jejunandi,
3490 4673 3546 4724 et

362 4848 392 4877 ι
412 4838 550 4894 Idem
579 4837 701 4894 eod.
734 4854 770 4892 ιι
798 4836 857 4891 8.
884 4835 1069 4891 Crucis
1097 4834 1312 4896 Minor.,
1353 4842 1408 4889 et
1444 4833 1502 4888 8.
1542 4831 1864 4886 Emmerami

291 4907 519 4979 Batisp.,
552 4918 693 4979 terra
721 4907 1008 4979 fecundior,
1040 4905 1119 4959 sol
1140 4906 1376 4979 calidior.
1408 4903 1643 4979 Uterque
1662 4902 1782 4956 eod.
1806 4900 1866 4955 S.

290 4974 475 5033 Crucis
500 4980 554 5032 in
580 4974 822 5039 Jer.,’sol
851 4976 1089 5039 calidior,
1117 4984 1253 5028 terra
1278 4974 1657 5045 fecundiormx
1678 4989 1736 5025 eo
1756 4988 1870 5026 sur-

293 5048 436 5102 culus
462 5048 661 5102 virescit
688 5049 743 5100 in
774 5047 1027 5117 fruticem.

370 5117 397 5155 δ
426 5117 562 5173 idem
592 5116 714 5172 cod.
739 5110 796 5181 ιί,
829 5114 1178 5184 fructiﬁcavit,
1206 5129 1320 5167 cum
1347 5112 1580 5167 ascendit
1602 5111 1671 5164 ad
1690 5110 1872 5165 cazlum

293 5188 527 5258 fructum
540 5186 715 5258 carnis
739 5188 1022 5257 perferens.

375 5266 398 5294 ε
428 5256 553 5311 Cod.
582 5248 851 5317 Anthr-'05.,
886 5266 991 5307 tota
1029 5252 1297 5320 sapientia:
1323 5251 1621 5303 maturitate
1649 5248 1869 5320 edocuit.

370 5322 398 5362 ⁴¹
425 5325 586 5382 Codd.
620 5325 688 5378 90
715 5325 771 5379 S.
798 5324 984 5380 Crucis
1010 5324 1062 5376 in
1091 5318 1200 5376 Jer.
1231 5329 1285 5375 et
1317 5320 1373 5374 S.
1409 5320 1729 5374 Emmerami
1760 5318 1867 5371 lla-

294 5399 516 5461 tispon.,
543 5399 825 5466 perferens.

379 5475 401 5501 ο
430 5464 502 5519 Ex
530 5475 758 5519 utroque
785 5462 905 5518 cod.
939 5461 995 5515 S.
1027 5460 1213 5516 Crucis
1239 5460 1291 5512 in
1316 5456 1634 5514 Jerusalem.

382 5482 401 5501 ⁸
430 5482 502 5519 ΒΧ
530 5482 615 5519 [llr
693 5482 758 5518 ue
785 5482 905 5518 coa-
939 5482 995 5515 Β.
1027 5482 1213 5516 erCIS
1239 5482 1291 5512 ΙΙΙ
1316 5482 1634 5514 Jerusalem.

382 5532 398 5570 τ
430 5533 569 5606 [dem
596 5482 800 5606 οἴέὶηιι,
828 5534 882 5585 in
912 5532 1127 5606 sublime
1147 5532 1425 5606 uolans.___
1729 5596 1739 5606 .
1780 5596 1789 5605 .

380 5610 403 5646 ε
431 5602 593 5658 Codd.
627 5604 875 5657 Ambros.
909 5609 965 5655 et
994 5617 1028 5655 ιι
1057 5600 1117 5654 8.
1145 5600 1331 5654 Crucis
1358 5596 1574 5659 Minon,
1601 5596 1873 5665 captivita-

304 5682 411 5742 tezu
434 5674 701 5742 captivam.

387 5738 411 5777 δ
437 5735 573 5797 Idem
598 5741 720 5798 cod.
764 5757 800 5796 ιι
836 5739 1022 5795 Minor.
1048 5782 1061 5807 ,
1093 5740 1182 5793 sed
1217 5754 1317 5793 non
1348 5736 1613 5807 rrqualitas
1643 5735 1695 5789 in
1728 5745 1870 5788 utra-

1894 4834 1947 4895 D
1971 4846 2067 4901 φης
2094 4838 2188 4901 ερε-

2051 4897 2066 4936 ί
2101 4898 2234 4953 Cod.
2265 4896 2323 4952 S.
2350 4894 2694 4956 Emmerami,
2724 4894 3023 4947 libertatem.

2048 4968 2062 5039 _i
2104 4965 2492 5039 Dterquecod.
2515 4965 2575 5039 8.
2601 4964 2785 5039 C_rucis
2816 4961 3027 5039 in_.ler.,
3059 4957 3374 5039 Ascendens.
3456 5028 3466 5039 .
3514 5026 3525 5037 .

2046 5036 2071 5075 ¹ι
2102 5027 2397 5092 Ιόθιῐῖοοᾶ.
2430 5051 2467 5089 ιι
2511 5033 2567 5089 8.
2618 5033 2803 5089 Crucis
2845 5031 3068 5091 Minor.,
3118 5027 3287 5097 ﬁlium
3330 5027 3549 5081 hominis

1975 5108 2199 5165 sustollit
2229 5108 2296 5159 ad
2318 5105 2514 5161 caelum.

2055 5164 2241 5232 1Cod.
2275 5176 2342 5231 90
2374 5175 2537 5243 legit:
2589 5170 2822 5225 Christus
2860 5166 3110 5221 Dominus
3154 5168 3315 5221 victor
3360 5164 3551 5219 diaboli

1976 5248 2228 5309 residens,
2264 5255 2369 5300 etc.

2051 5327 2088 5355 ω
2118 5305 2251 5371 Cod.
2283 5315 2340 5369 S.
2386 5308 2707 5365 Emmerami
2736 5307 2868 5362 duas
2899 5307 3170 5360 variantes
3205 5305 3511 5374 suppeditat
3536 5322 3548 5355 :

2009 5388 2096 5439 uia
2126 5403 2157 5438 a
2194 5385 2381 5438 Judwa
2421 5379 2691 5449 prwdicari
2732 5378 2908 5447 lingua
2942 5394 3045 5430 non
3070 5384 3340 5445 caperent;
3362 5375 3483 5445 quia
3523 5388 3553 5425 α

2009 5404 2096 5439 illa
2126 5404 2157 5438 α
2194 5404 2381 5438 Juawa
2421 5404 2691 5449 prwawun
2732 5404 2908 5447 uuguu
2942 5404 3045 5430 ιιυιι
3070 5404 3235 5445 υιιμσιι

1973 5404 2165 5510 Ίιιάιεα
2192 5452 2626 5524 prazdicationem.
2642 5448 2820 5524 lingua
2842 5464 2946 5524 non
2978 5453 3235 5515 caperent.

2050 5536 2074 5561 "
2106 5516 2240 5579 Cod.
2270 5522 2541 5586 Ambros.,
2574 5516 2658 5571 Ne
2680 5516 2881 5571 mireris
2908 5526 3097 5586 autem.

2050 5603 2074 5630 ο
2105 5593 2251 5648 Idem
2297 5591 2416 5646 cod.
2468 5605 2503 5643 ιι
2530 5579 2599 5642 ἐι
2644 5586 2764 5641 eod.
2815 5587 2871 5641 8.
2920 5585 3105 5639 Crucis
3132 5584 3185 5638 in
3212 5580 3345 5643 Jer.,
3380 5579 3553 5633 sedne
3618 5622 3636 5625 _

1976 5662 2325 5719 minorPatre
2344 5674 2452 5713 esse
2480 5659 2738 5712 credatur.
2882 5726 2888 5728 _
2941 5725 2948 5728 Α
3076 5724 3118 5728 η
3227 5721 3237 5728 ,
3344 5719 3353 5728 _

2052 5745 2074 5781 r
2104 5732 2248 5786 Idem
2279 5729 2395 5783 eod.
2427 5746 2459 5785 ιι
2481 5738 2535 5785 et
2562 5728 2650 5792 90,
2684 5728 2819 5781 norit
2842 5725 3043 5777 olniarc
3070 5721 3413 5789 blasphemis,
