4042 6192
249 333 338 390 ⁸75
1324 354 1325 357 η
1551 326 1829 382 ΙΙΟΜΙΙᾸᾹ

1890 327 2018 382 .xu.
3380 340 3486 397 δη

249 446 349 510 mei,
369 441 482 496 dum
510 456 662 512 spero
694 441 747 494 in
768 449 793 478 ⁸
833 438 942 493 Deo
971 455 1082 494 meo
1114 439 1285 509 (Psal.
1322 443 1525 509 uvm).
1574 439 1798 495 Defece-
1827 446 1873 500 A
1902 437 2282 494 ascendentem
2331 439 2480 496 illum
2540 444 2749 511 gremio
2795 446 3045 502 molliore
3089 448 3485 517 comple¢titur.

248 544 355 595 runt
405 533 546 589 enim
593 531 873 602 prophetae
921 531 1102 596 oculi,
1143 530 1269 599 quia
1310 530 1547 586 nondum
1588 530 1804 585 videbat
1903 532 2039 588 Nam
2066 533 2187 589 ideo
2218 531 2378 589 Pater
2412 534 2609 590 dicitur
2635 538 2907 607 suscipere
2936 538 3133 594 Filium
3182 540 3338 596 nubis
3362 556 3484 596 um-

248 641 385 697 quem
410 622 663 694 sperabat
689 637 749 676 se
772 636 891 676 esse
912 620 1180 687 visurum;
1211 621 1289 675 sic
1318 635 1550 691 namque
1580 627 1803 690 aposto-
1904 624 2146 688 braculo,
2174 632 2233 678 ut
2256 624 2569 680 ostendatur
2596 627 2877 697 refrigerio
2900 630 3141 700 quodam
3169 630 3352 687 fovere
3372 612 3507 701 ejus.

249 719 401 771 lorum
428 712 739 768 defecerunt
766 712 927 777 oculi,
957 727 1078 767 cum
1106 722 1325 766 euntem
1366 711 1432 765 ad
1471 712 1667 766 coelum
1698 712 1803 766 Βο-
1904 714 2129 768 vulnera
2159 715 2442 783 passionis.
2476 714 2603 771 Post
2629 734 2844 773 crucem
2885 720 3047 783 enim,
3081 728 3205 789 post
3234 720 3481 790 injurias,

248 808 428 863 minam
452 811 725 872 nequeunt
753 802 980 867 intueri;
1014 801 1310 856 secundum
1341 802 1485 871 quod
1505 803 1581 857 ait
1608 801 1802 869 Lucas,
1907 816 2029 877 post
2056 807 2256 863 inferos
2285 825 2389 862 non
2418 817 2501 863 est
2532 811 2703 878 majus
2729 810 2945 866 Christo
2974 812 3308 881 refrigerium
3340 812 3358 851 ί
3387 814 3488 867 nisi

247 902 407 955 dicens
432 916 445 949 :
469 894 539 950 Et
562 894 847 949 ridentibus
869 894 975 949 illis
1007 895 1227 948 elevatus
1253 905 1348 959 est,
1380 904 1430 948 ει
1458 895 1617 947 nubes
1635 910 1808 947 διωεο-
1906 900 2051 967 quod
2064 900 2260 954 virtute
2290 901 2591 956 Divinitatis
2614 904 3261 970 obumbraretur,sicutin
3292 906 3488 960 nativi-

247 994 311 1063 pit
330 1006 436 1044 eum
474 988 536 1041 ab
556 987 723 1042 oculis
745 1003 919 1041 eorum
950 986 1087 1057 (Act.
1119 988 1189 1057 1).
1213 986 1440 1041 Stabant
1472 988 1616 1041 enim
1656 985 1805 1041 beati
1907 999 2020 1046 tate
2048 992 2163 1060 ejus
2191 992 2257 1046 ad
2297 992 2515 1047 Mariam
2548 994 2743 1049 dicitur
2774 1014 2786 1049 :
2816 995 2885 1049 Et
2911 998 3071 1050 virtus
3104 997 3357 1051 Altissimi
3391 997 3485 1051 ob-

248 1080 456 1152 apostoli
485 1086 600 1134 toto
633 1078 877 1149 suspensi
919 1093 1179 1148 corpore,
1225 1085 1280 1132 et
1324 1077 1707 1132 ascendentem
1738 1072 1807 1131 ad
1908 1083 2167 1137 umbrabit
2196 1083 2285 1138 tibi
2310 1086 2327 1154 (
2356 1084 2478 1138 Luc.
2512 1085 2593 1154 ι).
2639 1086 2943 1142 Altissimus
2990 1102 3118 1156 ergo
3167 1086 3344 1154 Pater,
3392 1089 3486 1157 qui

246 1178 420 1233 caelum
449 1172 757 1232 Dominum,
787 1171 911 1240 quia
941 1171 965 1209 δ
998 1172 1207 1225 incessu
1256 1170 1453 1239 pedum
1498 1186 1606 1224 non
1646 1177 1807 1239 pote-
1909 1184 2166 1229 nascente
2194 1174 2410 1230 Christo
2436 1177 2775 1230 obumbravit
2801 1177 2852 1230 in
2868 1178 3066 1231 virtute
3087 1176 3481 1244 Marias,ascen-

246 1275 369 1331 rant,
414 1264 586 1320 oculis
631 1263 1025 1333 sequebantur;
1070 1270 1126 1315 et
1160 1261 1284 1316 licet
1323 1260 1390 1314 ad
1434 1259 1807 1314 deducendum
1909 1264 2127 1320 dentem
2156 1281 2278 1320 eum
2326 1268 2563 1337 suscepit
2593 1269 2644 1321 in
2689 1269 2857 1335 nube;
2902 1284 3116 1338 semper
3153 1270 3296 1324 enim
3326 1270 3490 1336 Deus,

244 1357 563 1413 Salvatorem
592 1353 727 1407 visio
756 1353 988 1407 humana
1027 1350 1310 1417 deﬁceret;
1346 1349 1466 1405 ﬁdei
1510 1358 1691 1404 tamen
1721 1349 1811 1404 dc-
1910 1372 2047 1425 quos
2074 1366 2196 1427 post
2224 1358 2445 1427 injurias
2474 1360 2717 1430 perducit
2745 1361 2813 1414 ad
2837 1362 3098 1431 requiem,
3130 1361 3365 1430 protegit
3397 1376 3492 1416 eos

243 1448 375 1503 votio
401 1461 511 1500 non
538 1443 747 1509 deﬁcit;
778 1458 947 1512 usque
975 1441 1043 1497 ad
1083 1442 1280 1496 nubem
1315 1451 1338 1478 °
1363 1443 1508 1497 enim
1535 1439 1807 1495 Christum
1912 1449 2069 1503 nubis
2096 1450 2430 1515 umbraculo,
2464 1451 2601 1505 sicut
2648 1450 2785 1506 tilios
2830 1451 2997 1506 lsrael
3022 1452 3279 1507 liberatos
3307 1451 3375 1506 de
3404 1450 3494 1506 1E<

241 1538 539 1593 deducunt:
572 1550 741 1605 usque
766 1534 833 1589 ad
858 1534 1024 1589 caelos
1069 1544 1251 1588 autem
1294 1549 1414 1589 cum
1441 1533 1655 1588 Christo
1686 1534 1810 1587 tidci
1912 1551 2076 1613 gypto
2118 1542 2273 1598 nubis
2313 1542 2562 1596 columna
2612 1542 2867 1611 protexit,
2917 1550 2971 1596 et
3013 1550 3072 1596 ut
3100 1549 3223 1611 post
3266 1542 3490 1595 multum

244 1628 517 1683 devotione
556 1628 917 1693 comitantur;
970 1625 1111 1681 unde
1153 1627 1230 1679 ait
1279 1626 1587 1697 Apostolus,
1635 1628 1811 1682 sciens
1914 1634 2154 1687 laborem
2185 1648 2280 1688 eos
2303 1633 2356 1687 in
2379 1640 2576 1687 terram
2605 1633 3038 1702 repromissionis
3075 1633 3372 1697 induceret,
3404 1648 3492 1686 re-

243 1719 387 1774 llde
428 1728 673 1774 nostram
715 1717 769 1773 in
812 1718 961 1773 caelis
1006 1717 1162 1789 194
1203 1732 1324 1773 esse
1366 1734 1490 1773 cum
1532 1717 1759 1772 Domino
1792 1737 1804 1770 ε
1912 1726 2112 1794 ΐειὶερινίἰ
2142 1725 2274 1781 fovit
2302 1727 2633 1790 umbraculo,
2665 1727 2801 1781 sicut
2829 1727 2905 1781 ait
2932 1728 3195 1797 propheta
3230 1746 3241 1779 :
3275 1726 3492 1795 Expon-

245 1808 425 1865 Nostra
464 1820 635 1863 autem
681 1811 1002 1864 conversatio
1041 1810 1096 1863 in
1134 1810 1279 1864 coalis
1311 1819 1387 1864 est
1418 1810 1657 1881 (Philip.
1686 1827 1739 1865 tu
1765 1810 1804 1881 ).
1844 1808 1884 1866 Β
1917 1819 1994 1870 dit
2038 1817 2223 1871 nubent
2270 1817 2339 1870 ad
2379 1818 2745 1888 protegendum
2774 1834 2860 1871 eos
2910 1817 3130 1889 (Exod.
3186 1834 3295 1882 xm,
3345 1816 3493 1873 Psul.

245 1902 405 1955 Nubes
433 1915 567 1968 ergo
594 1902 659 1955 ab
689 1902 860 1957 oculis
888 1902 1257 1970 apostolorum
1302 1902 1536 1971 suscepit
1564 1902 1811 1956 Salvato-
1915 1909 2041 1978 etv).
2075 1908 2342 1979 Expandit
2363 1911 2505 1964 enim
2538 1910 2732 1963 nubem
2764 1919 2788 1957 ε
2820 1925 2889 1964 ne
2918 1909 3160 1964 siccitate
3183 1909 3349 1963 eremi
3374 1908 3494 1962 lati-

244 2010 364 2049 rem.
393 1993 683 2048 Videamus
711 2008 840 2060 ergo
866 2008 985 2061 qua:
1026 1993 1125 2047 ista
1147 1993 1315 2047 nubes
1340 1994 1431 2060 sit,
1458 2009 1618 2062 quam
1642 1995 1815 2063 splen-
1914 2008 2171 2067 garcntur
2198 2000 2359 2054 etiam
2408 2001 2537 2053 solis
2580 1999 2792 2054 ardore.
2851 1999 3118 2053 Lzetemur
3146 2014 3275 2067 ergo
3307 2000 3358 2051 in
3400 1999 3502 2053 hac

243 2082 373 2147 dida,
400 2098 565 2152 quam
612 2082 891 2151 praeclara,
935 2097 1053 2151 qua:
1096 2082 1272 2136 lucem
1310 2083 1495 2136 mundi
1543 2082 1812 2137 Christum

1915 2102 2099 2147 sancta
2129 2094 2404 2157 die,‘sicut
2451 2094 2503 2146 in
2535 2091 2739 2147 Pascha
2784 2092 2947 2146 ltetati
2988 2108 3205 2156 sumus;
3249 2101 3332 2145 est
3356 2091 3496 2147 enim

243 2177 504 2244 suscipere
533 2174 558 2210 ἀ
603 2182 859 2228 meretur.
910 2173 1093 2243 Neque
1140 2174 1283 2228 enim
1327 2182 1539 2243 poterat
1585 2174 1811 2229 obscura

1917 2184 1969 2237 in
2001 2194 2228 2251 utraque
2256 2183 2340 2237 die
2369 2184 2559 2238 similis
2596 2182 2892 2251 eademque
2933 2164 3280 2248 solemnitas;
3316 2182 3366 2234 in
3398 2179 3495 2233 Pa-

242 2284 369 2337 essc,
397 2283 464 2322 ac
494 2276 629 2321 tetra
662 2266 747 2321 vel
792 2266 1101 2335 tenebrosa,
1140 2266 1263 2334 quia
1307 2267 1564 2335 scriptum
1593 2274 1710 2319 est:
1744 2264 1815 2320 Et
1917 2275 2045 2329 scha
2076 2275 2218 2328 enim
2244 2290 2431 2329 omnes
2459 2283 2645 2342 gentes
2684 2274 2945 2345 baptizari
2974 2274 3170 2337 solent,
3204 2274 3255 2326 in
3300 2271 3493 2327 Pente-

246 2358 455 2413 tettebra:
482 2376 594 2413 eam
615 2376 721 2412 non
743 2358 1242 2428 comprehenderat"
1270 2356 1449 2428 (Joan-
1475 2357 1537 2427 ι).
1558 2356 1813 2412 Tenebm
1917 2373 2068 2419 costc
2096 2368 2275 2417 autem
2302 2364 2534 2433 apostoli
2569 2364 2827 2433 haptizati
2855 2372 3000 2431 sunt,
3040 2364 3179 2417 sicut
3206 2364 3282 2416 ait
3310 2363 3493 2416 Domi-

241 2452 372 2505 enim
398 2451 583 2506 lucem
624 2462 838 2518 gestare
866 2465 971 2503 non
1001 2458 1283 2519 poterant;
1329 2449 1419 2504 illa
1448 2450 1593 2504 enim
1624 2451 1812 2518 nubes,
1918 2471 2017 2508 nus
2049 2454 2323 2523 discipulis
2370 2454 2481 2507 suis
2525 2468 2847 2508 ascensurus
2883 2453 2950 2507 ad
2989 2453 3184 2507 caelum
3228 2469 3241 2504 :
3271 2451 3501 2505 Joannes

240 2556 347 2610 qua:
371 2540 761 2596 ascendentem
804 2539 1044 2608 suscepit
1088 2538 1382 2603 Christum,
1413 2555 1533 2608 qua:
1576 2548 1631 2594 et
1661 2542 1813 2595 testi-
1917 2545 2195 2617 baptizavit
2226 2563 2359 2617 aqua
2389 2562 2515 2599 :vos
2556 2556 2723 2599 autem
2764 2545 2963 2615 Spiritu
2992 2554 3172 2599 sancto
3213 2543 3503 2616 baptizabi-

242 2635 470 2689 monium
513 2633 728 2688 Christo
755 2633 916 2687 etiam
957 2632 1011 2685 in
1058 2640 1243 2687 monte
1290 2632 1583 2701 perhibuit,
1612 2632 1679 2686 de
1707 2648 1814 2701 quo
1916 2639 2065 2705 mini,
2094 2655 2237 2707 quem
2279 2640 2541 2707 accepturi
2586 2639 2710 2691 estis
2755 2654 2857 2690 non
2887 2647 3000 2707 post
3039 2637 3226 2691 multos
3254 2637 3346 2691 Iros
3389 2636 3502 2690 dies

241 2728 310 2777 ait
333 2724 667 2792 evangelista
721 2741 734 2775 :
787 2722 901 2777 Vox
925 2732 947 2761 ε
978 2724 1033 2775 in
1071 2722 1202 2776 nube
1250 2724 1429 2775 audita
1457 2732 1552 2787 est,
1596 2724 1770 2777 dicens
1793 2741 1811 2777 :
1922 2728 2060 2797 (Act.
2097 2728 2157 2797 ι).
2182 2727 2250 2781 Et
2277 2728 2397 2781 ideo
2426 2728 2557 2782 dicit
2586 2726 2757 2781 Lucas
2788 2745 2799 2779 :
2835 2727 2961 2780 Cum
2989 2727 3368 2797 complerentur
3393 2726 3502 2779 dies

243 2815 335 2869 llic
367 2827 444 2870 est
497 2815 541 2868 F
544 2816 666 2870 ilius
697 2831 836 2869 nieus
873 2814 1087 2868 dilectus
1128 2831 1145 2869 :
1192 2816 1363 2886 ipsum
1402 2807 1809 2886 audite(Matth.
1919 2818 2246 2872 Pentecostes
2286 2821 2453 2890 factus
2491 2828 2568 2873 est
2598 2818 2765 2872 subito
2802 2835 2959 2872 sonus
2998 2818 3062 2872 de
3089 2818 3215 2873 caelo
3258 2826 3503 2889 tanquam

244 2910 376 2975 svn).
404 2907 529 2962 Non
557 2907 720 2975 igitur
749 2906 916 2961 nubes
944 2907 1178 2977 suscepit
1214 2906 1505 2972 Christum,
1537 2907 1631 2962 sed
1671 2907 1814 2961 Deus
1919 2912 2241 2965 advenientis
2291 2913 2499 2979 spiritus
2551 2910 2743 2977 validi,
2800 2912 3029 2982 seditque
3067 2927 3221 2982 super
3270 2908 3503 2981 singulos

244 2992 384 3053 Pater
429 2998 641 3068 recepit
684 2996 897 3063 Filium,
948 3006 1005 3053 et
1043 3013 1268 3053 occursu
1316 2998 1548 3068 quodam
1594 2999 1814 3068 pietatis
1919 3021 2116 3071 eorum,
2139 3014 2188 3057 et
2210 3004 2389 3076 repleti
2416 3016 2535 3059 sunt
2558 3022 2734 3060 omnes
2758 3004 2958 3076 Spiritu
2978 3014 3159 3059 sancto
3184 3002 3320 3076 (Act.
3349 2996 3429 3070 ᾖ).

1568 3112 1909 3174 HOMILIA
1956 3116 2153 3176 LXII.

1316 3212 1392 3267 De
1420 3216 1741 3269 solemnitate
1769 3226 1964 3271 sancta:
1991 3216 2319 3273 Pentecostes
2342 3217 2424 3272 II.

1673 3305 2064 3362 ADMONITIO.

310 3397 551 3481 195.151
581 3413 831 3481 magnam
867 3414 955 3454 me
990 3399 1763 3481 compellit_disceptationem
1808 3400 1922 3481 hmo
1948 3400 2193 3481 Ahomilia
2241 3415 2362 3469 qua:
2407 3400 2732 3481 prmpedenti
2780 3400 3029 3480 opposita
3064 3398 3509 3481 videtur._ln_h.ac

244 3468 812 3537 suc—tor'jejunandum
841 3484 958 3524 esse
987 3469 1041 3524 in
1082 3470 1367 3592 pervigilio
1407 3468 1755 3523 Pentecostes
1803 3469 1989 3535 docet;
2040 3479 2226 3524 contra
2257 3468 2386 3524 vero
2408 3468 2472 3525 in
2515 3470 2735 3525 homilia
2783 3468 3080 3539 superiore,
3105 3477 3267 3523 cattsa
3312 3469 3505 3524 laetitia:

247 3542 361 3592 totis
385 3540 777 3592 ouinauaainta
806 3538 995 3592 diebus
1021 3555 1050 3592 a
1126 3541 1343 3592 aschate
1372 3539 1440 3592 ad
1469 3540 1757 3592 adventum
1784 3540 1955 3592 sancti
1984 3539 2233 3592 Paracliti
2258 3556 2366 3592 non
2395 3556 2513 3592 esse
2542 3539 2905 3592 ieiunandum.
2939 3538 3285 3592 Suonositam
3322 3538 3504 3592 dicere

247 3542 361 3595 totis
385 3540 777 3608 quinquaginta
806 3538 995 3594 diebus
1021 3555 1050 3593 a
1082 3538 1343 3594 Paschate
1372 3539 1440 3593 ad
1469 3540 1757 3594 adventum
1784 3540 1955 3593 sancti
1984 3539 2233 3594 Pamcliti
2258 3556 2366 3593 non
2395 3556 2513 3595 esse
2536 3538 2905 3608 jejunandum.
2939 3538 3285 3607 Suppositam
3322 3538 3504 3593 dicere

245 3610 371 3666 hanc
410 3610 716 3676 homiliam,
748 3624 974 3680 eamque
1010 3609 1067 3663 8.
1100 3611 1328 3664 antistiti
1351 3610 1671 3680 Taurinensi
1710 3610 1878 3663 multo
1904 3611 2262 3665 recentiorem
2291 3610 2595 3665 habendam
2632 3625 2732 3664 nec
2771 3609 3138 3680 stylus_plane
3166 3608 3372 3668 similis,
3403 3623 3506 3680 nec

246 3695 363 3734 mss.
394 3680 633 3750 codices,
666 3695 766 3750 nec
795 3677 1048 3750 editores,
1068 3680 1160 3749 qui
1191 3689 1475 3750 utramque
1513 3679 1569 3733 8.
1604 3678 1837 3750 Maximo
1865 3679 2124 3744 tribuunt,
2158 3682 2261 3735 hoc
2289 3680 2543 3749 effugium
2573 3677 2911 3750 permittunt.
2936 3677 3065 3745 Qua:
3090 3692 3221 3750 ergo
3248 3678 3496 3750 concilia-

247 3751 396 3830 tionis
423 3751 521 3830 via
542 3747 649 3830 erit
680 3748 960 3830 adeunda?
995 3747 1266 3830 Praemitto
1293 3747 1878 3830 disciplinam,__rituum
1929 3750 2133 3803 scilicet
2175 3747 2590 3830 observantiam;
2613 3766 2721 3830 _non
2751 3750 2994 3830 eamdem
3027 3747 3502 3830 .omnibusninﬁc-

243 3820 410 3874 etesiis
433 3819 647 3883 haberi,
677 3818 769 3873 sed
793 3819 943 3886 juxta
967 3819 1230 3887 majorum
1262 3816 1606 3874 traditionem
1635 3818 1875 3873 diversas
1903 3820 2319 3875 consuetudines
2349 3822 2403 3874 in
2426 3836 2522 3874 usu
2554 3819 2733 3873 fuisse.
2781 3818 3081 3888 Aliquando
3103 3833 3207 3871 una
3237 3816 3506 3888 inlusione

246 3890 323 3959 vel
348 3889 687 3959 aspersione,
717 3889 849 3943 alias
878 3886 1390 3959 trinaii’mmersione
1418 3890 1679 3959 baptilari
1706 3890 2014 3954 consuevit;
2046 3890 2185 3957 apud
2206 3890 2424 3945 Graecos
2445 3890 2669 3943 invaluit
2692 3886 3028 3959 consecratio
3049 3888 3292 3957 corporis
3304 3886 3506 3959 Christi

245 3958 294 4013 in
322 3958 457 4029 pane
477 3959 825 4031 fermentum,
856 3959 993 4031 apud
1018 3958 1239 4016 Latinos
1268 3962 1321 4015 in
1362 3958 1503 4029 pane
1530 3976 1742 4031 azymo,
1771 3969 1831 4014 ut
1861 3960 1964 4013 alia
1996 3961 2161 4015 multa
2190 3962 2618 4031 prmtermittam.
2659 3958 2843 4031 Neque
2869 3959 3113 4031 eamdem
3143 3973 3360 4031 semper
3395 3958 3503 4015 Ec-

246 4030 396 4083 clcsia
426 4029 657 4083 retinuit
686 4029 1055 4100 disciplinam;
1087 4046 1208 4083 cum
1240 4032 1423 4099 primis
1447 4029 1777 4099 temperibus
1823 4031 2058 4100 parvulis
2088 4031 2363 4100 baptismi,
2397 4029 2821 4085 conﬁrmationis
2867 4038 2920 4084 et
2959 4030 3295 4085 eucharistia:
3321 4044 3506 4100 sacra-

246 4113 323 4152 me
346 4112 413 4152 ita
443 4100 609 4152 simul
640 4097 1053 4153 conterebantur
1075 4141 1089 4159 ,
1143 4097 1261 4167 quae
1307 4108 1495 4168 postea
1541 4097 1855 4168 separatim,
1897 4108 1950 4153 et
1978 4097 2305 4167 regeneratis
2350 4101 2628 4153 adultioris
2675 4101 2851 4154 aetatis
2880 4100 3335 4168 administrantur.
3366 4097 3506 4154 Olim

245 4170 404 4223 tribus
425 4168 783 4223 hebdomada:
808 4169 996 4223 diebus
1018 4166 1387 4237 jejun’abatur;
1421 4166 1621 4238 postea
1647 4178 1798 4223 sexta
1830 4170 1959 4223 feria
1990 4166 2184 4234 solum,
2216 4178 2270 4223 et
2293 4169 2792 4238 sabbatojejnnium
2837 4178 3095 4223 statutum
3125 4178 3227 4223 est.
3262 4166 3334 4238 Ut
3372 4184 3502 4238 ergo

247 4239 307 4290 ad
331 4240 690 4308 quscstionem
720 4239 1160 4308 contratlictinnis
1180 4237 1524 4308 descendam,
1563 4239 1738 4293 fateor
1784 4240 2020 4307 quidem,
2052 4249 2178 4294 ante
2218 4239 2273 4293 S.
2308 4238 2545 4293 Leonem
2593 4237 3093 4308 Magnumr‘nullum
3133 4238 3296 4308 apud
3318 4237 3506 4293 Patres

248 4305 459 4377 reperiri
491 4310 779 4376 vestigium
802 4307 991 4379 jejunii
1021 4309 1373 4379 pnccedentis
1402 4306 1752 4379 Pentecostes
1781 4305 2206 4379 solemnitatem;
2237 4309 2365 4377 quin
2398 4309 2505 4361 imo
2534 4322 2655 4379 cum
2685 4305 3024 4379 Tertulliano
3046 4307 3139 4361 lib.
3170 4305 3501 4379 deCorona,

244 4375 353 4448 cup.
386 4380 441 4447 ὅ,
475 4375 1252 4445 Αῐιιιιιέοδίιιηι,⁷Αιιειιέιίιιυιη,
1296 4377 1630 4443 Cassianum,
1684 4378 1917 4433 Leonem
1950 4377 2217 4445 Magnum,
2256 4375 2315 4433 et
2361 4380 2532 4448 ipsum
2565 4375 2873 4441 Maximum,
2914 4376 3196 4448 sabbatum
3241 4377 3504 4448 in‘vigilia

248 4445 593 4517 l’eiiteeostes
621 4449 859 4517 immune
886 4464 915 4500 a
934 4448 1140 4516 jejunio
1168 4450 1479 4517 pnedicare.
1508 4448 1642 4503 Tota
1670 4450 1828 4516 igitur
1847 4450 2215 4503 controversia
2243 4449 2297 4502 in
2326 4445 2429 4504 hoc
2458 4456 2718 4511 versatur,
2752 4454 2932 4501 utrum
2968 4445 3191 4517 sedente
3230 4445 3407 4517 adhuc
3448 4447 3502 4499 in

248 4514 387 4573 Petri
413 4518 675 4574 cathedra
708 4516 887 4589 Leone
909 4514 1270 4575 introductum
1299 4518 1458 4573 fuerit
1477 4514 1739 4589 jejunium
1764 4519 1972 4573 sabbati
1999 4517 2356 4575 Pentecosten
2379 4518 2751 4589 praecedentis.
2776 4517 2945 4586 Hujus
2966 4516 3276 4589 qutestionis
3305 4515 3505 4589 solutio

245 4589 307 4659 ab
334 4598 558 4645 auctore
583 4587 781 4659 pendet
809 4588 1241 4659 Sacramentarii,
1267 4591 1379 4644 sive
1406 4586 2047 4652 libri'Sacramentorum,
2080 4604 2239 4657 quem
2263 4586 2466 4659 primus
2494 4589 2662 4659 edidit
2689 4604 2758 4643 ex
2786 4589 2973 4643 codice
3000 4602 3100 4659 nis2
3132 4586 3507 4659 antiquissimo

248 4655 538 4713 Veronensi
570 4655 963 4713 eruditissimus
990 4659 1331 4713 Blanchinius
1362 4668 1492 4713 tom.
1522 4659 1585 4712 IV
1610 4659 1874 4713 Anastasii
1899 4655 2298 4713 Bibliothecarii
2327 4676 2415 4713 an.
2452 4657 2609 4713 1755.
2659 4659 2717 4713 1n
2749 4674 2815 4713 eo
2847 4674 2992 4711 nunt.
3036 4655 3104 4709 26
3131 4656 3364 4710 habetur
3392 4656 3508 4711 hinc

245 4731 413 4800 emilio
444 4744 547 4797 pro
577 4730 748 4800 missa
771 4730 822 4781 in
853 4729 1029 4795 vigilia
1061 4728 1405 4800 Pentecostes
1432 4728 1557 4787 :,.Da
1589 4728 1756 4791 nobis,
1780 4744 2085 4800 quaesumus,
2112 4728 2350 4792 Domine,
2376 4745 2466 4798 per
2493 4731 2719 4799 gratiam
2758 4727 3405 4800 Spiritnssancti_novam
3437 4728 3511 4800 tui

246 4795 497 4869 Parui-liti
540 4798 794 4867 spiritalis
840 4800 1183 4869 observantia:
1222 4799 1577 4868 disciplinam,
1620 4807 1676 4851 ut
1703 4795 1896 4851 mentes
1943 4808 2137 4851 nostrw
2164 4814 2313 4851 sacro
2354 4795 2589 4868 purgata:
2606 4795 3053 4869 jejuniogcunctis‘
3079 4795 3361 4869 reddantur
3400 4796 3514 4869 ejus

247 4868 539 4938 muneribus
569 4866 817 4937 aptiores.
851 4868 958 4921 Per
1002 4869 1302 4927 Dominum.
1342 4866 1453 4923 ειε.
1503 4870 1795 4937 lnscriptus
1827 4869 1924 4921 fuit
1972 4869 2058 4922 hic
2104 4866 2559 4922 sacramentorum
2600 4866 2772 4923 codex
2800 4867 2858 4921 S.
2892 4866 3057 4938 Leoni
3104 4880 3256 4938 papa:
3296 4867 3364 4921 ab
3397 4867 3515 4938 ipso

246 4937 447 4992 cditore
475 4934 815 5001 Blauchinio,
845 4939 938 5006 qui
960 4938 1073 5006 ejus
1096 4948 1388 5003 auctorem,
1421 4956 1516 4993 seu
1561 4934 1965 5008 coni'pilatorem
1996 4938 2244 4991 eumdem
2274 4939 2331 4993 8.
2354 4939 2589 4993 Leonem
2618 4938 2786 5008 fuisse
2809 4935 3101 5008 contendit.
3128 4934 3278 5008 lianc
3297 4934 3514 5006 quidem

246 5010 568 5078 sententiam
598 5024 704 5061 non
736 5004 889 5077 pauci
915 5004 1299 5078 approbarunt.
1332 5018 1390 5063 ut
1417 5004 1707 5078 Cajetanus
1736 5008 2054 5078 Cenniusgin
2081 5008 2297 5063 dissert.
2330 5009 2396 5062 de
2426 5008 2664 5063 Romana
2690 5005 2942 5078 cathedra
2968 5013 3101 5078 tom.
3132 5004 3411 5078 lV__Anhst
3430 5008 3514 5062 esii

249 5025 568 5062 sententiam
598 5025 704 5061 non
736 5025 889 5077 pauc:
915 5025 944 5061 a
1025 5025 1299 5067 ronarunt,
1332 5025 1390 5063 ιιι
1417 5025 1707 5078 bajetanus
1736 5025 1971 5063 Lcnmus
2001 5025 2054 5061 ιιι
2081 5025 2297 5063 dissert.
2330 5025 2396 5062 oe
2427 5025 2664 5063 nomana
2690 5025 2942 5062 cameora
2969 5025 3101 5058 ιοιιι.
3132 5025 3190 5058 ιν
3242 5025 3411 5061 Αιιειδι
3430 5025 3512 5062 esu

249 5074 671 5149 bibliothecarii,
708 5079 735 5149 §
772 5078 829 5130 li
864 5086 917 5132 et
950 5025 1032 5143 fg,
1060 5095 1182 5148 pag.
1218 5079 1338 5142 152,
1367 5087 1421 5133 et
1448 5078 1940 5149 editoresMissalis
1970 5076 2287 5133 Parisiensis
2318 5078 2474 5132 l739.
2508 5078 2703 5149 Verum
2735 5075 3005 5129 Ballerinii
3046 5082 3177 5129 tom.
3212 5075 3421 5149 ll_opp.
3455 5080 3512 5132 8.

246 5144 460 5213 leonis,
495 5150 644 5217 ιιι-τιεί.
679 5144 799 5217 pag.
834 5149 867 5201 '5
890 5157 945 5203 et
973 5144 1153 5217 seqq,
1194 5151 1319 5203 edit.
1346 5149 1537 5203 Venet.
1573 5148 1729 5209 1756,
1761 5148 2077 5203 Blanchinio
2117 5149 2342 5217 ejusque
2380 5147 2738 5203 sectatoribus
2779 5161 2899 5217 sese
2923 5154 3221 5216 Opponunt.
3258 5144 3514 5202 Faténtur

244 5219 459 5284 quidem
492 5216 985 5275 Sacramentarium
1008 5216 1309 5273 Romanum
1338 5235 1458 5274 esse
1484 5228 1541 5275 et
1568 5220 1989 5275 vetustissimum
2009 5216 2396 5288 omniumquae
2418 5219 2674 5272 hactenus
2700 5216 2983 5286 prodiere;
3015 5217 3320 5272 concedunt
3350 5219 3516 5273 etiam

311 5367 337 5395 ι
365 5356 511 5413 Cod.
555 5357 626 5414 90
666 5358 723 5414 8.
759 5358 947 5416 Crucis
975 5360 1029 5415 in
1070 5357 1203 5427 Jer.,
1236 5359 1357 5413 dum
1397 5376 1544 5429 spero
1572 5361 1627 5413 in
1664 5357 1828 5412 Deum
1857 5358 1905 5421 C
2014 5366 2037 5429 ς
2066 5355 2212 5429 Idem
2242 5356 2363 5412 cod.
2396 5355 2748 5422 Laurent.,et
2774 5354 2833 5409 S.
2864 5353 3053 5410 Crucis
3079 5354 3132 5408 in
3152 5352 3289 5420 Jer.,
3325 5354 3439 5411 Vox
3460 5356 3522 5411 ds

241 5446 430 5481 meum.
1192 5425 1194 5427 ’
1423 5425 1433 5429 ⁷
1934 5425 2067 5481 nube
2086 5426 2263 5480 audita
2291 5436 2387 5480 est.

310 5499 337 5537 δ
377 5498 441 5552 ln
471 5506 704 5567 utroque
746 5499 864 5554 cod.
916 5497 974 5555 8.
1014 5497 1201 5554 Crucis
1229 5499 1281 5553 in
1319 5496 1428 5553 Jer.
1471 5498 1665 5568 legitur
1697 5517 1708 5551 :
1741 5499 1825 5551 in-
2010 5496 2030 5535 ί
2064 5496 2206 5568 Idem
2253 5496 2394 5568 cod.
2428 5494 2702 5568 Laurent.,
2736 5502 2790 5548 et
2827 5494 2887 5549 8.
2918 5492 3107 5550 Crucis
3135 5494 3191 5549 in
3233 5493 3371 5560 Jer.,
3416 5495 3521 5549 nisi

242 5585 383 5623 cessa
414 5585 529 5639 non
553 5564 771 5639 poterat,
798 5579 927 5639 ete.,
954 5576 1008 5624 et
1033 5570 1184 5639 deest
1207 5570 1410 5639 pedum.
1528 5564 1549 5568 ⁷
1610 5638 1616 5639 γ
1764 5638 1767 5639 ν
1933 5568 2119 5639 virtute
2138 5566 2425 5639 divinitatis
2447 5564 2852 5639 obumbrantur.

317 5650 338 5674 ε
372 5638 531 5693 idem
553 5631 675 5693 cod.
702 5631 968 5695 S.'Crucis
996 5640 1050 5694 in
1078 5631 1217 5705 Jer.,'
1243 5656 1401 5711 usque
1431 5639 1501 5692 ad
1530 5638 1711 5694 nubem
1735 5638 1822 5693 de-
1967 5708 1975 5711 _
2007 5636 2204 5711 B‘Idem
2241 5635 2363 5711 cod.
2399 5635 2673 5702 Laurent.,
2703 5646 2757 5690 et
2795 5634 2850 5690 8.
2893 5632 3082 5690 Crucis
3110 5634 3162 5689 in
3208 5631 3343 5699 δεῖ..
3375 5648 3439 5685 ne
3463 5632 3518 5684 in

246 5710 439 5761 ducunt
461 5710 618 5762 oculi.
1318 5707 1327 5711 ⁷
1931 5708 2161 5761 siccitate
2188 5707 2364 5759 eremi.

316 5780 340 5815 ⁴
372 5778 518 5833 Cod.
551 5777 634 5842 90,
668 5789 997 5849 promeretur.
