4042 6192
563 363 634 419 75
1745 365 1802 420 ε.
1842 361 2086 418 MAXIM!
2124 362 2576 421 TAURINENSIS
3676 361 3778 422 $76

527 490 636 528 non
664 487 833 544 pauca
871 472 1065 544 Leonis
1086 473 1383 544 continere,
1425 486 1544 542 qua:
1572 472 1688 544 ejus
1731 473 1998 527 scribendi
2043 470 2257 544 rationi
2285 471 2527 544 perfecte;
2549 473 2902 539 conveniunt;
2934 481 3168 544 attamen
3221 479 3417 544 negant
3445 487 3576 544 opus
3598 473 3718 530 illud
3746 494 3776 530 a

529 541 710 600 Leone
738 558 856 598 esse
883 543 1210 612 confectum.
1239 543 1387 597 Illius
1411 541 1533 598 eSse
1569 543 1830 597 incertum
1869 552 2144 612 auctorem
2173 542 2388 612 volunt;
2419 541 2699 612 antiquum
2738 552 2916 597 tamen
2935 584 2950 608 ,
2987 551 3044 596 et
3081 541 3452 612 ipsoiGelasio
3481 541 3500 596 l
3534 546 3778 611 pontitlce

504 613 906 682 'antiquiorem.
935 611 1051 666 Non
1075 620 1334 682 repugnat
1359 627 1512 682 ergo,
1536 612 1896 682 quodidiebus
1922 611 2158 682 Maximi,
2183 611 2276 682 qui
2304 627 2395 664 an.
2415 610 2529 682 7465
2551 609 2620 682 ad
2645 613 2840 667 concil.
2865 609 3116 666 Romani
3148 611 3246 665 sub
3286 609 3491 682 Hilario
3513 609 3777 679 convenit,

528 679 803 752 jejunium,
816 683 1025 752 sabbati
1055 679 1180 737 ante
1209 679 1570 737 Pentecesten
1593 683 1646 736 in
1684 681 1922 736 Ecclesia
1960 679 2294 752 Taurinensi,
2327 689 2383 735 et
2411 681 2464 734 in
2509 681 2854 752 quibusdami
2873 682 3007 752 aliis
3037 683 3260 750 coeperit
3278 681 3587 752 Aobservari.
3635 682 3776 743 Sicut

529 749 672 806 enim
701 753 759 806 S.
789 751 1104 822 Mamertus,
1137 753 1229 822 qui
1257 753 1508 807 Ecclesiae
1527 752 1822 822 Viennensi
1859 752 2014 822 datus
2041 749 2156 822 fuit
2184 750 2467 818 episcopus
2490 765 2632 822 anno
2651 751 2799 822 447i,
2824 749 3148 822 Rogationes
3177 758 3232 804 et
3269 749 3496 822 fortasse
3526 752 3777 820 jejunium

529 830 656 875 ante
687 822 897 891 Domini
926 819 1312 877 Ascensionem
1341 822 1593 891 instituit,
1621 837 1755 891 quas
1793 820 1986 875 deinde
2015 819 2255 889 publicas
2281 834 2468 888 preces
2493 819 2605 891 Leo
2649 820 2718 874 lll
2741 821 2807 874 ad
2851 821 3155 891 universam
3184 820 3428 891 extendit
3454 820 3773 888 Ecclesiam;

530 893 606 946 ita
633 892 806 960 potuit
836 889 1076 946 Ecclesia
1103 892 1470 954 Taurineusis,
1501 888 1735 945 Maximo
1779 891 1952 960 adhuc
1984 888 2109 960 eam
2137 897 2378 956 regente,
2425 889 2822 960 solemnitatem
2853 889 3198 960 Pentecostes
3229 888 3438 960 jejunio
3474 893 3778 959 praevenire.

532 963 611 1015 Ae
633 958 1067 1030 pmpugnatores
1109 963 1323 1030 quidem
1364 960 1782 1016 Sacramentarii
1828 958 2042 1030 Leonis.
2074 967 2303 1030 utieum,
2327 961 2443 1030 _qui
2464 959 2638 1030 tribus
2667 961 2742 1030 in;
2768 959 3105 1014 sermonibus
3149 959 3218 1013 de
3246 958 3584 1030 Pentecoste,
3615 963 3776 1030 primo

530 1025 759 1101 scilicet,
785 1025 1020 1085 secundo
1050 1040 1104 1085 et
1128 1025 1344 1101 quarto,
1373 1031 1602 1092 dixerat,
1645 1029 2030 1101 quinquaginta
2057 1027 2245 1101 diebus
2263 1044 2302 1101 _a
2327 1025 2588 1101 Paseltate
2617 1029 2683 1082 ad
2715 1027 3585 1101 Pentecostenvacarejejunium
3603 1025 3772 1095 {con-

531 1099 698 1170 traria
725 1115 830 1153 non
859 1097 1460 1170 scripsisse'ostendant,
1492 1097 1673 1164 aiunt,
1692 1097 1818 1170 cum
1841 1098 2123 1170 vigeretiu
2154 1097 2392 1170 Ecclesia
2422 1097 2662 1170 Romana
2689 1114 2794 1170 non
2813 1097 3094 1170 jejunandi
3119 1098 3522 1170 disciplina,iita
3551 1100 3776 1170 locutum

529 1183 650 1224 esse
680 1167 942 1238 Leonem;
967 1167 1154 1238 postea
1181 1187 1310 1224 vero
1340 1170 1642 1224 introducto
1666 1169 1735 1222 ab
1761 1168 1880 1238 ipso
1894 1167 2123 1238 jejunio,
2150 1167 2264 1238 lieri
2293 1167 2362 1238 de
2391 1167 2583 1222 eodem
2614 1169 2940 1238 mentionem
2975 1167 3269 1238 inliturgia
3297 1169 3544 1236 anpisse.
3577 1168 3776 1224 Eodem

530 1239 692 1308 plane
723 1237 880 1292 modo
902 1239 947 1292 si
971 1236 1196 1293 dixerim
1227 1241 1401 1308 egisse
1429 1238 1737 1308 Mtximum,
1769 1236 1861 1305 qui
1897 1236 1990 1290 diu
2018 1237 2150 1308 vixit
2178 1237 2231 1290 in
2259 1237 2574 1308 episcopatu
2617 1236 2951 1308 Taurinensi,
2978 1237 3112 1290 nihil
3156 1237 3510 1308 incongruum
3542 1239 3778 1294 attulisse

531 1304 796 1379 videbor;
821 1308 1030 1379 scilicet
1073 1324 1181 1379 uno
1210 1304 1454 1379 tempore
1482 1307 1736 1379 Ecclesia:
1773 1304 2228 1379 consuetudinem
2248 1304 2568 1379 a’Paschate
2593 1305 2659 1360 ad
2689 1305 3044 1379 Pentecosteu
3087 1304 3776 1379 nonijejunandi_commen-

531 1377 708 1448 dasse,
732 1377 838 1430 alio
862 1393 990 1448 vero
1015 1376 1204 1448 jejunii
1230 1375 1559 1448 hortatorem
1588 1377 1766 1448 fuisse.
1799 1375 1979 1445 Ipsum
2008 1384 2188 1448 autem
2217 1375 2450 1448 humilia:
2478 1376 2645 1448 hujus
2659 1385 2938 1448 auctorem
2978 1375 3167 1448 dicunt
3198 1376 3456 1448 imprimis
3484 1376 3778 1448 Scriptores

531 1446 759 1501 duorum
784 1444 1030 1504 codicum
1054 1448 1110 1502 S.
1142 1447 1328 1502 Crucis
1357 1448 1409 1501 in
1449 1446 1766 1509 Jerusalem,
1795 1444 2031 1516 quorum
2071 1446 2243 1515 prior,
2269 1445 2356 1516 9Q,
2389 1445 2576 1500 homil.
2616 1446 2704 1510 58,
2750 1445 2962 1516 titulum
2991 1445 3207 1516 pra:[ert
3238 1463 3252 1498 :
3277 1444 3489 1516 jncipit
3509 1444 3778 1516 deiPente-

531 1523 780 1595 coste,_‘et.
805 1516 941 1595 aiter
968 1516 1054 1595 99,
1087 1518 1272 1571 homil.
1427 1518 1497 1570 ita
1527 1513 1829 1595 inscriptus
1841 1524 1923 1570 est
1955 1533 1974 1595 ί
2004 1513 2195 1595 incipit
2223 1516 2285 1568 de
2306 1513 2608 1595 Pentecoste
2625 1524 2692 1595 et
2732 1514 2795 1568 de
2822 1513 3076 1595 psalmo:
3099 1514 3249 1595 Dim-it
3276 1513 3530 1595 Dominus
3563 1515 3780 1595 Domino

531 1601 664 1638 meo.
691 1585 890 1639 Deinde
915 1586 1206 1655 scriptores
1234 1587 1432 1640 codicis
1455 1588 1627 1641 sancti
1659 1583 1976 1639 E’mmerami
2007 1583 2433 1655 Ratisponeusis,
2459 1583 2706 1655 pag._l8,
2748 1583 2902 1652 cujus
2931 1583 3158 1655 titulus:
3183 1583 3263 1655 D_e
3301 1586 3624 1639 solemnitate
3655 1585 3778 1639 Pen-

538 1663 777 1715 tecostes:
804 1652 1142 1711 Ambrosiam
1171 1656 1212 1710 C
1241 1655 1340 1721 98;
1373 1655 1717 1710 Taurinensis
1743 1671 1865 1708 cum
1895 1652 2184 1724 epigraphe
2217 1671 2229 1706 :
2263 1652 2393 1706 Item
2413 1652 2548 1724 etde
2577 1653 2877 1724 Pentecoste
2899 1654 3084 1708 homil.
3118 1654 3168 1724 7.
3203 1653 3333 1724 Tres
3363 1655 3582 1710 codices
3612 1656 3675 1708 ab
3704 1655 3780 1710 his

534 1724 860 1793 discrepant,
889 1734 944 1780 et
972 1734 1082 1779 tres
1099 1725 1340 1779 diversos
1369 1734 1618 1780 auctores
1645 1722 1941 1793 nominant.
1989 1723 2174 1776 Codex
2203 1737 2395 1792 nempe
2427 1722 2711 1778 Vaticanus
2759 1722 2882 1793 {72,
2928 1736 3050 1792 pag.
3100 1722 3188 1789 39,
3220 1723 3286 1778 ad
3330 1724 3386 1779 S.
3439 1725 3781 1792 Augustinum

535 1791 725 1861 refert,
749 1795 922 1850 codex
951 1795 1088 1848 alter
1114 1795 1402 1848 Vaticanus
1425 1794 1586 1858 6l5l,
1613 1807 1734 1861 pag.
1899 1794 1960 1848 S.
1997 1793 2280 1846 Ambrosio
2325 1791 2532 1859 tribuit,
2560 1793 2731 1848 codex
2761 1791 2976 1846 tandem
3020 1810 3053 1848 ιι
3074 1835 3091 1858 ,
3135 1793 3265 1847 olim
3293 1793 3350 1847 S.
3383 1791 3572 1850 Crucis
3598 1794 3778 1848 Minor.

536 1810 725 1861 relert,
749 1810 922 1850 couex
951 1810 1088 1848 alter
1119 1810 1402 1848 vaucanus
1425 1810 1586 1858 etot,
1651 1810 1734 1860 ag.
1768 1810 1860 1858 oo,
1899 1810 1960 1848 δ.
1997 1810 2280 1846 Αιιιυιοοειο
2325 1810 2532 1859 tribuit,
2560 1810 2731 1848 couex
2761 1810 2976 1846 tandem
3020 1810 3053 1848 ιι
3074 1835 3091 1858 ,
3135 1810 3265 1847 eum
3293 1810 3350 1847 δ.
3383 1810 3572 1850 υτιιοιε
3599 1810 3778 1848 mmor.

536 1862 798 1917 Convent.
831 1864 882 1917 in
913 1863 1271 1918 Laurentiana
1300 1863 1358 1919 S.
1387 1863 1570 1917 Leoni.
1599 1810 1707 1918 geri
1727 1863 1858 1918 satis
1884 1862 2158 1916 defensam
2188 1870 2435 1932 putamus
2463 1879 2679 1917 causam
2703 1863 2770 1917 ab
2799 1861 3015 1931 optimis
3053 1863 3256 1917 criticis
3284 1864 3647 1918 Benedictinis
3673 1880 3782 1917 mo-

537 1933 725 1986 nachis
752 1948 1002 2002 congreg.
1034 1932 1093 1988 S.
1125 1933 1312 1995 Mauri,
1344 1934 1434 2002 qui
1457 1949 1574 1988 eam
1608 1948 1707 1988 nec
1730 1933 2032 1997 Ambrosio,
2067 1946 2166 1985 nec
2191 1932 2490 2002 Augustino
2509 1932 2907 2000 adjudicarunt,
2936 1940 2990 1987 et
3018 1948 3047 1987 a
3078 1933 3401 2002 Balleriniis,
3425 1938 3515 2002 qui
3545 1933 3779 1988 eamdem

544 2017 652 2055 non
675 2019 793 2074 esse
824 2001 885 2074 iii
906 2001 1158 2074 operibus
1186 2003 1246 2057 S.
1276 2001 1472 2074 Leonis
1500 2002 1882 2074 numerandam
1909 2009 2253 2074 censuerunt.
2275 2001 2533 2074 Editores
2553 2017 2742 2074 omnes
2769 2003 2998 2074 idipsum
3021 2003 3238 2074 volunt;
3266 2001 3781 2074 Gy_mniicusiscilicel
3869 2043 3874 2048 .

537 2082 662 2192 pag.
699 2072 817 2136 l66,
849 2069 1150 2154 Galesinius
1172 2087 1300 2153 pag.
1333 2071 1457 2136 158,
1483 2071 1835 2126 Combetisius
1861 2079 1993 2126 tom.
2021 2071 2083 2134 V,
2116 2084 2238 2140 pag.
2270 2069 2394 2138 26l,
2425 2069 2690 2127 Cumdius
2718 2069 2856 2128 tom.
2889 2071 2977 2138 Ill,
3018 2086 3144 2143 pag.
3172 2071 3300 2141 226,
3320 2069 3654 2144 'Raynaudus
3674 2087 3785 2142 pag.

577 2139 612 2193 2
648 2182 662 2193 .
689 2141 1019 2193 Martial-mus
1047 2159 1100 2193 1n
1126 2141 1244 2193 Bih.
1270 2141 1411 2193 Max.
1436 2152 1566 2193 tom.
1600 2140 1685 2193 Vl.
1719 2155 1842 2193 una.
1869 2139 1960 2193 28.

689 2141 1019 2210 Margarinus
1047 2143 1100 2196 in
1126 2139 1411 2196 Bib.Max.
1436 2152 1566 2196 tom.
1600 2140 1685 2207 Vl,
1719 2155 1842 2212 pag.
1869 2139 1960 2194 28.

545 2251 701 2322 197
732 2251 1214 2331 Ancuusunug-l—
1229 2249 1492 2331 immissio
1517 2250 1942 2331 Spiritus_sancti
1969 2271 2122 2331 super
2149 2263 2196 2323 Α
2225 2253 2438 2310 Patrem
2484 2257 2794 2326 pervenisse
2829 2255 3121 2331 Christum,
3152 2273 3272 2313 cum
3299 2256 3540 2312 videmus
3571 2256 3636 2311 ad
3670 2272 3792 2327 apo-

615 2319 878 2395 apostolos
903 2321 1102 2395 probat_
1118 2319 1377 2395 Christum
1406 2319 1711 2395 participem
1740 2326 1933 2395 fartum
1964 2319 2121 2395 fuisse

607 2391 837 2463 ejusdem
862 2390 1128 2463 patestatis
1149 2399 1197 2443 et
1227 2390 1414 2463 gloritc'
1427 2408 1540 2463 cum
1573 2390 2126 2463 Patre._Expon'nntur

609 2453 706 2513 illa
733 2453 885 2513 verba
907 2459 1094 2528 psalmi
1125 2453 1251 2513 Ctx':
1278 2453 1425 2513 Dixit
1454 2460 1708 2515 Dominus
1735 2453 1961 2517 Domino
1989 2479 2122 2527 meo,

613 2529 736 2583 sede
766 2545 799 2581 a
822 2529 1023 2583 dextris
1050 2531 1200 2586 meis.

615 2703 785 2760 Nosse
806 2718 904 2756 vos
932 2702 1113 2769 credo,
1147 2701 1362 2768 fratres,
1387 2718 1509 2772 quae
1541 2704 1610 2758 sit
1638 2703 1778 2758 ratio
1803 2702 1948 2772 quod
1968 2718 2130 2758 vene—

543 2797 769 2855 labilem
822 2796 962 2852 hanc
1013 2794 1362 2854 Pentecostes
1385 2796 1528 2852 diem
1556 2813 1664 2852 non
1710 2797 1919 2852 minore
1947 2796 2128 2851 laetitia

543 2888 876 2944 celebremus
921 2903 1083 2958 quam
1127 2897 1372 2944 sanctum
1411 2887 1614 2944 Pascha
1659 2889 1962 2943 curavimus
2005 2896 2050 2954 ι,
2073 2894 2128 2942 et

543 2980 688 3049 quod
716 2979 905 3035 eadem
934 2979 1220 3034 devotione
1265 2981 1424 3049 hujus
1449 2980 1804 3035 solemnitatis
1829 2980 2126 3035 observan-

543 3071 673 3123 tiam
693 3068 1050 3137 decurrimus,
1080 3069 1219 3124 sicut
1239 3070 1381 3125 illius
1408 3070 1664 3138 obsequia
1692 3069 1997 3125 festivitatis
2024 3070 2127 3123 im-

543 3158 825 3230 plevimus.
851 3157 1001 3214 Tunc
1019 3159 1182 3223 enim,
1210 3160 1349 3216 sicut
1374 3159 1535 3215 modo
1563 3159 1590 3199 δ
1619 3159 1918 3224 fecerimus,
1945 3169 1969 3198 ε
1986 3160 2129 3229 jeju-

544 3264 736 3304 namus
781 3249 1029 3314 sabbato,
1076 3249 1286 3318 vigilias
1330 3249 1736 3314 celebravimus,
1795 3250 2130 3304 orationibus

544 3346 930 3412 pemoctanter
951 3341 1276 3408 institimus;
1302 3342 1444 3398 unde
1472 3357 1692 3398 necesse
1719 3351 1802 3397 est
1820 3342 2010 3397 similis
2033 3342 2129 3396 ob-

542 3432 812 3487 servantia
839 3432 1070 3486 similem
1116 3432 1356 3488 lattitiam
1404 3433 1781 3503 subsequatur.
1826 3432 1920 3488 Est
1948 3434 2128 3488 laetitia

543 3523 703 3593 plane
749 3523 1078 3588 consimilis;
1109 3531 1236 3581 tunc
1262 3525 1407 3583 enim
1431 3525 1499 3579 ab
1545 3523 1730 3582 inferis
1762 3534 2128 3594 resurgentem

2225 2347 2393 2402 stolos
2411 2347 2746 2404 descendisse
2768 2347 2795 2386 ¹λ
2820 2347 3171 2405 Paracletum.
3194 2347 3548 2415 Credendum,
3570 2350 3806 2418 inquam}

2226 2446 2330 2502 est,
2362 2438 2498 2492 sicut
2525 2439 2601 2492 ait
2625 2439 2694 2493 de
2713 2439 2993 2493 Salvatore
3014 2438 3202 2506 David,
3232 2439 3285 2493 in
3307 2437 3403 2492 Dei
3430 2438 3654 2492 dextera
3677 2453 3795 2492 con-

2227 2529 2420 2594 sidere,
2453 2530 2577 2597 q'uia
2626 2530 2894 2584 cernimus
2922 2530 3177 2599 Spiritum
3206 2539 3472 2595 sanctum,
3503 2531 3644 2586 sicut
3686 2545 3801 2600 pro-

2227 2619 2373 2672 misit
2428 2619 2711 2683 Dominus,
2764 2619 2817 2672 in
2872 2619 3145 2690 discipulis
3195 2622 3512 2675 exsultare:
3556 2621 3633 2675 ait
3683 2634 3795 2689 ergo

2235 2711 2246 2742 ί
2285 2707 2543 2776 propheta
2572 2707 2895 2776 psalmorum
2929 2727 2941 2761 :
2975 2708 3121 2763 Dixit
3142 2708 3394 2764 Dominus
3415 2711 3644 2765 Domino
3663 2726 3793 2766 meo:

2227 2801 2369 2857 Sede
2397 2806 2409 2852 ι
2443 2819 2474 2855 a
2503 2802 2700 2856 dextris
2727 2805 2853 2857 meis
2885 2802 3058 2874 (Psal.
3091 2804 3226 2874 ω).
3255 2803 3558 2859 Secundum
3588 2818 3790 2860 consue

2229 2891 2468 2946 tudinem
2521 2894 2680 2964 198
2730 2901 2970 2947 nostram
3024 2894 3098 2948 illi
3127 2909 3410 2950 consessus
3448 2895 3688 2960 oﬂ'ertur,
3716 2893 3798 2963 qui

2227 2983 2406 3052 aliquo
2434 2997 2600 3054 opere
2624 2984 2866 3054 perfecto
2891 2982 2916 3022 ιι
2942 2984 3234 3040 adveniens
3260 2985 3482 3040 honoris
3500 2986 3673 3053 gratia
3691 2999 3795 3055 pro

2227 3080 2484 3138 meretur,
2512 3081 2572 3127 ut
2589 3073 2793 3129 sedeat.
2831 3073 2910 3129 Ita
2939 3089 3066 3143 ergo
3095 3084 3150 3129 et
3177 3074 3342 3130 homo
3361 3075 3516 3130 Jesus
3545 3073 3797 3140 Christus,

2229 3164 2476 3233 passione
2531 3179 2627 3219 sua
2680 3164 2952 3220 diabolum
2982 3181 3262 3234 superans,
3292 3168 3688 3221 resurrectione
3715 3181 3798 3221 sua

2230 3255 2434 3310 inferna
2465 3272 2727 3323 reserans,
2776 3265 3030 3327 tanquam
3069 3259 3308 3329 perfecto
3339 3275 3502 3330 opere
3526 3259 3598 3314 ad
3649 3260 3798 3314 cmlos

2230 3347 2405 3401 victor
2437 3346 2452 3384 ι
2488 3347 2780 3402 adveniens
2827 3348 2976 3403 audit
3003 3364 3035 3403 a
3062 3348 3175 3404 Deo
3204 3347 3362 3404 Patre
3387 3367 3399 3401 :
3429 3349 3570 3404 Sede
3594 3349 3660 3404 ad
3677 3349 3799 3402 dex-

2231 3447 2398 3492 teram
2428 3455 2624 3494 meam.
2647 3439 2757 3496 Nee
2785 3441 3002 3509 mirum,
3029 3442 3075 3496 si
3096 3443 3254 3497 unius
3272 3442 3413 3496 sedis
3435 3441 3659 3496 oﬂ'ertur
3678 3440 3802 3495 Filio

2229 3545 2512 3585 consessus
2538 3545 2569 3584 a
2595 3529 2772 3596 Patre,
2803 3531 2894 3600 qui
2921 3533 3082 3586 unius
3107 3541 3190 3587 est
3216 3533 3526 3588 substantiae
3562 3541 3604 3570 ω
3645 3545 3695 3586 et
3715 3547 3799 3584 na-

543 3614 878 3682 suscepimus
905 3613 1263 3680 Salvatorem,
1310 3615 1474 3670 modo
1501 3624 1679 3670 autem
1707 3615 1966 3684 Spiritum
2004 3629 2130 3668 san-
2161 3627 2205 3686 Β
2233 3627 2367 3674 tura:
2388 3635 2509 3674 eum
2537 3619 2712 3676 Patre.
2762 3620 2872 3676 Cur
2898 3631 3078 3678 autem
3104 3624 3171 3678 ad
3199 3623 3474 3678 dexteram
3504 3623 3670 3678 Filius
3693 3637 3803 3677 esse

544 3713 689 3758 ctum
717 3713 1093 3775 exspectamus
1129 3706 1196 3760 de
1228 3707 1378 3761 cmlis
1409 3724 1422 3758 :
1467 3715 1592 3762 tunc
1621 3707 1764 3760 anxii
1791 3705 1878 3762 vel
1915 3706 2127 3761 solliciti

543 3797 568 3829 ’ί
595 3795 1018 3864 praedicabamus
1045 3795 1361 3862 adventum;
1390 3798 1552 3852 modo
1583 3798 1791 3867 trepidi,
1814 3799 1936 3856 'vel
1959 3798 2128 3867 jejuni

546 3883 812 3937 l’aracleti
840 3883 1207 3939 desideramus
1233 3884 1549 3951 adventum;
1599 3887 1652 3939 in
1699 3888 1948 3942 omnibus
1982 3889 2125 3946 enim

545 3972 688 4026 Deus
738 3971 898 4025 saluti
933 3971 950 4009 τ
983 3972 1220 4041 providit
1244 3973 1519 4040 humanae;
1551 3984 1680 4030 tunc
1705 3975 1847 4030 enim
1877 3978 2032 4032 nobis
2059 3977 2127 4030 ad

543 4061 929 4128 resurgendum
977 4071 1178 4118 tartara
1209 4063 1456 4120 Salvator
1481 4066 1722 4137 aperuit;
1767 4069 1926 4124 modo
1971 4070 2126 4126 nobis

543 4150 615 4206 ad
643 4150 973 4218 regnandum
1001 4151 1310 4213 Paracletus
1333 4155 1572 4213 coelestia
1600 4158 1890 4223 reseravit;
1923 4168 1979 4214 et
1999 4159 2124 4228 qui-

543 4239 771 4295 busdam
798 4243 952 4310 quasi
974 4252 1000 4290 8
1031 4242 1363 4311 profectuum
1387 4245 1660 4314 gradibus,
1683 4255 1813 4302 tunc
1839 4248 1907 4303 de
1952 4257 2127 4305 morte

543 4329 613 4384 ad
652 4329 814 4384 vitam
860 4332 1142 4387 didicimus
1171 4350 1444 4401 remeare;
1494 4336 1654 4392 modo
1676 4346 1854 4392 autem
1883 4339 1948 4394 de
1971 4340 2128 4394 terris

543 4419 612 4473 ad
641 4419 810 4475 caalos
855 4421 1175 4478 meditamur
1223 4424 1531 4480 ascendere.
1565 4426 1689 4481 limo
1717 4437 1896 4482 autem
1945 4430 2125 4484 omnia

541 4519 800 4577 operatur
847 4509 900 4563 in
957 4510 1110 4565 nobis
1128 4509 1372 4572 Christus
1399 4513 1672 4580 Dominus,
1703 4517 1794 4583 qui
1817 4518 2127 4587 priusquam

539 4598 746 4654 rediret
790 4599 859 4654 ad
905 4600 1073 4656 cmlos
1117 4603 1364 4671 promisit
1397 4603 1672 4674 discipulis
1717 4607 1849 4673 suis,
1901 4608 2123 4664 dicens:

543 4687 674 4742 Cum
702 4699 872 4742 autem
894 4691 1195 4756 ascendero,
1218 4691 1412 4761 rogabo
1438 4692 1646 4756 Patrem
1668 4713 1855 4763 meum,
1884 4709 1935 4752 et
1962 4701 2127 4753 mitte.

545 4777 682 4831 vobis
713 4781 872 4834 alium
921 4779 1270 4844 Paracletum,
1294 4783 1379 4854 qui
1405 4782 1658 4840 vobiscum
1687 4787 1752 4840 sit
1783 4788 1837 4844 in
1858 4800 2124 4855 wternum,

545 4867 802 4938 Spiritum
821 4874 1054 4927 veritatis
1078 4872 1260 4944 (Joan.
1285 4875 1414 4944 xiv).
1445 4873 1594 4931 Unde
1613 4879 1938 4936 credendum
1957 4891 2039 4937 est
2060 4883 2128 4936 ad

2233 3719 2259 3746 ιι
2283 3711 2556 3775 credatur,
2599 3721 2812 3766 moveat
2855 3713 3084 3782 aliquem
3108 3713 3374 3769 fortasse?
3397 3713 3548 3768 Licet
3569 3715 3708 3769 enim
3729 3711 3801 3766 di-

2232 3802 2450 3869 gnitatis
2483 3802 2678 3870 gradus
2707 3818 2815 3856 non
2844 3803 2934 3868 sit,
2962 3803 3050 3858 ubi
3075 3791 3681 3873 plenitudo‘Divinitatis
3709 3814 3801 3864 es',

2231 3901 2409 3946 tamen
2439 3892 2560 3946 ideo
2587 3892 2654 3945 ad
2681 3892 2958 3947 dexteram
2981 3894 3136 3948 sedet
3161 3894 3345 3956 Filius,
3376 3909 3484 3948 non
3522 3908 3633 3962 quo
3674 3906 3800 3962 pra:-

2230 3981 2434 4037 feratur
2480 3981 2644 4047 Patri,
2676 3982 2774 4038 sed
2804 3999 2871 4038 ne
2899 3984 3122 4039 inferior
3150 3999 3268 4039 esse
3295 3984 3566 4039 credatur.
3601 3983 3665 4037 Et
3693 3983 3805 4037 ideo

2232 4074 2299 4129 ad
2338 4075 2616 4130 dexteram
2650 4074 2836 4142 Filius,
2876 4076 2998 4146 quia
3047 4075 3336 4131 secundum
3373 4084 3398 4111 ο
3428 4075 3801 4144 evangelistam

2228 4165 2444 4236 (Matth.
2488 4165 2618 4237 xxv)
2665 4167 2733 4221 ad
2787 4167 3067 4222 dexteram
3115 4182 3266 4234 oves,
3295 4166 3360 4220 ad
3389 4167 3661 4221 sinistram
3682 4179 3802 4220 vero

2227 4257 2622 4312 constituentur
2652 4256 2808 4311 hmdi.
2853 4255 3086 4312 Necesse
3115 4266 3197 4312 est
3226 4271 3354 4324 ergo
3378 4265 3590 4326 partem
3633 4255 3801 4309 ovium

2227 4347 2430 4416 primus
2451 4360 2617 4413 agnus
2637 4347 2894 4409 obtineat,
2925 4355 2980 4402 et
3006 4356 3264 4402 secuturo
3295 4347 3638 4401 immaculato
3665 4343 3802 4413 gregi

2229 4437 2406 4492 locum
2457 4435 2562 4490 dux
2609 4437 2979 4493 immaculatus
3017 4439 3300 4507 anticipet,
3320 4438 3457 4493 sicut
3475 4438 3551 4491 ait
3579 4436 3805 4490 Joannes

2231 4525 2282 4578 in
2309 4523 2630 4596 Apocalypsi
2661 4524 2810 4598 (Cap.
2845 4527 2973 4598 xiv),
2999 4527 3185 4582 dicens
3211 4545 3223 4580 :
3255 4527 3328 4581 Ili
3351 4537 3468 4581 sunt
3492 4529 3580 4598 qui
3599 4541 3802 4597 sequuta

2228 4620 2311 4668 tur
2352 4631 2562 4684 agnum,
2591 4632 2902 4687 ,quocunque
2925 4627 2950 4665 Ρ
2977 4617 3115 4681 ierit,
3155 4618 3242 4689 qui
3289 4634 3346 4671 se
3371 4633 3485 4670 cum
3515 4615 3805 4670 mulieribus

2225 4719 2332 4759 non
2385 4706 2858 4776 coinquinaverunt.
2909 4705 3092 4761 Refert
3140 4723 3270 4775 ergo
3313 4709 3575 4777 propheta
3602 4698 3798 4760 David:

2229 4794 2380 4849 Dixit
2403 4796 2658 4851 Dominus
2679 4797 2903 4852 Domino
2917 4815 3028 4852 meo
3046 4814 3063 4850 :
3083 4799 3219 4852 Sede
3240 4799 3308 4851 ad
3323 4799 3588 4852 dexteram
3604 4813 3764 4851 meum
3786 4813 3802 4848 :

2230 4885 2336 4940 hoc
2364 4894 2447 4940 est
2487 4886 2743 4941 Dominus
2786 4885 2944 4941 Pater
2990 4887 3220 4942 Domino
3273 4888 3384 4942 Deo
3430 4887 3647 4942 Christo
3676 4886 3804 4940 Filio

621 5002 853 5094 :(‘lpddi
870 5022 907 5094 ii
929 5004 1203 5094 S‘.7Cru‘cis
1228 5005 1443 5094 Dinon,
1480 5018 1538 5091 _et
1588 5011 1701 5094 174.
1737 5014 1869 5094 bibl.
1920 5015 2117 5080 eccles,
2146 5020 2190 5081 C
2221 5017 2865 5094 Cod.nati_tem_S:_Crucis
2889 5023 2939 5094 in
2969 5021 3103 5094 Je_r.,
3135 5022 3459 5094 propheticus
3484 5022 3734 5094 psalmus.

545 5067 810 5139 Florent.,
832 5085 1066 5129 sanctum
1090 5076 1299 5131 Pascha
1320 5067 1604 5135 curavimus
1625 5082 1903 5138 celebrare.

619 5142 642 5221 ιζ
670 5139 813 5221 idem
834 5143 955 5196 cod.
985 5161 1203 5221 cixxtv,
1225 5148 1356 5221 sicut
1379 5149 1536 5221 modo
1565 5151 1799 5221 fecimus.

619 5219 641 5292 «ξ
667 5207 910 5292 yterque
1085 5207 1350 5292 Sacrucis
1376 5218 1428 5273 in
1456 5207 1576 5292 tier:
1602 5221 1728 5292 legit
1746 5223 2117 5292 jejanaiimus.

617 5277 640 5314 ιι
663 5277 832 5333 Codd.
865 5296 899 5334 ιι
929 5280 986 5336 s.
1009 5279 1196 5338 Crucis
1226 5285 1442 5349 Minor.,
1471 5289 1539 5344 90
1559 5299 1614 5344 et
1641 5277 1709 5343 iis
1746 5277 1820 5346 's.’
1835 5290 2022 5348 Crucis
2065 5277 2118 5349 ni

535 5331 783 5424 t.:.-.,'_t}ei
812 5331 1614 5424 έρξιξξέιίξὰὶῑὲὲεϊρἶέἓάὁιῖιῖιιῖἱ
1636 5331 1929 5416 item;

619 5429 642 5501 ς
836 5419 906 5501 ρο
1011 5416 1275 5501 (Σιςιιοξδίιί
1297 5425 1407 5482 Jer.
1439 5430 1602 5484 habet
1623 5441 1672 5485 et
1696 5447 1794 5501 pro
1820 5436 1915 5487 rel.

621 5486 638 5568 ζ
835 5488 1354 5568 S._Crucis_Mi_nor.,
1387 5501 1638 5568 providet.

616 5557 868 5644 αιεῦοᾱηη
898 5559 953 5615 S.
984 5557 1172 5616 Crucis
1197 5557 1414 5633 Minori,
1441 5577 1491 5622 et
1510 5570 1816 5640 quibusdam
1841 5573 1988 5643 quasi
2008 5590 2122 5644 pro.

544 5627 684 5704 (τιμᾶ.
695 5627 958 5704 gradibus.

617 5694 640 5776 ξι
666 5694 798 5776 item
827 5700 1102 5776 cod._l7i,
1135 5704 1462 5776 descendisse
1483 5707 1737 5776 Spiritum
1769 5711 2112 5766 Paraclitum.

619 5767 638 5814 ἡ
667 5767 797 5829 God.
854 5769 1120 5838 Ambros,
1158 5775 1230 5826 ait
1273 5791 1394 5842 ergo
1421 5767 1745 5844 propheticus
1775 5783 2115 5852 psalmorum,

2297 5091 2314 5138 ι
2351 5088 2486 5146 Cod.
2533 5089 2600 5145 90
2629 5090 2686 5146 S.
2718 5092 2902 5147 Crucis
2931 5093 2986 5147 in
3014 5088 3384 5156 Jerus.,'Sede
3423 5109 3453 5145 a

2223 5174 2412 5212 meam.

2297 5227 2320 5265 ¹ι
2344 5228 2480 5284 Cod.
2505 5229 2563 5284 8.
2585 5229 2773 5286 Crucis
2793 5232 2846 5286 in
2871 5230 3003 5293 Jer.,
3031 5233 3196 5287 uictor
3223 5233 3517 5286 adveniens.

2299 5297 2315 5334 ι
2345 5297 2490 5369 Idem
2516 5300 2635 5354 cod.
2668 5301 2942 5369 Ambros.,
2967 5304 3130 5357 rictor
3156 5303 3383 5356 veniens.

2293 5378 2333 5406 ιη
2374 5367 2506 5423 Item
2529 5369 2651 5424 cod.
2682 5367 2954 5434 Ambros,
2983 5380 3034 5426 et
3061 5371 3129 5424 99
3175 5372 3232 5426 S.
3264 5370 3448 5426 Crucis
3479 5372 3532 5426 in
3556 5369 3688 5435 Jer.,
3715 5369 3798 5437 qui

2221 5439 2376 5493 unius
2403 5451 2478 5493 est
2507 5439 2814 5495 substantia
2834 5451 3024 5495 natura
3045 5457 3161 5495 cum
3185 5441 3366 5494 Patre.
3730 5444 3742 5456 ‘

2295 5518 2321 5545 η
2344 5508 2478 5562 Cod.
2511 5508 2569 5564 S.
2601 5508 2789 5564 Crucis
2811 5511 2860 5564 in
2884 5510 3016 5575 Jer.,
3048 5510 3095 5564 F
3098 5512 3220 5565 ilius
3241 5527 3352 5565 esse
3382 5511 3603 5564 dicatur.

2289 5586 2325 5700 1°.
2349 5578 2520 5634 Codd.
2549 5577 2606 5634 S.
2637 5577 2825 5634 Crucis
2857 5581 2909 5636 in
2936 5580 3046 5637 Jer.
3069 5582 3267 5636 habent
3309 5582 3584 5636 secundum
3626 5579 3800 5634 Evan-

2307 5665 2433 5700 tum.

2225 5663 2433 5718 getiam.

2295 5729 2320 5767 Γ
2349 5719 2482 5775 Cod.
2517 5719 2572 5774 S.
2599 5718 2785 5776 Crucis
2815 5721 2869 5778 iu
2899 5719 3031 5788 Jcr.,
3059 5738 3358 5794 quocunque
3387 5721 3542 5776 tadit.

3539 5093 3800 5146 dexteram
