4042 6192
240 372 331 428 877

1514 359 1797 416 IIOMILIA
1836 358 2013 414 LXIII.

3388 360 3494 415 578

244 477 409 535 throni
434 474 512 530 sui
533 471 691 529 oll'ert
711 470 992 527 sublimem
1012 484 1346 534 consessum,
1371 477 1425 523 et
1448 471 1673 525 honoris
1692 486 1809 539 gra-
1834 481 1884 536 Α
1914 471 2012 526 sed
2034 479 2093 525 ut
2122 468 2148 507 ἀ
2180 470 2341 524 modo
2365 470 2481 538 ejus
2501 472 2914 541 omnipotentis,
2942 472 3103 527 modo
3130 472 3494 531 misericordia

243 570 308 623 tia
335 566 399 622 ad
425 566 701 619 dexteram
724 572 750 598 ι
778 575 931 615 suam
959 560 1109 613 illum
1132 568 1331 613 aeterna
1352 560 1479 614 sede
1506 561 1800 615 constituit.

245 657 477 725 Legimus
502 661 681 707 autem
709 652 763 704 in
787 649 1007 705 Actibus
1034 650 1402 719 apostolorum
1456 648 1606 720 (Cap.
1638 652 1700 719 l),
1726 650 1807 704 di-

244 756 388 803 cente
437 744 596 798 beato
644 741 942 811 Stephano,
997 758 1119 797 cum
1148 741 1479 810 lapidaretur
1505 757 1535 795 a
1563 740 1758 797 Judaeis
1790 760 1803 795 :

246 835 368 891 Ecce
390 834 528 888 video
546 830 700 885 cwlos
728 839 956 900 apertos,
988 841 1033 885 et
1061 840 1280 887 stantem
1325 832 1605 886 Dominum
1629 832 1809 885 Iesum

246 926 306 978 ad
328 924 587 976 dexteram
620 919 738 973 Dei.
770 920 1059 975 Videamus
1109 935 1237 988 ergo
1257 936 1373 991 qua:
1401 922 1470 975 sit
1498 922 1635 975 ratio
1665 922 1810 989 quod

245 1016 373 1069 idem
403 1012 656 1065 Dominus
688 1026 718 1063 a
750 1009 917 1063 David
953 1009 980 1048 ιο
1011 1010 1204 1065 sedens
1252 1012 1623 1080 prophetatur,
1664 1020 1811 1065 stans

246 1121 362 1161 vero
390 1119 420 1157 a
460 1102 735 1172 Stephano
780 1102 1119 1172 prmdicatur.
1172 1100 1350 1158 Primo
1395 1104 1631 1158 omnium
1672 1103 1814 1158 Deus

244 1196 327 1265 qui
371 1194 721 1263 incorporalis
760 1202 844 1249 est
881 1202 936 1249 et
964 1195 1244 1250 invisibilis
1273 1195 1378 1267 (est
1405 1198 1547 1250 enim
1575 1198 1811 1266 spiritus,

246 1288 369 1341 sicut
388 1287 465 1339 ait
492 1285 752 1341 Dominus
786 1304 796 1338 :
826 1285 968 1339 Deus
988 1296 1159 1340 autem
1185 1288 1395 1357 spiritus
1417 1296 1492 1342 est
1506 1288 1683 1361 [Ιοαη.
1708 1286 1815 1360 iv])

246 1376 421 1431 sedere
474 1385 567 1430 aut
620 1384 765 1431 stare
820 1377 1092 1445 quomodo
1143 1378 1589 1448 potest?Deinde
1635 1390 1814 1435 autem

246 1468 377 1536 quali
414 1468 672 1522 subsellio
700 1468 885 1522 sedeat
914 1469 1073 1535 Deus,
1122 1470 1214 1538 qui
1245 1470 1481 1526 inﬁnitus
1504 1481 1604 1537 est,
1636 1482 1690 1527 et
1718 1474 1818 1527 im-

246 1573 471 1625 mensus,
499 1571 521 1596 ε
553 1569 605 1613 et
634 1559 771 1612 intra
793 1574 853 1613 se
881 1559 992 1629 ipse
1022 1561 1190 1629 magis
1230 1569 1526 1616 creaturam
1571 1571 1815 1617 cunctam

248 1650 531 1703 contineat.
558 1648 681 1702 Haec
708 1658 888 1702 autem
920 1658 1206 1719 propterea
1237 1667 1266 1704 a
1296 1652 1494 1705 sanctis
1523 1653 1649 1707 viris
1677 1652 1816 1707 dicta

249 1740 467 1795 arbitror
494 1754 614 1794 esse
635 1739 702 1794 de
727 1740 987 1806 Domino;
1020 1757 1125 1796 non
1146 1756 1253 1810 quo
1275 1743 1381 1796 sint
1407 1743 1674 1797 contraria
1695 1744 1815 1808 sibi,

1923 563 2275 619 describatur.
2304 565 2460 634 199
2479 564 2609 618 Nam
2634 565 2818 633 utique
2842 580 2942 635 pro
2970 572 3235 635 potestate
3253 567 3392 633 regis
3411 584 3499 622 se-

1908 653 2037 708 dere
2056 653 2267 715 dicitur,
2302 669 2402 722 pro
2430 654 2671 708 bonitate
2700 655 3072 709 intercessoris
3093 663 3236 708 stare
3263 655 3499 724 suggeri-

1910 753 2026 809 tur;
2054 745 2128 799 ait
2151 746 2291 798 enim
2314 745 2505 798 beatus
2532 746 2807 814 apostolus
2831 763 2844 799 :
2880 743 3014 808 Quia
3061 746 3369 800 advocatum
3398 747 3496 798 ha-

1911 834 2084 889 bemus
2104 835 2241 905 apud
2262 834 2476 888 Patrem
2488 835 2664 890 Jesum
2678 834 2933 891 Christum
2963 836 3012 907 (Ι
3039 836 3196 891 Joan.
3220 850 3302 890 ut.
3326 836 3498 890 Iudex

1911 941 2040 995 ergo
2068 935 2151 981 est
2195 926 2455 990 Christus,
2504 942 2626 979 cum
2673 926 2901 991 residet;
2934 928 3223 981 advocatus
3244 935 3346 991 est,
3369 942 3493 979 cum

1912 1020 2172 1088 assurgit;
2192 1019 2353 1089 judex
2377 1019 2531 1088 plane
2551 1018 2747 1074 Judmis
2765 1030 2810 1085 ε,
2840 1020 3125 1074 advocatus
3144 1019 3458 1073 Christianis
3480 1037 3493 1071 :

1912 1112 2003 1166 hic
2055 1111 2199 1165 enim
2243 1118 2392 1165 stans
2442 1111 2601 1181 200
2629 1111 2768 1181 apud
2798 1109 3041 1172 Patrem,
3072 1108 3498 1163 Christianorum

1914 1202 2041 1257 licet
2068 1202 2402 1271 peccantium
2430 1218 2621 1257 causas
2642 1209 2847 1266 exorat,
2873 1202 2945 1257 ibi
2970 1202 3168 1255 residet
3190 1218 3309 1256 cum
3341 1200 3499 1256 Patre

1919 1292 2308 1347 Phariszeornm
2355 1292 2792 1363 persequentium
2836 1301 3058 1362 peccata
3102 1291 3500 1354 condemnans;

1921 1383 2024 1437 illis
2045 1382 2325 1450 indignans
2352 1382 2700 1437 vehementer
2720 1383 3010 1449 ulciscitur,
3035 1382 3117 1436 bis
3144 1382 3504 1436 interveniens

1922 1473 2116 1527 leniter
2137 1472 2440 1536 miseretur,
2470 1472 2558 1527 hic
2582 1481 2691 1526 stat
2718 1482 2776 1527 ut
2804 1474 3062 1542 suscipiat
3091 1472 3349 1542 Stephani
3370 1487 3502 1525 mar-

1922 1563 2055 1633 tyris
2082 1562 2345 1632 spiritum,
2372 1562 2443 1617 ibi
2476 1562 2677 1617 residet
2706 1570 2765 1617 ut
2793 1562 3114 1618 condemnet
3142 1562 3291 1617 Iudae
3320 1560 3504 1631 prodi-

1923 1653 2057 1707 toris
2079 1652 2389 1707 admissum.

1569 1832 1917 1895 HOMILIA
1962 1837 2189 1897 LXIII.

1298 1931 1377 1986 De
1406 1932 1733 1987 solemnitate
1759 1945 1960 1990 sancta:
1991 1937 2322 1991 Pentecostes
2346 1934 2465 1990 III.

1646 2023 2044 2079 ADMONITIO.

309 2116 454 2170 Hanc
482 2113 847 2186 homiliamiS.
880 2114 1185 2186 Augustino
1211 2114 1360 2186 olim,
1388 2130 1418 2168 a
1444 2114 1761 2183 quibusdam
1788 2115 1923 2171 falso
1962 2119 2249 2186 ascriptam
2279 2118 2529 2173 monachi
2554 2124 2862 2184 congregat.
2889 2117 2944 2171 S.
2978 2116 3149 2170 Mauri
3182 2116 3232 2169 in
3257 2117 3510 2185 appendi-

255 2202 357 2241 cem
399 2200 713 2239 sermonum
760 2185 819 2239 S.
870 2185 1111 2253 ejusdem
1157 2184 1396 2239 doctoris
1443 2186 1638 2239 merito
1662 2186 1984 2254 rejecerunt.
2014 2184 2131 2240 Non
2159 2188 2333 2241 minus
2360 2187 2493 2241 falso
2523 2187 2777 2240 attributa
2810 2186 2906 2239 fuit
2935 2186 2991 2240 S.
3021 2184 3305 2240 Ambrosio
3328 2184 3449 2239 cum
3481 2203 3511 2240 a

255 2256 515 2312 nonnullis
535 2256 675 2317 aliis,
703 2264 812 2308 tum
836 2255 904 2307 ab
931 2271 996 2308 eo
1026 2254 1115 2322 qui
1137 2270 1261 2308 eam
1290 2256 1559 2309 transtulit
1583 2256 1635 2308 in
1660 2256 1902 2311 codicem
1930 2255 2435 2312 Theodoricensem.
2472 2256 2609 2311 Sunt
2632 2265 2810 2309 autem
2839 2257 2892 2309 in
2915 2272 2977 2311 ea
2999 2256 3264 2324 quccdam,
3298 2256 3512 2311 illorum

289 2326 399 2379 lane
426 2325 648 2391 similia,
679 2340 797 2392 qua:
825 2325 934 2396 suis
950 2324 1193 2396 homiliis
1214 2325 1271 2378 S.
1301 2324 1563 2396 Maximus
1587 2325 1652 2378 de
1672 2327 1862 2379 eodem
1890 2327 2147 2396 mysterio
2173 2341 2337 2395 agens
2365 2329 2680 2396 complexus
2700 2334 2801 2380 est.
2827 2326 3016 2396 Itaque
3044 2326 3331 2396 Maximum
3355 2324 3512 2391 hujus

274 2403 366 2448 tem
394 2411 517 2449 esse
546 2404 819 2449 auctorem
850 2394 1099 2447 arbitror.
1132 2393 1246 2459 Qua
1268 2396 1437 2461 magis
1473 2395 1524 2447 in
1554 2396 1821 2449 sententia
1849 2393 2155 2458 conlirmor,
2188 2393 2307 2452 cum
2354 2393 2559 2451 eam—in
2588 2393 2964 2451 vetustissimis
2992 2395 3199 2450 duobus
3229 2395 3505 2450 codicibus

255 2466 409 2521 Sancti
437 2464 714 2529 Dalmatii,
738 2472 793 2518 et
822 2463 1139 2528 Taurinensi
1166 2472 1355 2518 sancto
1384 2464 1484 2533 ipsi
1507 2464 1740 2519 Maximo
1770 2474 2046 2536 acceptam
2072 2466 2261 2521 referri
2281 2466 2477 2534 legam.

261 2554 1093 2626 AuonuENTuI.-e-Adntirabilem
1113 2554 1538 2626 Christireditum
1564 2556 1635 2608 ad
1654 2556 1833 2610 caelum
1865 2562 1911 2620 B
1938 2559 2135 2623 abiero,
2166 2559 2355 2626 inquit,
2386 2558 2454 2610 ad
2484 2557 2720 2625 Patrem,
2750 2557 2952 2611 mittam
2992 2555 3133 2610 vobis
3186 2555 3515 2610 Paracletum

317 2624 499 2695 probat
530 2625 590 2677 S.
622 2624 891 2695 episcopus'
920 2641 985 2677 ex
1017 2625 1262 2679 descensu
1290 2625 1518 2695 Spiritus
1545 2628 1713 2680 sancti
1738 2644 1830 2680 su-

318 2712 402 2767 per
420 2696 723 2767 apostolos,
755 2696 979 2749 ostendit
1008 2696 1145 2748 enim
1171 2695 1563 2765 promissionem
1591 2696 1702 2767 ejus
1732 2697 1831 2750 ad-

320 2764 586 2834 impletam
612 2780 743 2819 esse.

318 2917 605 2973 Sanctitati
659 2925 869 2979 vestrae,
928 2915 1207 2980 carissimi,
1260 2923 1509 2969 votorum
1549 2913 1659 2982 jam
1707 2922 1833 2968 nota

259 3008 401 3063 debet
425 3022 554 3062 esse
580 3005 856 3062 festivitas.
890 3005 1029 3073 Quid
1061 3006 1204 3059 enim
1232 3014 1288 3059 et
1312 3020 1415 3072 qua
1446 3004 1653 3058 ratione
1681 3018 1835 3058 cure-

259 3115 361 3153 mus
397 3114 475 3154 ει
513 3099 625 3167 ipsa
669 3097 983 3154 celebritate
1038 3096 1410 3151 condiscimus.
1455 3094 1588 3148 Nam
1626 3108 1746 3148 cum
1780 3095 1832 3148 in

260 3191 479 3257 vestigia
510 3205 603 3243 sua
630 3189 823 3243 iterum
866 3188 1162 3242 revolvitur
1188 3194 1455 3241 transacta
1503 3186 1830 3250 solemnitas,

259 3280 520 3335 doctiores
568 3279 848 3344 et‘licimur,
906 3279 1033 3333 dum
1080 3294 1197 3332 eam
1251 3277 1443 3346 smpius
1479 3276 1830 3331 celebramus.

259 3369 606 3430 Pentecostcn
637 3384 766 3438 ergo
794 3384 1013 3437 agamus
1033 3369 1211 3434 hodie,
1238 3368 1340 3421 hoc
1358 3373 1441 3421 est
1462 3366 1837 3434 quinquagesi-

259 3476 387 3514 mum
415 3462 564 3517 diem
595 3478 625 3515 a
658 3460 1052 3515 resurrectione
1096 3458 1392 3521 dominica;
1434 3473 1540 3512 non
1560 3456 1703 3525 quod
1732 3458 1833 3512 hac

261 3550 351 3614 die,
380 3552 524 3604 sicut
554 3550 794 3619 plerique
832 3558 1022 3619 putant
1070 3549 1136 3603 ad
1174 3549 1339 3605 caelos
1367 3547 1613 3602 Salvator
1640 3562 1832 3601 ascen-

261 3640 401 3695 derit.
432 3642 571 3698 Νίκη
600 3652 724 3712 post
754 3642 1201 3696 resurrectionem
1231 3657 1351 3695 cum
1400 3640 1655 3709 apostolis
1681 3656 1833 3693 eom-

263 3742 511 3798 moratus,
565 3734 969 3801 quadragesima
1012 3732 1100 3785 die
1128 3730 1193 3784 ad
1241 3730 1335 3783 Dei
1359 3730 1530 3783 Patris
1556 3730 1831 3783 dexteram

263 3826 541 3885 remeavit;
574 3824 714 3877 sicut
741 3822 916 3877 Lucas
942 3821 1267 3889 evangelista
1317 3822 1390 3873 ait
1416 3838 1428 3872 :
1464 3818 1655 3882 Quibus
1679 3819 1833 3872 etiam

1935 2650 2115 2720 (Joun.
2167 2650 2298 2721 xvi).
2357 2648 2637 2704 Credimus
2675 2650 2817 2703 enim
2846 2649 2913 2704 ad
2958 2647 3173 2703 Patrem
3204 2648 3515 2717 pervenisse

1932 2740 2144 2805 Filium,
2167 2756 2287 2796 cum
2318 2741 2559 2795 videmus
2584 2740 2653 2794 ad
2682 2739 2956 2808 apostolos
2977 2738 3316 2792 descendisse
3347 2736 3514 2790 Para-

1934 2830 2150 2888 cletum.
2205 2829 2487 2885 Credimus
2541 2845 2772 2898 namque
2818 2845 2941 2884 cum
2995 2842 3222 2896 regnare
3252 2830 3301 2881 in
3343 2827 3513 2887 cmlis,

1933 2937 2092 2992 quem
2119 2923 2388 2976 cernimus
2412 2937 2635 2975 munera
2664 2928 2847 2975 sancta
2868 2918 3072 2973 donare
3102 2920 3153 2973 in
3184 2919 3357 2979 terris,
3382 2918 3514 2973 sicut

1932 3012 2190 3081 scriptum
2219 3020 2302 3066 est
2328 3027 2426 3082 per
2449 3012 2769 3081 prophetam
2798 3028 2810 3063 :
2842 3008 3139 3063 Ascendens
3159 3010 3216 3061 in
3245 3010 3407 3061 altum
3425 3022 3513 3059 ca—

1934 3102 2291 3172 ptivamduxit
2312 3102 2676 3172 captivitatem,
2710 3100 2850 3154 dedit
2874 3100 3013 3154 dona
3040 3099 3327 3155 hominibus
3344 3097 3513 3168 (Psal.

1935 3190 2075 3269 LX).'
2103 3191 2287 3244 Victor
2336 3193 2519 3260 utique
2539 3198 2870 3255 muneratur,
2894 3190 3068 3245 victor
3101 3189 3242 3244 dona
3269 3189 3513 3257 largitur,

1936 3281 2076 3335 unde
2102 3289 2157 3334 et
2181 3280 2430 3333 Salvator
2456 3281 2628 3334 victor
2655 3280 2853 3334 diaboli
2876 3290 3002 3349 post
3029 3280 3375 3349 triumphum,
3408 3278 3514 3333 dis-

1934 3373 2139 3441 cipulos
2177 3387 2312 3439 quos
2348 3372 2594 3425 liberavit
2639 3387 2669 3424 a
2711 3370 3043 3439 captivitate,
3092 3372 3251 3424 etiam
3301 3370 3516 3423 benedi«

1934 3464 2113 3518 ctione
2141 3462 2347 3516 ditavit.
2398 3459 2665 3515 Liberavit
2709 3469 2890 3513 autem
2921 3474 3041 3525 nos,
3086 3474 3206 3512 cum
3234 3458 3302 3511 ad
3330 3473 3514 3511 rosm-

1934 3552 2162 3622 gendum
2210 3568 2307 3622 per
2348 3566 2406 3605 se
2445 3552 2614 3621 ipsum
2664 3558 2863 3603 tartara
2893 3549 3151 3612 occlusit;
3182 3548 3371 3600 ditavit
3395 3562 3515 3609 nos,

1935 3659 2057 3699 cum
2086 3643 2152 3696 ad
2176 3641 2506 3711 regnandum
2538 3656 2632 3709 per
2697 3638 3031 3693 Paracletum
3079 3638 3234 3691 nobis
3279 3636 3517 3691 caelestia

1936 3733 2215 3788 reseravit.
2266 3730 2594 3798 Quibusdam
2621 3736 2798 3783 autem
2829 3728 2982 3796 quasi
3010 3726 3308 3796 profectum
3337 3728 3516 3793 gradi-

1934 3824 2056 3892 bus,
2080 3831 2206 3877 tunc
2225 3838 2255 3875 a
2284 3829 2455 3875 morte
2480 3819 2547 3873 ad
2572 3820 2733 3872 vitam
2754 3818 3035 3872 didicimus
3057 3831 3330 3880 remeare;
3356 3815 3517 3870 modo

263 3914 473 3969 exhibuit
502 3932 557 3969 se
576 3916 744 3985 ipsum
776 3916 939 3968 vivum
958 3922 1071 3983 post
1097 3915 1389 3983 passionem
1418 3929 1584 3975 suam,
1614 3927 1705 3980 per
1727 3910 1837 3963 dies
1864 3920 1911 3984 ο
1939 3922 2119 3972 autem
2147 3912 2215 3966 de.
2244 3911 2402 3965 terris
2431 3910 2496 3963 ad
2527 3910 2694 3964 ccelos
2721 3909 2977 3962 docemur
3003 3905 3325 3970 ascendere;
3382 3906 3519 3960 sicut

262 4005 601 4076 quadraginta
630 4020 885 4073 apparens
913 4004 988 4056 eis
1016 4002 1153 4072 (Act.
1192 4007 1253 4068 ι).
1296 4000 1658 4067 Quadraginta
1704 4012 1865 4069 ergo.

263 4091 451 4147 dierum
480 4093 752 4148 curriculo
780 4090 1246 4147 conversationem
1267 4104 1415 4142 suam
1438 4088 1707 4158 discipulis
1722 4089 1831 4142 suis

261 4181 496 4240 Salvator
516 4186 781 4250 exhibuit,
832 4186 1035 4240 scilicet
1063 4190 1123 4237 ut
1149 4190 1297 4236 tanto
1326 4196 1549 4235 numero
1591 4195 1832 4259 resurre-

262 4275 441 4330 ctionis
470 4277 587 4345 ejus
635 4276 804 4343 gratia
846 4275 1168 4338 laetaremur,
1220 4280 1421 4343 quanto
1468 4279 1523 4326 et
1570 4271 1833 4341 passionis

262 4366 363 4435 ejus
390 4369 967 4439 injurias‘lleveramus,
995 4367 1325 4436 totidemque
1346 4367 1551 4421 dierum
1572 4367 1745 4436 spatio
1766 4383 1833 4421 eo

262 4462 597 4517 relicercmur
625 4471 908 4532 praesente,
938 4478 1047 4530 quo
1088 4461 1393 4529 jejunamus
1440 4460 1679 4515 absente.
1716 4458 1832 4513 Non

262 4549 413 4617 igitur
440 4554 600 4607 hodie
638 4552 883 4607 Christus
913 4551 1154 4605 ascendit
1181 4550 1245 4604 ad
1272 4551 1488 4614 malum,
1518 4552 1611 4603 sed
1636 4548 1836 4604 Christi

262 4638 480 4709 Spiritus
531 4641 807 4696 descendit
834 4642 901 4695 de
926 4641 1085 4706 cmlo,
1113 4640 1251 4693 sicut
1272 4641 1384 4709 ipse
1421 4638 1679 4693 Dominus
1710 4654 1836 4707 pro—

262 4734 469 4788 mittens
495 4734 571 4786 ait
602 4752 614 4781 :
648 4732 775 4786 Cum
798 4743 965 4785 autem
994 4731 1270 4784 ascendero
1293 4731 1360 4783 ad
1381 4729 1610 4794 Patrem,
1635 4730 1835 4783 mittam

262 4825 389 4878 robis
416 4825 770 4891 Paracletum,
787 4824 1037 4894 Spiritum
1058 4824 1309 4890 veritatis,
1335 4833 1382 4875 et
1406 4824 1514 4892 ipse
1532 4820 1731 4875 docebit
1748 4838 1833 4873 ros

262 4916 429 4968 omnia
450 4916 625 4986 (Joan.
674 4932 759 4969 xvr
786 4923 834 4967 et
865 4916 997 4981 xxv).
1024 4912 1209 4980 Magna
1241 4913 1397 4981 plane
1418 4913 1608 4980 gratia,
1636 4911 1832 4981 duplex
1871 4964 1878 4969 ,

262 5006 522 5073 gaudium,
568 5006 711 5076 quod
766 5007 1055 5059 obeuntem
1084 5003 1352 5057 Christum
1382 5021 1489 5057 non
1520 5004 1830 5067 amittimus,

262 5103 314 5148 et
335 5098 626 5153 venientem
655 5098 913 5167 Spiritum
935 5095 1286 5165 possidemus.
1314 5094 1443 5147 Nam
1467 5094 1612 5147 illum
1643 5094 1838 5147 retine-

262 5197 374 5239 mus
402 5184 522 5241 ﬁdei
554 5189 766 5250 merito,
798 5187 937 5239 hunc
964 5183 1401 5238 sanctiﬁcationis
1429 5199 1669 5237 accessu.
1704 5182 1832 5236 Cum

1937 4003 2193 4072 scriptum
2223 4009 2304 4055 est
2331 4018 2344 4052 :
2375 3998 2496 4070 Ipse
2518 4017 2603 4053 ros
2630 3998 2829 4053 docebit
2849 3999 3022 4052 omnia
3055 3996 3235 4069 (Joan.
3260 4014 3369 4061 11v,
3400 3996 3516 4066 26).

1934 4092 2070 4159 Quid
2094 4092 2251 4147 docet
2276 4090 2503 4159 Spiritus
2517 4091 2768 4144 sanctus?
2797 4088 2988 4158 Utique
3013 4089 3117 4143 hoc
3148 4089 3298 4142 novit
3325 4088 3521 4143 docere

1936 4182 2080 4251 quod
2128 4190 2374 4237 sanctum
2403 4190 2504 4235 est.
2536 4180 2674 4246 Quid
2714 4180 2872 4235 docet
2901 4196 2999 4233 nos
3028 4179 3371 4234 Paracletus?
3391 4178 3523 4233 Illud

1938 4274 2124 4344 utique
2162 4272 2319 4327 docet
2344 4272 2487 4339 quod
2513 4271 2642 4324 dicit
2677 4270 2926 4324 Salvator
2951 4287 2966 4321 :
2998 4269 3169 4322 Multa
3193 4269 3355 4322 habeo
3385 4269 3523 4321 vobis

1938 4367 2128 4432 dicere,
2157 4364 2249 4419 sed
2278 4380 2380 4417 non
2409 4363 2623 4433 potestis
2653 4370 2861 4431 portare
2887 4362 3071 4425 modo;
3095 4376 3212 4413 cum
3231 4361 3524 4414 venerititlc

1939 4454 2169 4524 Spiritus
2218 4453 2467 4516 veritatis,
2517 4453 2629 4522 ipse
2680 4467 2764 4505 vos
2793 4449 2995 4504 docebit
3023 4450 3199 4503 omnia
3231 4448 3409 4519 (Joan.
3436 4464 3523 4503 xvt

1940 4545 2047 4613 12).
2072 4545 2254 4599 Bonus
2284 4544 2462 4612 itaque
2485 4544 2738 4609 magister
2764 4551 2848 4596 est
2868 4541 3195 4606 Paracletus,
3215 4540 3337 4608 quia
3363 4538 3524 4592 docet

1938 4652 2057 4705 quae
2085 4636 2328 4690 Christus
2350 4633 2591 4688 docenda
2621 4634 2877 4687 servavit.
2908 4632 3021 4687 lloc
3049 4632 3190 4686 enim
3211 4631 3366 4683 docet
3395 4628 3523 4698 Spi-

1937 4728 2071 4781 ritus
2119 4735 2359 4801 sanctus,
2416 4726 2561 4795 quod
2610 4726 2867 4779 Dominus
2912 4723 3209 4779 docendum
3240 4722 3437 4775 habere
3463 4738 3523 4776 se

1936 4818 2085 4871 dicit.
2140 4818 2322 4871 Bonus
2377 4818 2535 4887 plane
2587 4818 2841 4885 magister
2869 4824 2973 4881 est,
3014 4815 3102 4885 qui
3132 4822 3524 4883 prmceptorum

1934 4917 2219 4964 exsecutor
2248 4918 2331 4962 est
2350 4908 2663 4964 Salvatoris.
2694 4907 2710 4946 τ
2740 4909 2965 4962 Necesse
2985 4914 3068 4959 est
3090 4906 3247 4973 igitur
3267 4912 3323 4957 ut
3371 4904 3527 4959 unius

1935 5000 2007 5054 sit
2051 5000 2365 5053 substantia:
2420 5008 2613 5053 natura
2666 5015 2783 5054 cum
2838 4996 3071 5056 Christo,
3113 4995 3259 5065 quod
3287 4994 3527 5048 videmus

1940 5090 2104 5143 unius
2131 5105 2251 5143 cum
2280 5088 2495 5143 Christo
2526 5091 2679 5157 201
2714 5102 2831 5141 esse
2858 5084 3139 5139 doctrinae.
3172 5083 3236 5137 Et
3265 5083 3410 5150 ideo,
3430 5099 3527 5137 ca-

1936 5181 2154 5244 rissimi,
2180 5181 2497 5235 mundemus
2518 5194 2615 5232 nos
2638 5180 2705 5231 ab
2726 5178 2870 5230 omni
2902 5177 3304 5245 inquinamento
3328 5190 3523 5239 carnis,

331 5304 354 5329 ⁶
385 5293 523 5349 Idem
545 5295 735 5350 cod.S.
753 5294 939 5348 Crucis
960 5294 1010 5347 in
1034 5293 1250 5359 Minor.,
1277 5291 1538 5361 Floreut.,
1566 5292 1835 5358 Ambros.,
1870 5300 1917 5359 ι)
1944 5293 2097 5363 modo
2127 5293 2243 5363 ejus
2269 5293 2520 5363 potentia,
2548 5290 2711 5363 modo
2731 5291 3110 5363 misericordia,
3132 5299 3236 5363 etc.

267 5373 317 5418 et
345 5364 403 5417 S.
438 5364 616 5420 Crucis
645 5366 697 5419 in
718 5364 853 5429 Jer.,
885 5365 953 5416 ad
973 5364 1241 5417 dexteram
1270 5363 1370 5415 sui.

331 5433 355 5470 δ
385 5433 523 5489 Idem
552 5435 673 5490 cod.
705 5435 762 5490 S.
794 5433 1002 5501 Crucis,
1035 5450 1067 5485 a
1092 5432 1261 5486 David
1298 5433 1480 5487 sedens
1506 5432 1835 5503 praphetiza-

264 5512 365 5556 tur.

320 5519 365 5556 r.

337 5583 358 5610 ε
388 5570 517 5653 _Cod.
546 5574 813 5641 Ambros,
845 5574 935 5628 sed
955 5575 1063 5645 ipse
1089 5573 1254 5643 magis
1276 5582 1628 5627 creaturarum
1658 5572 1834 5626 omnia

265 5652 537 5696 contineat.

308 5708 360 5783 νδ
394 5709 532 5783 Idem
560 5712 679 5767 cod.
715 5711 984 5783 Ambros.,
1042 5713 1191 5783 modo
1221 5714 1359 5783 ejus
1382 5713 1631 5783 potentia,
1682 5712 1832 5783 modo

266 5782 373 5845 eius
405 5779 748 5837 misericordia
772 5782 1106 5838 describatur.
1161 5779 1292 5839 Cod.
1325 5779 1590 5838 SICrucis
1617 5783 1667 5837 in
1695 5781 1829 5847 Jer.,

2015 5375 2038 5401 ε
2066 5360 2209 5417 Idem
2238 5360 2361 5431 cod.
2393 5360 2661 5425 Ambros.,
2685 5362 2850 5431 judex
2880 5361 3035 5431 plane
3078 5360 3277 5415 Judwis
3301 5369 3407 5429 est,
3432 5361 3528 5414 ad-

1942 5441 2149 5488 vocatus
2175 5440 2251 5484 est
2276 5430 2602 5485 Christianis.

2018 5504 2035 5541 τ
2068 5502 2203 5556 Cod.
2240 5500 2510 5555 Pedonen.
2565 5502 2825 5555 vetustior
2848 5502 2996 5568 legit,
3026 5497 3249 5554 Necesse
3273 5508 3348 5553 est
3370 5501 3526 5569 igitur

1939 5584 1993 5627 ut
2038 5574 2187 5625 unius
2230 5573 2296 5625 sit
2346 5570 2645 5624 substantia:
2690 5582 2839 5631 atque
2886 5582 3085 5624 natura:
3129 5587 3245 5623 cum
3292 5569 3523 5631 Christo,

1938 5645 2183 5713 quoniam
2210 5658 2325 5695 eum
2352 5641 2577 5696 ridemus
2614 5637 2843 5712 ejusdem
2878 5658 2988 5696 esse
3034 5656 3151 5693 cum
3198 5638 3399 5693 Christo
3428 5637 3523 5691 do-

1945 5716 2146 5768 ctrinw.
