4042 6192
241 300 330 359 381

236 518 330 574 pro
349 499 591 556 omnibus
608 496 736 568 pati,
758 496 894 551 hanc
922 496 1009 550 ille
1031 496 1232 565 primus
1260 495 1489 550 reddidit
1516 496 1801 550 Salvatori.

238 593 358 648 Post
381 592 491 645 hmo
535 588 761 657 subjecit
798 586 1072 657 Scriptura
1127 601 1309 650 sacra,
1358 595 1413 640 et
1451 587 1525 640 ait
1558 606 1571 640 :
1606 586 1802 640 Positis

236 681 433 755 genibus
461 679 698 733 clamavit
722 678 895 731 dicens
925 694 941 734 .'
975 686 998 713 ⁸
1029 693 1092 729 ne
1118 686 1314 730 statuas
1356 676 1461 730 illis
1505 676 1598 730 hoc
1620 694 1804 745 pecca-

237 791 351 833 tum.
378 773 580 835 Videte,
618 770 946 825 dilectissimi
974 768 1192 834 fratres,
1224 769 1473 824 affectum
1502 770 1647 824 beati
1679 770 1801 836 viri;

234 867 399 920 videte
427 878 671 932 magnam
700 871 754 917 et
781 861 1142 915 admirabilem
1178 862 1477 916 caritatem.
1509 860 1568 915 In
1619 877 1806 931 perse-

234 956 438 1011 cutione
464 953 671 1023 positus
708 958 843 1016 erat,
869 960 923 1006 et
951 967 1047 1020 pro
1077 953 1507 1020 persecutoribus
1528 952 1801 1021 supplica-

232 1047 333 1107 bat,
363 1052 525 1111 atque
564 1042 617 1095 in
649 1041 735 1094 illa
776 1041 1009 1110 lapidum
1036 1042 1208 1107 ruina,
1239 1042 1451 1110 quando
1497 1043 1633 1097 alius
1662 1044 1801 1097 obli-

230 1137 349 1191 visci
380 1142 593 1204 poterat
613 1133 775 1186 etiam
799 1132 1106 1186 carissimos
1134 1149 1279 1197 suos,
1305 1133 1392 1187 ille
1414 1133 1640 1188 Domino
1662 1145 1808 1187 com-

231 1226 509 1282 mendabat
539 1223 782 1277 inimicos
813 1223 860 1275 δ.
887 1221 1022 1289 Quid
1046 1224 1185 1276 enim
1208 1224 1435 1285 dicebat,
1456 1240 1575 1279 cum
1598 1225 1805 1295 lapida-

228 1319 397 1373 retur?
446 1316 704 1380 Domine,
746 1331 810 1369 ne
847 1324 1044 1369 statuas
1080 1315 1182 1369 illis
1221 1316 1316 1368 hoc
1352 1325 1642 1387 peccatum.
1678 1319 1804 1373 Plus

228 1409 399 1477 itaque
432 1416 560 1461 tunc
588 1403 798 1459 illorum
827 1405 1043 1460 dolebat
1080 1414 1300 1475 peccata
1343 1421 1502 1475 quam
1550 1424 1646 1463 sua
1687 1410 1805 1464 vul-

228 1515 366 1563 nera,
399 1499 522 1568 plus
552 1498 758 1551 illorum
799 1498 1125 1567 impietatem
1153 1515 1313 1569 quam
1356 1516 1511 1554 suam
1540 1510 1797 1568 mortem;

227 1599 276 1644 et
294 1598 440 1644 recte
461 1590 597 1658 plus.
614 1588 668 1641 ln
690 1588 899 1642 illorum
928 1588 1126 1657 quippe
1147 1589 1426 1658 iniquitate
1453 1600 1607 1645 erant
1634 1593 1800 1647 multa

214 1691 249 1727 ,ε
281 1694 397 1747 quae
420 1679 620 1747 plangi,
668 1679 722 1731 in
770 1678 912 1733 illius
939 1686 1120 1732 autem
1148 1688 1322 1734 morte
1351 1697 1455 1735 non
1492 1693 1609 1736 erat
1654 1684 1799 1752 quod

1476 305 1508 337 ο
1603 278 1883 352 ιιοιιιιιᾈ
1920 295 2098 351 Lxrv.

239 411 484 473 Domino;
514 414 741 463 mortem
770 406 941 471 enim,
970 421 1130 474 quam
1172 404 1419 459 Salvator
1443 405 1688 474 dignatus
1716 415 1797 461 est
1824 414 1869 469 Α
1898 418 1947 461 et
1973 408 2019 459 si
2064 406 2324 460 tradidero
2353 424 2534 477 corpus
2564 425 2727 464 meum
2759 421 2805 477 υ,
2851 419 2907 464 ut
2948 414 3188 480 ardeam,
3218 419 3487 474 caritatem
3562 420 3571 430 ’

3378 308 3485 360 582

1912 508 2083 549 autem
2110 514 2211 550 non
2243 495 2496 562 habuero,
2528 500 2660 553 nihil
2686 502 2813 555 mihi
2859 504 3070 573 prodest
3101 505 3165 575 (1
3196 505 3315 561 Cor.
3347 512 3482 579 xm).

1909 586 2078 652 Quam
2103 602 2216 640 rem
2242 589 2404 641 etiam
2435 589 2623 643 beatus
2648 589 2880 646 Joannes
2921 594 3222 661 confirmat,
3254 597 3437 653 dicens
3472 619 3485 654 :

1912 674 2094 730 Omnis
2124 678 2208 747 qui
2225 686 2248 712 ο
2278 695 2381 731 non
2410 678 2581 749 diligit
2603 682 2815 750 fratrem
2840 700 3011 753 suum,
3032 695 3207 739 manet
3232 688 3284 741 in
3300 700 3485 746 morte.

1909 769 1975 822 Et
1999 770 2196 823 iterum
2229 789 2240 822 :
2277 768 2376 833 Qui
2404 773 2620 840 fratrem
2667 790 2814 825 suum
2866 776 2973 827 odit
3018 776 3279 832 homicida
3315 788 3391 834 est
3430 778 3485 851 (1

1906 858 2043 914 Joan
2074 861 2173 929 ιιι).
2200 859 2449 915 Hocloco
2478 861 2696 916 fratrem
2726 880 2938 919 omnem
2969 866 3240 923 hominem
3271 881 3489 941 oportet

1908 951 2161 1018 intelligi;
2212 966 2399 1005 omnes
2447 952 2499 1005 in
2556 951 2767 1008 Christo
2818 956 3007 1012 fratres
3052 976 3254 1017 sumus.
3314 963 3486 1019 Nemo

1908 1043 2089 1110 itaque
2118 1042 2233 1097 sine
2281 1043 2505 1097 caritate
2551 1044 2618 1098 de
2647 1047 2947 1114 virginitate
2976 1062 3278 1119 praesumat,
3324 1071 3484 1111 nemo

1907 1132 1973 1187 de
1998 1133 2371 1204 eleentosynis,
2398 1149 2555 1189 nemo
2595 1135 2661 1190 de
2690 1147 2715 1185 ρ
2746 1139 3076 1194 orationibus
3106 1142 3368 1209 confidat;
3393 1148 3482 1214 qui

1905 1227 2139 1294 quandiu
2184 1228 2515 1283 inimicitiam
2545 1230 2599 1284 in
2641 1231 2803 1285 corde
2836 1234 3100 1299 tenuerit,
3133 1251 3307 1304 neque
3349 1240 3482 1302 istis,

1907 1332 2079 1384 neque
2109 1318 2227 1373 aliis
2250 1328 2277 1368 τι
2297 1321 2621 1388 quibuslibet
2646 1322 2802 1376 bonis
2849 1325 3101 1393 operibus
3129 1326 3342 1395 placare
3384 1331 3484 1383 sibi

1906 1405 2189 1461 Dominum
2238 1411 2455 1479 poterit.
2488 1409 2593 1465 Sed
2642 1412 2689 1465 si
2710 1414 2823 1466 vult
2850 1414 3046 1469 habere
3074 1416 3174 1469 sibi
3198 1419 3485 1489 propitium

1904 1496 2096 1563 Deum,
2144 1515 2250 1553 non
2300 1501 2615 1569 dedignatur
2653 1503 2839 1557 audire
2876 1506 3157 1560 consilium
3192 1518 3213 1545 τ
3254 1510 3485 1576 bonum;

1905 1588 2087 1641 audiat
2114 1604 2221 1641 non
2246 1605 2352 1655 me,
2379 1591 2471 1644 sed
2494 1591 2665 1660 ipsum
2682 1593 2964 1648 Dominum
2994 1611 3166 1649 suum.
3188 1598 3269 1662 Si,
3294 1599 3484 1668 inquit,

1904 1681 2060 1749 offers
2090 1698 2272 1734 munus
2302 1691 2442 1735 tuum
2472 1683 2540 1735 ad
2567 1684 2765 1749 altare,
2810 1695 2859 1738 et
2885 1686 2955 1739 ibi
2997 1690 3301 1743 recordatus
3325 1694 3484 1761 fueris

227 1769 492 1824 debuisset
536 1769 732 1834 doleri;
765 1770 974 1823 illorum
1006 1770 1332 1840 impietatem
1357 1788 1503 1828 mors
1530 1774 1793 1843 sequeba-
1829 1780 1870 1839 Β
1899 1773 2020 1843 quia
2048 1774 2213 1842 fra'er
2253 1781 2368 1827 tuus
2397 1774 2548 1827 habet
2594 1776 2791 1847 aliquid
2820 1778 3090 1833 adversum
3126 1791 3205 1849 te,
3249 1784 3481 1855 relinque

229 1866 311 1911 tur
326 1868 552 1924 :cterna,
576 1859 730 1928 hujus
755 1868 930 1914 autem
973 1868 1201 1915 mortem
1229 1862 1338 1916 vita
1366 1872 1642 1933 perpetua.
1668 1865 1795 1919 lmi-

226 1960 389 2005 temur
414 1963 545 2018 ergo
570 1951 623 2004 in
663 1950 862 2020 aliquo,
903 1950 1232 2005 dilectissimi
1276 1952 1488 2018 fratres,
1516 1955 1650 2008 tanti
1678 1970 1795 2008 ma-

225 2043 359 2111 gistri
383 2041 564 2108 fidem,
585 2051 693 2095 tam
724 2041 961 2111 praeclari
987 2043 1238 2112 martyris
1264 2043 1572 2109 caritatem;
1605 2043 1797 2113 diliga-

224 2150 330 2189 mus
356 2150 461 2189 nos
488 2136 593 2189 hoc
611 2134 798 2189 “animo
828 2134 879 2187 in
923 2133 1159 2189 Ecclesia
1189 2134 1380 2189 fratres
1408 2145 1638 2201 nostros,
1687 2152 1796 2205 quo

224 2226 304 2281 ille
347 2233 480 2281 tunc
519 2225 705 2280 dilexit
733 2225 978 2280 inimicos
1016 2241 1163 2282 suos.
1217 2226 1323 2282 Sed
1353 2229 1496 2297 quod
1534 2228 1687 2298 pejus
1712 2238 1795 2283 est

222 2319 499 2387 aliquoties
526 2333 631 2372 non
662 2318 835 2371 solum
880 2317 1124 2372 inimicos
1173 2334 1280 2373 non
1323 2319 1608 2388 diligimus,
1639 2319 1664 2356 ά
1694 2336 1795 2376 nec

223 2409 396 2462 amicis
423 2407 643 2476 quidem
676 2406 832 2461 fidem
867 2408 1127 2476 integram
1157 2410 1505 2465 custodimus.
1537 2411 1643 2465 Sed
1669 2410 1795 2467 dicit

224 2498 407 2566 aliquis
439 2516 451 2550 :
486 2514 593 2553 non
618 2514 835 2568 possunt
866 2498 1084 2566 diligere
1114 2498 1386 2555 inimicum
1413 2515 1612 2565 meum,
1634 2515 1795 2570 quem

222 2588 453 2654 quotidie
474 2588 621 2642 velut
668 2589 877 2642 hostem
906 2589 1083 2657 patior
1120 2589 1565 2644 crudelissimum.
1599 2591 1643 2644 0
1670 2591 1793 2661 qui-

222 2695 422 2752 cunqne
458 2681 545 2734 ille
591 2696 668 2742 es,
713 2681 944 2735 attendis
970 2682 1098 2749 quid
1128 2682 1222 2735 tibi
1266 2680 1453 2736 fecerit
1499 2682 1696 2747 homo,
1740 2691 1795 2737 et

223 2785 319 2824 non
344 2771 655 2825 consideras
684 2771 809 2839 quid
842 2779 897 2825 tu
944 2770 1133 2827 feceris
1162 2772 1307 2837 Deo;
1358 2787 1477 2827 eum
1532 2773 1675 2827 enim
1734 2784 1791 2827 tu

224 2861 425 2916 'multo
447 2862 688 2928 graviora
710 2862 764 2915 in
794 2861 958 2916 Deum
988 2871 1206 2931 peccata
1236 2862 1588 2928 commiseris,
1623 2879 1792 2933 quare

224 2952 377 3023 205
425 2969 531 3006 non
570 2952 792 3008 dimittis
821 2952 1024 3007 homini
1054 2951 1072 2990 ί
1105 2969 1311 3023 parum,
1344 2963 1402 3007 ut
1424 2955 1514 3009 tibi
1547 2956 1685 3010 Deus
1709 2956 1793 3010 di-

220 3054 406 3111 gnctur
430 3044 699 3097 dimittere
728 3043 1197 3099 multum?Recole
1221 3053 1245 3091 Β
1262 3044 1404 3114 quod
1427 3045 1521 3098 tibi
1552 3046 1603 3099 in
1626 3024 1798 3100 Evad-

1898 1861 1969 1914 ibi
2000 1878 2183 1915 munus
2209 1871 2350 1916 tuum
2378 1872 2498 1917 ante
2524 1864 2709 1929 altare,
2741 1876 2790 1919 et
2817 1868 2945 1920 vade
2971 1871 3115 1938 prius
3161 1873 3487 1928 reconciliari
3519 1904 3530 1913 -

1898 1954 2053 2024 fratri
2082 1962 2186 2018 tua,
2218 1962 2267 2006 et
2293 1962 2414 2007 tunc
2436 1956 2642 2009 veniens
2672 1957 2859 2026 o/feres
2889 1975 3073 2014 manus
3094 1969 3233 2016 tuum
3265 1961 3481 2034 (Matth.

1898 2044 1974 2113 v).
2006 2045 2075 2099 At
2104 2061 2200 2099 nos
2224 2060 2429 2115 pugnas
2452 2055 2472 2080 ³
2507 2048 2767 2104 habemus
2794 2051 3135 2118 intrinsecus,
3164 2063 3219 2109 et
3246 2056 3399 2111 dolos
3428 2058 3481 2113 in

1898 2134 2062 2189 corde
2106 2145 2400 2201 versantes,
2431 2139 2586 2204 quasi
2616 2142 2631 2175 ι
2659 2140 2852 2194 bonam
2874 2142 3255 2197 conscientiam
3282 2148 3482 2200 habea-

1896 2242 2032 2288 mus,
2060 2230 2427 2296 praesumimus
2449 2231 2705 2286 accedere
2734 2233 2800 2285 ad
2822 2234 3017 2299 altare,
3050 2251 3156 2290 non
3189 2237 3435 2293 timentes
3459 2280 3476 2304 ,

1896 2319 2038 2386 quod
2067 2321 2323 2388 scriptum
2368 2328 2449 2375 est
2482 2339 2495 2373 :
2531 2319 2631 2384 Qui
2661 2324 2942 2377 manducat
2987 2334 3037 2379 et
3087 2326 3211 2381 bibit
3239 2328 3473 2401 indigne.

1888 2409 2144 2479 judicium
2165 2409 2261 2463 sibi
2284 2412 2564 2463 manducat
2594 2422 2622 2449 ιι
2650 2423 2699 2465 et
2721 2411 2842 2466 bibit
2869 2413 2922 2485 (1
2945 2415 3063 2469 Cor.
3097 2420 3193 2485 ιι).
3224 2417 3329 2472 Sed
3351 2420 3485 2474 dicit.

1905 2502 2056 2571 205
2093 2500 2285 2569 aliquis
2318 2518 2330 2552 :
2361 2502 2577 2568 grandis
2623 2502 2776 2557 labor
2811 2512 2894 2559 est
2940 2505 3186 2560 inimicos
3234 2509 3479 2576 diligere,

1897 2608 1998 2662 pro
2027 2600 2055 2630 ν
2095 2593 2531 2662 persecutoribus
2567 2594 2887 2664 supplicare.
2921 2595 3028 2652 Nec
3073 2614 3172 2653 nos
3199 2613 3478 2671 negamus,

1896 2682 2112 2748 fratres,
2145 2698 2251 2736 non
2275 2699 2471 2752 parvus
2499 2685 2716 2753 quidem
2745 2685 2899 2741 labor
2940 2696 3023 2743 est
3050 2690 3102 2742 in
3133 2690 3234 2744 hoc
3263 2692 3477 2754 saeculo,

1896 2773 1989 2827 sed
2013 2772 2216 2840 grande
2236 2773 2339 2828 erit
2358 2775 2631 2843 pnemium
2655 2776 2706 2827 in
2724 2775 2929 2842 futuro;
2954 2793 3050 2846 per
3076 2795 3313 2834 amorem
3334 2783 3477 2835 enim

1898 2863 2053 2918 unius
2076 2863 2307 2919 hominis
2334 2864 2533 2920 inimici
2562 2873 2587 2901 ³
2609 2862 2857 2920 elficieris
2878 2867 3080 2921 amicus
3102 2868 3215 2935 Dei,
3240 2870 3347 2923 imo
3370 2886 3478 2924 non

1895 2953 2068 3008 solum
2090 2948 2309 3017 amicus,
2325 2954 2418 3009 sed
2437 2955 2598 3009 etiam
2620 2954 2777 3017 filius,
2807 2956 3069 3026 sicutipse
3082 2957 3373 3013 Dominus!
3394 2961 3476 3014 di-

1896 3044 1969 3098 cit
1992 3061 2005 3096 :
2042 3043 2253 3115 Diligite
2275 3046 2514 3099 inimicos
2530 3056 2740 3109 vestros,
2766 3048 3049 3117 benefacite
3063 3049 3127 3102 iis
3147 3050 3233 3120 qui
3262 3051 3479 3105 oderunt

220 3134 347 3202 gelio
387 3134 600 3187 Veritas
629 3134 740 3202 ipsa
770 3135 1094 3204 promiserit,
1127 3142 1181 3188 et
1206 3150 1364 3205 quam
1404 3136 1499 3190 tibi
1527 3136 1789 3205 quodam-
1818 3144 1861 3205 (ζ
1893 3152 2013 3200 vos,
2043 3145 2098 3188 ut
2125 3137 2236 3189 sitis
2262 3137 2361 3204 ﬁlii
2390 3134 2565 3189 Patris
2596 3138 2749 3190 restri
2789 3139 2874 3209 qui
2906 3140 2959 3192 in
3007 3140 3148 3193 cretis
3195 3150 3271 3194 est
3315 3142 3332 3211 (
3350 3141 3479 3197 Luc.

221 3224 368 3297 modo
399 3226 700 3279 cautionem
731 3225 937 3289 fecerit,
969 3226 1054 3279 vel
1102 3227 1259 3295 quale
1293 3226 1316 3262 ιι
1344 3234 1556 3296 pactum
1589 3228 1786 3283 inierit.

223 3316 276 3369 Si
304 3318 461 3383 enim,
487 3318 676 3385 inquit,
702 3318 1000 3372 dimiseritis
1024 3319 1312 3373 hominibus
1350 3329 1561 3390 peccata
1594 3337 1791 3389 eorum,

222 3409 435 3463 dimittet
461 3418 507 3463 et
528 3409 666 3463 vobis
705 3410 716 3446 ί
760 3411 917 3463 Pater
944 3421 1106 3465 vester
1129 3411 1346 3465 cmlestis
1371 3420 1580 3482 peccata
1604 3421 1790 3466 vestra.

223 3500 277 3554 Si
306 3511 474 3554 autem
501 3519 607 3555 non
655 3503 986 3571 dimiseritis,
1032 3520 1123 3556 nec
1154 3503 1334 3556 -Pater
1373 3512 1534 3556 vester
1574 3505 1795 3557 dimittet

226 3594 237 3639 l
259 3590 430 3645 debita
446 3602 614 3645 vestra
639 3590 852 3661 (Matth.
884 3593 981 3659 v1).
1023 3592 1246 3656 Videtis,
1272 3591 1496 3655 fratres,
1523 3594 1644 3660 quia
1667 3608 1788 3647 cum

223 3680 307 3735 Dei
337 3683 505 3751 gratia
534 3684 585 3736 in
617 3690 883 3753 potestate
905 3692 1088 3738 nostra
1116 3686 1347 3754 positum
1371 3694 1445 3739 est
1465 3725 1478 3750 ,
1510 3686 1739 3753 qualiter
1758 3702 1789 3740 a

225 3771 439 3826 Domino
461 3772 781 3842 judicemur.
821 3774 900 3840 Si,
927 3776 1114 3844 inquit,
1159 3776 1475 3841 dimiseritis,
1510 3777 1792 3831 dimittetur

224 3866 352 3921 robis
375 3866 421 3920 ιε.
452 3867 567 3921 lam
598 3884 739 3939 salpe
782 3869 920 3935 dixi,
951 3870 1167 3937 fratres,
1200 3880 1254 3925 et
1282 3871 1588 3940 frequenter
1614 3870 1791 3924 dicere

225 3957 423 4021 debeo,
465 3976 624 4013 nemo
673 3976 730 4014 se
771 3961 1176 4027 circumveniat,
1227 3979 1385 4018 nemo
1440 3980 1499 4017 se
1539 3964 1785 4027 sedueat;

231 4044 355 4117 1qui
390 4049 468 4103 vel
499 4066 662 4103 unum
694 4050 961 4105 hominem
996 4052 1046 4104 in
1074 4053 1175 4106 hoc
1200 4052 1397 4105 mundo
1446 4053 1567 4105 odio
1608 4053 1789 4116 habet,

227 4138 467 4207 quidquid
502 4138 616 4193 Deo
655 4140 707 4193 in
757 4143 1007 4209 operibus
1041 4141 1195 4196 bonis
1225 4151 1261 4177 ω
1292 4140 1575 4206 obtulerit,
1618 4149 1790 4195 totum

227 4229 407 4297 perdit,
439 4230 562 4299 quia
594 4248 698 4286 non
732 4233 987 4286 mentitur
1018 4231 1210 4286 Paulus
1248 4231 1520 4301 apostolus
1558 4231 1743 4286 dicens
1775 4249 1786 4285 :

227 4316 284 4371 Si
310 4320 493 4375 dedero
541 4337 715 4375 omnes
756 4322 1026 4393 facultates
1055 4339 1195 4375 meas
1222 4324 1276 4375 in
1308 4319 1447 4374 cibos
1484 4338 1787 4392 pauperum,

1895 3230 1991 3297 γι).
2017 3229 2071 3283 Si
2102 3236 2157 3283 te
2185 3230 2376 3298 aliquis
2418 3230 2578 3284 homo
2607 3231 2757 3285 dives
2798 3232 2851 3285 in
2881 3232 2984 3287 hoc
3011 3233 3203 3287 szeculo
3232 3233 3392 3287 vellet
3421 3224 3478 3285 lL

1895 3318 2025 3371 lium
2054 3319 2362 3387 adoptivum
2408 3318 2618 3385 facere;
2649 3321 2921 3388 quomodo
2964 3323 3210 3387 servires,
3234 3338 3368 3392 quas
3396 3323 3479 3378 in-

1896 3408 2182 3475 dignitates
2210 3410 2372 3463 etiam
2418 3424 2698 3465 servorum
2736 3410 2873 3478 ejus,
2903 3426 3022 3480 qum
3047 3413 3263 3467 servitia
3307 3415 3477 3469 duris.

1896 3500 2052 3563 sima,
2087 3508 2141 3554 et
2178 3499 2463 3568 aliquoties
2498 3501 2660 3554 etiam
2702 3501 3002 3570 turpissima
3042 3502 3333 3556 sustineres
3364 3512 3387 3540 ι
3418 3511 3478 3557 ut

1895 3590 1962 3643 ad
1991 3590 2245 3643 caducam
2284 3598 2339 3644 et
2371 3590 2611 3658 fragilem
2657 3590 3019 3645 baereditatem
3066 3591 3207 3645 illius
3233 3594 3477 3661 perveni-

1894 3684 2014 3734 res?
2030 3679 2181 3745 Quod
2202 3694 2329 3747 ergo
2353 3681 2485 3735 alius
2503 3690 2557 3717 αα
2580 3682 2870 3735 sustineret
2890 3689 3109 3751 propter
3128 3683 3477 3739 substantiam

1894 3776 2186 3836 terrenam,
2220 3778 2278 3824 tu
2322 3772 2525 3826 sustine
2554 3780 2775 3841 propter
2817 3771 2984 3825 vitam
3019 3779 3293 3826 :eternam.
3324 3771 3475 3827 Con-

1894 3862 2157 3917 vincimur
2179 3863 2320 3916 enim
2343 3862 2635 3917 certissima
2673 3864 2881 3918 ratione
2909 3863 3032 3932 quia
3062 3871 3283 3932 propter
3309 3863 3476 3917 Deum

1892 3970 2177 4025 possumus
2223 3954 2457 4022 quidem,
2486 3954 2581 4009 sed
2611 3956 2859 4009 nolumus
2914 3954 3136 4023 injurias
3187 3954 3473 4008 sustinere.

1892 4046 2131 4115 Denique
2152 4047 2195 4100 si
2224 4046 2376 4101 nobis
2398 4047 2571 4115 aliqua
2590 4055 2780 4116 potens
2800 4062 3028 4117 persona
3055 4047 3302 4116 injuriam
3316 4046 3372 4084 ιιι)
3400 4047 3477 4101 fa-

1894 4138 2029 4200 ciat,
2078 4149 2133 4177 σο
2165 4137 2208 4192 si
2239 4138 2392 4191 nobis
2422 4137 2583 4191 etiam
2627 4138 2680 4191 in
2710 4137 2845 4193 facie
2872 4138 3180 4203 maledicat;
3220 4154 3319 4192 nec
3360 4154 3475 4192 res-

1893 4228 2133 4299 pondere
2158 4227 2355 4295 aliquid
2385 4242 2650 4296 asperum,
2679 4243 2783 4280 non
2831 4226 3003 4279 dicam
3028 4226 3200 4279 vicem
3250 4226 3479 4281 reddere

1897 4319 2188 4397 audemus;
2222 4317 2279 4357 δτι
2306 4319 2510 4389 quare?
2530 4334 2597 4373 ne
2618 4318 2684 4372 ab
2707 4317 2794 4371 illa
2815 4331 3041 4387 persona
3062 4324 3281 4386 potente
3303 4316 3476 4374 adhuc

296 4529 319 4553 δ
340 4520 474 4577 Idem
505 4524 661 4578 codd.
693 4523 750 4579 S.
781 4526 966 4581 Crucis
991 4526 1041 4580 in
1070 4524 1202 4591 Jer.,
1240 4536 1293 4581 et
1326 4525 1506 4581 Casin.
1539 4524 1654 4591 190,
1678 4524 1790 4580 Do-
1822 4525 1870 4587 1)
1899 4532 2028 4579 trem
2052 4542 2199 4579 suum
2222 4534 2395 4578 manet
2423 4524 2476 4576 in
2503 4530 2683 4576 morte.
2717 4520 2854 4577 Edit.
2878 4521 3070 4588 habet,
3105 4519 3287 4575 Omnis
3314 4523 3473 4588 enim,

228 4588 374 4654 mine,
404 4609 465 4645 ne
490 4603 710 4658 statuas,
744 4605 847 4649 etc.

294 4659 319 4695 ι’
340 4659 465 4715 Cod.
499 4662 678 4717 Casin.
705 4664 825 4726 100,
857 4665 1099 4719 inimicos
1127 4682 1268 4720 suos.

297 4738 319 4766 ε
345 4730 480 4813 Idem
518 4734 639 4787 cod.
677 4734 732 4787 S.
763 4734 947 4789 Crucis
976 4737 1027 4789 in
1056 4735 1165 4791 Jer.
1204 4735 1371 4803 .legit,
1398 4751 1513 4806 qua
1538 4733 1791 4787 debebant

227 4796 533 4952 Ριίξηέᾇξιξο,
566 4880 621 4925 et
640 4873 761 4952 cod.
792 4872 972 4952 Casin.
995 4872 1110 4938 100,
1137 4874 1231 4927 sed
1258 4890 1349 4927 nec
1374 4874 1573 4928 amicis.

298 4946 322 5013 ξ
344 4938 769 5013 Editiqmultum
785 4944 1044 5013 graviora.

303 5004 320 5043 ¹
345 5009 468 5082 βριι.
494 5009 615 5082 Vat.
649 5004 806 5082 i951,
838 5012 1032 5066 homini
1058 5029 1291 5082 parvum.

298 5085 322 5152 ξ
346 5077 482 5152 idem
511 5081 629 5152 cod.
678 5081 860 5147 Laur.,
890 5091 945 5137 ct
971 5077 1155 5146 editio,
1188 5080 1375 5135 Recole
1399 5082 1540 5152 quid.

298 5142 479 5223 bidem
500 5142 917 5223 _c_od.,_et_edi't.,
950 5152 1027 5223 vel
1054 5142 1203 5223 quate
1231 5159 1398 5204 tecum
1411 5142 1652 5221 'pactum,
1684 5164 1787 5208 etc.

302 5216 315 5289 ξ
345 5216 469 5289 god.
498 5218 624 5289 γει.
654 5220 810 5284 «1951,
840 5230 888 5273 et
916 5216 1249 5276 vobis'Pater
1287 5216 1499 5289 peccata
1527 5232 1714 5276 vestra.

300 5286 314 5332 1
340 5286 465 5343 Cod.
496 5288 642 5350 νει,
673 5306 765 5343 nec
793 5290 956 5345 Pater
979 5300 1140 5344 vester
1166 5286 1384 5344 dimittet
1414 5291 1551 5345 vobis
1579 5303 1789 5360 peccata

225 5367 402 5412 rastra.

294 5425 320 5499 ξ
343 5426 677 5499 βιῆῐηγΝαηι
704 5446 857 5499 sirpe.

304 5492 315 5531 ³
343 5495 475 5570 idem
504 5498 564 5552 S.
587 5492 850 5570 Crucis'in
878 5498 1008 5563 Jer.,
1033 5500 1153 5570 quia
1178 5501 1263 5570 qui
1294 5500 1370 5552 vel
1396 5516 1572 5563 unam,
1603 5507 1707 5554 etc.

302 5567 494 5639 "__|dcm
525 5570 645 5623 cod.
672 5568 729 5622 S.
753 5570 936 5624 Crucis
960 5571 1011 5623 in
1027 5567 1157 5635 Jer.,
1173 5567 1378 5638 obtulit,
1397 5579 1559 5624 totum
1579 5569 1775 5639 perdet.

297 5641 320 5667 ¹³
338 5633 487 5701 Edit.,
517 5639 593 5691 ita
613 5650 669 5691 ut
691 5640 919 5693 ardeam.

301 5708 324 5737 '
347 5704 477 5762 idem
498 5709 617 5765 cod.
643 5708 699 5763 S.
718 5709 902 5766 Crucis
932 5710 985 5765 in
1013 5706 1144 5776 Jer.,
1187 5709 1369 5764 Omnis
1393 5710 1477 5781 qui
1522 5708 1631 5765 odit
1660 5712 1772 5779 fra-

1894 4596 1984 4665 qui
2012 4612 2117 4665 non
2146 4595 2337 4665 diligit,
2367 4605 2471 4665 etc.

1905 4660 1917 4744 ς
1960 4675 1994 4744 _r
2014 4664 2175 4744 [idem
2204 4660 2361 4744 codd.
2408 4663 2563 4744 Laur.
2597 4671 2661 4744 et.
2689 4660 2747 4716 S.
2775 4660 2960 4718 Crucis
2985 4663 3037 4717 in
3060 4662 3195 4730 Jer.,
3235 4677 3380 4715 nemo
3410 4660 3474 4716 de

1887 4733 2127 4803 jejuniis,
2154 4750 2301 4787 nemo
2327 4734 2389 4786 de
2417 4732 2754 4787 orationibus.

1966 4815 1992 4852 ιι
2021 4803 2152 4873 Cod.
2187 4804 2308 4873 Vat.
2342 4803 2500 4866 4951,
2525 4819 2684 4873 neque
2704 4803 2823 4856 aliis
2852 4802 2999 4857 bonis
3025 4801 3280 4872 operibus.

1970 4884 1992 4911 ι’
2023 4872 2158 4927 Cod.
2189 4872 2371 4937 Laur.,
2405 4872 2677 4926 consilium
2706 4889 2890 4925 meum.

1966 4951 1988 4979 ⁸
2022 4942 2186 5007 Edit.,
2219 4943 2481 4995 habentes.

1968 5013 1988 5047 ί
2017 5011 2185 5067 Codd.
2216 5012 2272 5067 S.
2297 5012 2485 5067 Crucis
2514 5012 2565 5066 in
2589 5011 2728 5075 Jer.,
2760 5009 2881 5063 Vat.
2911 5017 2966 5063 et
3006 5008 3133 5063 edit.
3153 5050 3167 5076 ,
3198 5012 3346 5081 quasi
3382 5012 3471 5081 qui

1891 5080 2098 5133 bonam.
2132 5091 2236 5133 etc.
2626 5112 2633 5119 -

1927 5099 2098 5145 onam,
2132 5091 2236 5137 etc.
2626 5112 2633 5119 -

1964 5161 1991 5187 ιι
2022 5152 2079 5206 In
2100 5152 2221 5206 cod.
2253 5151 2308 5206 S.
2341 5150 2528 5205 Crucis
2556 5151 2607 5203 in
2636 5148 2745 5203 Jer.
2783 5147 2935 5205 deest
2960 5158 3009 5203 et
3037 5149 3187 5206 bibit.

1963 5231 1989 5257 ν
2019 5221 2154 5291 Cod.
2185 5222 2333 5289 Vat.,
2364 5238 2456 5291 pro
2479 5218 2829 5291 peccatoribus
2860 5220 3167 5290 supplicare.

1965 5300 1989 5328 ι
2020 5289 2151 5345 Cod.
2175 5291 2299 5345 Vat.
2322 5288 2490 5357 74951,
2514 5299 2569 5343 et
2599 5288 2753 5355 edit.,
2784 5288 3017 5413 excitaris
3042 5292 3235 5343 amicus
3266 5288 3383 5344 Dei.

1965 5370 1993 5409 γ
2021 5359 2164 5413 Idem
2193 5360 2312 5413 cod.
2343 5360 2488 5413 Vat..
2517 5360 2649 5411 sicut
2676 5360 2786 5413 inse
2858 5362 3055 5413 ominus
3085 5360 3238 5413 dixit.

1964 5370 1993 5409 γ
2021 5359 2164 5414 Idem
2193 5360 2312 5414 cod.
2343 5360 2488 5420 Vat.,
2517 5360 2649 5411 sicut
2676 5360 2786 5428 ipse
2806 5359 3055 5414 Dominus
3085 5360 3238 5413 dixit.

1965 5439 1987 5466 ι
2021 5428 2197 5482 Editio
2225 5429 2369 5481 addit
2396 5430 2643 5482 convicia.

1962 5507 2017 5534 εει
2047 5496 2179 5551 Cod.
2210 5497 2267 5551 S.
2300 5497 2482 5551 Crucis
2511 5498 2563 5551 in
2591 5497 2700 5553 Jcr.
2723 5508 2779 5553 et
2801 5499 2952 5565 edit.,
2982 5499 3219 5554 sus.'inet.

1959 5566 2016 5605 ιιι)
2044 5567 2249 5637 Etlitio,
2272 5568 2415 5637 facit.

1961 5648 2013 5711 sf
2045 5637 2178 5711 god.
2211 5635 2331 5691 V'at.
2366 5635 2524 5711 4951,
2544 5640 2593 5711 si
2618 5656 2718 5692 non
2746 5640 2897 5694 etiam
2924 5640 2977 5692 in
3000 5638 3153 5711 facis.

1957 5704 2010 5745 δά
2042 5706 2209 5774 Edit.,
2238 5723 2395 5777 quare
2424 5707 2555 5764 hoc?
