4042 6192
248 318 344 371 585

1592 318 1876 375 ηοΜιιιΑ
1918 321 2071 379 LXV.

3388 325 3493 380 586

245 425 367 506 didit
388 465 407 491 ,
452 438 607 479 usum
634 431 658 460 ⁸
688 424 955 493 loquentis
983 424 1199 488 amisit,
1226 424 1425 491 donec,
1461 428 1815 495 promissione
1840 431 1892 489 Α
1918 430 2079 491 mino,
2124 440 2293 483 rectas
2331 432 2486 501 facile
2524 432 2736 486 semitas
2776 431 2873 488 Dei
2916 436 3101 489 nostri.
3138 435 3276 491 Vere
3304 437 3495 506 dignus

245 502 523 581 completa,
553 519 711 566 natus
738 513 864 567 novi
901 511 1134 566 hominis
1163 528 1339 582 pneco
1366 522 1599 583 paterna:
1626 515 1815 583 lingua:

245 605 447 659 vincula
476 605 761 659 relaxaret.
809 603 880 658 Os
917 605 1058 658 enim
1098 605 1241 673 quod
1284 605 1504 672 angelus
1531 606 1812 672 clauserat,

243 695 529 765 promissus
570 695 638 748 ah
678 694 867 761 angelo
908 691 1043 747 ﬁlius
1083 696 1359 749 reseravit.
1436 695 1569 749 Nam
1597 711 1718 751 cum
1746 696 1814 752 de

244 786 632 854 nuncupatione
694 785 898 854 parvuli
957 793 1343 853 cognatorum,
1407 786 1813 857 vicinorumque

242 878 505 933 haesitaret
533 878 830 938 arbitrium,
865 877 1247 946 proprietatem
1275 878 1390 931 veri
1418 878 1649 932 nominis
1676 878 1810 947 ejus,

241 984 392 1038 quam
424 967 450 1006 ι’
481 968 672 1034 angelo
718 967 953 1021 dictante
990 967 1282 1035 didicerat,
1309 975 1524 1037 recepta
1558 979 1578 1006 ο
1604 968 1813 1037 pristini

243 1060 410 1115 subito
458 1060 621 1129 208
668 1056 920 1112 facultate
956 1058 1244 1122 sermonis,
1290 1066 1445 1127 pater
1478 1068 1657 1112 mutus
1686 1074 1814 1129 ape-

241 1138 463 1214 ruit;'ut
489 1150 606 1216 ejus
638 1148 972 1201 nativitatem
1002 1148 1360 1217 przeeeptione
1395 1149 1597 1203 cmlesti
1623 1150 1814 1204 tacitus

242 1238 607 1308 exspectabat,
632 1237 743 1290 nati
765 1236 1085 1290 vocabulum
1117 1236 1446 1305 loqueretur,
1475 1246 1529 1291 et
1555 1251 1813 1305 agnosce-

240 1339 317 1385 ret
341 1329 531 1383 anxius
552 1344 737 1389 senex,
766 1343 864 1397 per
888 1343 1008 1381 eum
1030 1343 1089 1381 se
1117 1327 1217 1381 sibi
1248 1326 1533 1392 redditum,
1563 1343 1722 1397 quem
1744 1329 1811 1384 de

240 1434 294 1474 se
324 1435 431 1473 non
480 1417 782 1473 crediderat
820 1416 1163 1470 nasciturum.
1221 1416 1330 1472 Nec
1368 1417 1635 1472 dubitaret
1673 1418 1810 1473 ultra

240 1510 441 1564 cmlitus
469 1508 618 1562 illum
643 1509 728 1561 vel
754 1508 1074 1576 promissum
1101 1507 1284 1570 fuisse,
1316 1509 1400 1563 vel
1423 1517 1628 1577 uatum,
1658 1511 1811 1580 cujus

240 1614 415 1666 causa,
437 1607 493 1652 et
513 1599 754 1652 amisisse
783 1597 1074 1666 probabat,
1106 1606 1161 1651 et
1188 1600 1453 1667 recepisse
1481 1615 1803 1655 sermonem.

241 1691 366 1758 Quid
388 1676 521 1755 bac,
554 1690 770 1754 fratres,
800 1689 1056 1756 religione
1083 1690 1405 1757 gloriosius?
1435 1691 1569 1755 Quid
1600 1691 1696 1746 bac
1721 1692 1804 1745 in-

1916 519 2104 572 heatus
2131 518 2386 584 Joannes,
2418 522 2571 590 cujus
2596 524 2907 592 prophetica
2937 533 3081 579 esset
3102 526 3372 591 nativitas,
3401 528 3492 595 qui

1917 616 1972 661 et
2002 607 2104 662 illis
2130 608 2198 662 de
2221 611 2554 677 parentibus,
2578 628 2806 682 quorum
2838 623 2982 669 esset
3002 615 3284 685 desperata
3313 626 3494 687 poste-

1915 697 2083 763 ritas,
2136 699 2229 752 Dei
2278 716 2503 756 munere
2546 714 2878 760 nasceretur.
2929 706 3060 760 Nam
3086 716 3235 762 tanta
3258 710 3493 764 auctori-

1916 796 2043 851 tate,
2089 797 2348 859 tantoque
2394 791 2622 846 docendi
2670 795 2911 864 pondere
2958 797 3009 850 in
3058 813 3246 852 vocem
3294 808 3492 853 sanctzc

1914 877 2308 945 pncdicationis
2348 881 2510 951 209
2535 884 2769 951 ‘erupit,
2802 894 2840 921 ω
2871 893 2924 939 et
2955 886 3240 941 instantem
3279 888 3490 943 Domini

1915 971 2189 1024 nuntiaret
2218 971 2526 1035 adventum,
2552 982 2606 1028 et
2630 974 2683 1027 in
2709 976 2928 1031 semitas
2949 987 3122 1032 rectas
3149 979 3286 1032 male
3306 980 3490 1033 viven-

1915 1059 2047 1112 tium
2096 1060 2349 1127 dirigeret
2390 1065 2736 1131 pravitatem.
2770 1075 2797 1102 η
2827 1067 2961 1132 Quid
3001 1077 3084 1123 est
3112 1070 3279 1135 enim,
3307 1080 3491 1140 parate

1913 1149 2049 1203 viam
2073 1150 2307 1216 Domino,
2338 1154 2437 1208 nisi
2467 1154 2777 1210 adventanti
2800 1157 2866 1211 de
2894 1159 3032 1212 caelo
3054 1159 3240 1227 judici,
3263 1171 3488 1229 purgato

1912 1254 1942 1291 a
1972 1241 2113 1294 vitiis
2142 1251 2378 1310 pectore,
2405 1245 2661 1313 simplicis
2684 1247 2861 1300 cordis
2891 1248 3250 1302 habitaculum
3277 1266 3486 1320 praepa-

1912 1330 2071 1383 rare?
2103 1339 2126 1367 °
2157 1330 2291 1397 Quid
2340 1341 2420 1386 est
2442 1373 2456 1398 ,
2507 1346 2670 1389 rectas
2715 1337 2870 1405 facile
2912 1339 3120 1392 semitas
3150 1337 3276 1405 Dei,
3303 1340 3402 1394 nisi
3432 1349 3490 1395 ut

1914 1421 2047 1475 tales
2076 1431 2287 1477 actuum
2332 1432 2542 1478 tuorum
2594 1426 2688 1480 tibi
2719 1428 2927 1481 munias
2951 1431 3090 1494 vias;
3122 1445 3255 1499 quas
3284 1447 3490 1501 perant-

1912 1508 2099 1564 bulare
2132 1512 2395 1580 propitius
2441 1514 2661 1567 veniens
2702 1515 2767 1568 ad
2795 1523 2847 1569 te
2875 1515 3134 1572 Dominus
3160 1520 3486 1574 delectetur?

1911 1602 2003 1656 Ille
2030 1602 2170 1657 viam
2199 1603 2423 1658 Domino
2451 1620 2549 1659 suo
2580 1616 2606 1653 ιι
2636 1614 2819 1674 parat,
2852 1608 2943 1675 qui
2974 1609 3289 1664 luxuriantis
3312 1612 3487 1663 carnis

1911 1709 2169 1762 respuens
2192 1705 2216 1742 ίι
2246 1695 2569 1764 voluptates,
2623 1704 2735 1750 toto
2764 1698 2960 1751 mentis
3006 1713 3115 1751 suae
3143 1698 3334 1768 spiritu
3376 1715 3487 1753 susp

242 1783 436 1851 signius
466 1780 602 1835 lide?
630 1781 683 1835 in
710 1796 817 1850 qua
843 1781 1038 1835 sterilis
1065 1782 1329 1851 concipit,
1354 1791 1531 1837 mutus
1552 1783 1807 1852 loquitur,
1841 1787 1886 1847 Β
1913 1798 2110 1852 pensus
2138 1786 2204 1837 ad
2244 1784 2431 1849 Deum,
2470 1786 2655 1854 vigore
2684 1800 2741 1839 se
2763 1788 3025 1841 castitatis
3047 1789 3295 1857 accingit.
3336 1790 3486 1861 Opti-

242 1874 367 1927 etin
413 1880 624 1927 secreto
671 1880 1035 1926 maternorum
1081 1872 1347 1926 viscerum
1395 1874 1599 1942 parvuli
1644 1874 1807 1929 totius

243 1964 417 2018 mundi
442 1962 633 2031 gaudia
654 1960 679 1999 ά
704 1961 879 2016 futura
920 1963 1258 2032 przeludunt;
1297 1962 1397 2019 nec
1423 1965 1566 2019 enim
1595 1973 1808 2035 poterat

244 2054 399 2108 veteri
447 2054 547 2107 sub
594 2052 709 2120 lege
737 2051 977 2107 ordinem
1007 2068 1159 2107 suum
1198 2055 1436 2110 mortalis
1465 2071 1680 2112 servare
1708 2074 1807 2112 na-

244 2152 439 2206 turam,
494 2141 708 2211 quando
745 2157 844 2210 per
873 2158 1066 2197 novam
1100 2143 1399 2199 Divinitutis
1419 2147 1665 2214 gratiam,
1710 2164 1809 2204 no-

241 2249 352 2287 vum
388 2233 548 2287 saluti
592 2233 827 2287 omnium
858 2234 1167 2304 mysterium
1197 2238 1504 2303 parabatur.
1555 2237 1652 2293 Hic
1679 2255 1807 2308 ergo

242 2335 315 2381 est
340 2322 606 2388 Joannes,
638 2326 705 2376 de
733 2339 838 2393 quo
870 2325 1209 2391 prophetavit
1240 2324 1403 2378 lsaias
1432 2326 1651 2381 dicens:
1695 2328 1809 2382 Vox

242 2418 503 2471 clamantis
518 2417 571 2468 in
593 2416 827 2469 deserto:
847 2414 1040 2468 Parate
1061 2417 1193 2469 viam
1218 2415 1449 2482 Domini,
1468 2428 1632 2472 rectas
1654 2421 1809 2488 facile

468 2503 566 2558 Dei
590 2505 759 2558 nostri
781 2504 935 2575 (lsai.
960 2504 1071 2575 XL).
1103 2504 1237 2568 Vox,
1272 2506 1459 2575 inquit,
1491 2508 1803 2575 clamantis;

240 2614 392 2668 quam
420 2600 555 2655 bene
579 2616 685 2654 vox
713 2599 925 2666 dicitur,
950 2601 1041 2669 qui
1072 2601 1370 2655 venientem
1402 2601 1471 2656 de
1500 2602 1807 2656 cmlestibus

241 2690 287 2743 in
313 2705 475 2745 came
520 2690 752 2744 hominis
798 2688 1139 2758 Unigenitum
1186 2690 1280 2745 Dei
1328 2692 1489 2762 pleno
1524 2692 1673 2746 hctus
1713 2707 1808 2747 ore

239 2779 514 2834 clamabat.
560 2780 729 2835 Recte
760 2797 862 2835 vox
890 2781 1102 2846 dicitur,
1128 2782 1277 2851 cujus
1300 2783 1575 2838 intonante
1601 2799 1805 2852 praeco-

239 2873 319 2926 nio
356 2882 755 2929 sacramentum
803 2873 1186 2943 redemptionis
1231 2875 1494 2941 humanae,
1524 2875 1680 2929 surda
1711 2875 1807 2930 du-

240 2962 351 3016 dum
396 2964 554 3033 cmpit
594 2963 780 3018 audire
828 2964 1146 3019 mortalitas.
1204 2963 1273 3018 Ut
1301 2966 1443 3019 enim
1470 2966 1807 3022 venerandus

239 3054 467 3125 Baptista
490 3064 640 3111 muto
665 3055 801 3125 patri
830 3056 1040 3124 aperuit
1068 3056 1327 3125 linguam,
1354 3058 1425 3111 ita
1460 3067 1482 3094 ε
1513 3074 1670 3113 aures
1706 3059 1805 3113 ho-

1910 1891 2051 1929 mam
2081 1885 2235 1945 parat
2256 1877 2484 1931 Domino
2512 1878 2676 1946 viam,
2700 1878 2790 1946 qui
2816 1879 3173 1945 cogitationes
3202 1895 3327 1935 suas
3353 1898 3484 1938 ava-

1909 1968 2042 2021 ritia:
2072 1967 2316 2023 ﬂuctibus
2345 1977 2633 2022 :cstuantes
2656 2009 2670 2033 ,
2721 1985 2927 2023 serena:
2977 1972 3319 2028 conscientiae
3347 1982 3487 2029 tran-

1909 2060 2174 2127 quillitate
2204 2061 2512 2128 compescit.
2545 2059 2697 2113 Viam
2726 2059 2952 2113 Domino
2983 2069 3155 2129 parat,
3188 2063 3279 2130 qui
3308 2061 3484 2116 idoli-

1909 2162 2025 2200 rum
2059 2157 2079 2183 τ
2112 2163 2265 2211 vana,
2291 2157 2451 2214 atque
2477 2148 2713 2201 omnium
2741 2148 3211 2215 l'superstitionum
3235 2149 3482 2217 figmenta

1909 2238 2247 2301 conculcans,
2281 2255 2443 2291 unum
2474 2237 2571 2292 Dei
2600 2239 2705 2292 vivi
2735 2239 2957 2303 cultum,
2985 2248 3039 2293 et
3064 2238 3219 2294 fidem
3243 2243 3484 2297 veritatis

1910 2332 2145 2399 inquirit.
2198 2332 2509 2400 Quicunque
2556 2349 2684 2387 vero
2737 2334 3071 2404 voluptuosis
3116 2336 3297 2391 saaculi
3324 2336 3482 2405 hujus

1908 2423 2123 2490 languet
2168 2424 2467 2487 illecebris,
2517 2425 2895 2492 cupiditatibus
2943 2427 3180 2480 avaritiae
3227 2427 3483 2482 ferventis

1916 2516 1930 2547 ι
1967 2513 2200 2576 insanit,
2240 2513 2292 2565 in
2339 2512 2569 2565 lraterna
2618 2513 2740 2566 odia
2781 2513 2959 2568 feralis
2996 2515 3204 2569 invidia:
3245 2516 3483 2572 faucibus

1910 2602 2197 2657 inardescit
2238 2611 2399 2671 atque
2437 2601 2502 2655 ad
2540 2603 2914 2657 contumeliam
2956 2604 3050 2658 Dei
3080 2606 3480 2674 omnipotentis,

1909 2703 1935 2729 ιι
1966 2709 2126 2762 super
2154 2693 2421 2748 anfractas
2453 2694 2750 2748 daemonum
2781 2697 3000 2751 semitas
3023 2699 3282 2753 erraticus
3310 2700 3483 2754 viator

1910 2785 2070 2855 210
2098 2784 2295 2839 incedit
2317 2801 2469 2839 :-non
2499 2794 2653 2855 parat
2681 2784 2913 2840 Domino
2942 2787 3112 2853 viam,
3144 2788 3239 2843 sed
3265 2789 3482 2844 inimico

1909 2877 2072 2930 miser
2110 2891 2209 2929 suo
2247 2875 2572 2929 exitiabilem
2601 2876 2655 2929 in
2690 2876 3034 2945 semetipsum
3058 2885 3085 2914 ν
3114 2876 3369 2946 patefacit
3398 2877 3483 2931 in-

1908 2980 2168 3035 gressum.
2200 2964 2263 3020 Hi
2296 2980 2494 3033 mores,
2515 2974 2569 3019 et
2591 2965 2699 3019 vita
2728 2964 3033 3034 hujusmodi
3065 2966 3238 3035 ampla
3269 2967 3482 3032 itinera,

1908 3066 1963 3112 et
2008 3058 2332 3125 largissimas
2380 3058 2492 3111 vias
2537 3057 2778 3112 barbaris
2814 3057 3122 3111 nationibus
3151 3057 3203 3110 in
3233 3058 3480 3112 exsilium

241 3146 432 3200 minum
472 3146 724 3200 salutaris
763 3146 946 3213 gratiae
974 3145 1249 3200 innovavit
1283 3145 1301 3183 ί
1343 3146 1603 3201 auditum.
1633 3158 1652 3194 ε
1685 3147 1812 3202 Cla-
1840 3148 1886 3211 C
1917 3151 2212 3205 communis
2253 3149 2438 3204 salutis
2486 3148 2752 3217 aperiunt.
2804 3146 2870 3200 lli
2917 3162 3096 3202 mores
3135 3148 3344 3216 plebem
3386 3147 3483 3203 Dei

243 3248 342 3292 mat
363 3248 542 3292 autem
588 3238 643 3290 in
670 3237 908 3303 deserto,
941 3237 1030 3291 ubi
1060 3233 1087 3273 ιλ
1112 3237 1542 3306 praedicationem
1565 3238 1680 3306 ejus
1708 3254 1807 3293 nec

243 3325 468 3380 insolens
498 3325 649 3378 turba
679 3333 1068 3394 perstreperet,
1098 3324 1325 3380 infidelis
1346 3326 1546 3380 rideret
1571 3328 1802 3395 auditor,

242 3415 324 3470 sed
360 3416 412 3469 hi
455 3424 662 3469 tantum
710 3414 938 3469 audirei
986 3424 1237 3484 possunt,
1287 3416 1377 3483 qui
1427 3417 1803 3486 praedicantem

243 3505 448 3559 verbum
477 3506 683 3569 salutis,
704 3520 829 3559 cura
856 3512 1061 3558 tantum
1087 3505 1251 3559 divini
1275 3506 1448 3560 cultus
1471 3514 1805 3576 expeterent,

244 3603 293 3650 et
337 3597 677 3651 adverterent
713 3612 834 3651 eum
863 3611 989 3651 vera
1036 3597 1315 3651 enuntiare
1364 3598 1431 3652 de
1456 3597 1692 3667 Christo,
1715 3600 1807 3668 qui

247 3688 261 3735 i
298 3702 389 3757 per
434 3688 785 3742 assertionem
829 3685 1087 3754 justitiae,
1145 3686 1172 3723 κ
1220 3695 1279 3741 ut
1329 3688 1536 3742 illicitas
1577 3687 1806 3745 llerodis

245 3780 445 3848 nuptias
490 3780 821 3847 increparet,
867 3793 967 3832 nec
1007 3791 1188 3846 regem
1218 3778 1481 3832 timuisset
1509 3778 1798 3847 offendere,

246 3884 336 3924 nec
379 3871 681 3939 squalorem
727 3870 958 3925 carceris
998 3869 1347 3933 declinasset,
1398 3885 1497 3925 nec
1526 3873 1803 3943 tyranuico

245 3959 410 4025 gladio
438 3959 720 4029 refugisset
751 3960 943 4016 occidi.
986 3960 1278 4015 Audiamus
1306 3960 1480 4016 adhuc
1509 3964 1799 4031 paululum,

246 4050 451 4117 fratres,
485 4049 615 4120 quid
647 4050 713 4104 ad
743 4050 1041 4119 profectum
1085 4050 1324 4103 omnium
1352 4061 1593 4105 nostrum
1621 4051 1807 4107 Salva-

247 4141 369 4195 toris
392 4142 608 4196 nuntius
629 4141 953 4211 pnedicabat
985 4158 999 4193 :
1034 4138 1049 4176 ι
1086 4138 1301 4205 Parate,
1326 4140 1513 4209 inquit,
1545 4142 1679 4196 viam
1704 4143 1809 4200 Do-

312 4309 528 4381 FCodd.
577 4311 634 4366 S.
685 4311 950 4379 Emmer.,
1001 4311 1058 4365 S.
1107 4310 1295 4381 Crucis
1333 4312 1387 4365 in
1432 4309 1565 4379 Jer.,
1597 4322 1653 4367 et
1679 4313 1798 4369 Vat.

248 4377 393 4452 1269,
411 4399 565 4452 rusum
588 4383 823 4452 loquendi
845 4377 1035 4434 amisit.

314 4449 348 4522 5A
368 4450 508 4522 ldem
536 4449 662 4507 cod.
682 4452 738 4505 S.
763 4451 1023 4522 Eminet,
1051 4467 1209 4522 quam
1223 4450 1284 4502 ab
1314 4451 1494 4520 angelo
1516 4454 1802 4507 nuntiante.

250 4516 693 4592 Cod.‘Vcronen.,
711 4520 861 4592 quod
888 4520 951 4592 ab
975 4516 1154 4592 angelo
1176 4516 1423 4592 dictante,
1456 4529 1558 4576 etc.

320 4601 339 4627 ε
371 4588 537 4645 Codd.
581 4590 640 4645 8.
682 4588 869 4662 Crucis
907 4591 963 4644 in
994 4588 1131 4659 Jer.,
1160 4597 1214 4644 et
1240 4589 1463 4652 Veron.,
1492 4601 1691 4662 recepta
1717 4609 1807 4646 su-

252 4657 346 4732 bito
372 4664 576 4732 pristini
603 4661 849 4732 facultate
876 4657 1140 4732 sermonis.

316 4729 340 4765 ἀ
370 4729 499 4801 Cod.
531 4729 816 4801 Martinen.
848 4731 1045 4801 omittit
1074 4732 1270 4801 futura.

322 4807 343 4834 ε
374 4799 501 4855 Cod.
529 4800 767 4866 Martin.,
798 4802 873 4853 ita
900 4798 1105 4852 auribus
1128 4799 1408 4852 hominum.

322 4866 340 4904 ί
372 4867 533 4925 Codd.
568 4871 688 4924 Vat.
722 4878 776 4924 et
814 4869 1012 4925 Veron.
1034 4907 1047 4931 ,
1075 4869 1333 4922 innovavit
1362 4868 1561 4921 auditu.
1607 4868 1812 4921 Clama-

252 4936 417 4990 ntabat
436 4950 619 4994 autem.

320 5018 343 5053 κ
374 5007 499 5065 Cod.
531 5010 733 5072 Casin.,
765 5007 1034 5062 Clamabat
1062 5018 1247 5060 autem.

320 5076 360 5199 Lb
374 5076 512 5135 ldem
540 5080 661 5136 cod.
696 5079 811 5132 Vat.
845 5078 943 5143 10,
984 5077 1400 5148 prwdicalionem
1433 5077 1544 5146 ejus
1586 5076 1812 5130 insolens

320 5167 330 5179 -
365 5165 417 5199 a.

253 5157 417 5200 turba.

328 5217 339 5253 i
378 5218 515 5272 ldem
543 5219 665 5274 cod.
698 5218 755 5271 S.
798 5216 982 5271 Crucis
1022 5218 1072 5271 in
1110 5215 1244 5280 Jer.,
1287 5223 1512 5285 possent.
1546 5214 1679 5270 Cod.
1711 5214 1814 5270 Ca-

252 5286 374 5349 sin.,
392 5289 575 5357 Aaudire
595 5290 810 5357 possint.

325 5357 338 5407 i
380 5354 508 5410 Cod.
550 5353 819 5420 Ambros,
870 5354 929 5410 S.
977 5355 1162 5411 Crucis
1192 5357 1245 5408 in
1287 5353 1395 5410 Jcr.
1437 5362 1494 5410 et
1520 5353 1815 5419 Veronen.,

253 5443 345 5494 pro
371 5435 649 5481 assertione
680 5435 910 5492 justitiar.

324 5494 349 5532 ι
376 5494 506 5550 Cod.
538 5496 822 5551 Martinen.
854 5496 1053 5551 omittit
1080 5503 1154 5547 ut.

325 5564 345 5647 ἶ
378 5563 688 5647 ιᾲειιιμεοᾲ.
739 5566 998 5647 Ambros._
1026 5573 1081 5620 et
1115 5562 1173 5617 S.
1213 5561 1397 5617 Crucis
1444 5561 1500 5614 in
1536 5558 1669 5627 Jer.,
1713 5557 1820 5612 Pa-

256 5645 385 5699 rate,
416 5636 599 5706 inquit,
628 5638 759 5691 viam
790 5634 1017 5690 Domini.

325 5715 366 5742 ι
395 5704 533 5760 ldem
551 5706 668 5762 eod.
691 5704 749 5761 S.
774 5704 958 5761 Crucis
980 5706 1029 5759 in
1050 5702 1159 5760 Jer.
1191 5718 1287 5771 pro
1310 5711 1357 5754 et
1379 5701 1602 5767 legitut;
1624 5706 1678 5754 et
1697 5697 1818 5753 cod.

1912 3238 2139 3292 inimicis
2166 3238 2414 3306 gentibus
2445 3236 2575 3305 jugo
2617 3237 2825 3289 misera:
2854 3236 3179 3304 captivitatis
3207 3235 3483 3291 addicunt.

1911 3330 1978 3385 lli
2003 3344 2179 3385 mores
2207 3336 2443 3383 armatos
2486 3326 2747 3395 dissipant
2766 3327 2993 3395 populos
3011 3366 3026 3390 ,
3059 3335 3113 3379 et
3142 3326 3370 3379 munitas
3398 3325 3484 3380 di-

1911 3429 2073 3477 ruunt
2101 3420 2364 3475 civitates.
2400 3427 2426 3453 ι
2448 3417 2649 3487 Ecquid
2678 3418 2860 3485 plura,
2892 3416 3187 3470 carissimi?
3215 3415 3484 3486 Quidquid

1911 3512 2182 3583 potentixe,
2214 3508 2475 3579 quidquid
2502 3508 2694 3561 virium
2723 3506 2965 3560 videmus
2994 3506 3046 3558 in
3072 3505 3334 3561 hostibus.
3365 3520 3485 3559 cor-

1910 3602 2158 3671 ruptione
2180 3602 2300 3654 vita:
2320 3606 2539 3662 nostne,
2565 3607 2851 3663 nostraque
2876 3594 3193 3648 infidelitate
3222 3594 3483 3659 nutritur;

1911 3704 1965 3749 et
1994 3694 2117 3747 inde
2145 3701 2254 3755 est,
2298 3691 2442 3760 quod
2472 3689 2605 3743 nihil
2632 3687 2747 3740 fusa
2794 3685 2860 3739 ad
2898 3683 3067 3737 Deum
3099 3672 3485 3752 supplicatione

1908 3784 2207 3854 poscimus;
2255 3782 2379 3851 quia
2426 3777 2815 3835 incessabiliter
2845 3775 3048 3844 impiis,
3080 3774 3365 3843 pravisque
3388 3774 3485 3851 de-

1908 3875 2118 3931 sideriis
2146 3874 2500 3933 inhaerentes,
2525 3869 2665 3922 viam
2699 3866 2925 3919 Domino
2962 3871 3149 3917 nostro
3190 3862 3486 3918 secundum

1909 3964 2221 4035 prophetica
2252 3960 2453 4014 monita
2478 3974 2584 4012 non
2612 3967 2642 4006 I
2669 3969 3051 4025 prteparamus.
3099 3950 3325 4021 Propter
3345 3953 3487 4021 quod

1908 4059 2242 4108 revertentes
2272 4048 2341 4103 ad
2374 4046 2669 4102 beatissimi
2704 4052 2972 4114 praecepta
3002 4042 3243 4108 Joannis,
3275 4051 3297 4078 ι
3326 4057 3488 4111 pare-

1912 4160 2031 4201 mus
2061 4142 2286 4197 Domino
2307 4141 2479 4204 viam,
2511 4145 2686 4192 rectas
2715 4135 2973 4188 faciamus
3016 4134 3232 4188 semitas
3270 4133 3366 4187 Dei
3389 4148 3487 4188 no-

1908 4299 2126 4365 Veron.,
2149 4307 2203 4350 ut
2223 4304 2271 4350 et
2292 4296 2548 4365 instanth
2573 4288 2779 4365 Domini
2796 4288 3061 4365 nuntiaret
3086 4289 3374 4365 amentum:

1977 4380 2001 4405 υ
2032 4358 2165 4424 Cod.
2190 4368 2460 4427 Ambros.,
2485 4359 2621 4424 Quid
2633 4370 2708 4413 est
2723 4361 2865 4427 enim,
2879 4373 3064 4427 parare
3086 4358 3301 4427 Domino
3316 4358 3488 4411 etiam?

1906 4438 2042 4493 Cod.
2072 4454 2195 4492 vero
2220 4435 2286 4488 12
2302 4436 2358 4490 8.
2383 4425 2569 4488 Crucis
2598 4430 2650 4482 in
2676 4428 2807 4491 Jer.,
2834 4425 2969 4490 Quid
3002 4433 3077 4478 est
3110 4428 3243 4479 enim
3264 4425 3486 4479 Domino

1906 4526 2095 4579 parare
2132 4508 2284 4567 riam.
2325 4505 2426 4558 nisi
2468 4502 2773 4555 adventante
2807 4499 2871 4551 de
2908 4497 3030 4549 calo
3060 4496 3253 4565 judice,
3294 4510 3486 4565 purga-

1910 4586 2182 4701 w’t’eltdem
2200 4643 2322 4701 cod.
2352 4642 2621 4706 Ambros.,
2644 4636 2779 4701 Quid
2801 4646 2875 4691 est
2899 4643 3062 4690 rectas
3083 4636 3252 4705 facere
3277 4633 3486 4687 semitas

1836 4712 1884 4771 Ι)
1911 4717 2051 4771 Dei?

1991 4798 2018 4836 Ρ
2047 4786 2191 4840 ldem
2220 4782 2340 4838 cod.
2373 4782 2644 4846 Ambros.,
2677 4777 2777 4832 Ille
2803 4777 2938 4830 viam
2970 4773 3193 4827 Domino
3233 4788 3325 4825 suo
3349 4786 3488 4839 pra:-

1918 4865 2214 4981 Ραξαϐὀᾱά.
2244 4922 2487 4975 Ambros.
2524 4928 2579 4974 et
2610 4918 2829 4978 Veron.,
2860 4911 3167 4966 luxuriantis
3201 4911 3374 4963 carnis
3402 4925 3486 4962 re-

1920 5012 1945 5049 s
2017 5012 2105 5049 ens
2136 4994 2461 5047 voluntatem.
2487 5003 2491 5007 ·

1948 5013 2021 5103 pur
2053 5066 2183 5121 Cod.
2221 5063 2339 5123 Vat,
2373 5058 2526 5130 1269,
2549 5053 2915 5130 ιιῃζίέιοιονυῐπ
2942 5051 3184 5119 ΙποῙαηα·

1995 5144 2017 5171 ⁸
2059 5118 2208 5189 Alter
2247 5118 2365 5186 cod.
2406 5118 2525 5181 Vat;
2562 5118 2716 5184 “96,
2745 5120 2968 5175 omnium
2995 5119 3348 5188 superstitiosa
3385 5118 3486 5188 fig-

1918 5216 2110 5259 menta.

1999 5277 2016 5311 ί
2051 5273 2184 5329 Cod.
2215 5271 2435 5330 Veron.,
2466 5261 2708 5318 incumbit
2734 5269 2799 5312 et.

1993 5353 2019 5380 υ
2050 5342 2220 5397 Codd.
2252 5339 2430 5392 Casin.
2465 5342 2520 5387 et
2551 5333 2769 5394 Veron.,
2801 5345 2889 5400 per
2917 5330 3203 5398 anfractas.

1997 5426 2016 5447 "
2048 5413 2183 5468 Cod.
2219 5411 2437 5469 Veron.,
2469 5403 2733 5472 patefacit.

1994 5493 2020 5520 ι
2049 5482 2184 5537 Cod.
2219 5480 2435 5536 Veron.,
2461 5473 2530 5525 Et
2557 5472 2697 5544 quid.

1995 5563 2019 5599 1
2051 5552 2185 5607 Cod.
2213 5548 2434 5608 Veron.,
2467 5559 2570 5596 non
2590 5558 2853 5612 paramus.

2004 5634 2023 5661 ι
2052 5621 2187 5679 Cod.
2221 5614 2277 5672 S.
2306 5614 2495 5671 Crucis
2525 5614 2577 5667 in
2606 5612 2739 5682 Jer.,
2773 5621 3140 5683 ρνωρατεηιιιι.
