4042 6192
233 321 323 377 ὔῡό

1564 312 1845 369 ΝΟΜΠᾸΑ
1885 313 2107 369 LXVIII.

3336 321 3443 376 594

234 433 347 487 tudo
387 428 624 484 Salvator
668 427 1003 489 ostenderet,
1044 424 1123 478 ait
1142 424 1192 478 ei
1220 442 1231 477 :
1262 424 1447 478 Beatus
1470 441 1553 487 es,
1587 426 1770 480 Simon
1796 433 1846 491 Α
1875 426 2118 495 Domine,
2149 429 2313 482 libera
2340 444 2446 493 me,
2470 430 2536 485 de
2564 445 2624 486 se
2649 429 2852 485 difﬁsus
2870 440 2973 500 est,
2995 446 3103 487 non
3129 432 3197 486 de
3218 432 3444 493 Dotniuo

232 517 488 575 Bar-Jona
515 526 539 554 ι
577 518 697 584 quia
724 532 845 569 caro
886 524 934 568 et
971 517 1182 585 sanguis
1210 532 1312 569 non
1340 516 1578 569 reuelauit
1612 516 1776 587 218

233 609 330 676 tibi,
358 606 443 661 sed
470 605 628 659 Pater
654 620 817 671 meus,
842 606 873 643 ιι
901 605 985 673 qui
1014 605 1066 656 in
1102 604 1242 657 caelis
1277 611 1353 657 est
1384 620 1401 657 :
1430 613 1480 657 et
1517 603 1609 658 tibi
1646 605 1779 665 dabo

232 700 380 752 claves
405 695 545 765 regni
572 695 813 748 caelorum
838 692 1048 764 (Matth.
1083 710 1199 755 xvi,
1228 692 1320 759 17,
1351 692 1460 764 19).
1492 693 1625 760 Quis
1651 711 1780 766 ergo

233 790 483 844 Christum
509 800 605 856 per
630 800 865 851 carnem,
895 793 951 840 et
972 786 1023 840 in
1045 801 1204 841 carne
1232 792 1414 839 natum
1442 786 1779 856 omnipoten-

235 880 295 931 tis
321 876 488 931 Patris
530 888 650 929 esse
694 874 886 927 Filium
920 875 1119 929 sentire
1159 876 1439 943 potuisset,
1471 875 1571 930 nisi
1599 876 1782 945 propi-

233 969 329 1022 tius
358 977 378 1004 ε
405 966 507 1020 hoc
534 965 650 1034 ipse
688 962 849 1018 Pater
874 978 973 1033 per
994 961 1211 1018 Petrum
1253 965 1407 1019 nobis
1434 965 1723 1019 revelasset
1749 978 1782 1019 θ

233 1057 388 1113 θωιοῖ
414 1052 441 1093 ἀ
465 1051 585 1110 Hoc
612 1054 685 1109 illi
712 1053 981 1109 confessio
1005 1053 1153 1108 dedit
1195 1060 1254 1108 ut
1278 1061 1403 1107 ante
1430 1053 1605 1108 claves
1630 1053 1780 1122 regni

235 1156 256 1185 ο
298 1146 549 1201 malorum
587 1143 854 1212 acciperet
903 1156 1061 1212 quam
1106 1142 1228 1197 caeli
1276 1140 1469 1210 januas
1514 1142 1778 1196 introiret.

240 1234 259 1275 ί
282 1234 380 1291 Sed
407 1250 473 1289 ne
500 1248 606 1302 qua
635 1248 751 1295 vos,
783 1230 995 1297 fratres,
1026 1231 1093 1287 de
1119 1231 1335 1287 creditis
1362 1230 1523 1285 Petro
1543 1231 1781 1286 clavibus

233 1326 365 1395 regni
391 1339 541 1379 more
562 1332 864 1378 nostrarum
886 1322 1114 1377 clavium
1136 1321 1387 1390 cogitatio
1414 1328 1628 1377 terrena
1654 1336 1779 1391 per-

232 1426 446 1474 moveat.
475 1416 654 1472 Clavis
694 1417 835 1471 enim
882 1416 1003 1471 cmli
1042 1416 1219 1484 lingua
1261 1423 1344 1470 est
1383 1413 1527 1470 Petri
1558 1433 1570 1467 :
1599 1424 1625 1463 α
1654 1414 1781 1485 quia

231 1510 540 1579 singulorum
588 1508 778 1563 merita
825 1506 1121 1574 censendo,
1172 1504 1449 1575 apostolus
1496 1504 1781 1573 unicuique

232 1613 434 1668 regnum
462 1596 493 1635 ¹ι
521 1599 780 1654 omlorum
822 1604 915 1651 aut
950 1596 1167 1665 claudit;
1191 1603 1285 1649 aut
1322 1595 1513 1665 aperit.
1556 1595 1672 1649 Non
1699 1602 1782 1648 est

232 1704 347 1759 ergo
387 1689 552 1744 clavis
596 1688 699 1742 ista
727 1686 969 1742 mortalis
1012 1684 1231 1740 artiﬁcis
1257 1693 1439 1755 aptata
1473 1700 1656 1750 manu,
1686 1683 1781 1738 sed

1880 516 2163 571 dubitavit.
2195 517 2271 571 Ne
2304 518 2425 585 quis
2462 533 2592 588 ergo
2634 522 2880 575 timorem
2907 520 3047 576 hunc
3074 521 3444 588 gloriosissimi

1832 684 1837 689 ἡ
1880 603 2023 660 Petri
2052 605 2209 661 ducat
2238 606 2291 661 in
2317 608 2509 663 vitium
2553 627 2567 662 :
2597 610 2848 679 quoniam
2876 610 3036 666 timor
3062 612 3181 677 iste,
3204 614 3444 680 quamvis

1886 699 1904 735 ί
1938 698 2165 761 primam
2191 698 2307 767 ejus
2334 701 2629 755 turbaverit
2656 699 2830 767 ﬁdem,
2866 701 3241 757 conﬁdentiam
3263 711 3443 760 tamen

1878 786 1933 839 in
1958 800 2026 841 eo
2053 795 2316 855 reparatae
2342 788 2672 845 credulitatis
2707 792 2933 846 ornavit.
2967 791 3064 846 llic
3100 800 3187 847 est
3232 792 3442 862 Petrus,

1880 874 1969 927 cui
2016 873 2257 929 Christus
2304 876 2563 931 Dominus
2607 879 3037 936 communionem
3086 882 3169 936 sui
3212 883 3444 939 nominis

1878 962 2108 1018 libenter
2147 964 2383 1019 indulsit.
2416 964 2487 1020 Ut
2512 968 2673 1035 enim,
2700 969 2837 1024 sicut
2864 972 3139 1039 apostolus
3167 973 3361 1029 Paulus
3387 976 3439 1045 (l

1879 1050 2000 1107 Cor.
2030 1053 2086 1123 ι)
2117 1054 2349 1120 edocuit,
2380 1063 2408 1091 ιι
2439 1064 2589 1134 petra
2615 1065 2733 1112 erat
2757 1057 3034 1127 Christus;
3066 1062 3138 1117 ita
3165 1079 3262 1133 per
3287 1062 3439 1119 Chri-

1879 1150 2021 1196 stum
2050 1140 2239 1196 Petrus
2264 1141 2433 1199 factus
2455 1153 2537 1198 est
2563 1154 2735 1214 petra,
2765 1147 2975 1203 dicente
2996 1152 3045 1205 ei
3075 1152 3297 1209 Domino
3322 1172 3335 1205 :
3368 1153 3441 1207 Tu

1879 1246 1933 1283 es
1976 1229 2187 1297 Petrus,
2212 1240 2261 1285 et
2289 1249 2441 1301 super
2467 1234 2600 1287 lianc
2625 1244 2824 1305 petram
2852 1238 3118 1309 wdiﬁcabo
3156 1240 3443 1296 Ecclesium

1880 1337 2046 1374 meam
2073 1321 2287 1391 (Matth.
2317 1323 2448 1392 xw).
2473 1324 2603 1379 Nam
2630 1326 2770 1381 sicut
2791 1327 2846 1382 in
2876 1328 3089 1384 deserto
3118 1341 3143 1367 ν
3176 1331 3445 1387 dominico

1880 1416 2081 1471 sitienti
2108 1416 2306 1487 populo
2346 1431 2483 1485 aqua
2524 1417 2675 1472 ﬁnxit
2717 1435 2749 1474 e
2774 1429 2926 1489 petra
2955 1421 3148 1493 (Exod.
3176 1425 3326 1490 xvii),
3372 1423 3445 1479 ita

1881 1507 2132 1562 universo
2159 1508 2360 1563 mundo
2384 1507 2618 1577 perﬁdia:
2655 1510 2904 1566 ariditate
2933 1523 2958 1550 ι
2989 1514 3222 1568 lassatim
3259 1515 3326 1569 de
3351 1530 3446 1572 ore

1882 1594 2025 1650 Petri
2076 1595 2195 1651 fons
2233 1596 2518 1653 salutiferae
2560 1598 2911 1656 confessionis
2963 1604 3199 1657 emersit.
3230 1603 3327 1658 llic
3364 1612 3447 1660 est

1883 1683 2091 1751 Petrus,
2119 1686 2202 1741 cui
2223 1685 2464 1743 Christus
2486 1703 2800 1745 ascensurus
2825 1690 2893 1744 ad
2921 1689 3131 1746 Patrem
3155 1694 3446 1761 pascendos

232 1778 343 1834 data
382 1794 412 1831 a
449 1777 671 1831 Christo
711 1783 947 1847 potestas
984 1782 1068 1829 est
1107 1773 1393 1842 judicandi.
1423 1772 1662 1842 Denique
1706 1774 1783 1827 ait
1814 1794 1857 1852 Β
1882 1782 1913 1825 1
1935 1776 2172 1831 oviculas
2209 1792 2332 1831 suas
2363 1790 2635 1847 agnosque
2664 1780 3001 1833 commendat
3032 1780 3207 1849 (Joan.
3239 1782 3313 1851 ιι)
3344 1798 3358 1845 ;
3389 1791 3447 1836 ut

239 1867 254 1905 ί
282 1869 392 1921 eis:
427 1864 661 1930 Quorum
698 1864 994 1919 remiseritis
1028 1871 1267 1934 peccata,
1296 1863 1513 1917 remissa
1548 1872 1696 1930 sunt,
1734 1871 1784 1917 et

234 1974 425 2030 quorum
454 1956 468 2006 ἱ
509 1955 852 2021 detinueritis,
881 1953 1088 2007 detenta
1113 1961 1232 2006 sunt
1260 1951 1442 2021 (Joan.
1480 1951 1557 2023 ι).
1589 1950 1688 2007 Ηίθ
1706 1959 1789 2007 est

234 2047 425 2115 Petrus,
452 2061 619 2116 quem
645 2045 842 2099 Christi
868 2058 986 2099 esse
1012 2041 1521 2099 conﬁdentissimum
1548 2042 1786 2110 subjecta

235 2138 448 2208 vestigiis
475 2137 595 2206 ejus
621 2136 788 2190 maria
808 2135 1203 2205 probaverunt;
1235 2149 1359 2188 nam
1384 2148 1415 2187 a
1436 2134 1661 2189 Domino
1688 2148 1787 2188 suo

236 2244 383 2285 novos
418 2228 522 2283 sibi
549 2227 667 2283 dari
696 2227 750 2281 in
777 2224 1022 2281 fluctibus
1057 2239 1300 2295 gressus,
1330 2232 1392 2280 ut
1418 2224 1586 2279 ﬁdelis
1612 2239 1785 2294 popo—

236 2320 337 2387 scit,
374 2327 427 2374 et
453 2318 480 2357 ιι
511 2325 574 2373 ut
615 2317 840 2373 dilectus
879 2317 1204 2387 promeruit;
1235 2316 1327 2387 qui
1365 2316 1435 2370 ob
1471 2316 1577 2371 hoc
1613 2316 1785 2371 solum

238 2411 251 2460 ἑ
284 2410 543 2481 trepidare
568 2410 714 2465 visus
743 2417 827 2465 est
859 2416 920 2463 ut
950 2408 1207 2477 fragilitas
1228 2408 1460 2461 humana
1491 2421 1784 2477 cognosce-

234 2512 307 2558 ret
336 2510 536 2572 quanta
564 2508 711 2557 esset
744 2501 885 2556 inter
914 2499 1198 2555 Dominum
1238 2514 1555 2567 servumque
1581 2499 1785 2553 distan-

235 2594 315 2658 tia,
341 2591 468 2647 dum
508 2599 789 2661 aggravata
818 2591 1052 2660 peccatis
1078 2605 1203 2645 caro
1236 2590 1514 2658 mergitur,
1539 2598 1577 2625 ιιι
1604 2598 1660 2644 et
1686 2590 1787 2643 im-

234 2684 468 2739 maculati
496 2683 670 2738 nescit
695 2683 876 2753 planta
915 2681 1177 2737 desidere.
1205 2690 1232 2717 υ
1260 2680 1515 2737 Similiter
1540 2689 1597 2736 et
1625 2680 1777 2747 illud,

234 2789 309 2842 ne,
334 2776 459 2829 dum
481 2788 643 2844 super
667 2788 831 2843 aquas
851 2773 1126 2828 ambulans
1150 2771 1339 2827 Petrus
1358 2772 1496 2842 pede
1519 2772 1787 2842 intrepido

233 2865 555 2932 pervenisset
579 2864 647 2918 ad
667 2863 957 2930 Christum,
983 2863 1193 2917 Domini
1220 2862 1357 2917 forte
1392 2863 1476 2917 sui
1504 2863 1788 2917 virtutibus

235 2963 257 2990 ο
284 2963 602 3025 :equaretur.
634 2954 737 3009 Sed
760 2954 887 3023 quid
907 2954 1053 3007 illum
1083 2961 1361 3023 tantopere
1380 2952 1606 3007 dicimus
1624 2953 1789 3024 trepi-

234 3043 387 3113 dasse,
416 3055 455 3094 P
482 3060 603 3099 cum
636 3060 798 3114 prava
829 3044 1111 3113 trepidatio
1137 3059 1232 3097 sua
1259 3042 1516 3111 majorem
1543 3042 1787 3113 proﬁciat

1886 1881 2023 1936 quos
2069 1868 2159 1922 ille
2204 1868 2419 1938 pietatis
2460 1868 2807 1924 miseratione
2836 1870 3153 1937 redemerat,
3195 1870 3284 1927 hic
3325 1870 3447 1928 ﬁdei

1885 1974 1995 2013 suae
2022 1960 2220 2015 virtute
2249 1966 2509 2015 servaret.
2538 1959 2606 2014 Et
2632 1968 2779 2017 recte
2817 1977 2943 2017 sane
2965 1963 3015 2017 ei
3053 1964 3252 2017 arbiter
3277 1964 3447 2018 occul-

1884 2055 2061 2103 torum
2088 2048 2184 2103 Dei
2210 2048 2374 2104 Filius
2400 2050 2694 2119 pascendas
2725 2061 2748 2087 ε
2776 2066 2905 2106 oves
2940 2053 3268 2122 tuendasque
3296 2069 3416 2109 com
3441 2085 3446 2093 -

1885 2137 2046 2202 misit,
2078 2138 2165 2192 cui
2207 2146 2429 2193 noverat
2455 2140 2509 2194 in
2537 2141 2821 2195 nutriendo
2843 2156 3005 2209 grege
3040 2142 3307 2198 dominico
3348 2159 3446 2198 nec

1883 2226 2118 2281 studium
2143 2226 2350 2295 deesse,
2394 2243 2495 2283 nec
2522 2227 2699 2284 ﬁdem.
2732 2229 2829 2285 llic
2856 2240 2939 2285 est
2967 2231 3174 2299 Petrus,
3203 2233 3293 2301 qui
3321 2234 3445 2287 dum

1885 2316 1954 2371 ad
1992 2332 2204 2372 crucem
2241 2325 2493 2387 tanquam
2538 2320 2775 2374 cruciﬁxi
2820 2320 3104 2391 discipulus
3144 2322 3445 2387 duceretur,

1885 2422 2041 2462 verso
2083 2422 2141 2463 se
2170 2423 2400 2478 poscens
2443 2425 2669 2479 corpore
2715 2412 2969 2480 crucifigi,
2994 2414 3297 2482 passionem
3342 2432 3448 2471 non

1885 2496 2083 2561 timuit,
2108 2497 2201 2552 sed
2226 2498 2585 2565 aequalitatem
2624 2500 2799 2554 crucis
2837 2500 3115 2557 dominica:
3149 2502 3449 2570 declinavit,

1885 2596 1946 2643 ut
1972 2587 2282 2643 ostenderet
2308 2590 2567 2645 universis
2589 2590 2911 2647 admiranda:
2937 2609 2995 2649 se
3020 2594 3333 2651 humilitatis
3353 2598 3451 2652 vir.

1886 2689 2053 2736 tutem
2083 2681 2317 2752 novique
2359 2684 2599 2755 mysterii
2635 2684 2968 2753 disciplinam
2990 2695 3045 2724 ια
3074 2696 3130 2742 et
3158 2688 3296 2743 inter
3336 2696 3450 2744 tor-

1888 2782 2067 2829 menta
2108 2788 2369 2829 servasse.
2399 2772 2570 2841 Quam
2609 2790 2847 2841 securus,
2895 2777 3172 2843 carissimi,
3214 2779 3450 2847 perrexit

1889 2863 2079 2919 Petrus
2105 2864 2174 2917 ad
2200 2878 2435 2929 crucem,
2464 2864 2557 2934 qui
2586 2865 2801 2933 repulso
2846 2865 3037 2921 timore
3081 2868 3289 2931 mortis,
3329 2882 3450 2921 mo-

1887 2955 2059 3010 riendi
2087 2954 2333 3010 ordinem
2363 2962 2473 3008 tam
2502 2955 2695 3010 acerba
2719 2953 2777 2993 δι’
2807 2955 2859 3009 in
2888 2955 3136 3024 passione
3169 2956 3447 3025 quaesivit!

1890 3046 2026 3112 Quid
2051 3047 2215 3101 etiam
2255 3046 2323 3101 de
2348 3046 2732 3115 gloriosissimo
2758 3044 2984 3101 referam
3025 3044 3221 3113 Paulo,
3252 3047 3306 3102 in
3346 3061 3453 3117 quo

234 3134 289 3188 ad
315 3134 519 3190 ﬁdem?
544 3143 605 3188 ut
634 3134 774 3189 enim
794 3132 1018 3188 credidit
1049 3143 1076 3181 ιι
1108 3130 1297 3186 Petrus
1324 3131 1549 3201 imperio
1577 3132 1786 3186 Domini
1816 3145 1861 3207 ο
1890 3132 2146 3189 Dominus
2174 3131 2333 3188 ﬁdem
2359 3134 2588 3189 nominiv
2606 3135 2708 3201 sui,
2732 3134 2856 3189 dum
2878 3135 3045 3205 ipsam
3074 3134 3233 3190 ﬁdem
3253 3146 3305 3174 ετ
3327 3151 3452 3205 pere

234 3228 303 3282 sui
327 3242 491 3299 posse
516 3242 575 3282 se
619 3241 650 3280 a
691 3223 936 3280 ﬂuctibus
975 3224 1283 3289 sustentari,
1313 3224 1386 3277 ita
1428 3223 1791 3288 nihilominus,

236 3326 257 3356 ¹
276 3319 388 3373 dum
416 3318 705 3387 mergitur,
729 3315 953 3372 credidit
976 3314 1140 3384 ipsius
1167 3312 1378 3367 Domini
1403 3311 1483 3367 sui
1510 3326 1571 3366 se
1597 3311 1793 3365 virtute

236 3409 551 3466 salvandum.
585 3407 720 3462 Vere
738 3407 879 3461 beati
902 3404 1066 3469 Petri,
1091 3414 1111 3439 '
1130 3412 1186 3459 et
1211 3403 1338 3458 dum
1359 3402 1605 3472 trepidat,
1625 3402 1791 3456 mira-

237 3501 341 3557 bilis
362 3502 520 3570 ﬁdes,
544 3500 669 3569 quia
699 3514 799 3554 nec
822 3496 1156 3568 perurgentis
1184 3497 1343 3567 219
1372 3494 1595 3566 periculi
1617 3493 1793 3564 potuit

238 3594 440 3651 turbare
480 3590 744 3656 formido;
794 3588 1080 3645 clamando
1125 3590 1268 3647 enim
1313 3588 1439 3643 dum
1478 3587 1737 3657 mergitur
1777 3604 1791 3639 :

298 3823 321 3851 ι
349 3814 485 3883 God.
515 3811 639 3865 Vat.
673 3809 828 3877 £277,
853 3808 973 3880 quia
1000 3821 1103 3861 non
1139 3821 1280 3874 caro,
1311 3816 1361 3861 et
1401 3808 1614 3879 sanguis
1660 3823 1794 3863 reve-

242 3882 347 3937 lauit
369 3884 481 3937 tibi.
512 3888 620 3935 etc.
700 3921 705 3925 .

315 3886 347 3936 it
369 3884 481 3945 tibi,
512 3888 620 3935 etc.
700 3921 705 3925 .

301 3953 326 3991 δ
347 3943 514 4008 Codd.
540 3950 597 4003 S.
626 3947 777 4017 Petri
790 3945 857 4000 10
878 3945 939 4017 F,
971 3953 1026 4000 et
1043 3943 1316 4017 Casinen.,
1347 3948 1433 4017 qui
1452 3954 1527 4001 est
1548 3946 1601 4000 in
1629 3946 1788 4000 oculis.

292 4026 323 4057 θ’
347 4022 478 4077 Cod.
503 4020 559 4073 S.
588 4018 733 4071 Petri
753 4016 786 4068 9
808 4017 872 4082 Α,
898 4016 993 4069 hoc
1019 4024 1067 4067 et
1086 4017 1196 4082 ipse
1225 4013 1401 4068 Pater.

302 4084 511 4146 dCodd.
556 4088 615 4144 8.
658 4086 842 4143 Crucis
887 4092 944 4141 et
985 4082 1045 4138 S.
1078 4082 1255 4150 Petri,
1284 4083 1400 4138 Hoc
1438 4085 1516 4139 illi
1536 4086 1788 4156 confessio

245 4161 385 4215 dedit.
1676 4182 1685 4187 -

307 4241 328 4267 ι
349 4228 515 4285 Codd.
544 4226 819 4289 Ambros,
851 4223 1145 4291 Veronen.,
1172 4220 1425 4279 Casinen.
1466 4229 1523 4278 et
1562 4220 1620 4278 S.
1651 4221 1797 4278 Petri

246 4299 304 4352 10
322 4299 380 4369 Ε.
397 4299 547 4369 κτεςηὶ
577 4296 811 4369 caelestis.

312 4369 330 4407 ί
358 4362 499 4422 Idem
529 4365 653 4421 θοὰ.
686 4363 952 4426 Ambros.,
981 4362 1086 4415 Sed
1104 4377 1422 4431 nequaquam
1445 4377 1552 4432 v_os,
1586 4363 1794 4432 fratres,

248 4439 303 4491 de
320 4437 539 4491 creditis.
562 4433 697 4488 Cod.
723 4432 779 4486 S.
804 4431 948 4487 Petri
974 4435 1006 4486 9
1035 4431 1100 4495 A,
1130 4428 1193 4484 de
1214 4428 1414 4485 traditis
1455 4428 1630 4486 Petro.
1662 4430 1795 4485 Cod.

250 4506 528 4571 \’eronen.,
555 4504 660 4573 Sed
687 4519 846 4573 neque
870 4516 979 4573 vos,
1010 4502 1219 4573 fratres,
1242 4500 1305 4554 de
1318 4500 1547 4573 creditis.

312 4587 337 4624 ις
361 4567 523 4630 Ιὰθιιϊ
549 4572 672 4628 θοὰ.
694 4567 984 4637 8.Ὀιύθίε,
1005 4567 1182 4640 lingua
1206 4578 1281 4624 est
1308 4567 1474 4635 Petri,
1496 4586 1596 4640 qua
1620 4570 1799 4640 singu-

249 4644 402 4699 lorum
422 4647 621 4698 merita.

315 4713 339 4752 ιι
359 4714 521 4768 Codd.
567 4712 838 4772 Ambros.,
888 4708 1177 4774 Veronen.,
1218 4707 1465 4764 Casinen.
1487 4713 1541 4761 et
1563 4705 1797 4771 Martin.,

250 4785 503 4852 unicuique
523 4796 734 4852 regnum
757 4779 887 4831 cwli.
1119 4848 1131 4859 .
1285 4846 1297 4858 O
1382 4848 1394 4858 .

322 4854 336 4927 ξ
364 4851 505 4927 [dem
694 4847 967 4927 Ambros,
997 4847 1229 4927 Denique
1247 4854 1321 4898 att
1340 4862 1413 4927 et.

319 4922 335 4973 ἱ
366 4921 493 4975 Cod.
522 4919 791 4979 Ambros.,
816 4925 864 4970 et
886 4933 1098 4984 quorum
1114 4919 1438 4978 retinueritis,
1455 4922 1651 4967 retenta
1666 4922 1802 4984 sunt.

251 4989 414 5046 Codd.
460 4988 515 5043 S.
556 4986 702 5040 Petri
731 4986 765 5037 9
792 4985 855 5048 A,
886 4995 942 5038 et
963 4985 1300 5050 Casinenses,
1322 4999 1534 5039 necnon
1562 4983 1806 5039 Vaticani

253 5059 383 5115 I269
405 5066 458 5112 et
484 5056 821 5125 1277ilegunt
843 5064 1039 5125 retenta
1065 5062 1230 5125 erunt.

318 5129 344 5166 κ
372 5128 500 5183 Cod.
525 5126 583 5180 8.
608 5122 753 5179 Petri
775 5126 817 5178 A
842 5122 892 5189 9,
918 5133 966 5177 et
989 5134 1045 5176 ut
1068 5124 1281 5177 dilectus
1300 5122 1595 5192 promeruit.

323 5196 343 5236 ι
368 5197 498 5252 Cod.
522 5195 639 5250 Vat.
666 5194 825 5261 1277,
855 5192 1139 5261 trepidasse
1160 5194 1296 5246 visus
1315 5200 1411 5261 est.

320 5277 359 5305 ω
384 5267 510 5322 Cod.
553 5264 611 5319 S.
660 5259 820 5317 Petri
842 5262 907 5315 40
932 5259 994 5326 F,
1024 5273 1071 5315 et
1096 5259 1424 5331 immaculata
1452 5260 1611 5314 nescit
1636 5259 1815 5331 planta

251 5337 493 5391 residere.
516 5332 649 5389 Cod.
676 5332 797 5385 Vat.
836 5330 988 5393 l277,
1013 5333 1193 5399 planta
1218 5328 1496 5399 subsidere.

322 5416 349 5442 ο
378 5404 541 5459 Codd.
570 5402 689 5457 Vat.
719 5400 852 5455 I269
872 5410 928 5455 et
946 5394 1103 5467 £277,
1127 5398 1374 5455 Casinen.
1399 5409 1455 5453 et
1479 5396 1538 5453 S.
1580 5394 1724 5452 Petri
1766 5396 1819 5463 9,

255 5472 322 5539 Α,
352 5474 513 5529 Simul
538 5480 586 5525 et
612 5470 763 5525 illud.

328 5552 354 5578 ο
374 5542 509 5595 Idem
532 5540 650 5594 cod.
680 5539 924 5593 Ambros.
948 5536 1210 5592 virtutibus
1231 5544 1597 5607 cowquaretur.

328 5618 357 5658 Ρ
386 5608 510 5662 Cod.
551 5608 845 5677 Veronen.,
884 5625 1025 5677 cum_
1038 5609 1124 5676 pia
1148 5608 1418 5677 trepidatio
1444 5622 1539 5677 sua
1567 5608 1816 5677 majorem

260 5694 311 5749 In
323 5677 470 5750 ofecit
486 5678 553 5733 ad
577 5676 755 5746 ﬁdem.
772 5675 903 5731 Cod.
927 5677 983 5730 s.
1000 5673 1141 5730 Petri
1158 5673 1231 5731 40’
1250 5677 1310 5739 F,
1341 5692 1454 5729 cum
1475 5676 1561 5744 pia
1591 5673 1817 5743 trepida-

608 5768 875 5829 Ρηιιοι..
928 5766 1108 5827 LVll.

1826 4624 1876 4683 D

1892 3226 2236 3294 sequebatur,
2266 3224 2469 3293 elegit?
2497 3225 2597 3291 Qui
2624 3225 2750 3279 dum
2780 3226 2926 3281 velut
2951 3227 3242 3281 acerrimus
3268 3241 3453 3295 perse-

1892 3324 2049 3373 cutor-
2060 3314 2116 3353 άά
2132 3314 2485 3370 Christianam
2510 3323 2684 3371 vastat
2703 3315 3012 3382 Ecclesium,
3048 3316 3263 3372 inimico
3283 3317 3455 3374 adhuc

1893 3404 2010 3476 ejus
2038 3405 2094 3460 in
2131 3412 2353 3475 pectore
2379 3404 2610 3460 amicum
2654 3405 2756 3460 sibi
2804 3420 2899 3459 cor
2924 3403 3168 3460 Christus
3213 3406 3453 3474 invenit;

1892 3498 2127 3569 dumque
2169 3496 2485 3567 temporalia
2511 3496 2655 3567 capit
2696 3494 2764 3551 ad
2809 3496 3065 3565 supplicia
3104 3494 3454 3563 Christianos,

1893 3589 2010 3660 ipse
2034 3594 2352 3659 perpetuam
2379 3594 2567 3656 captus
2594 3585 2661 3641 ad
2688 3587 2934 3655 gratiam,
2962 3584 3133 3640 factus
3168 3594 3253 3641 est
3278 3587 3455 3643 subito

1889 3806 2032 3861 tione
2057 3822 2172 3871 sua,
2202 3813 2309 3860 etc.
2333 3803 2501 3860 Codd.
2527 3817 2655 3859 vero
2675 3800 2893 3873 Belgici,
2915 3800 3227 3871 Martinen.,
3246 3801 3457 3856 etCam-

1893 3877 2154 3932 beronen.
2186 3875 2387 3928 habent
2409 3890 2587 3942 parva.

1965 3956 1994 3995 ιι
2021 3944 2153 4000 Cod.
2180 3938 2460 3997 Martinen.
2486 3941 2685 3999 omittit
2704 3938 2921 4008 Petrus;
2949 3940 3005 3994 in
3026 3938 3158 3995 Cod.
3210 3939 3459 3998 Ambros.

1894 4013 2047 4070 deest
2067 4031 2121 4068 se
2148 4031 2180 4066 α
2208 4013 2466 4082 ﬂuctibus.

1971 4095 1991 4121 τ
2017 4082 2160 4137 Idem
2188 4079 2309 4137 θοὰ.
2332 4082 2368 4134 2
2388 4081 2443 4136 8.
2471 4080 2658 4135 Crucis
2676 4079 2894 4145 Minch,
2918 4080 3462 4150 dumimergiturtcre-

1895 4153 2029 4206 didit
2078 4151 2238 4221 ipsius
2287 4150 2496 4221 Domini
2541 4151 2637 4221 sui.
2677 4150 2809 4204 Item
2831 4149 2985 4203 codd.
3013 4147 3457 4221 Veron.,_etVa't.

1900 4221 2039 4276 1277
2069 4217 2194 4291 legit
2213 4236 2362 4291 posse
2380 4236 2413 4271 α
2434 4220 2668 4291 ﬂuctibus
2694 4220 3007 4291 sustentari;
3034 4219 3109 4291 ita
3131 4217 3462 4291 nihilominus

1898 4285 2163 4412 mergitur,
2214 4285 2337 4343 dum
2363 4285 2579 4342 credidit
2604 4286 2767 4355 ipsius
2795 4285 3001 4339 Domini
3027 4287 3107 4338 sui
3135 4287 3318 4338 virtute
3356 4288 3461 4339 sal-

1899 4376 1996 4412 van
2036 4376 2138 4412 um.

1899 4376 2064 4413 vanau
2070 4376 2138 4412 m.

1976 4438 1998 4464 ιι
2030 4428 2192 4483 lidem
2221 4426 2377 4482 codd.
2407 4425 2465 4480 S.
2510 4424 2716 4489 Crucis,
2747 4424 2802 4479 S.
2833 4422 2976 4478 Petri
3004 4421 3037 4474 9
3063 4423 3127 4485 A,
3151 4420 3271 4475 Vat.
3305 4420 3459 4485 1277,

1899 4505 1955 4553 et
1969 4497 2241 4564 Casinen.,
2272 4496 2403 4550 Vere
2430 4496 2564 4549 beati
2583 4494 2729 4548 Petri
2754 4504 2848 4558 est,
2866 4502 2913 4547 et
2940 4494 3068 4564 dum
3084 4491 3463 4562 trepidatmira-

1901 4567 2191 4689 biliséides,
2220 4562 2371 4635 quam
2392 4582 2483 4648 nec
2508 4582 2599 4634 per
2622 4564 2848 4645 urgentis
2877 4562 3108 4644 periculi.

1981 4638 1992 4671 ¹
2067 4636 2154 4690 οὰ.
2180 4634 2236 4688 8.
2265 4634 2407 4689 Petri
2431 4633 2464 4687 9
2492 4635 2556 4690 A.
2586 4649 2812 4690 quamvis
2840 4648 3077 4690 primum.

1981 4649 1992 4671 ι
2023 4649 2154 4690 uoa.
2180 4649 2236 4688 8.
2265 4649 2407 4689 rem
2431 4649 2464 4687 θ
2492 4649 2556 4702 Α,
2586 4649 2812 4703 quamvis
2839 4649 3077 4702 primum.

1974 4712 2000 4740 υ
2029 4704 2163 4781 Cod.
2193 4704 2898 4781 hlar‘tinenqpetrauutem.‘
3020 4777 3029 4781 Α
3122 4769 3134 4781 .
3324 4767 3336 4781 Ι
3428 4769 3440 4781 .

1978 4784 2002 4842 ξ
2033 4773 2165 4827 Cod.
2195 4772 2251 4826 S.
2276 4767 2614 4842 Petri,Nam
2634 4773 2765 4825 sicut
2787 4774 2843 4825 in
2863 4771 3061 4825 deserto
3104 4769 3255 4842 jussu
3300 4767 3465 4842 domi-

1905 4837 2021 4898 nico
2068 4843 2257 4895 sitienti
2302 4841 2487 4912 populo
2513 4858 2645 4911 aqua
2673 4841 2863 4963 eljluxit
2881 4837 3203 4960 cfetraﬁta
3226 4837 3464 4890 universo

1906 4912 2097 4963 mundo
2137 4912 2369 4963 perfidiis
2406 4910 2645 4963 ariditate
2714 4920 2881 4963 assato
2945 4925 2973 4960 e
3016 4923 3105 4960 ore
3143 4906 3304 4958 Petri.
3330 4904 3464 4959 Cod.

1906 4912 2097 4967 mundo
2136 4904 2379 4982 perﬁdiis
2406 4904 2670 4982 ariditate
2693 4904 2881 4963 lassata
2909 4904 2973 4982 de
3016 4923 3105 4982 o_re
3143 4906 3304 4958 Petri.
3330 4904 3464 4982 Cod.

1906 4975 2238 5045 Martiuen,
2265 4981 2518 5045 lassanti;
2570 4980 2692 5034 cod.
2744 4994 2867 5031 vero
2912 4976 3323 5041 Cainberoneu.,
3356 4975 3468 5027 tas-

1908 5060 2040 5107 sata.
2106 5088 2109 5091 -

1984 5129 2009 5157 ι
2038 5118 2201 5173 Iidem
2229 5117 2386 5174 codd.
2408 5117 2465 5172 S.
2495 5116 2684 5171 Crucis
2712 5114 2900 5167 Minor.
2927 5114 3189 5168 Convent.
3237 5113 3291 5167 in
3331 5112 3470 5167 Lau-

1915 5204 2054 5249 ren.,
2094 5188 2388 5251 Veronen.,
2421 5185 2664 5255 Vaticani
2690 5182 2823 5237 1269
2851 5191 2905 5237 et
2926 5182 3084 5249 1277,
3112 5190 3169 5237 et
3194 5180 3468 5248 Casinen.,

1914 5258 2147 5329 perﬁdia:
2174 5258 2417 5329 ariditate
2434 5255 2671 5329 l_as_santi.

1990 5321 2018 5376 ί
2040 5326 2172 5382 Cod.
2194 5326 2251 5381 S.
2279 5325 2421 5380 Petri
2437 5324 2470 5376 9
2489 5324 2553 5388 A,
2577 5321 2833 5393 agriculos
2853 5339 2991 5389 suas,
3014 5337 3243 5393 ovesque.

1996 5407 2018 5433 ⁸
2048 5396 2181 5451 Cod.
2206 5396 2407 5461 Casin.,
2430 5409 2541 5448 oues
2561 5409 2700 5446 suas.

1997 5475 2054 5503 ⁸⁸
2083 5466 2214 5521 Cod.
2247 5465 2303 5535 S.
2331 5461 2568 5535 Ριξξι-[40
2592 5461 2651 5535 F,
2673 5462 2827 5535 etiam
2846 5463 2981 5515 inter
3006 5470 3277 5516 tormenta.

1990 5535 2048 5574 δι’
2069 5535 2202 5591 Cod.
2226 5534 2343 5587 Vat.
2379 5530 2512 5586 i269
2540 5533 2736 5585 omittit
2754 5530 2830 5584 in.

1994 5614 2049 5642 ιθ
2076 5603 2242 5657 Codd.
2272 5602 2393 5655 Vat.
2417 5609 2472 5654 et
2494 5600 2694 5663 Casin.,
2720 5611 3117 5671 persequeretur.

1989 5672 2045 5711 δά
2075 5673 2205 5728 Cod.
2236 5672 2539 5737 Martinen.,
2560 5671 2989 5725 Christianorum.

2887 5755 2964 5815 ‘l3
