4054 6190
276 346 388 400 597

1700 337 1984 395 [IOMILIA
2025 338 2185 394 LXX.

3448 336 3553 393 393

279 459 675 511 Ancuneuwu.
700 486 771 495 —-
798 454 1069 525 Utriusque
1095 455 1314 524 apostoli
1336 456 1622 525 privilegia,
1656 455 1861 525 gratia-
1896 452 2079 518 A’Sed
2103 453 2216 521 jam
2264 453 2538 508 veniamus
2583 452 2649 506 ad
2696 452 3060 507 beatissimum
3105 453 3353 518 Paulum;
3404 459 3555 525 cujus

351 542 469 579 rum
495 542 738 597 munera,
768 536 819 577 et
844 521 1158 597 excellentia:
1182 521 1549 595 prterogatitvtts
1581 522 1641 578 S.
1658 521 1864 576 ’Μακί-

354 612 469 649 mus
497 596 741 648 celebrat.

359 731 656 801 Apostolici
697 730 888 785 natalis
916 730 1141 798 gaudio,
1183 729 1377 783 fratres
1403 728 1696 794 carissimi,
1728 725 1875 781 Pen.

284 832 341 879 et
366 823 536 887 Pauli,
560 837 790 890 quorum
810 823 968 877 hodie
987 821 1309 877 beatissimis
1329 820 1666 891 passionibus
1682 819 1876 889 jucun-

286 916 502 979 damur,
526 914 699 969 lmtior
727 930 825 984 per
852 914 1157 969 universum
1185 914 1444 969 mundum
1467 913 1666 968 Christi
1695 912 1875 967 exsul-

289 1014 371 1060 tat
399 1005 662 1071 Ecclesia;
693 1020 812 1075 qua:
838 1005 964 1060 licet
990 1007 1228 1060 omnium
1254 1015 1279 1043 α
1310 1022 1369 1061 se
1395 1014 1703 1061 sanctorum
1732 1021 1877 1059 mar-

290 1096 435 1166 tyrio
458 1104 603 1150 certa
632 1096 701 1149 sit
740 1094 1019 1161 adornari;
1058 1096 1488 1166 quandoquidem
1517 1096 1661 1150 videt
1680 1095 1747 1149 de
1774 1095 1881 1149 hoc

291 1186 495 1241 saeculo
542 1185 686 1254 ipsos
734 1183 857 1238 fidei
911 1194 1093 1255 patres
1146 1194 1201 1239 et
1256 1186 1541 1253 magistros
1588 1193 1879 1255 martyrum

291 1274 676 1344 triumphasse.
700 1272 839 1341 Quid
869 1275 1010 1329 enim
1035 1275 1290 1343 insignius
1318 1274 1500 1340 Petro,
1524 1276 1616 1344 qui
1640 1276 1693 1329 in
1719 1290 1881 1329 carne

291 1366 525 1436 positus,
552 1380 857 1419 mensuram
880 1366 1056 1420 carnis
1084 1379 1346 1432 egressus,
1377 1364 1649 1420 Christum
1677 1363 1880 1428 Jesum,

295 1456 321 1494 δ
356 1455 466 1509 vivi
494 1455 589 1509 Dei
618 1454 810 1508 Filium
838 1470 1023 1509 verum
1055 1456 1358 1520 confitetur,
1390 1463 1445 1509 et
1472 1455 1615 1524 quod
1644 1455 1883 1509 omnium

294 1540 480 1600 a'dhuc
508 1545 813 1599 mortalium
844 1554 1030 1614 pectus
1058 1546 1288 1611 latebat,
1322 1547 1491 1615 prima
1534 1545 1677 1600 Petri
1706 1545 1884 1613 lingua

294 1652 444 1714 novo
462 1644 545 1691 est
570 1650 817 1690 sermone
836 1637 1099 1691 confessa.
1125 1634 1281 1702 Quid,
1308 1636 1500 1690 fratres
1525 1636 1651 1695 mei.
1674 1634 1884 1703 magni-

296 1726 549 1783 ficentius
579 1726 761 1790 Petro,
793 1728 885 1796 qui
932 1735 1095 1781 tanta:
1124 1726 1477 1782 confessionis
1502 1727 1714 1793 merito,
1761 1742 1883 1781 cum

1976 552 2124 597 tanta
2153 551 2235 598 est
2263 543 2609 598 nihilominus
2636 544 2912 614 plenitudo
2941 542 3062 599 fidei
3080 586 3096 610 ,
3146 552 3203 597 ut
3232 547 3554 613 peculiarem

1975 633 2371 702 quodammodo
2392 648 2514 688 eum
2533 634 2635 689 sibi
2654 634 2844 690 ducem
2866 634 2931 689 ad
2956 634 3299 688 illuminanda
3321 638 3557 705 gentium

1978 722 2139 779 corda
2169 731 2485 778 cunctorum
2530 725 2783 793 praescius
2828 723 3079 780 Salvator
3102 734 3128 773 Β
3158 724 3397 793 eligeret.
3432 725 3560 783 Erat

1978 817 2121 870 enim
2149 824 2256 870 tam
2300 817 2602 887 praecipuus
2629 818 2683 871 in
2711 817 2987 883 doctrina,
3031 817 3195 871 animi
3224 816 3421 872 virtute
3450 827 3558 874 tam

1978 913 2190 977 potens,
2216 907 2521 962 innocentia
2550 915 2605 961 et
2634 908 2937 977 integritate
2967 917 3073 963 tam
3104 919 3340 973 sanctus,
3367 917 3425 962 ut
3454 926 3563 964 uno

1978 997 2277 1066 eodemque
2306 1005 2550 1068 tempore
2577 999 2699 1054 hinc
2724 1015 2845 1054 eum
2875 1001 3181 1056 sacerdotes
3204 1018 3268 1059 ac
3296 1004 3565 1074 principes

1980 1086 2284 1142 Judmorum
2322 1104 2421 1158 per
2463 1090 2861 1145 aemulationem
2907 1092 3037 1160 legis
3077 1094 3327 1162 antiquas,
3355 1094 3478 1149 data
3510 1096 3564 1148 in

1981 1180 2313 1235 Christianos
2341 1182 2694 1250 persequendi
2724 1184 3063 1248 auctoritate,
3092 1185 3409 1253 dirigerent;
3442 1187 3567 1241 hinc

1982 1270 2131 1325 illum
2152 1271 2217 1324 ad
2238 1270 2488 1326 Ecclesize
2508 1272 2757 1327 solatium
2788 1275 2950 1342 atque
2979 1275 3215 1329 omnium
3235 1275 3567 1331 credentium

1985 1358 2012 1396 ιι
2044 1360 2435 1415 firmamentum
2463 1362 2708 1417 Christus
2738 1374 2955 1420 vocaret
2988 1381 3019 1420 e
3053 1366 3223 1432 caelo;
3269 1370 3421 1439 cujus
3454 1369 3464 1405 ί
3501 1372 3569 1425 ab

1983 1452 2089 1507 hoc
2118 1462 2243 1507 sunt
2271 1469 2303 1508 a
2331 1454 2562 1509 Domino
2589 1457 2776 1510 crccati
2805 1458 2944 1512 oculi
2963 1499 2977 1524 ,
3010 1466 3098 1524 ut,
3127 1470 3373 1532 suscepta
3402 1463 3573 1532 gratia

1986 1544 2259 1611 veritatis,
2290 1545 2497 1600 cmlesti
2527 1546 2641 1601 acie
2671 1554 2727 1601 et
2766 1548 2967 1603 lumine
3002 1550 3231 1607 clariore
3273 1554 3571 1621 fulgercnt;

1986 1637 2295 1706 pariterque
2320 1636 2628 1691 adverteret
2657 1637 2818 1709 224
2845 1638 3132 1695 Christiani
3163 1644 3394 1699 nominis
3422 1646 3573 1714 prin-

1986 1745 2115 1799 ceps
2137 1728 2346 1784 futurus
2370 1729 2661 1797 Christum,
2690 1746 2849 1799 quem
2878 1733 3318 1802 persequebatur,
3343 1736 3575 1791 ancattdi

296 1819 637 1890 corruptibili
656 1818 830 1874 adhuc
856 1827 1000 1875 esset
1026 1820 1079 1874 in
1105 1835 1350 1890 corpore,
1382 1829 1437 1875 et
1463 1836 1561 1875 nec
1600 1819 1726 1875 dum
1770 1821 1884 1891 ipse
1915 1829 1963 1888 Β
1990 1819 2430 1889 illuminandique
2450 1820 2651 1875 habere
2676 1822 2951 1876 virtutem.
2978 1821 3048 1876 Ut
3063 1833 3239 1878 autem
3256 1834 3573 1894 prmteream

298 1912 635 1968 ascendisset
661 1912 716 1966 in
743 1912 971 1977 cmlum,
1016 1926 1236 1980 regnum
1276 1912 1349 1968 illi
1389 1912 1609 1967 cmleste
1647 1920 1703 1966 et
1739 1912 1890 1968 clau-

299 2000 435 2057 dere
474 2009 530 2055 et
558 2000 769 2069 aperire
812 2001 1129 2070 permissum
1158 2002 1276 2055 est?
1304 1999 1441 2067 Quid
1469 2000 1749 2056 sublimius
1776 2002 1893 2071 ejus

305 2089 417 2144 (ide
454 2090 566 2158 qui,
616 2090 894 2157 gradiente
942 2089 1169 2145 Domino
1209 2106 1372 2160 super
1418 2106 1604 2160 aquas,
1650 2092 1894 2147 humanae

298 2181 629 2238 conditionis
654 2182 876 2247 oblitus,
904 2183 1043 2236 viam
1074 2183 1172 2237 sibi
1202 2183 1254 2236 in
1284 2182 1531 2238 fluctibus
1558 2183 1673 2237 dari
1709 2192 1764 2239 et
1792 2200 1891 2254 po-

300 2273 481 2343 poscit
508 2283 531 2312 ε
564 2282 620 2327 et
652 2273 875 2337 meruit;
908 2280 1161 2341 tantaque
1189 2274 1386 2327 mentis
1413 2273 1530 2342 ejus
1571 2271 1893 2329 confidentia

296 2362 425 2428 fuit,
468 2372 527 2418 ut
564 2362 809 2419 crederet
856 2378 915 2419 se
962 2378 1118 2433 posse
1166 2379 1263 2432 per
1305 2361 1463 2417 fidem
1504 2363 1650 2434 quod
1693 2363 1896 2418 sciebat

296 2457 509 2513 homini
535 2456 870 2527 impossibile
895 2472 991 2527 per
1032 2457 1313 2509 naturam?
1359 2454 1493 2509 Nam
1540 2456 1664 2525 quia
1706 2464 1894 2524 postea

297 2548 665 2617 mergebatur,
708 2556 768 2602 ut
810 2547 939 2601 mihi
967 2546 1196 2613 videtur,
1248 2546 1611 2600 necessarium
1657 2546 1774 2612 fuit,
1825 2561 1893 2601 ne

298 2641 441 2695 tanti
488 2640 820 2695 sublimitate
870 2638 1113 2693 miraculi
1170 2638 1223 2691 in
1276 2638 1567 2707 perniciem
1619 2635 1757 2691 forte
1809 2639 1893 2692 sui

298 2741 515 2803 mquata
542 2731 759 2789 Christo
784 2731 959 2788 carnis
995 2730 1253 2798 fragilitas
1292 2729 1619 2799 superbiret.
1650 2725 1676 2765 ά
1712 2728 1895 2783 Fuerit

301 2827 467 2899 223
508 2834 660 2882 certe
706 2825 1029 2879 infirmitatis
1073 2837 1379 2892 corporeae,
1410 2823 1554 2890 quod
1583 2822 1742 2891 paulo
1774 2830 1896 2892 post

303 2918 513 2979 timuit;
544 2918 667 2986 quis
696 2927 719 2954 ο
746 2925 923 2970 tamen
949 2914 1183 2983 ambigat
1212 2913 1539 2968 inimitabilis
1563 2910 1684 2967 fidei
1710 2910 1892 2975 fuisse,

303 3008 452 3077 quod
478 3024 605 3064 eum
634 3008 1049 3064 descendentem
1091 3005 1159 3061 de
1204 3005 1357 3071 navi,
1406 3004 1650 3068 tremula,
1680 3012 1734 3058 et
1765 3003 1782 3042 ί
1812 3004 1894 3057 in-

1989 1918 2181 1965 cmtera
2227 1910 2240 1960 i
2278 1925 2400 1979 qua:
2429 1925 2551 1965 eum
2582 1910 2832 1966 universo
2860 1912 2977 1967 orbi
3015 1913 3313 1969 mirabilem
3356 1915 3574 1980 faciunt,

1991 2016 2157 2056 unum
2187 2001 2338 2067 illud,
2368 2002 2512 2071 quod
2540 2001 2606 2055 ad
2647 2017 2834 2058 omnes
2859 2001 2975 2071 ejus
3003 2003 3197 2058 sufficit
3226 2004 3428 2071 laudes,
3459 2008 3579 2075 quis

1992 2096 2171 2149 valeat
2198 2094 2465 2149 mstimare
2493 2103 2707 2163 quanta:
2754 2095 2823 2149 sit
2852 2096 3053 2163 glorise,
3080 2096 3230 2164 quod
3270 2112 3393 2151 cum
3440 2099 3581 2152 inter

1997 2187 2245 2242 homines
2281 2191 2301 2222 ι
2334 2194 2537 2255 ageret,
2562 2187 2777 2257 speciali
2800 2187 3030 2255 quadam
3054 2188 3356 2243 Divinitatis
3382 2190 3576 2256 gratia,

1998 2286 2052 2333 et
2080 2277 2360 2347 paradisus
2385 2277 2457 2330 illi
2484 2277 2849 2346 penetrabilis,
2878 2285 2933 2330 et
2959 2278 3154 2332 coelum
3183 2278 3425 2349 pervium
3451 2278 3581 2333 fuit?

1997 2367 2135 2434 Quid
2157 2380 2306 2434 ergo,
2329 2367 2539 2433 fratres,
2558 2368 2662 2421 hoc
2678 2368 2901 2423 doctore
2921 2368 3230 2437 perfectius,
3254 2371 3343 2439 qui
3367 2372 3418 2425 in
3444 2371 3583 2427 cmlo
3636 2384 3643 2393 '

1996 2456 2182 2511 didicit
2209 2456 2223 2493 ι
2248 2455 2392 2525 quod
2414 2457 2468 2510 in
2494 2457 2649 2511 terris
2670 2458 2926 2513 doceret?
2970 2458 3106 2524 Quid
3128 2462 3230 2516 hoc
3260 2471 3395 2515 teste
3424 2479 3581 2517 vera-

1995 2550 2141 2613 cius,
2172 2558 2211 2584 ιι·
2238 2548 2325 2603 cui
2351 2548 2563 2603 elevato
2592 2564 2753 2618 super
2780 2550 2946 2605 cmlos
2987 2552 3154 2607 oculis
3204 2553 3381 2608 videre
3409 2562 3463 2607 et
3491 2569 3584 2624 ap-

1996 2638 2227 2708 probare
2248 2652 2562 2694 conccssum
2592 2647 2673 2693 est
2695 2639 2839 2706 quod
2873 2641 3214 2709 pOStmodum
3245 2645 3585 2713 promitteret

1995 2728 2315 2783 credituris?
2335 2727 2460 2783 Haec
2482 2736 2606 2782 sunt
2626 2729 2787 2798 igitur
2807 2731 3173 2799 apostolorum
3197 2732 3341 2788 Petri
3361 2743 3415 2789 et
3436 2735 3585 2791 Pauli

1997 2819 2264 2890 stupenda
2314 2820 2536 2885 merita;
2588 2828 2614 2855 ιι
2673 2835 2772 2889 per
2816 2820 2931 2875 hmc
2975 2821 3283 2879 incedentes
3332 2825 3586 2879 miracula

1997 2910 2357 2982 apostolatum
2396 2926 2552 2965 suum
2592 2909 2822 2967 Domino
2862 2926 2925 2967 ac
2954 2912 3065 2968 Deo
3096 2921 3283 2969 nostro
3328 2912 3589 2973 effusione

2001 3004 2183 3061 devoti
2212 3004 2487 3075 sanguinis
2506 3012 2917 3085 consecrarunt.

305 3113 568 3156 concussa
613 3099 864 3154 humanis
906 3097 1175 3165 gressibus
1220 3097 1383 3152 maris
1426 3096 1567 3151 unda
1605 3096 1892 3151 sustinuit?
1920 3071 1968 3135 C-

1656 3187 2003 3250 HOMILIA
2050 3188 2250 3250 LXX.

1169 3288 1250 3343 De
1277 3290 1455 3344 eodem
1484 3288 1648 3342 natali
1678 3287 1782 3343 SS.
1815 3290 2164 3357 apostolorum
2193 3289 2337 3344 Petri
2365 3299 2413 3345 et
2443 3290 2599 3346 Pauli
2626 3289 2741 3346 ΙΙΙ.

1761 3378 2153 3435 ADMONlTlO.

381 3479 532 3534 Hanc
560 3492 776 3548 quoque
818 3476 1414 3548 homiliamﬂBallerinii
1457 3474 1514 3531 S.
1562 3474 2030 3548 Maximomnostro
2076 3476 2475 3548 adjudicarunt,
2527 3478 2804 3548 perpensis
2843 3486 2968 3533 ante
3016 3486 3130 3533 tum
3159 3479 3449 3547 Vaticanis,
3475 3490 3589 3539 tum

381 3492 532 3534 uane
600 3496 633 3533 u
710 3492 776 3532 ue
821 3492 1095 3532 nomtnam
1141 3492 1414 3531 banermn
1457 3492 1514 3531 δ.
1562 3492 1797 3530 maxnmo
1844 3492 2030 3531 nosuo
2076 3492 2475 3547 aajuotcarunt,
2527 3492 2804 3548 perpenSts
2843 3492 2968 3533 ante
3016 3492 3130 3533 tum
3164 3492 3589 3547 vaticanis,tum

311 3492 818 3633 basiligcgogetri
848 3563 975 3633 mss.
1008 3547 1301 3633 codicibus,
1327 3562 1557 3633 qporum
1593 3546 1835 3633 nonpplli
1863 3548 2105 3633 eamdem
2223 3547 2390 3629 Leoni
2419 3547 2611 3633 llrfagn‘o
2642 3548 2955 3633 inscribunt.
2989 3548 3156 3604 Multo
3184 3552 3591 3633 eninl'superio-

312 3638 397 3676 res
433 3627 564 3673 sunt
596 3626 907 3689 numeroet
935 3617 1251 3689 “petilentia
1279 3616 1493 3689 codices
1538 3616 1630 3686 qui
1671 3615 1845 3689 eidem
1874 3617 2097 3689 antistiti
2128 3617 2443 3689 Taurinensi
2484 3617 2873 3689 sullragantur;
2918 3633 3039 3689 nam
3073 3630 3270 3689 prmter
3310 3615 3594 3677 Vaticanus

311 3692 446 3746 duos
487 3688 627 3760 1275
657 3701 778 3760 βεδε.
807 3686 877 3741 56
906 3696 960 3741 et
992 3686 1125 3760 1277
1156 3700 1287 3760 pag;
1306 3684 1392 3760 56_,
1424 3684 1665 3760 duosque
1695 3685 2069 3760 Vallicellanos
2111 3703 2198 3760 ἓν,
2228 3702 2348 3760 pag.
2381 3686 2441 3740 7|
2477 3699 2565 3760 eti
2590 3686 2645 3760 A_
2662 3684 2874 3760 '7_pag.
2927 3688 3048 3760 197,
3075 3684 3372 3760 ὀοηοεμιὶβ
3416 3693 3595 3747 verbis

315 3774 511 3815 nomen
540 3754 935 3824 ejns'deferunt
954 3757 1127 3811 codex
1157 3754 1226 3811 in
1255 3755 1311 3811 S.
1344 3754 1533 3826 Crucis
1556 3756 1608 3809 in
1637 3754 1934 3826 Jerusalem
1964 3769 2083 3826 pag.
2112 3756 2199 3821 77,
2231 3754 2403 3812 codex
2440 3758 2575 3812 alter
2614 3756 2671 3811 S.
2715 3754 2923 3819 Crucis
2950 3757 3138 3813 Miner.
3172 3775 3208 3812 lt
3250 3754 3303 3814 in
3336 3759 3591 3815 Laurent.

315 3844 435 3900 pag.
465 3826 589 3892 128,
618 3827 884 3900 Farfensis
920 3825 1297 3900 B_,_At_i_giensis
1333 3841 1420 3900 ῃ,
1451 3825 1810 3900 Martinensis,
1846 3824 2167 3900 Veronensis
2193 3825 2316 3892 437,
2340 3827 2564 3900 duoque
2592 3828 2806 3881 demum
2837 3826 3201 3900 Ambrosiam;
3233 3830 3437 3884 scilicet
3458 3830 3499 3885 C
3526 3831 3595 3886 98

316 3894 724 3964 vetustissimus,
754 3907 808 3952 et
837 3896 881 3950 Η
914 3896 1032 3950 146.
1066 3894 1160 3966 His
1190 3912 1317 3950 mss.
1350 3894 1500 3950 libris
1529 3896 1852 3966 antiquitate
1871 3896 2222 3966 omniumque
2262 3894 2664 3966 existimatione
2702 3897 3123 3966 praeclarissimis
3151 3900 3359 3955 accedit
3388 3900 3599 3958 Alcuini

318 3970 706 4031 testimonium,
736 3968 825 4036 qui
864 3983 963 4021 suo
1011 3967 1064 4019 in
1095 3965 1411 4021 Homiliario
1454 3966 1764 4020 memoratae
1794 3965 2073 4030 editionis,
2107 3978 2226 4034 pag.
2260 3964 2349 4033 71,
2391 3964 2447 4019 8.
2481 3964 2721 4023 Maximo
2762 3982 2882 4023 eam
2912 3969 3115 4023 tribuit.
3144 3968 3213 4023 Et
3239 3986 3305 4025 ne
3332 3972 3598 4025 editorum

320 4040 537 4108 nomina
565 4052 685 4105 quae
718 4052 879 4108 supra
908 4037 1188 4108 retulimus
1230 4036 1422 4108 iterum
1470 4044 1795 4108 repetamus,
1838 4042 1942 4108 _sat_
1970 4037 2262 4108 monuisse_
2280 4038 2390 4108 erit
2440 4038 2641 4092 nullum
2680 4039 2902 4108 reperiri
2955 4056 3064 4108 non
3111 4040 3432 4096 concordem
3477 4057 3598 4096 cum

321 4103 723 4177 Gymnicopag.
760 4103 881 4172 115,
908 4107 1049 4176 apud
1088 4119 1250 4172 quem
1282 4112 1367 4159 est
1392 4104 1613 4158 homilia
1643 4105 1799 4158 tertia
1821 4104 1889 4159 de
1916 4103 2204 4161 festivitate
2232 4106 2329 4161 SS.
2361 4108 2731 4176 apostolorum
2744 4103 2901 4162 'Petri
2926 4117 2982 4163 et
3010 4104 3179 4163 Pauli.

327 4222 711 4278 Ancuuexrnu.
736 4256 805 4265 —
826 4220 1206 4291 Comparantur
1244 4218 1468 4291 invicem
1503 4219 1635 4291 duo_
1653 4216 1897 4285 apostoli,
1929 4219 1978 4278 ῐ)
2006 4218 2231 4273 rabilem
2282 4217 2473 4291 fidem,
2508 4219 2922 4286 passionemque
2949 4231 3257 4285 germanam
3304 4220 3448 4275 omni
3495 4233 3595 4274 nos

398 4310 523 4347 unus
549 4294 798 4346 laudatur
840 4310 873 4345 a
912 4286 1037 4361 ﬁde,
1070 4290 1202 4361 alter
1225 4305 1257 4341 a
1301 4288 1562 4361 doctrina.
1589 4286 1784 4361 Petrus
1813 4302 1902 4361 per

400 4363 548 4431 fidem
572 4365 739 4437 [actus
762 4354 1156 4437 esternineutior
1176 4358 1377 4413 ueteris
1396 4358 1642 4437 apostolis
1661 4374 1689 4437 ;7
1705 4354 1905 4437 Paulus

402 4429 628 4502 supernis
652 4431 929 4485 luminibus
957 4432 1265 4494 illustratus,
1288 4429 1594 4482 constitutus
1614 4436 1690 4479 est
1713 4429 1906 4496 magis-

404 4512 470 4555 ter
496 4512 544 4556 et
573 4504 753 4557 doctor
780 4502 1027 4573 gentium.

406 4593 837 4649 Beatissimorum
868 4591 1235 4663 apostolorum
1259 4589 1402 4644 Petri
1433 4597 1487 4644 et
1517 4587 1664 4642 Pauli
1693 4587 1910 4657 insepa-

410 4783 431 4810 ⁸
460 4773 587 4829 Cod.
610 4772 779 4839 Farl.,
808 4789 921 4843 quae
950 4772 1067 4843 licet
1094 4770 1322 4824 omnium
1347 4775 1642 4843 sanctorum
1664 4765 1912 4843 martyrio

342 4853 465 4898 certe
490 4845 555 4898 sit
591 4836 930 4905 adornanda;
962 4842 1140 4894 horum
1182 4849 1353 4892 tamen
1396 4838 1612 4889 victoria
1640 4836 1914 4905 gloriosius

342 4914 648 4977 illustratur;
688 4913 893 4984 quando
914 4902 1157 4984 quidem.
1207 4906 1442 4984 CodLS.
1482 4902 1667 4984 crucis
1696 4906 1749 4958 in
1778 4902 1911 4984 Jer.,

347 4984 512 5065 horum
556 4976 728 5065 tamen
744 4976 972 5039 victoriis
1011 4979 1285 5051 gloriosius
1322 4976 1644 5039 illustratur;
1674 4976 1915 5046 quoniam

347 5053 532 5121 quidem
552 5054 688 5107 ridet
702 5092 717 5116 ,
741 5060 846 5107 etc.

412 5120 436 5158 ¹³
463 5122 593 5177 Cod.
625 5122 747 5177 Vat.
780 5120 937 5185 1277,
968 5118 1228 5173 Christum
1246 5114 1444 5180 Iesum,
1476 5113 1575 5168 Dei
1602 5114 1697 5168 vivi
1717 5112 1914 5167 Filium

351 5193 699 5315 ωῗβὲῗέἴῖἳ
724 5260 781 5316 S.
812 5258 999 5314 Crucis
1043 5258 1094 5311 in
1138 5256 1271 5320 Jer.,
1330 5254 1638 5325 promeruit;
1687 5251 1807 5306 cod.
1854 5250 1909 5305 S.

353 5324 481 5384 Petri
510 5331 597 5395 40,
626 5330 689 5395 F,
714 5339 761 5385 et
782 5331 963 5399 poscit,
996 5338 1045 5382 et
1072 5327 1274 5399 meruit.

420 5400 442 5435 ά
471 5390 599 5455 ϐοά.
634 5390 692 5454 11
724 5390 814 5469 qui
844 5390 1025 5469 suum,
1071 5406 1125 5453 et
1149 5397 1270 5451 cod.
1304 5394 1376 5449 12
1400 5394 1457 5451 8.
1488 5392 1673 5449 Crucis
1702 5392 1755 5447 in
1783 5390 1916 5457 Jer.,

359 5465 493 5531 Fuit;
533 5465 838 5535 Martinén.,
872 5465 1065 5522 Fuerat
1086 5477 1239 5520 certe.
1398 5474 1418 5535 γ’

420 5549 440 5607 ὲ
469 5542 596 5594 Cod.
629 5534 891 5594 Martinen
920 5576 935 5599 ,
967 5539 1077 5607 quis
1099 5546 1267 5607 autem
1297 5534 1544 5607 ambigat.

366 5676 376 5687 .
424 5606 655 5665 ‘Cod.S.
682 5610 825 5665 Petri
850 5602 989 5672 MF,
1014 5616 1067 5661 et
1086 5606 1189 5660 210
1218 5605 1280 5672 υ,
1314 5602 1571 5661 Vallicell.
1591 5603 1621 5656 7
1645 5604 1709 5667 A,
1737 5602 1921 5671 legunt

360 5692 659 5735 inconcessa.

425 5760 443 5794 ι
471 5750 598 5805 Cod.
632 5750 938 5813 Martinen.,
971 5748 1198 5816 elegerit.

2010 4310 2318 4372 devotione,
2342 4306 2549 4373 fratres,
2582 4322 2801 4361 necesse
2825 4315 2907 4360 est
2926 4308 3216 4372 celebrare,
3247 4310 3371 4377 quia
3401 4318 3455 4363 et
3482 4310 3597 4362 lau-

2013 4398 2206 4453 dabilis
2234 4414 2329 4452 eos
2356 4398 2464 4451 vita
2494 4397 2560 4451 ad
2590 4396 3029 4465 gloriosissimum
3054 4399 3303 4467 perduxit
3324 4414 3594 4461 occasum,

2017 4498 2072 4545 et
2100 4490 2353 4545 mirificus
2396 4488 2575 4543 obitus
2618 4496 2932 4558 perpetuam
2980 4489 3273 4543 transmisit
3311 4489 3378 4542 ad
3409 4490 3594 4542 vitam.

2017 4583 2084 4637 Et
2113 4584 2238 4638 licet
2264 4582 2318 4635 in
2350 4580 2511 4636 Petro
2559 4577 2691 4634 fides
2736 4580 2992 4644 emineat,
3042 4579 3096 4633 in
3144 4578 3311 4634 Paulo
3357 4578 3598 4633 doctrina

2090 4757 2117 4797 δ
2146 4759 2279 4816 Cod.
2309 4759 2702 4816 Camberonen.
2733 4756 2934 4812 omittit
2967 4769 3152 4809 vocem
3198 4754 3599 4823 firmamentum.

2014 4842 2017 4843 ⁷
2096 4828 2109 4866 ί
2146 4829 2278 4883 Cod.
2313 4830 2431 4883 Vat.
2480 4828 2637 4887 1277,
2669 4829 2814 4887 cujus
2843 4824 2905 4879 ob
2935 4825 3027 4877 hoc
3066 4821 3240 4876 statim
3267 4832 3386 4876 sunt
3422 4821 3601 4874 cwcati

2018 4899 2185 4959 oculi;
2215 4899 2336 4953 cod.
2362 4899 2420 4954 S.
2444 4897 2590 4952 Petri
2612 4896 2681 4949 40
2708 4889 2770 4961 F,
2792 4896 2937 4964 cujus
2961 4894 3022 4948 ob
3044 4894 3287 4964 hocgsunt
3315 4910 3348 4945 a
3377 4889 3601 4964 Domino

2018 4968 2199 5024 cwcati
2227 4970 2381 5032 oculi,
2408 4978 2462 5022 ut
2484 4984 2683 5036 suscep.
2706 4961 2866 5035 grat.,'
2889 4965 3010 5018 cod.
3043 4961 3209 5029 Farf.,
3237 4964 3381 5036 verit.
3413 4961 3603 5013 caelesti

2017 5040 2209 5109 lumine
2237 5039 2458 5093 clariore
2485 5034 2757 5109 fulgerem.
2788 5038 2948 5109 Atque
2985 5042 3041 5084 ut
3078 5049 3254 5109 omnes
3284 5034 3604 5086 adverterent

2015 5106 2299 5163 Christiani
2348 5101 2586 5164 nominis
2616 5101 3092 5176 princeps’futurus
3122 5101 3412 5165 Christum,
3455 5117 3602 5171 quem

2015 5179 2429 5250 persequebatur,
2463 5187 2566 5233 etc.

2029 5319 2039 5325 _
2093 5249 2107 5299 i
2146 5248 2278 5325 Cod.
2312 5248 2382 5301 12
2406 5248 2462 5303 S.
2486 5244 2670 5325 Crucis
2695 5242 3077 5325 inn-Jerzlegit,
3093 5258 3206 5314 qua!
3231 5241 3435 5297 beatum
3454 5241 3602 5294 Pau-

2021 5319 2128 5373 lum
2156 5320 2393 5372 universo
2424 5316 2533 5371 orbi
2560 5313 2851 5368 mirabilem
2877 5314 3097 5383 faciunt.

2095 5388 2118 5426 ιι
2148 5388 2282 5442 Cod.
2314 5389 2406 5442 cit.
2441 5385 2510 5437 12
2535 5384 2592 5438 8.
2617 5383 2804 5438 Crucis
2826 5377 3037 5448 in'Jer.,
3063 5383 3295 5454 degeret;
3324 5378 3444 5437 cod.
3477 5377 3600 5433 Vat.

2023 5457 2181 5518 1277,
2208 5460 2345 5514 inter
2371 5456 2600 5528 homines
2631 5454 2757 5524 agil-
2803 5521 2845 5528 __
2963 5521 3091 5528 ____
3271 5522 3282 5528 _
3346 5520 3357 5528 _
3515 5524 3523 5528 ,
3551 5514 3562 5528 .

2101 5528 2115 5566 ι
2150 5529 2394 5594 Quatuor
2419 5520 2694 5586 CasinenI,
2726 5532 2782 5577 et
2803 5521 2922 5576 Vat.
2958 5521 3114 5587 1277,
3144 5522 3282 5591 quod
3322 5520 3524 5575 doceret
3545 5520 3599 5571 in

2024 5606 2193 5652 terris.

2095 5678 2134 5705 ω
2164 5665 2295 5719 Cod.
2328 5682 2384 5725 rt,
2416 5664 2499 5718 cui
2517 5664 2722 5718 elevatis
2750 5680 2901 5732 super
2927 5662 3079 5715 caelos
3108 5661 3287 5715 oculis.

2097 5746 2121 5771 ¹³
2150 5736 2295 5791 Idem
2326 5735 2446 5792 cod.
2478 5752 2534 5799 tl,
2566 5745 2612 5788 et
2640 5749 2732 5801 per
2759 5736 2866 5788 lucc
2895 5733 3201 5791 incedentes,
3230 5739 3331 5780 etc.
