4054 6190
439 323 542 380 3-99

1406 393 1424 418 /

1665 328 1721 382 S.
1760 321 2004 378 MAXIM!
2041 321 2492 378 TAURINENSIS

3611 317 3710 372 400

439 437 741 510 pnccellat;
771 445 795 473 ⁸
822 445 876 492 ct
903 435 1264 504 magisterium
1311 441 1488 488 tamen
1519 434 1669 488 Pauli
1700 436 1820 490 lidei
1851 437 2024 506 plcni—
2056 442 2100 499 Α
2132 434 2268 488 Deus
2323 438 2416 488 scit
2443 473 2456 498 ,
2507 443 2708 504 raptum
2765 432 3075 507 hujusmodi.
3148 430 3216 484 Et
3270 431 3376 484 scio
3423 430 3714 501 hujusmodi

441 533 572 588 tudo
587 538 690 593 est,
703 537 758 584 et
772 529 1058 585 credulitas
1072 526 1216 581 Petri
1233 527 1490 581 doctrinm
1504 535 1586 582 cst
1600 526 2022 594 fundamentum;

440 639 578 692 quos
606 629 754 676 tanta
782 619 1016 674 cailestis
1043 617 1324 671 electionis
1351 617 1588 685 dignatio
1619 617 1645 655 δ
1671 617 1905 672 visitavit
1923 657 1939 682 ,
1971 628 2029 671 ut

443 714 530 768 hic
560 711 712 766 ﬁeret
757 709 824 764 dc
863 709 1133 777 piscatore
1178 705 1387 771 doctor,
1440 707 1529 761 ille
1569 707 1638 761 de
1683 716 2029 778 persecutore

441 806 714 860 defensor.
737 802 843 857 Sed
870 802 923 854 in
946 801 1058 854 hoc.
1071 799 1456 868 omnipotentis
1475 798 1571 852 Dei
1595 798 1887 853 attollenda
1916 815 2030 853 ma-

441 895 611 965 iestas
637 899 746 956 est,
787 891 879 960 qui
927 890 1277 960 inspiratione
1320 889 1549 943 mirabili
1595 889 1754 960 225
1801 889 2031 944 docendi

443 985 672 1054 gratiam
717 982 902 1036 tribuit
949 981 1228 1050 imperito,
1272 988 1327 1035 et
1374 981 1645 1034 inimicum
1695 979 1820 1035 fecit
1849 995 2032 1035 amare

445 1079 590 1150 quod
619 1077 830 1142 oderat,
869 1084 923 1129 et
955 1075 1131 1139 Iidem,
1159 1089 1318 1143 quam
1347 1074 1725 1143 impugnabat,
1763 1087 2029 1126 asserere.

446 1170 591 1224 lllius
617 1167 969 1238 piscationem
1015 1181 1122 1219 non
1153 1163 1398 1227 abstulit,
1431 1163 1526 1218 sed
1567 1164 1824 1226 mutavit;
1876 1162 2033 1230 hujus

447 1260 668 1317 czccavit
691 1260 877 1313 oculos
903 1266 978 1318 ut,
1015 1255 1326 1326 purgatiore
1355 1263 1574 1324 recepto
1597 1253 1821 1318 lumine,
1843 1255 2032 1307 claris-

447 1351 597 1406 sima:
641 1349 837 1402 mentis
883 1347 997 1400 acie
1045 1346 1184 1399 ultra
1232 1345 1522 1399 humanum
1569 1343 1751 1398 videre
1797 1355 1818 1382 ο
1867 1344 2036 1413 possit

448 1445 745 1510 aspectum.
789 1433 816 1473 ἀ
863 1434 1133 1500 Quantum
1179 1435 1341 1502 igitur
1385 1434 1562 1488 meriti
1608 1433 1752 1502 apud
1799 1443 1822 1472 ε
1866 1433 2036 1487 Deum

446 1546 601 1586 suum
631 1528 822 1584 Petrus
851 1535 1000 1592 erat,
1043 1537 1099 1580 ut
1130 1531 1179 1581 ei
1207 1535 1330 1594 post
1371 1526 1630 1580 navicula:
1666 1540 1845 1594 parvae
1871 1522 2042 1578 renti-

390 1670 391 1673 η
445 1621 592 1691 gium
622 1619 786 1674 totius
812 1615 1061 1672 Ecclesia:
1089 1615 1449 1685 gubemacula
1473 1615 1848 1670 traderentur?
1882 1612 1900 1652 ί
1931 1614 2040 1668 Aut

447 1717 714 1778 quantum
744 1709 797 1761 in
829 1707 1164 1777 apostolatus
1199 1706 1286 1760 sui
1325 1705 1624 1760 ministerio
1650 1705 2036 1775 complacuisse

2131 530 2388 582 hominem
2418 529 2520 580 sive
2564 529 2618 580 in
2665 542 2896 596 corpore,
2947 527 3050 580 sive
3097 532 3248 578 extra
3293 539 3479 592 corpus
3519 526 3710 590 nescio,

2131 622 2269 676 Deus
2298 623 2410 686 scit,
2443 623 2684 692 quoniam
2721 630 2899 690 raptus
2925 628 3000 674 est
3043 622 3098 674 in
3127 621 3448 690 paradisum,
3481 630 3528 674 et
3559 623 3708 675 audi-

2129 714 2199 768 vit
2227 728 2424 765 arcana
2453 712 2614 782 226
2651 711 2822 774 verba,
2874 727 2987 782 qua:
3015 727 3117 764 non
3166 711 3284 764 licet
3333 710 3527 765 homini
3579 711 3714 781 loqui

2135 801 2231 873 (II
2256 800 2376 856 Cor.
2411 803 2525 870 xu).
2559 801 2699 867 Quid
2726 802 2831 855 hoc
2857 801 3117 870 Apostolo
3151 799 3593 868 magniﬁcentius,
3632 802 3715 856 cui

2132 895 2186 948 ia
2215 893 2391 948 medio
2419 893 2728 947 mortalium
2758 895 3082 956 constituto,
3133 899 3188 946 et
3231 905 3393 961 supra
3438 892 3603 948 cmlos
3642 893 3718 947 ire

2131 983 2337 1044 datum,
2387 991 2444 1036 et
2487 982 2563 1036 ad
2604 991 2775 1036 terras
2818 982 2993 1036 redire
3023 996 3337 1036 concessum
3385 984 3502 1035 est?
3531 980 3556 1019 ¹ι
3583 983 3719 1047 Quid

2132 1071 2238 1127 hoc
2264 1072 2474 1126 beatius
2497 1072 2632 1138 viro,
2655 1072 2744 1139 qui
2776 1071 2914 1125 inter
2933 1079 3139 1126 secreta
3165 1071 3396 1140 paradisi
3434 1069 3450 1108 ι
3484 1070 3721 1127 ediscere

2134 1163 2328 1216 meruit
2368 1161 2514 1230 quod
2560 1176 2660 1216 nec
2698 1162 2872 1228 lingua
2920 1162 3152 1216 hominis
3206 1162 3350 1230 loqui
3390 1157 3595 1232 possit,
3626 1179 3723 1218 nec

2134 1252 2418 1320 quisquam
2466 1259 2764 1305 mereretur
2803 1250 3026 1305 audire?
3060 1260 3097 1287 σι
3136 1249 3203 1302 Ει
3248 1266 3368 1304 cum
3419 1259 3580 1304 tanta:
3617 1253 3720 1305 sint

2135 1343 2476 1398 sublimitatis
2499 1343 2607 1396 'illa
2647 1358 2765 1411 quae
2795 1343 3007 1408 docuit,
3038 1351 3106 1398 ἰιι
3144 1345 3601 1413 comprehendere
3655 1360 3718 1399 ea

2138 1449 2290 1488 mens
2322 1435 2552 1487 humana
2581 1449 2687 1488 non
2719 1435 2916 1502 possit;
2941 1444 3154 1502 quanta:
3183 1434 3310 1487 illud
3335 1443 3583 1503 putamus
3601 1451 3723 1490 esse

2135 1523 2319 1592 gloriae
2346 1523 2490 1592 quod
2535 1523 2764 1592 prodere
2805 1525 2907 1578 sibi
2946 1525 3136 1578 asserit
3187 1540 3294 1578 non
3344 1526 3539 1580 licere?
3582 1524 3722 1592 Quid

2139 1615 2302 1668 etiam
2331 1613 2399 1666 dc
2425 1611 2584 1667 Petro
2606 1613 2853 1675 referam,
2883 1613 3038 1683 cujus
3059 1622 3205 1668 tanta
3228 1630 3258 1668 a
3285 1615 3394 1670 Deo
3423 1623 3507 1670 est
3531 1631 3725 1684 appros

2138 1705 2262 1759 bata
2288 1703 2514 1773 justitia,
2549 1714 2572 1739 η
2619 1713 2876 1772 tantaque
2922 1706 2972 1759 ei
3019 1713 3261 1775 potestas
3291 1707 3545 1761 attributa
3581 1694 3728 1775 judi-

447 1800 663 1856 Cbristo
689 1799 955 1852 credimus
983 1797 1228 1863 Paulum,
1266 1796 1352 1850 cui
1385 1803 1590 1850 tantum
1622 1796 1834 1864 placere
1862 1797 2037 1865 potuit
2068 1808 2112 1865 Β
2141 1796 2317 1858 candi,
2343 1797 2473 1849 utin
2496 1796 2718 1850 arbitrio
2738 1795 2854 1864 ejus
2874 1805 3168 1866 poneretur
3195 1797 3414 1853 caeleste
3431 1798 3687 1867 judicium
3705 1802 3731 1851 ‘.'

449 1892 798 1963 persecutor?
844 1888 1052 1944 Placuit
1081 1889 1256 1953 enim,
1299 1888 1425 1958 quia
1474 1904 1580 1942 non
1611 1888 1774 1956 iniqui
1805 1889 2042 1958 pectoris

449 1982 648 2047 studio,
695 1980 789 2035 sed
831 1980 1088 2049 simplicis
1133 1979 1447 2048 ignorantia:
1494 1979 1707 2034 incauta
1752 1979 2040 2035 devotione

447 2073 710 2128 certabat.
742 2069 1004 2139 Denique,
1036 2078 1095 2124 ut
1128 2070 1359 2140 primum
1387 2070 1632 2124 sensibus
1661 2070 1777 2140 ejus
1811 2069 2041 2140 Spiritus

449 2166 693 2224 veritatis
714 2163 921 2220 infusus
943 2173 1043 2231 est,
1071 2164 1305 2219 ostendit
1329 2164 1606 2224 continuo,
1629 2179 1736 2217 non
1757 2179 1816 2218 se
1841 2163 2038 2218 Christi

449 2259 666 2315 smvisse
693 2258 849 2324 odio,
890 2257 984 2313 sed
1027 2271 1211 2311 amore
1239 2263 1477 2326 paterna:
1505 2255 1636 2324 legis
1669 2265 1693 2301 κ
1723 2256 2041 2310 innocenter

389 2359 401 2369 '
448 2366 680 2408 errasse.
737 2349 816 2405 De
842 2365 950 2420 quo
993 2349 1122 2417 quid
1152 2361 1281 2417 ergo
1309 2347 1646 2417 potissimum
1675 2345 1886 2400 dicam?
1915 2361 2038 2400 cum

451 2440 790 2496 fidelissimus
819 2440 935 2508 ipse
975 2439 1076 2493 sibi
1121 2438 1193 2492 sit
1235 2438 1424 2491 testis:
1458 2435 1486 2473 ιι
1515 2436 1606 2504 qui
1633 2451 1753 2490 cum
1785 2451 1885 2490 nec
1913 2451 2037 2489 suas

450 2534 581 2591 velit
604 2533 812 2602 jactare
839 2530 1057 2596 laudes,
1098 2529 1113 2566 ί
1149 2536 1205 2583 et
1230 2528 1427 2582 Christi
1470 2536 1691 2597 cuperet
1719 2528 2039 2581 annuntiat‘e

451 2624 822 2694 majestatem,
878 2618 1227 2676 verecundius
1273 2618 1418 2688 quod
1483 2617 1536 2670 in
1584 2632 1644 2672 se
1697 2625 1904 2686 gestum
1960 2624 2042 2670 est

451 2713 756 2772 confitetur.
791 2710 860 2766 Ut
889 2711 1031 2764 enim
1071 2709 1220 2763 velut
1243 2707 1311 2762 de
1339 2708 1511 2762 altero
1544 2706 1815 2776 quodam:
1852 2708 1866 2757 i
1920 2705 2042 2761 Scio

449 2805 747 2869 hominem,
806 2801 1013 2872 inquit,
1059 2801 1115 2854 in
1157 2797 1361 2853 Christo
1416 2808 1537 2852 ante
1583 2814 1749 2852 annos
1794 2807 2042 2869 quatuor-

449 2898 644 2964 dccim,
683 2895 789 2952 sive
834 2895 891 2950 in
945 2907 1187 2962 corpore,
1245 2892 1350 2944 sive
1395 2904 1544 2944 extra
1601 2905 1785 2960 corpus
1838 2891 2040 2955 nescio,

2141 1887 2433 1957 Perspicite
2461 1901 2608 1956 ergo,
2642 1896 2697 1942 et
2737 1889 2999 1944 azstimate
3025 1897 3228 1958 quanto
3259 1891 3411 1945 nobis
3437 1891 3508 1944 sit
3536 1889 3730 1946 Petrus

2141 1983 2417 2052 apostolus
2465 1984 2671 2038 honore
2718 1984 3077 2049 reverendus,
3129 1985 3282 2053 cujus
3328 1985 3647 2039 sententiam
3679 1986 3731 2038 in

2146 2075 2309 2129 terris
2339 2075 2604 2145 prolatam
2642 2076 2952 2145 sempiterni
2976 2075 3173 2146 judicis
3200 2076 3423 2144 aequitas
3453 2091 3558 2130 non
3587 2084 3612 2111 ο
3642 2091 3731 2129 re-

2146 2167 2315 2238 pellit.
2345 2167 2413 2221 Et
2443 2167 2561 2222 idco
2584 2168 2868 2236 diligenter
2896 2167 3156 2222 intendite
3192 2183 3312 2236 qua:
3338 2168 3408 2222 sit
3431 2167 3548 2237 ejus
3570 2178 3596 2222 ιι
3616 2167 3740 2235 glo-~

2145 2257 2239 2311 rise
2265 2256 2598 2325 magnitudo,
2631 2256 2716 2311 cui
2747 2257 2872 2312 dum
2899 2256 3078 2312 claves
3100 2269 3122 2303 ιι
3147 2257 3296 2326 regni
3324 2257 3733 2319 committuntur

2149 2347 2372 2410 aeterni,
2407 2357 2427 2384 τ
2459 2347 2654 2403 caelum
2695 2347 2770 2401 illi
2810 2347 3060 2403 claudere
3087 2358 3141 2403 et
3169 2348 3378 2418 aperire
3413 2348 3733 2419 permissum

2144 2444 2244 2491 est.
2271 2435 2473 2491 Horum
2515 2438 2717 2507 itaque,
2761 2438 3056 2505 carissimi,
3088 2445 3185 2508 per
3223 2439 3529 2494 universum
3572 2455 3731 2493 utun-

2150 2527 2276 2582 dum
2323 2527 2628 2582 veneranda
2683 2527 2844 2582 hodie
2898 2529 3078 2599 passio
3132 2529 3437 2584 celebratur
3479 2548 3491 2583 :
3538 2529 3732 2584 horum

2150 2617 2310 2672 hodie
2358 2617 2639 2672 concursu
2673 2627 2694 2652 ε
2747 2617 3021 2672 Ιιριίεείιιιο
3069 2619 3269 2673 excolit
3316 2618 3485 2673 Roma
3532 2627 3732 2689 marty-

2148 2710 2315 2776 rium;
2362 2718 2418 2765 et
2459 2725 2688 2778 quorum
2717 2710 2913 2764 dudum
2945 2711 3119 2780 impia
3140 2712 3158 2747 ι
3194 2720 3470 2781 persecuta
3500 2721 3581 2767 est
3607 2726 3732 2766 san-

2149 2801 2362 2870 guinem
2389 2840 2405 2868 ,
2457 2817 2644 2856 eorum
2691 2818 2831 2858 mluc
2885 2803 3141 2873 peculiari
3190 2803 3384 2858 devota
3428 2803 3730 2873 patrocinio

2152 2893 2412 2961 gloriatur
2439 2901 2491 2948 τι.

1771 2981 2116 3042 HOMILIA
2162 2982 2392 3042 LXXI.

1235 3147 1240 3152 _
1295 3079 1378 3134 De
1397 3082 1577 3136 eodeni
1605 3081 1770 3136 natali
1797 3079 1903 3135 SS.
1934 3081 2284 3146 apostolorum
2315 3079 2462 3135 Petri
2491 3089 2540 3136 et
2570 3079 2726 3135 Pauli
2756 3079 2858 3136 IV.

1893 3167 2282 3224 ADMONITIO.

526 3269 596 3325 ω
619 3267 794 3326 omnis
819 3265 1204 3338 suppositionis
1226 3273 1410 3338 notam
1441 3264 1509 3318 ab
1529 3263 1636 3319 hac
1663 3262 1877 3317 Maximi
1907 3260 2128 3338 homilia
2166 3275 2534 3338 amoveamus,
2565 3261 2709 3338 quod
2739 3260 3110 3338 discrepantes
3149 3262 3374 3338 interse
3395 3262 3613 3319 codices
3641 3265 3728 3319 in-

453 3341 754 3404 veniantur,
785 3331 965 3408 opera).
991 3337 1225 3406 pretium
1254 3336 1358 3390 erit
1377 3351 1472 3389 eos
1497 3341 1879 3408 recensere,_et
1917 3331 2043 3402 quid
2073 3331 2140 3386 de
2178 3331 2283 3408 illis
2309 3332 2594 3408 peritiores
2642 3332 2700 3408 in
2724 3341 2839 3386 arte
2867 3331 3381 3408 criticze_j_u_dic_ariut
3409 3347 3723 3408 agnoscere:

453 3409 573 3466 Non
603 3401 840 3463 eosdem'
883 3401 1027 3476 igea't
1053 3420 1479 3461 commemorare
1507 3419 1748 3473 persaepe
1771 3401 1962 3457 allatos
2008 3416 2134 3455 mss.
2167 3401 2397 3465 codices,
2431 3402 2634 3457 scilicet
2659 3401 3022 3458 Veronensem
3068 3401 3191 3464 451,
3224 3401 3540 3457 Vaticanum
3589 3403 3726 3457 1277

453 3492 576 3532 pag.
611 3477 700 3532 77.
740 3423 1152 3532 Anigrosianum
1183 3474 1304 3532 MG.
1337 3473 1395 3530 S.
1421 3475 1608 3530 Crucis
1637 3475 1690 3528 in
1711 3472 2006 3528 Jerusalem
2037 3488 2108 3525 xu
2139 3485 2259 3532 pag.
2291 3470 2376 3532 60,
2404 3471 2723 3532 Augiensem
2753 3488 2846 3532 xv.
2874 3488 2909 3526 ιι
2937 3470 2993 3526 8.
3021 3470 3428 3527 Crucis-Minor.
3457 3487 3578 3532 pag.
3605 3473 3726 3532 1‘29,

453 3492 576 3552 pag.
611 3477 700 3552 77,
740 3477 838 3531 Am

882 3470 1152 3532 rosianum
1183 3474 1304 3540 MG,
1337 3473 1395 3530 S.
1421 3470 1608 3530 Crucis
1637 3470 1696 3528 in
1711 3472 2006 3543 Jerusalem
2037 3488 2108 3525 xu
2139 3485 2259 3540 pag.
2291 3470 2376 3534 60,
2404 3471 2723 3543 dugiensem
2753 3488 2846 3540 xv,
2874 3488 2909 3526 ιι
2937 3470 2993 3526 8.
3021 3470 3428 3543 Crucis-Minor.
3457 3487 3578 3543 pag.
3605 3473 3727 3538 129,

454 3539 596 3605 nunc
624 3539 1064 3613 Laurentianum,
1097 3546 1503 3602 Valliccllanum
1534 3561 1600 3599 xv
1632 3557 1752 3614 pag.
1802 3543 1891 3614 7:2,
1924 3539 2372 3614 Ratisponeusem
2408 3541 2465 3594 S.
2485 3540 2989 3614 “Emmeramikpag.
3021 3539 3107 3605 55,
3157 3539 3561 3614 blaijiiiensena',
3589 3543 3724 3598 Far-

453 3621 660 3676 fensem
683 3619 745 3687 B,
775 3610 1122 3673 Casinensem
1147 3632 1235 3671 (ιιι
1265 3631 1390 3686 pag.
1433 3616 1504 3672 85
1529 3631 1559 3668 a
1589 3610 1763 3687 tergo.
1801 3612 1865 3667 lli
1887 3627 2081 3687 omnes
2108 3613 2159 3664 in
2189 3611 2327 3687 serie
2356 3611 2692 3687 homiliarum
2732 3611 2800 3665 de
2828 3610 2924 3666 SS.
2958 3610 3228 3681 Apostolis
3255 3610 3416 3687 Petro
3444 3621 3502 3687 et
3537 3612 3724 3687 Paulo,

493 3705 588 3744 uas
611 3680 954 3744 concorditer
979 3687 1034 3742 8.
1063 3680 1296 3741 Maximo
1325 3680 1620 3752 ascribunt,
1653 3680 1788 3738 hanc
1828 3684 1988 3738 etiam
2027 3681 2473 3752 coiuplectuutur.
2523 3680 2772 3752 Quinque
2819 3680 3018 3752 autem
3041 3692 3165 3752 sunt
3207 3683 3439 3752 codices,
3471 3683 3528 3738 S.
3561 3683 3726 3737 Leoni

493 3705 588 3744 uas
611 3705 954 3744 concorditer
979 3705 1034 3742 δ.
1063 3705 1296 3741 maxumo
1325 3705 1620 3752 ascribunt,
1653 3705 1788 3738 nam:
1828 3705 1988 3738 etiam
2027 3705 2473 3749 umupicuumur.
2523 3705 2772 3750 qumque
2819 3705 2997 3736 autem
3041 3705 3165 3735 Slllll.
3207 3705 3424 3737 cuunccs
3471 3705 3528 3738 δ.
3561 3705 3726 3737 Leoni

453 3705 646 3827 ᾖδεηο
676 3757 950 3812 homiliam
981 3766 1318 3827 asserentes;
1359 3754 1985 3827 scilicet_l.aurent_ianus
2007 3749 2262 3827 3_9_,_Plut.
2296 3765 2382 3805 xiv
2405 3765 2526 3827 pag.
2561 3750 2688 3827 155,
2721 3750 3030 3827 basiliescS.
3065 3750 3364 3827 l’etri_duo_,_
3385 3751 3453 3806 40
3481 3753 3602 3827 Fet
3623 3753 3727 3827 310

455 3829 518 3892 D,
545 3819 656 3882 duo
683 3828 811 3880 item
840 3827 1180 3888 Casinenses,
1217 3824 1320 3876 115
1348 3840 1467 3893 pag.
1501 3824 1624 3893 161,
1653 3831 1708 3877 et
1736 3822 1838 3874 HM
1867 3838 1987 3892 pag.
2021 3821 2119 3893 171
2129 3860 2157 3893 _._
2177 3819 2326 3874 Alter
2353 3819 2526 3893 codex
2553 3820 2864 3893 Casiuensis
2886 3820 2992 3893 126
3015 3835 3135 3891 pag.
3170 3821 3290 3876 148.
3323 3823 3589 3877 Venerab.
3622 3823 3724 3878 Be-

454 3890 537 3952 da:
566 3911 761 3951 nomen
791 3895 976 3949 refert.
1003 3893 1062 3948 In
1084 3895 1270 3948 codice
1298 3890 1478 3947 autem
1507 3890 1878 3946 Ottobouiano‘
1903 3893 2004 3944 106
2033 3890 2162 3944 nulli
2192 3891 2397 3944 auctori
2423 3891 2640 3946 homilia
2667 3893 2936 3946 tribuitur.

2961 3891 3323 3957 Qumstioucm
3351 3908 3458 3947 non
3490 3900 3596 3946 tam
3629 3895 3726 3946 ab-

454 3967 689 4021 solutam
719 3973 972 4033 putamus
997 3978 1026 4016 a
1044 3961 1244 4033 majori
1272 3961 1519 4017 codicum
1548 3960 1942 4033 aliirmantium
1973 3974 2214 4033 numero,
2245 3959 2338 4013 sed
2363 3969 2419 4014 et
2461 3975 2492 4013 a
2511 3959 2852 4033 ‘Balleriniis,
2874 3963 2967 4031 qui
2991 3963 3044 4015 in
3072 3960 3387 4030 praefatione
3405 3963 3481 4033 ad
3511 3977 3721 4017 sermo-

456 4051 554 4091 nes
581 4035 637 4090 S.
671 4029 866 4088 Leoliis
893 4047 923 4085 a
953 4031 1009 4087 S.
1043 4031 1278 4086 Maximo
1305 4031 1653 4102 repetendam
1680 4031 1998 4086 docuerunt.
2024 4029 2115 4083 llis
2138 4037 2438 4106 consonant
2463 4029 2698 4087 editores
2727 4029 2915 4087 omnes
2943 4029 3104 4100 supra
3117 4032 3439 4106 memorati.

458 4127 614 4200 227
641 4123 1034 4200 Anouusmuu.
1057 4155 1129 4165 —
1149 4121 1382 4200 Christus
1395 4123 1986 4200 ΔΡοιειιπιιηι-ρὶεςαιρηεηι,
1999 4131 2047 4175 et
2075 4123 2118 4184 C
2151 4103 2269 4174 rum
2295 4120 2456 4177 hodie
2484 4124 2719 4179 natalem
2763 4124 3077 4179 solemniter
3117 4103 3474 4189 celebramus,
3526 4127 3727 4182 cunctis

512 4193 758 4274 Taulant-
776 4203 1162 4274 persecutor-em.
1178 4194 1245 4274 ad
1275 4193 1912 4274 fuiidanrtalefc-clesiam
1939 4195 2041 4274 ele-

524 4267 619 4337 git.
642 4263 918 4337 Utriusque
937 4263 1258 4337 admirabilis
1275 4263 1349 4318 est
1367 4263 1583 4337 electio:
1589 4265 1913 4337 divinumque
1939 4264 2042 4337 eri-f

529 4333 713 4406 pendat
761 4333 1009 4406 Ecetesia:
1057 4351 1182 4403 opus
1237 4336 1499 4406 ostendit;
1548 4335 1683 4406 quod
1726 4333 1911 4406 Petrus
1943 4335 2041 4406 qud

529 4403 869 4475 acquirendas
892 4403 999 4459 Deo
1016 4405 1271 4473 homines,
1295 4405 1493 4458 Paulus
1523 4403 1692 4475 autem
1717 4403 1786 4456 ad
1811 4420 1894 4456 eos
1917 4404 2036 4456 doc-

531 4474 1059 4530 triuaillumiuandos
1088 4476 1338 4546 assumpti
1375 4476 1518 4540 sint;
1558 4474 1910 4528 Ecclesiarum
1946 4492 2046 4546 ap-

528 4547 706 4618 pellati
733 4546 1004 4600 columine.

532 4657 975 4713 Beatissimorum
1016 4655 1382 4726 apostolorum
1420 4657 1618 4724 passio,
1651 4655 1865 4726 fratres,
1903 4674 2043 4727 quo-

534 4777 557 4835 f-
573 4761 836 4822 Cod.Vat.
852 4763 956 4835 εδει
973 4771 1026 4835 et
1040 4761 1096 4817 8.
1108 4762 1219 4835 Pet.
1235 4762 1302 4817 40
1316 4763 1356 4816 F
1371 4765 1624 4819 omittunt
1639 4767 1954 4835 particulam
1971 4779 2038 4826 et.

535 4833 561 4872 δ
589 4835 722 4891 Cod.
747 4845 855 4891 tres
880 4833 1083 4900 Casin.,
1115 4833 1422 4888 sublimauit.

539 4915 560 4940 ο
589 4905 756 4959 Codd.
808 4923 844 4961 ιι
892 4905 948 4960 8.
994 4903 1181 4959 Crucis
1228 4904 1444 4972 Minor.,
1476 4913 1532 4958 et
1578 4903 1645 4958 12
1687 4905 1744 4960 8.
1777 4906 1963 4968 Crucis
1990 4912 2044 4966 in

463 4970 600 5025 ιρι..
630 4984 817 5025 posset.

496 4988 576 5026 ρι’.
586 5011 600 5033 ,
630 4984 817 5033 ροδεεῑ.

535 5039 561 5078 ἀ
589 5039 742 5120 idem
760 5045 881 5120 cod.
905 5063 943 5120 ῃ
958 5048 1026 5120 8.
1057 5043 1486 5120 Crucis‘Minor”
1513 5043 1712 5120 Quanti
1731 5049 1906 5120 igitur,
1937 5060 2043 5107 etc.

543 5121 566 5149 ο
595 5111 764 5182 Codd:
795 5114 880 5180 17,
913 5115 1048 5171 Plut.
1093 5134 1199 5181 xiv,
1253 5113 1530 5178 Laurent,
1582 5111 1819 5182 Farfen.,
1881 5111 2046 5176 Vero-

468 5181 704 5256 ueu.,_S._
733 5180 940 5256 Pet._40
971 5187 1029 5256 Ε,
1059 5186 1160 5256 210
1184 5180 1242 5252 1),
1267 5185 1388 5240 Vat.
1417 5186 1570 5250 1277,
1587 5188 1726 5256 apud
1749 5180 2045 5246 Dominum.

545 5251 562 5289 ί
853 5251 969 5328 Ριξιἒ
983 5251 1092 5328 Eli)
1121 5257 1184 5322 D,
1215 5251 1281 5308 At
1300 5265 1566 5328 quantum.

540 5331 564 5397 εἰ
595 5321 729 5397 god.
759 5323 884 5397 Yat.
1098 5321 1242 5397 quasi
1271 5321 1588 5380 irinocéuter.

542 5387 891 5465 E_Cod.‘Reg.
920 5393 1038 5458 5'59,
1056 5387 1210 5449 ve'ttet
1229 5397 1451 5465 jactare,
1481 5406 1588 5451 etc.
1611 5397 1743 5452 Cod.
1770 5414 1899 5453 vero
1923 5398 2044 5453 Vat.

470 5459 637 5538 £277,
659 5465 745 5538 qui
764 5459 864 5538 nec
877 5482 1004 5538 suae
1018 5466 1158 5538 velit,
1176 5459 1318 5538 etc”
1342 5459 1506 5538 itaet
1527 5468 1682 5522 codd.
1699 5478 1817 5522 tres
1845 5468 2024 5523 Casiu.

483 5603 495 5615 .
598 5532 732 5615 Cod.
764 5533 885 5590 Vat.
913 5534 1066 5601 19.69,
1093 5545 1141 5589 et
1161 5534 1351 5590 Christi
1391 5540 1702 5592 annuntiare
1733 5539 1904 5608 cupiat
1932 5557 2046 5592 ma-

465 5610 725 5678 jrstatem.

546 5674 560 5755 ξ
766 5673 834 5755 12
858 5676 947 5755 qui
979 5691 1139 5755 sup,
1153 5675 1288 5755 Quid
1312 5675 1480 5755 Paulo
1510 5678 1763 5755 apostolo,
1795 5686 1900 5755 etc.

545 5744 566 5781 ι
598 5741 735 5800 Cod.
857 5741 970 5798 Pet.
1008 5741 1072 5799 40
1102 5745 1162 5810 F,
1187 5744 1324 5809 Quid
1355 5741 1657 5800 autem'hoc
1689 5747 1901 5814 beatius,
1934 5759 2040 5807 etc.

2079 5313 2126 5373 D

2147 4220 2231 4265 est
2246 4213 2556 4268 honoranda
2580 4214 2942 4278 credentibus,
2960 4231 3096 4285 quos
3118 4231 3215 4285 pro
3235 4216 3458 4284 justitia:
3486 4217 3728 4287 pietatis-

2147 4316 2252 4369 que
2281 4301 2611 4371 plenitudinc
2660 4302 2909 4358 Salvator
2964 4305 3146 4359 mundi
3173 4304 3408 4360 humano
3448 4307 3632 4374 generi
3673 4318 3730 4362 et

2146 4401 2324 4462 patres
2335 4407 2454 4447 esse
2473 4393 2620 4447 dedit
2634 4393 2922 4462 etjudices.
2942 4393 3166 4461 Quanta:
3191 4403 3368 4450 autem
3389 4396 3726 4464 integritatis,

2146 4491 2427 4550 quantmve
2452 4484 2667 4552 pietatis
2704 4485 2905 4540 fuerint
2935 4487 3059 4541 hinc
3085 4487 3171 4542 vel
3214 4489 3446 4542 maxime
3459 4489 3732 4558 perviden-

2148 4575 2269 4629 dum
2293 4585 2395 4644 est,
2419 4578 2563 4646 quod
2585 4578 2673 4632 ille
2693 4593 2787 4632 eos
2815 4577 2883 4632 ad
2909 4579 3342 4634 emendationem
3367 4582 3609 4650 corrupti
3631 4598 3729 4636 sa}-

2144 4668 2270 4736 culi,
2293 4678 2347 4723 et
2361 4670 2712 4725 ministerium
2723 4686 2830 4725 suae
2845 4672 3137 4726 voluntatis
3151 4672 3332 4740 elegit,
3345 4688 3504 4742 quem
3520 4691 3627 4728 non
3642 4673 3732 4728 fal-

2227 4774 2242 4814 ι
2275 4775 2409 4847 Cod.
2442 4777 2749 4847 Martinen.,
2778 4779 2994 4835 discere.

2221 4855 2260 4882 ω
2286 4846 2422 4921 Cod.
2446 4847 2728 4921 Illartinen.
2760 4850 2921 4905 habet
2950 4850 3017 4904 Et
3049 4853 3094 4905 si
3117 4858 3278 4907 tanta:
3299 4855 3426 4921 sint,
3459 4862 3566 4910 etc.

2221 4915 2407 4993 "Cod.
2459 4916 2749 4993 Veronam,
2799 4915 3448 4993 quantaque_ei-pote§tas
3488 4925 3732 4978 attributa

2153 4987 2535 5058 estjudicaudi.
2567 4987 2737 5043 Codd.
2769 4987 2900 5044 vero
2940 4987 3063 5045 Vat.
3098 4987 3229 5058 Reg.
3259 4989 3379 5056 559,
3411 4994 3468 5048 8.
3494 4993 3638 5048 Petri
3667 4995 3733 5048 40

2153 5053 2214 5119 F,
2242 5053 2302 5111 et
2329 5056 2533 5122 Casin.,
2565 5060 2743 5130 cuique
2765 5068 2909 5111 tanta
2928 5069 3156 5128 potestas
3178 5053 3425 5116 attributa
3445 5074 3539 5126 est,
3565 5074 3672 5119 etc.

2225 5135 2249 5162 ο
2281 5126 2412 5181 Cod.
2444 5127 2500 5181 S.
2535 5126 2650 5182 Pet.
2683 5127 2752 5180 40
2779 5127 2839 5183 F.
2863 5145 2966 5182 non
2994 5130 3229 5183 repellat.

2363 5145 2412 5181 l1.
2444 5145 2500 5181 δ.
2535 5145 2650 5182 l’el.
2683 5145 2752 5180 ἆυ
2780 5145 2839 5194 Ι⁴,
2863 5145 2966 5182 ηοη
2994 5145 3229 5194 repettat.

2226 5148 2249 5162 ι’
2281 5148 2412 5181 nou.
2444 5148 2500 5181 δ.
2535 5148 2650 5182 ret.
2683 5148 2752 5180 au
2780 5148 2839 5194 r,
2863 5148 2966 5182 non
2994 5148 3229 5199 repeuat.

2226 5207 2250 5245 r
2279 5195 2412 5270 god.
2445 5197 2584 5270 Vall.
2613 5197 2643 5250 7
2672 5198 2872 5270 omittit
2898 5214 3084 5253 vocem
3113 5200 3315 5270 gloriae.

2225 5277 2251 5316 ιι
2281 5266 2413 5338 Cod.
2445 5266 2671 5338 Yeron.,
2698 5266 3133 5338 regnigcazlorum'.

2226 5347 2244 5373 τ
2276 5333 2412 5405 Cod.
2450 5335 2580 5404 Reg.
2613 5333 2735 5391 Vat.
2757 5333 2892 5402 ⁷559,
2924 5340 3080 5392 etiam
3109 5337 3290 5392 caelum
3318 5339 3420 5405 illi,
3449 5348 3554 5396 etc.

2227 5415 2245 5440 ³
2279 5404 2447 5459 Codd.
2479 5405 2681 5460 Veron.
2711 5415 2767 5460 et
2795 5415 2905 5462 tres
2927 5407 3130 5473 Casin.,
3161 5404 3450 5463 lectissima.

2214 5479 2241 5597 ιι
2274 5474 2418 5528 Idem
2442 5476 2565 5597 ped.
2597 5493 2655 5545 ιι,
2686 5487 2736 5529 et
2762 5493 2977 5548 quorum
3002 5478 3194 5532 dudum
3215 5480 3375 5549 impia
3397 5497 3519 5551 gens
3557 5497 3729 5550 perse-

2236 5561 2265 5596 a
2285 5554 2376 5597 est.
2407 5561 2436 5597 e
2464 5561 2512 5597 c.

2149 5554 2265 5597 cuta
2282 5554 2376 5608 est,
2407 5554 2512 5599 etc.

2218 5623 2244 5650 ιι
2278 5614 2410 5684 Cod.
2439 5615 2561 5669 Vat.
2593 5614 2726 5684 Reg.
2767 5613 2869 5670 5'59
2897 5617 3043 5672 addit
3078 5619 3366 5672 auxiliante
3394 5617 3618 5673 Domino
3647 5637 3732 5674 no-

2147 5691 2254 5737 stro
2281 5683 2405 5805 lisu
2435 5683 2662 5755 Christo,
2683 5683 2778 5756 qui
2809 5687 2928 5741 vivit
2949 5697 2997 5743 et
3021 5699 3200 5759 regnat
3217 5690 3268 5743 in
3291 5689 3480 5746 satcula
3509 5698 3726 5745 siccato-

2150 5770 2280 5805 rum.
2366 5768 2498 5805 men.

2150 5770 2260 5806 rum
2269 5793 2280 5805 .
2318 5768 2498 5806 Amen.
