  <div class='ocr_page' id='page_1' title='image "/cluster/home/n/w/nwhite01/storage/ocr_20150623/57/hvd.32044054758669/218.png"; bbox 0 0 4054 6190; ppageno 0'>
   <div class='ocr_carea' id='block_1_1' title="bbox 265 363 362 420">
    <p class='ocr_par' dir='ltr' id='par_1_1' title="bbox 265 363 362 420">
     <span class='ocr_line' id='line_1_1' title="bbox 265 363 362 420; baseline 0 -1"><span class='ocrx_word' id='word_1_1' title='bbox 265 363 362 420; x_wconf 73' lang='grc' dir='ltr'>ιο5</span> 
     </span>
    </p>
   </div>
   <div class='ocr_carea' id='block_1_2' title="bbox 1579 359 2128 417">
    <p class='ocr_par' dir='ltr' id='par_1_2' title="bbox 1579 359 2128 417">
     <span class='ocr_line' id='line_1_2' title="bbox 1579 359 2128 417; baseline 0.004 -2"><span class='ocrx_word' id='word_1_2' title='bbox 1579 359 1862 417; x_wconf 78' lang='lat' dir='ltr'><strong>llOMlLlA</strong></span> <span class='ocrx_word' id='word_1_3' title='bbox 1901 361 2128 417; x_wconf 78' lang='lat' dir='ltr'><strong>LXXIII.</strong></span> 
     </span>
    </p>
   </div>
   <div class='ocr_carea' id='block_1_3' title="bbox 3433 360 3534 413">
    <p class='ocr_par' dir='ltr' id='par_1_3' title="bbox 3433 360 3534 413">
     <span class='ocr_line' id='line_1_3' title="bbox 3433 360 3534 413; baseline 0 -1"><span class='ocrx_word' id='word_1_4' title='bbox 3433 360 3534 413; x_wconf 57' lang='lat'><strong>4‘36</strong></span> 
     </span>
    </p>
   </div>
   <div class='ocr_carea' id='block_1_4' title="bbox 263 472 3540 546">
    <p class='ocr_par' dir='ltr' id='par_1_4' title="bbox 263 472 3540 546">
     <span class='ocr_line' id='line_1_4' title="bbox 263 472 3540 546; baseline -0.002 -12"><span class='ocrx_word' id='word_1_5' title='bbox 263 478 403 534; x_wconf 84' lang='lat' dir='ltr'><strong>enim</strong></span> <span class='ocrx_word' id='word_1_6' title='bbox 431 475 553 531; x_wconf 87' lang='lat' dir='ltr'><strong>illos</strong></span> <span class='ocrx_word' id='word_1_7' title='bbox 578 473 815 543; x_wconf 61' lang='lat' dir='ltr'><strong>aequales</strong></span> <span class='ocrx_word' id='word_1_8' title='bbox 840 488 958 529; x_wconf 89' lang='lat' dir='ltr'><strong>esse</strong></span> <span class='ocrx_word' id='word_1_9' title='bbox 986 475 1212 542; x_wconf 88' lang='lat' dir='ltr'><strong>meritis,</strong></span> <span class='ocrx_word' id='word_1_10' title='bbox 1244 474 1369 544; x_wconf 99' lang='lat' dir='ltr'><strong>quia</strong></span> <span class='ocrx_word' id='word_1_11' title='bbox 1401 482 1427 511; x_wconf 73' lang='grc' dir='ltr'><strong><em>κ</em></strong></span> <span class='ocrx_word' id='word_1_12' title='bbox 1456 475 1692 544; x_wconf 78' lang='lat' dir='ltr'><strong>aequales</strong></span> <span class='ocrx_word' id='word_1_13' title='bbox 1720 483 1847 530; x_wconf 87' lang='lat' dir='ltr'><strong>sunt</strong></span> <span class='ocrx_word' id='word_1_14' title='bbox 1877 483 1918 539; x_wconf 80' lang='grc' dir='ltr'>Α</span> <span class='ocrx_word' id='word_1_15' title='bbox 1950 492 2019 530; x_wconf 87' lang='lat' dir='ltr'><strong>na</strong></span> <span class='ocrx_word' id='word_1_16' title='bbox 2047 474 2074 513; x_wconf 77' lang='grc' dir='ltr'>ιι</span> <span class='ocrx_word' id='word_1_17' title='bbox 2096 482 2521 546; x_wconf 85' lang='lat' dir='ltr'><strong>prostraverunt.</strong></span> <span class='ocrx_word' id='word_1_18' title='bbox 2538 473 2674 530; x_wconf 93' lang='lat' dir='ltr'><strong>Cum</strong></span> <span class='ocrx_word' id='word_1_19' title='bbox 2705 474 2845 531; x_wconf 93' lang='lat' dir='ltr'><strong>idem</strong></span> <span class='ocrx_word' id='word_1_20' title='bbox 2873 472 3058 531; x_wconf 85' lang='lat' dir='ltr'><strong>Simon</strong></span> <span class='ocrx_word' id='word_1_21' title='bbox 3083 490 3142 529; x_wconf 90' lang='lat' dir='ltr'><strong>se</strong></span> <span class='ocrx_word' id='word_1_22' title='bbox 3163 472 3436 529; x_wconf 85' lang='lat' dir='ltr'><strong>Christum</strong></span> <span class='ocrx_word' id='word_1_23' title='bbox 3464 475 3540 529; x_wconf 88' lang='lat' dir='ltr'><strong>di-</strong></span> 
     </span>
    </p>
   </div>
   <div class='ocr_carea' id='block_1_5' title="bbox 262 564 1845 638">
    <p class='ocr_par' dir='ltr' id='par_1_5' title="bbox 262 564 1845 638">
     <span class='ocr_line' id='line_1_5' title="bbox 262 564 1845 638; baseline 0.002 -18"><span class='ocrx_word' id='word_1_24' title='bbox 262 566 542 638; x_wconf 85' lang='lat' dir='ltr'><strong>passione;</strong></span> <span class='ocrx_word' id='word_1_25' title='bbox 575 572 629 619; x_wconf 87' lang='lat' dir='ltr'><strong>et</strong></span> <span class='ocrx_word' id='word_1_26' title='bbox 650 565 813 619; x_wconf 86' lang='lat' dir='ltr'><strong>simili</strong></span> <span class='ocrx_word' id='word_1_27' title='bbox 845 580 940 620; x_wconf 92' lang='lat' dir='ltr'><strong>eos</strong></span> <span class='ocrx_word' id='word_1_28' title='bbox 980 565 1100 619; x_wconf 93' lang='lat' dir='ltr'><strong>lidei</strong></span> <span class='ocrx_word' id='word_1_29' title='bbox 1131 564 1420 620; x_wconf 92' lang='lat' dir='ltr'><strong>devotione</strong></span> <span class='ocrx_word' id='word_1_30' title='bbox 1457 565 1680 633; x_wconf 81' lang='lat' dir='ltr'><strong>vixisse,</strong></span> <span class='ocrx_word' id='word_1_31' title='bbox 1705 581 1845 636; x_wconf 90' lang='lat' dir='ltr'><strong>quos</strong></span> 
     </span>
    </p>
   </div>
   <div class='ocr_carea' id='block_1_6' title="bbox 261 655 1847 727">
    <p class='ocr_par' dir='ltr' id='par_1_6' title="bbox 261 655 1847 727">
     <span class='ocr_line' id='line_1_6' title="bbox 261 655 1847 727; baseline 0.001 -15"><span class='ocrx_word' id='word_1_32' title='bbox 261 658 286 696; x_wconf 65' lang='grc' dir='ltr'><strong>ι»</strong></span> <span class='ocrx_word' id='word_1_33' title='bbox 306 657 464 712; x_wconf 85' lang='lat' dir='ltr'>simul</span> <span class='ocrx_word' id='word_1_34' title='bbox 489 656 733 711; x_wconf 78' lang='lat' dir='ltr'><strong>videmus</strong></span> <span class='ocrx_word' id='word_1_35' title='bbox 761 655 827 709; x_wconf 91' lang='lat' dir='ltr'><strong>ad</strong></span> <span class='ocrx_word' id='word_1_36' title='bbox 856 657 1096 727; x_wconf 78' lang='lat' dir='ltr'><strong>martyrii</strong></span> <span class='ocrx_word' id='word_1_37' title='bbox 1124 657 1347 725; x_wconf 77' lang='lat' dir='ltr'><strong>gloriam</strong></span> <span class='ocrx_word' id='word_1_38' title='bbox 1369 658 1676 726; x_wconf 81' lang='lat' dir='ltr'><strong>pervenisse</strong></span> <span class='ocrx_word' id='word_1_39' title='bbox 1700 676 1714 724; x_wconf 93' lang='lat'><strong>;</strong></span> <span class='ocrx_word' id='word_1_40' title='bbox 1740 674 1847 714; x_wconf 92' lang='lat' dir='ltr'><strong>non</strong></span> 
     </span>
    </p>
   </div>
   <div class='ocr_carea' id='block_1_7' title="bbox 246 748 1846 820">
    <p class='ocr_par' dir='ltr' id='par_1_7' title="bbox 246 748 1846 820">
     <span class='ocr_line' id='line_1_7' title="bbox 246 748 1846 820; baseline 0 -15"><span class='ocrx_word' id='word_1_41' title='bbox 246 748 400 805; x_wconf 62' lang='lat' dir='ltr'><strong>&quot;enim</strong></span> <span class='ocrx_word' id='word_1_42' title='bbox 423 750 543 804; x_wconf 88' lang='lat' dir='ltr'><strong>sine</strong></span> <span class='ocrx_word' id='word_1_43' title='bbox 572 764 734 803; x_wconf 92' lang='lat' dir='ltr'><strong>causa</strong></span> <span class='ocrx_word' id='word_1_44' title='bbox 764 749 964 803; x_wconf 81' lang='lat' dir='ltr'><strong>factum</strong></span> <span class='ocrx_word' id='word_1_45' title='bbox 993 757 1264 820; x_wconf 90' lang='lat' dir='ltr'><strong>putemus,</strong></span> <span class='ocrx_word' id='word_1_46' title='bbox 1288 749 1432 819; x_wconf 91' lang='lat' dir='ltr'><strong>quod</strong></span> <span class='ocrx_word' id='word_1_47' title='bbox 1464 766 1569 804; x_wconf 90' lang='lat' dir='ltr'><strong>una</strong></span> <span class='ocrx_word' id='word_1_48' title='bbox 1598 750 1705 815; x_wconf 91' lang='lat' dir='ltr'><strong>die,</strong></span> <span class='ocrx_word' id='word_1_49' title='bbox 1738 766 1846 806; x_wconf 93' lang='lat' dir='ltr'><strong>uno</strong></span> 
     </span>
    </p>
   </div>
   <div class='ocr_carea' id='block_1_8' title="bbox 263 839 1847 911">
    <p class='ocr_par' dir='ltr' id='par_1_8' title="bbox 263 839 1847 911">
     <span class='ocr_line' id='line_1_8' title="bbox 263 839 1847 911; baseline 0.002 -17"><span class='ocrx_word' id='word_1_50' title='bbox 263 842 309 895; x_wconf 92' lang='lat' dir='ltr'><strong>in</strong></span> <span class='ocrx_word' id='word_1_51' title='bbox 343 841 486 907; x_wconf 87' lang='lat' dir='ltr'><strong>loco,</strong></span> <span class='ocrx_word' id='word_1_52' title='bbox 532 840 692 893; x_wconf 87' lang='lat' dir='ltr'><strong>unius</strong></span> <span class='ocrx_word' id='word_1_53' title='bbox 732 841 945 911; x_wconf 85' lang='lat' dir='ltr'><strong>tyranni</strong></span> <span class='ocrx_word' id='word_1_54' title='bbox 976 850 998 879; x_wconf 73' lang='grc' dir='ltr'>ε</span> <span class='ocrx_word' id='word_1_55' title='bbox 1030 841 1330 896; x_wconf 81' lang='lat' dir='ltr'><strong>toleravere</strong></span> <span class='ocrx_word' id='word_1_56' title='bbox 1357 842 1697 896; x_wconf 90' lang='lat' dir='ltr'><strong>sententiam.</strong></span> <span class='ocrx_word' id='word_1_57' title='bbox 1730 839 1847 897; x_wconf 89' lang='lat' dir='ltr'><strong>Una</strong></span> 
     </span>
    </p>
   </div>
   <div class='ocr_carea' id='block_1_9' title="bbox 265 930 1841 1002">
    <p class='ocr_par' dir='ltr' id='par_1_9' title="bbox 265 930 1841 1002">
     <span class='ocr_line' id='line_1_9' title="bbox 265 930 1841 1002; baseline -0.001 -16"><span class='ocrx_word' id='word_1_58' title='bbox 265 933 344 987; x_wconf 79' lang='lat' dir='ltr'><strong>die</strong></span> <span class='ocrx_word' id='word_1_59' title='bbox 374 932 514 1002; x_wconf 84' lang='lat' dir='ltr'><strong>passi</strong></span> <span class='ocrx_word' id='word_1_60' title='bbox 544 939 690 998; x_wconf 89' lang='lat' dir='ltr'><strong>sunt,</strong></span> <span class='ocrx_word' id='word_1_61' title='bbox 724 938 779 984; x_wconf 89' lang='lat' dir='ltr'><strong>ut</strong></span> <span class='ocrx_word' id='word_1_62' title='bbox 817 931 885 985; x_wconf 91' lang='lat' dir='ltr'><strong>ad</strong></span> <span class='ocrx_word' id='word_1_63' title='bbox 922 930 1190 987; x_wconf 76' lang='lat' dir='ltr'><strong>Christum</strong></span> <span class='ocrx_word' id='word_1_64' title='bbox 1223 932 1423 1001; x_wconf 88' lang='lat' dir='ltr'><strong>pariter</strong></span> <span class='ocrx_word' id='word_1_65' title='bbox 1450 933 1797 1001; x_wconf 85' lang='lat' dir='ltr'><strong>pervenirent</strong></span> <span class='ocrx_word' id='word_1_66' title='bbox 1827 950 1841 985; x_wconf 92' lang='lat'><strong>:</strong></span> 
     </span>
    </p>
   </div>
   <div class='ocr_carea' id='block_1_10' title="bbox 260 1021 1847 1093">
    <p class='ocr_par' dir='ltr' id='par_1_10' title="bbox 260 1021 1847 1093">
     <span class='ocr_line' id='line_1_10' title="bbox 260 1021 1847 1093; baseline 0.001 -17"><span class='ocrx_word' id='word_1_67' title='bbox 260 1038 368 1077; x_wconf 89' lang='lat' dir='ltr'><strong>uno</strong></span> <span class='ocrx_word' id='word_1_68' title='bbox 397 1022 449 1076; x_wconf 92' lang='lat' dir='ltr'><strong>in</strong></span> <span class='ocrx_word' id='word_1_69' title='bbox 478 1022 621 1089; x_wconf 93' lang='lat' dir='ltr'><strong>loco,</strong></span> <span class='ocrx_word' id='word_1_70' title='bbox 652 1037 721 1075; x_wconf 92' lang='lat' dir='ltr'><strong>ne</strong></span> <span class='ocrx_word' id='word_1_71' title='bbox 749 1022 905 1076; x_wconf 87' lang='lat' dir='ltr'><strong>alteri</strong></span> <span class='ocrx_word' id='word_1_72' title='bbox 947 1021 1118 1077; x_wconf 85' lang='lat' dir='ltr'><strong>Roma</strong></span> <span class='ocrx_word' id='word_1_73' title='bbox 1148 1022 1361 1077; x_wconf 86' lang='lat' dir='ltr'><strong>deesset</strong></span> <span class='ocrx_word' id='word_1_74' title='bbox 1402 1040 1414 1074; x_wconf 94' lang='lat'>:</span> <span class='ocrx_word' id='word_1_75' title='bbox 1448 1024 1548 1077; x_wconf 90' lang='lat' dir='ltr'><strong>sub</strong></span> <span class='ocrx_word' id='word_1_76' title='bbox 1585 1038 1694 1077; x_wconf 93' lang='lat' dir='ltr'><strong>uno</strong></span> <span class='ocrx_word' id='word_1_77' title='bbox 1723 1039 1847 1093; x_wconf 86' lang='lat' dir='ltr'><strong>per-</strong></span> 
     </span>
    </p>
   </div>
   <div class='ocr_carea' id='block_1_11' title="bbox 257 1113 1846 1184">
    <p class='ocr_par' dir='ltr' id='par_1_11' title="bbox 257 1113 1846 1184">
     <span class='ocr_line' id='line_1_11' title="bbox 257 1113 1846 1184; baseline 0.001 -16"><span class='ocrx_word' id='word_1_78' title='bbox 257 1122 533 1181; x_wconf 86' lang='lat' dir='ltr'><strong>sccutore,</strong></span> <span class='ocrx_word' id='word_1_79' title='bbox 565 1121 622 1166; x_wconf 94' lang='lat' dir='ltr'><strong>ut</strong></span> <span class='ocrx_word' id='word_1_80' title='bbox 648 1113 871 1181; x_wconf 72' lang='lat' dir='ltr'><strong>mqualis</strong></span> <span class='ocrx_word' id='word_1_81' title='bbox 891 1113 1182 1169; x_wconf 85' lang='lat' dir='ltr'><strong>crudelitas</strong></span> <span class='ocrx_word' id='word_1_82' title='bbox 1202 1121 1486 1182; x_wconf 88' lang='lat' dir='ltr'><strong>utrumque</strong></span> <span class='ocrx_word' id='word_1_83' title='bbox 1514 1115 1846 1184; x_wconf 89' lang='lat' dir='ltr'><strong>constringe-</strong></span> 
     </span>
    </p>
   </div>
   <div class='ocr_carea' id='block_1_12' title="bbox 257 1202 1845 1274">
    <p class='ocr_par' dir='ltr' id='par_1_12' title="bbox 257 1202 1845 1274">
     <span class='ocr_line' id='line_1_12' title="bbox 257 1202 1845 1274; baseline 0.001 -16"><span class='ocrx_word' id='word_1_84' title='bbox 257 1212 361 1258; x_wconf 89' lang='lat' dir='ltr'><strong>ret.</strong></span> <span class='ocrx_word' id='word_1_85' title='bbox 399 1203 521 1257; x_wconf 85' lang='lat' dir='ltr'><strong>Dies</strong></span> <span class='ocrx_word' id='word_1_86' title='bbox 550 1216 700 1271; x_wconf 87' lang='lat' dir='ltr'><strong>ergo,</strong></span> <span class='ocrx_word' id='word_1_87' title='bbox 734 1202 761 1239; x_wconf 79' lang='grc' dir='ltr'><strong>ιι</strong></span> <span class='ocrx_word' id='word_1_88' title='bbox 792 1210 944 1272; x_wconf 91' lang='lat' dir='ltr'><strong>puto,</strong></span> <span class='ocrx_word' id='word_1_89' title='bbox 975 1219 1073 1272; x_wconf 92' lang='lat' dir='ltr'><strong>pro</strong></span> <span class='ocrx_word' id='word_1_90' title='bbox 1104 1205 1318 1272; x_wconf 93' lang='lat' dir='ltr'><strong>merito,</strong></span> <span class='ocrx_word' id='word_1_91' title='bbox 1347 1205 1495 1261; x_wconf 92' lang='lat' dir='ltr'><strong>locus</strong></span> <span class='ocrx_word' id='word_1_92' title='bbox 1524 1220 1623 1274; x_wconf 89' lang='lat' dir='ltr'><strong>pro</strong></span> <span class='ocrx_word' id='word_1_93' title='bbox 1650 1205 1845 1274; x_wconf 77' lang='lat' dir='ltr'><strong>gloria,</strong></span> 
     </span>
    </p>
   </div>
   <div class='ocr_carea' id='block_1_13' title="bbox 256 1295 1849 1366">
    <p class='ocr_par' dir='ltr' id='par_1_13' title="bbox 256 1295 1849 1366">
     <span class='ocr_line' id='line_1_13' title="bbox 256 1295 1849 1366; baseline 0.001 -16"><span class='ocrx_word' id='word_1_94' title='bbox 256 1303 575 1366; x_wconf 87' lang='lat' dir='ltr'><strong>persecutor</strong></span> <span class='ocrx_word' id='word_1_95' title='bbox 595 1295 846 1349; x_wconf 89' lang='lat' dir='ltr'><strong>decretus</strong></span> <span class='ocrx_word' id='word_1_96' title='bbox 874 1303 956 1349; x_wconf 91' lang='lat' dir='ltr'><strong>est</strong></span> <span class='ocrx_word' id='word_1_97' title='bbox 983 1311 1082 1365; x_wconf 90' lang='lat' dir='ltr'><strong>pro</strong></span> <span class='ocrx_word' id='word_1_98' title='bbox 1114 1296 1328 1351; x_wconf 82' lang='lat' dir='ltr'><strong>virtute.</strong></span> <span class='ocrx_word' id='word_1_99' title='bbox 1364 1306 1387 1333; x_wconf 79' lang='grc' dir='ltr'><strong><em>ο</em></strong></span> <span class='ocrx_word' id='word_1_100' title='bbox 1420 1298 1485 1349; x_wconf 85' lang='lat' dir='ltr'><strong>At</strong></span> <span class='ocrx_word' id='word_1_101' title='bbox 1516 1296 1568 1350; x_wconf 92' lang='lat' dir='ltr'><strong>in</strong></span> <span class='ocrx_word' id='word_1_102' title='bbox 1598 1308 1706 1365; x_wconf 88' lang='lat' dir='ltr'><strong>quo</strong></span> <span class='ocrx_word' id='word_1_103' title='bbox 1734 1304 1849 1351; x_wconf 89' lang='lat' dir='ltr'><strong>tan-</strong></span> 
     </span>
    </p>
   </div>
   <div class='ocr_carea' id='block_1_14' title="bbox 255 1384 1844 1455">
    <p class='ocr_par' dir='ltr' id='par_1_14' title="bbox 255 1384 1844 1455">
     <span class='ocr_line' id='line_1_14' title="bbox 255 1384 1844 1455; baseline 0 -16"><span class='ocrx_word' id='word_1_104' title='bbox 255 1386 380 1439; x_wconf 87' lang='lat' dir='ltr'><strong>dem</strong></span> <span class='ocrx_word' id='word_1_105' title='bbox 407 1385 531 1439; x_wconf 86' lang='lat' dir='ltr'><strong>loco</strong></span> <span class='ocrx_word' id='word_1_106' title='bbox 560 1384 873 1455; x_wconf 81' lang='lat' dir='ltr'><strong>martyrium</strong></span> <span class='ocrx_word' id='word_1_107' title='bbox 902 1384 1274 1453; x_wconf 86' lang='lat' dir='ltr'><strong>pertulerunt?</strong></span> <span class='ocrx_word' id='word_1_108' title='bbox 1312 1385 1371 1439; x_wconf 86' lang='lat' dir='ltr'><strong>In</strong></span> <span class='ocrx_word' id='word_1_109' title='bbox 1402 1386 1534 1441; x_wconf 89' lang='lat' dir='ltr'><strong>urbe</strong></span> <span class='ocrx_word' id='word_1_110' title='bbox 1586 1384 1604 1423; x_wconf 72' lang='grc' dir='ltr'><em>τ</em></span> <span class='ocrx_word' id='word_1_111' title='bbox 1650 1385 1844 1455; x_wconf 86' lang='lat' dir='ltr'><strong>Roma,</strong></span> 
     </span>
    </p>
   </div>
   <div class='ocr_carea' id='block_1_15' title="bbox 254 1476 1848 1546">
    <p class='ocr_par' dir='ltr' id='par_1_15' title="bbox 254 1476 1848 1546">
     <span class='ocr_line' id='line_1_15' title="bbox 254 1476 1848 1546; baseline 0.001 -16"><span class='ocrx_word' id='word_1_112' title='bbox 254 1492 378 1545; x_wconf 63' lang='lat' dir='ltr'><strong>quae</strong></span> <span class='ocrx_word' id='word_1_113' title='bbox 405 1476 763 1546; x_wconf 87' lang='lat' dir='ltr'><strong>principatum</strong></span> <span class='ocrx_word' id='word_1_114' title='bbox 803 1483 858 1530; x_wconf 89' lang='lat' dir='ltr'><strong>et</strong></span> <span class='ocrx_word' id='word_1_115' title='bbox 885 1484 1043 1545; x_wconf 86' lang='lat' dir='ltr'><strong>caput</strong></span> <span class='ocrx_word' id='word_1_116' title='bbox 1074 1477 1283 1531; x_wconf 89' lang='lat' dir='ltr'><strong>obtinet</strong></span> <span class='ocrx_word' id='word_1_117' title='bbox 1304 1478 1609 1543; x_wconf 90' lang='lat' dir='ltr'><strong>nationum;</strong></span> <span class='ocrx_word' id='word_1_118' title='bbox 1638 1477 1848 1531; x_wconf 87' lang='lat' dir='ltr'><strong>scilicet</strong></span> 
     </span>
    </p>
   </div>
   <div class='ocr_carea' id='block_1_16' title="bbox 258 1569 1846 1639">
    <p class='ocr_par' dir='ltr' id='par_1_16' title="bbox 258 1569 1846 1639">
     <span class='ocr_line' id='line_1_16' title="bbox 258 1569 1846 1639; baseline 0.001 -16"><span class='ocrx_word' id='word_1_119' title='bbox 258 1580 315 1624; x_wconf 91' lang='lat' dir='ltr'><strong>nt</strong></span> <span class='ocrx_word' id='word_1_120' title='bbox 358 1571 429 1625; x_wconf 91' lang='lat' dir='ltr'><strong>ibi</strong></span> <span class='ocrx_word' id='word_1_121' title='bbox 464 1578 625 1639; x_wconf 90' lang='lat' dir='ltr'><strong>caput</strong></span> <span class='ocrx_word' id='word_1_122' title='bbox 660 1569 1058 1639; x_wconf 89' lang='lat' dir='ltr'><strong>superstitionis</strong></span> <span class='ocrx_word' id='word_1_123' title='bbox 1089 1577 1223 1636; x_wconf 90' lang='lat' dir='ltr'><strong>erat,</strong></span> <span class='ocrx_word' id='word_1_124' title='bbox 1257 1570 1365 1624; x_wconf 88' lang='lat' dir='ltr'><strong>illic</strong></span> <span class='ocrx_word' id='word_1_125' title='bbox 1398 1576 1559 1639; x_wconf 88' lang='lat' dir='ltr'><strong>caput</strong></span> <span class='ocrx_word' id='word_1_126' title='bbox 1598 1570 1846 1639; x_wconf 88' lang='lat' dir='ltr'><strong>quiesce-</strong></span> 
     </span>
    </p>
   </div>
   <div class='ocr_carea' id='block_1_17' title="bbox 257 1660 1846 1729">
    <p class='ocr_par' dir='ltr' id='par_1_17' title="bbox 257 1660 1846 1729">
     <span class='ocr_line' id='line_1_17' title="bbox 257 1660 1846 1729; baseline -0.002 -13"><span class='ocrx_word' id='word_1_127' title='bbox 257 1671 341 1716; x_wconf 89' lang='lat' dir='ltr'><strong>ret</strong></span> <span class='ocrx_word' id='word_1_128' title='bbox 383 1660 710 1724; x_wconf 86' lang='lat' dir='ltr'><strong>sanctitatis;</strong></span> <span class='ocrx_word' id='word_1_129' title='bbox 748 1669 771 1705; x_wconf 74' lang='lat'>8</span> <span class='ocrx_word' id='word_1_130' title='bbox 804 1668 858 1715; x_wconf 90' lang='lat' dir='ltr'><strong>et</strong></span> <span class='ocrx_word' id='word_1_131' title='bbox 885 1660 979 1715; x_wconf 91' lang='lat' dir='ltr'><strong>ubi</strong></span> <span class='ocrx_word' id='word_1_132' title='bbox 1008 1660 1287 1729; x_wconf 79' lang='lat' dir='ltr'><strong>gentilium</strong></span> <span class='ocrx_word' id='word_1_133' title='bbox 1329 1661 1597 1729; x_wconf 89' lang='lat' dir='ltr'><strong>principes</strong></span> <span class='ocrx_word' id='word_1_134' title='bbox 1636 1660 1846 1714; x_wconf 87' lang='lat' dir='ltr'><strong>habita-</strong></span> 
     </span>
    </p>
   </div>
   <div class='ocr_carea' id='block_1_18' title="bbox 257 1750 1845 1822">
    <p class='ocr_par' dir='ltr' id='par_1_18' title="bbox 257 1750 1845 1822">
     <span class='ocr_line' id='line_1_18' title="bbox 257 1750 1845 1822; baseline -0.003 -12"><span class='ocrx_word' id='word_1_135' title='bbox 257 1758 411 1820; x_wconf 87' lang='lat' dir='ltr'><strong>bant,</strong></span> <span class='ocrx_word' id='word_1_136' title='bbox 455 1754 564 1809; x_wconf 91' lang='lat' dir='ltr'><strong>illic</strong></span> <span class='ocrx_word' id='word_1_137' title='bbox 616 1752 977 1808; x_wconf 88' lang='lat' dir='ltr'><strong>Ecclesiarum</strong></span> <span class='ocrx_word' id='word_1_138' title='bbox 1020 1752 1293 1822; x_wconf 88' lang='lat' dir='ltr'><strong>principes</strong></span> <span class='ocrx_word' id='word_1_139' title='bbox 1338 1760 1695 1807; x_wconf 85' lang='lat' dir='ltr'><strong>morerentur.</strong></span> <span class='ocrx_word' id='word_1_140' title='bbox 1737 1750 1845 1806; x_wconf 88' lang='lat' dir='ltr'><strong>Cu-</strong></span> 
     </span>
    </p>
   </div>
   <div class='ocr_carea' id='block_1_19' title="bbox 1949 564 3539 636">
    <p class='ocr_par' dir='ltr' id='par_1_19' title="bbox 1949 564 3539 636">
     <span class='ocr_line' id='line_1_19' title="bbox 1949 564 3539 636; baseline -0.002 -14"><span class='ocrx_word' id='word_1_141' title='bbox 1949 576 2119 636; x_wconf 89' lang='lat' dir='ltr'><strong>ceret,</strong></span> <span class='ocrx_word' id='word_1_142' title='bbox 2143 575 2199 621; x_wconf 90' lang='lat' dir='ltr'><strong>et</strong></span> <span class='ocrx_word' id='word_1_143' title='bbox 2218 574 2473 635; x_wconf 88' lang='lat' dir='ltr'><strong>tanquam</strong></span> <span class='ocrx_word' id='word_1_144' title='bbox 2503 566 2667 621; x_wconf 88' lang='lat' dir='ltr'><strong>lilium</strong></span> <span class='ocrx_word' id='word_1_145' title='bbox 2689 566 2755 621; x_wconf 91' lang='lat' dir='ltr'><strong>ad</strong></span> <span class='ocrx_word' id='word_1_146' title='bbox 2780 574 2986 636; x_wconf 89' lang='lat' dir='ltr'><strong>patrem</strong></span> <span class='ocrx_word' id='word_1_147' title='bbox 3009 572 3278 621; x_wconf 90' lang='lat' dir='ltr'><strong>assereret</strong></span> <span class='ocrx_word' id='word_1_148' title='bbox 3306 564 3539 619; x_wconf 90' lang='lat' dir='ltr'><strong>volando</strong></span> 
     </span>
    </p>
   </div>
   <div class='ocr_carea' id='block_1_20' title="bbox 1946 654 3543 728">
    <p class='ocr_par' dir='ltr' id='par_1_20' title="bbox 1946 654 3543 728">
     <span class='ocr_line' id='line_1_20' title="bbox 1946 654 3543 728; baseline -0.002 -14"><span class='ocrx_word' id='word_1_149' title='bbox 1946 674 2005 714; x_wconf 92' lang='lat' dir='ltr'><strong>se</strong></span> <span class='ocrx_word' id='word_1_150' title='bbox 2043 673 2202 728; x_wconf 89' lang='lat' dir='ltr'><strong>posse</strong></span> <span class='ocrx_word' id='word_1_151' title='bbox 2241 656 2642 723; x_wconf 89' lang='lat' dir='ltr'><strong>conscendere,</strong></span> <span class='ocrx_word' id='word_1_152' title='bbox 2681 666 2844 726; x_wconf 89' lang='lat' dir='ltr'><strong>atque</strong></span> <span class='ocrx_word' id='word_1_153' title='bbox 2886 658 3059 712; x_wconf 90' lang='lat' dir='ltr'><strong>elatus</strong></span> <span class='ocrx_word' id='word_1_154' title='bbox 3100 656 3276 711; x_wconf 92' lang='lat' dir='ltr'><strong>subito</strong></span> <span class='ocrx_word' id='word_1_155' title='bbox 3318 654 3543 723; x_wconf 82' lang='lat' dir='ltr'><strong>magicis</strong></span> 
     </span>
    </p>
   </div>
   <div class='ocr_carea' id='block_1_21' title="bbox 1948 747 3541 818">
    <p class='ocr_par' dir='ltr' id='par_1_21' title="bbox 1948 747 3541 818">
     <span class='ocr_line' id='line_1_21' title="bbox 1948 747 3541 818; baseline -0.001 -15"><span class='ocrx_word' id='word_1_156' title='bbox 1948 751 2151 804; x_wconf 90' lang='lat' dir='ltr'><strong>artibus</strong></span> <span class='ocrx_word' id='word_1_157' title='bbox 2180 749 2363 803; x_wconf 90' lang='lat' dir='ltr'><strong>volare</strong></span> <span class='ocrx_word' id='word_1_158' title='bbox 2387 749 2671 818; x_wconf 69' lang='lat' dir='ltr'><strong>coepisset;</strong></span> <span class='ocrx_word' id='word_1_159' title='bbox 2718 757 2847 803; x_wconf 91' lang='lat' dir='ltr'><strong>tunc</strong></span> <span class='ocrx_word' id='word_1_160' title='bbox 2886 748 3079 803; x_wconf 89' lang='lat' dir='ltr'><strong>Petrus</strong></span> <span class='ocrx_word' id='word_1_161' title='bbox 3112 747 3128 784; x_wconf 72' lang='grc' dir='ltr'>ι</span> <span class='ocrx_word' id='word_1_162' title='bbox 3165 748 3284 802; x_wconf 80' lang='lat' dir='ltr'><strong>lixis</strong></span> <span class='ocrx_word' id='word_1_163' title='bbox 3312 747 3541 816; x_wconf 83' lang='lat' dir='ltr'><strong>genibus</strong></span> 
     </span>
    </p>
   </div>
   <div class='ocr_carea' id='block_1_22' title="bbox 1947 838 3537 911">
    <p class='ocr_par' dir='ltr' id='par_1_22' title="bbox 1947 838 3537 911">
     <span class='ocr_line' id='line_1_22' title="bbox 1947 838 3537 911; baseline -0.003 -17"><span class='ocrx_word' id='word_1_164' title='bbox 1947 850 2200 911; x_wconf 87' lang='lat' dir='ltr'><strong>precatus</strong></span> <span class='ocrx_word' id='word_1_165' title='bbox 2229 848 2312 895; x_wconf 92' lang='lat' dir='ltr'><strong>est</strong></span> <span class='ocrx_word' id='word_1_166' title='bbox 2343 841 2648 905; x_wconf 90' lang='lat' dir='ltr'><strong>Dominum,</strong></span> <span class='ocrx_word' id='word_1_167' title='bbox 2679 850 2718 876; x_wconf 80' lang='grc' dir='ltr'><strong>ιιι</strong></span> <span class='ocrx_word' id='word_1_168' title='bbox 2748 848 2803 895; x_wconf 89' lang='lat' dir='ltr'><strong>et</strong></span> <span class='ocrx_word' id='word_1_169' title='bbox 2832 840 3145 911; x_wconf 89' lang='lat' dir='ltr'><strong>precatione</strong></span> <span class='ocrx_word' id='word_1_170' title='bbox 3181 847 3369 894; x_wconf 89' lang='lat' dir='ltr'><strong>sancta</strong></span> <span class='ocrx_word' id='word_1_171' title='bbox 3409 838 3537 892; x_wconf 83' lang='lat' dir='ltr'><strong>vicit</strong></span> 
     </span>
    </p>
   </div>
   <div class='ocr_carea' id='block_1_23' title="bbox 1948 928 3539 1001">
    <p class='ocr_par' dir='ltr' id='par_1_23' title="bbox 1948 928 3539 1001">
     <span class='ocr_line' id='line_1_23' title="bbox 1948 928 3539 1001; baseline -0.003 -15"><span class='ocrx_word' id='word_1_172' title='bbox 1948 934 2207 1001; x_wconf 83' lang='lat' dir='ltr'><strong>magicam</strong></span> <span class='ocrx_word' id='word_1_173' title='bbox 2237 932 2545 999; x_wconf 82' lang='lat' dir='ltr'><strong>levitatem;</strong></span> <span class='ocrx_word' id='word_1_174' title='bbox 2574 933 2725 1001; x_wconf 91' lang='lat' dir='ltr'><strong>prior</strong></span> <span class='ocrx_word' id='word_1_175' title='bbox 2750 932 2892 987; x_wconf 90' lang='lat' dir='ltr'><strong>enim</strong></span> <span class='ocrx_word' id='word_1_176' title='bbox 2922 931 3164 987; x_wconf 87' lang='lat' dir='ltr'><strong>ascendit</strong></span> <span class='ocrx_word' id='word_1_177' title='bbox 3191 940 3219 966; x_wconf 82' lang='grc' dir='ltr'><strong>ιι</strong></span> <span class='ocrx_word' id='word_1_178' title='bbox 3260 930 3329 984; x_wconf 91' lang='lat' dir='ltr'><strong>ad</strong></span> <span class='ocrx_word' id='word_1_179' title='bbox 3352 928 3539 983; x_wconf 84' lang='lat' dir='ltr'><strong>Domi-</strong></span> 
     </span>
    </p>
   </div>
   <div class='ocr_carea' id='block_1_24' title="bbox 1949 1019 3538 1092">
    <p class='ocr_par' dir='ltr' id='par_1_24' title="bbox 1949 1019 3538 1092">
     <span class='ocr_line' id='line_1_24' title="bbox 1949 1019 3538 1092; baseline -0.001 -17"><span class='ocrx_word' id='word_1_180' title='bbox 1949 1039 2073 1076; x_wconf 92' lang='lat' dir='ltr'><strong>num</strong></span> <span class='ocrx_word' id='word_1_181' title='bbox 2103 1022 2278 1077; x_wconf 90' lang='lat' dir='ltr'><strong>oratio</strong></span> <span class='ocrx_word' id='word_1_182' title='bbox 2315 1036 2477 1090; x_wconf 93' lang='lat' dir='ltr'><strong>quam</strong></span> <span class='ocrx_word' id='word_1_183' title='bbox 2521 1023 2758 1091; x_wconf 92' lang='lat' dir='ltr'><strong>volatus,</strong></span> <span class='ocrx_word' id='word_1_184' title='bbox 2795 1030 2851 1078; x_wconf 91' lang='lat' dir='ltr'><strong>et</strong></span> <span class='ocrx_word' id='word_1_185' title='bbox 2891 1030 3017 1077; x_wconf 90' lang='lat' dir='ltr'><strong>ante</strong></span> <span class='ocrx_word' id='word_1_186' title='bbox 3056 1022 3302 1092; x_wconf 91' lang='lat' dir='ltr'><strong>pervenit</strong></span> <span class='ocrx_word' id='word_1_187' title='bbox 3343 1030 3367 1056; x_wconf 88' lang='grc' dir='ltr'><strong>ο</strong></span> <span class='ocrx_word' id='word_1_188' title='bbox 3393 1019 3538 1089; x_wconf 80' lang='lat' dir='ltr'><strong>justa</strong></span> 
     </span>
    </p>
   </div>
   <div class='ocr_carea' id='block_1_25' title="bbox 1946 1114 3536 1188">
    <p class='ocr_par' dir='ltr' id='par_1_25' title="bbox 1946 1114 3536 1188">
     <span class='ocr_line' id='line_1_25' title="bbox 1946 1114 3536 1188; baseline -0.002 -17"><span class='ocrx_word' id='word_1_189' title='bbox 1946 1118 2137 1188; x_wconf 89' lang='lat' dir='ltr'><strong>petitio</strong></span> <span class='ocrx_word' id='word_1_190' title='bbox 2194 1132 2355 1186; x_wconf 90' lang='lat' dir='ltr'><strong>quam</strong></span> <span class='ocrx_word' id='word_1_191' title='bbox 2394 1116 2576 1186; x_wconf 91' lang='lat' dir='ltr'><strong>iniqua</strong></span> <span class='ocrx_word' id='word_1_192' title='bbox 2616 1116 2992 1187; x_wconf 70' lang='lat' dir='ltr'><strong>prmsumptio;</strong></span> <span class='ocrx_word' id='word_1_193' title='bbox 3024 1127 3051 1165; x_wconf 76' lang='grc' dir='ltr'>ρ</span> <span class='ocrx_word' id='word_1_194' title='bbox 3080 1124 3207 1171; x_wconf 88' lang='lat' dir='ltr'><strong>ante</strong></span> <span class='ocrx_word' id='word_1_195' title='bbox 3248 1114 3441 1170; x_wconf 89' lang='lat' dir='ltr'><strong>Petrus</strong></span> <span class='ocrx_word' id='word_1_196' title='bbox 3483 1114 3536 1168; x_wconf 93' lang='lat' dir='ltr'><strong>in</strong></span> 
     </span>
    </p>
   </div>
   <div class='ocr_carea' id='block_1_26' title="bbox 1949 1203 3537 1277">
    <p class='ocr_par' dir='ltr' id='par_1_26' title="bbox 1949 1203 3537 1277">
     <span class='ocr_line' id='line_1_26' title="bbox 1949 1203 3537 1277; baseline -0.004 -16"><span class='ocrx_word' id='word_1_197' title='bbox 1949 1208 2107 1262; x_wconf 77' lang='lat' dir='ltr'><strong>terris</strong></span> <span class='ocrx_word' id='word_1_198' title='bbox 2136 1208 2348 1277; x_wconf 82' lang='lat' dir='ltr'><strong>positus</strong></span> <span class='ocrx_word' id='word_1_199' title='bbox 2401 1207 2633 1262; x_wconf 90' lang='lat' dir='ltr'><strong>obtinuit</strong></span> <span class='ocrx_word' id='word_1_200' title='bbox 2661 1205 2806 1276; x_wconf 92' lang='lat' dir='ltr'><strong>quod</strong></span> <span class='ocrx_word' id='word_1_201' title='bbox 2846 1205 3066 1276; x_wconf 90' lang='lat' dir='ltr'><strong>petebat</strong></span> <span class='ocrx_word' id='word_1_202' title='bbox 3094 1220 3254 1275; x_wconf 89' lang='lat' dir='ltr'><strong>quam</strong></span> <span class='ocrx_word' id='word_1_203' title='bbox 3292 1203 3477 1259; x_wconf 90' lang='lat' dir='ltr'><strong>Simon</strong></span> <span class='ocrx_word' id='word_1_204' title='bbox 3509 1214 3537 1252; x_wconf 73' lang='grc' dir='ltr'>τι</span> 
     </span>
    </p>
   </div>
   <div class='ocr_carea' id='block_1_27' title="bbox 1947 1293 3539 1367">
    <p class='ocr_par' dir='ltr' id='par_1_27' title="bbox 1947 1293 3539 1367">
     <span class='ocr_line' id='line_1_27' title="bbox 1947 1293 3539 1367; baseline -0.003 -17"><span class='ocrx_word' id='word_1_205' title='bbox 1947 1298 2254 1367; x_wconf 81' lang='lat' dir='ltr'><strong>perveniret</strong></span> <span class='ocrx_word' id='word_1_206' title='bbox 2290 1297 2343 1351; x_wconf 92' lang='lat' dir='ltr'><strong>in</strong></span> <span class='ocrx_word' id='word_1_207' title='bbox 2374 1298 2685 1352; x_wconf 73' lang='lat' dir='ltr'><strong>cmlestibus</strong></span> <span class='ocrx_word' id='word_1_208' title='bbox 2724 1311 2832 1365; x_wconf 90' lang='lat' dir='ltr'><strong>quo</strong></span> <span class='ocrx_word' id='word_1_209' title='bbox 2870 1295 3144 1350; x_wconf 85' lang='lat' dir='ltr'><strong>tendebat.</strong></span> <span class='ocrx_word' id='word_1_210' title='bbox 3177 1295 3327 1349; x_wconf 90' lang='lat' dir='ltr'><strong>Tunc</strong></span> <span class='ocrx_word' id='word_1_211' title='bbox 3375 1293 3539 1361; x_wconf 79' lang='lat' dir='ltr'><strong>igitur</strong></span> 
     </span>
    </p>
   </div>
   <div class='ocr_carea' id='block_1_28' title="bbox 1948 1384 3539 1454">
    <p class='ocr_par' dir='ltr' id='par_1_28' title="bbox 1948 1384 3539 1454">
     <span class='ocr_line' id='line_1_28' title="bbox 1948 1384 3539 1454; baseline -0.003 -12"><span class='ocrx_word' id='word_1_212' title='bbox 1948 1388 2137 1443; x_wconf 83' lang='lat' dir='ltr'><strong>Petrus</strong></span> <span class='ocrx_word' id='word_1_213' title='bbox 2169 1401 2189 1427; x_wconf 73' lang='grc' dir='ltr'><em>τ</em></span> <span class='ocrx_word' id='word_1_214' title='bbox 2221 1390 2369 1443; x_wconf 88' lang='lat' dir='ltr'><strong>velut</strong></span> <span class='ocrx_word' id='word_1_215' title='bbox 2408 1389 2647 1442; x_wconf 90' lang='lat' dir='ltr'><strong>vinetum</strong></span> <span class='ocrx_word' id='word_1_216' title='bbox 2678 1388 2826 1441; x_wconf 91' lang='lat' dir='ltr'><strong>illum</strong></span> <span class='ocrx_word' id='word_1_217' title='bbox 2872 1387 2939 1441; x_wconf 91' lang='lat' dir='ltr'><strong>de</strong></span> <span class='ocrx_word' id='word_1_218' title='bbox 2966 1386 3179 1441; x_wconf 84' lang='lat' dir='ltr'><strong>sublimi</strong></span> <span class='ocrx_word' id='word_1_219' title='bbox 3216 1401 3342 1439; x_wconf 91' lang='lat' dir='ltr'><strong>aere</strong></span> <span class='ocrx_word' id='word_1_220' title='bbox 3369 1384 3539 1454; x_wconf 88' lang='lat' dir='ltr'><strong>depo-</strong></span> 
     </span>
    </p>
   </div>
   <div class='ocr_carea' id='block_1_29' title="bbox 1946 1474 3537 1548">
    <p class='ocr_par' dir='ltr' id='par_1_29' title="bbox 1946 1474 3537 1548">
     <span class='ocr_line' id='line_1_29' title="bbox 1946 1474 3537 1548; baseline -0.004 -13"><span class='ocrx_word' id='word_1_221' title='bbox 1946 1481 2071 1547; x_wconf 86' lang='lat' dir='ltr'><strong>suit,</strong></span> <span class='ocrx_word' id='word_1_222' title='bbox 2113 1488 2169 1534; x_wconf 92' lang='lat' dir='ltr'><strong>et</strong></span> <span class='ocrx_word' id='word_1_223' title='bbox 2202 1479 2438 1548; x_wconf 87' lang='lat' dir='ltr'><strong>quodam</strong></span> <span class='ocrx_word' id='word_1_224' title='bbox 2484 1478 2784 1548; x_wconf 59' lang='lat' dir='ltr'><strong>praecipitio</strong></span> <span class='ocrx_word' id='word_1_225' title='bbox 2824 1485 2843 1512; x_wconf 80' lang='grc'><strong><em>³</em></strong></span> <span class='ocrx_word' id='word_1_226' title='bbox 2889 1477 2944 1530; x_wconf 94' lang='lat' dir='ltr'><strong>in</strong></span> <span class='ocrx_word' id='word_1_227' title='bbox 2991 1492 3125 1531; x_wconf 87' lang='lat' dir='ltr'><strong>saxo</strong></span> <span class='ocrx_word' id='word_1_228' title='bbox 3166 1475 3372 1531; x_wconf 84' lang='lat' dir='ltr'><strong>elidens</strong></span> <span class='ocrx_word' id='word_1_229' title='bbox 3419 1474 3537 1543; x_wconf 87' lang='lat' dir='ltr'><strong>ejus</strong></span> 
     </span>
    </p>
   </div>
   <div class='ocr_carea' id='block_1_30' title="bbox 1946 1564 3536 1639">
    <p class='ocr_par' dir='ltr' id='par_1_30' title="bbox 1946 1564 3536 1639">
     <span class='ocr_line' id='line_1_30' title="bbox 1946 1564 3536 1639; baseline -0.004 -12"><span class='ocrx_word' id='word_1_230' title='bbox 1946 1588 2103 1627; x_wconf 90' lang='lat' dir='ltr'><strong>crura</strong></span> <span class='ocrx_word' id='word_1_231' title='bbox 2124 1571 2389 1639; x_wconf 80' lang='lat' dir='ltr'><strong>confregit</strong></span> <span class='ocrx_word' id='word_1_232' title='bbox 2414 1588 2427 1623; x_wconf 88' lang='lat'><strong>:</strong></span> <span class='ocrx_word' id='word_1_233' title='bbox 2459 1573 2475 1607; x_wconf 71' lang='grc' dir='ltr'>ί</span> <span class='ocrx_word' id='word_1_234' title='bbox 2504 1570 2685 1624; x_wconf 89' lang='lat' dir='ltr'><strong>ethoc</strong></span> <span class='ocrx_word' id='word_1_235' title='bbox 2712 1568 2765 1621; x_wconf 91' lang='lat' dir='ltr'><strong>in</strong></span> <span class='ocrx_word' id='word_1_236' title='bbox 2785 1567 3078 1639; x_wconf 91' lang='lat' dir='ltr'><strong>opprobrio</strong></span> <span class='ocrx_word' id='word_1_237' title='bbox 3111 1564 3235 1621; x_wconf 81' lang='lat' dir='ltr'><strong>facti</strong></span> <span class='ocrx_word' id='word_1_238' title='bbox 3266 1566 3407 1621; x_wconf 89' lang='lat' dir='ltr'><strong>illius</strong></span> <span class='ocrx_word' id='word_1_239' title='bbox 3427 1607 3443 1632; x_wconf 96' lang='lat'><strong>,</strong></span> <span class='ocrx_word' id='word_1_240' title='bbox 3476 1572 3536 1620; x_wconf 92' lang='lat' dir='ltr'><strong>ut</strong></span> 
     </span>
    </p>
   </div>
   <div class='ocr_carea' id='block_1_31' title="bbox 1946 1659 3535 1735">
    <p class='ocr_par' dir='ltr' id='par_1_31' title="bbox 1946 1659 3535 1735">
     <span class='ocr_line' id='line_1_31' title="bbox 1946 1659 3535 1735; baseline -0.001 -18"><span class='ocrx_word' id='word_1_241' title='bbox 1946 1665 2038 1735; x_wconf 86' lang='lat' dir='ltr'><strong>qui</strong></span> <span class='ocrx_word' id='word_1_242' title='bbox 2080 1664 2238 1734; x_wconf 89' lang='lat' dir='ltr'><strong>paulo</strong></span> <span class='ocrx_word' id='word_1_243' title='bbox 2277 1673 2403 1718; x_wconf 91' lang='lat' dir='ltr'><strong>ante</strong></span> <span class='ocrx_word' id='word_1_244' title='bbox 2443 1662 2628 1717; x_wconf 91' lang='lat' dir='ltr'><strong>volare</strong></span> <span class='ocrx_word' id='word_1_245' title='bbox 2670 1666 2991 1725; x_wconf 85' lang='lat' dir='ltr'><strong>tentaverat,</strong></span> <span class='ocrx_word' id='word_1_246' title='bbox 3036 1659 3214 1714; x_wconf 90' lang='lat' dir='ltr'><strong>subito</strong></span> <span class='ocrx_word' id='word_1_247' title='bbox 3255 1660 3535 1716; x_wconf 84' lang='lat' dir='ltr'><strong>ambulare</strong></span> 
     </span>
    </p>
   </div>
   <div class='ocr_carea' id='block_1_32' title="bbox 1947 1750 3535 1826">
    <p class='ocr_par' dir='ltr' id='par_1_32' title="bbox 1947 1750 3535 1826">
     <span class='ocr_line' id='line_1_32' title="bbox 1947 1750 3535 1826; baseline -0.002 -17"><span class='ocrx_word' id='word_1_248' title='bbox 1947 1772 2053 1809; x_wconf 91' lang='lat' dir='ltr'><strong>non</strong></span> <span class='ocrx_word' id='word_1_249' title='bbox 2086 1755 2244 1826; x_wconf 87' lang='lat'><strong>233</strong></span> <span class='ocrx_word' id='word_1_250' title='bbox 2274 1760 2484 1823; x_wconf 88' lang='lat' dir='ltr'><strong>posset;</strong></span> <span class='ocrx_word' id='word_1_251' title='bbox 2517 1761 2572 1807; x_wconf 92' lang='lat' dir='ltr'><strong>et</strong></span> <span class='ocrx_word' id='word_1_252' title='bbox 2605 1751 2696 1820; x_wconf 87' lang='lat' dir='ltr'><strong>qui</strong></span> <span class='ocrx_word' id='word_1_253' title='bbox 2725 1765 2929 1819; x_wconf 86' lang='lat' dir='ltr'><strong>pennas</strong></span> <span class='ocrx_word' id='word_1_254' title='bbox 2958 1757 3341 1819; x_wconf 89' lang='lat' dir='ltr'><strong>assumpserat,</strong></span> <span class='ocrx_word' id='word_1_255' title='bbox 3376 1750 3535 1821; x_wconf 91' lang='lat' dir='ltr'><strong>plan-</strong></span> 
     </span>
    </p>
   </div>
   <div class='ocr_carea' id='block_1_33' title="bbox 256 1841 3537 1915">
    <p class='ocr_par' dir='ltr' id='par_1_33' title="bbox 256 1841 3537 1915">
     <span class='ocr_line' id='line_1_33' title="bbox 256 1841 3537 1915; baseline -0.001 -16"><span class='ocrx_word' id='word_1_256' title='bbox 256 1846 349 1915; x_wconf 85' lang='lat' dir='ltr'><strong>jus</strong></span> <span class='ocrx_word' id='word_1_257' title='bbox 394 1853 573 1900; x_wconf 89' lang='lat' dir='ltr'><strong>autem</strong></span> <span class='ocrx_word' id='word_1_258' title='bbox 615 1844 794 1899; x_wconf 89' lang='lat' dir='ltr'><strong>meriti</strong></span> <span class='ocrx_word' id='word_1_259' title='bbox 845 1844 955 1899; x_wconf 65' lang='lat' dir='ltr'><strong>sint.</strong></span> <span class='ocrx_word' id='word_1_260' title='bbox 992 1843 1289 1897; x_wconf 90' lang='lat' dir='ltr'><strong>beatissimi</strong></span> <span class='ocrx_word' id='word_1_261' title='bbox 1342 1844 1499 1913; x_wconf 90' lang='lat'><strong>232</strong></span> <span class='ocrx_word' id='word_1_262' title='bbox 1542 1841 1733 1897; x_wconf 91' lang='lat' dir='ltr'><strong>Petrus</strong></span> <span class='ocrx_word' id='word_1_263' title='bbox 1788 1851 1844 1896; x_wconf 93' lang='lat' dir='ltr'><strong>et</strong></span> <span class='ocrx_word' id='word_1_264' title='bbox 1877 1854 1920 1913; x_wconf 78' lang='grc' dir='ltr'>Β</span> <span class='ocrx_word' id='word_1_265' title='bbox 1950 1854 2031 1899; x_wconf 89' lang='lat' dir='ltr'><strong>tas</strong></span> <span class='ocrx_word' id='word_1_266' title='bbox 2077 1845 2369 1898; x_wconf 90' lang='lat' dir='ltr'><strong>amitteret.</strong></span> <span class='ocrx_word' id='word_1_267' title='bbox 2402 1842 2508 1897; x_wconf 92' lang='lat' dir='ltr'><strong>Sed</strong></span> <span class='ocrx_word' id='word_1_268' title='bbox 2546 1857 2614 1903; x_wconf 88' lang='lat' dir='ltr'><strong>ne</strong></span> <span class='ocrx_word' id='word_1_269' title='bbox 2655 1842 2795 1896; x_wconf 83' lang='lat' dir='ltr'><strong>forte</strong></span> <span class='ocrx_word' id='word_1_270' title='bbox 2824 1842 2930 1895; x_wconf 90' lang='lat' dir='ltr'><strong>hoc</strong></span> <span class='ocrx_word' id='word_1_271' title='bbox 2968 1841 3166 1895; x_wconf 89' lang='lat' dir='ltr'><strong>mirum</strong></span> <span class='ocrx_word' id='word_1_272' title='bbox 3196 1850 3223 1877; x_wconf 79' lang='grc' dir='ltr'><strong>ιι</strong></span> <span class='ocrx_word' id='word_1_273' title='bbox 3265 1841 3537 1912; x_wconf 87' lang='lat' dir='ltr'><strong>videatur,</strong></span> 
     </span>
    </p>
   </div>
   <div class='ocr_carea' id='block_1_34' title="bbox 260 1932 1848 2003">
    <p class='ocr_par' dir='ltr' id='par_1_34' title="bbox 260 1932 1848 2003">
     <span class='ocr_line' id='line_1_34' title="bbox 260 1932 1848 2003; baseline -0.001 -15"><span class='ocrx_word' id='word_1_274' title='bbox 260 1935 482 2000; x_wconf 89' lang='lat' dir='ltr'><strong>Paulus,</strong></span> <span class='ocrx_word' id='word_1_275' title='bbox 513 1935 640 1989; x_wconf 88' lang='lat' dir='ltr'><strong>hinc</strong></span> <span class='ocrx_word' id='word_1_276' title='bbox 659 1948 944 2003; x_wconf 83' lang='lat' dir='ltr'><strong>possumus</strong></span> <span class='ocrx_word' id='word_1_277' title='bbox 973 1932 1291 2001; x_wconf 88' lang='lat' dir='ltr'><strong>intelligere,</strong></span> <span class='ocrx_word' id='word_1_278' title='bbox 1316 1932 1461 2001; x_wconf 87' lang='lat' dir='ltr'><strong>quod</strong></span> <span class='ocrx_word' id='word_1_279' title='bbox 1501 1948 1625 1986; x_wconf 91' lang='lat' dir='ltr'><strong>cum</strong></span> <span class='ocrx_word' id='word_1_280' title='bbox 1664 1932 1848 1987; x_wconf 83' lang='lat' dir='ltr'><strong>Domi-</strong></span> 
     </span>
    </p>
   </div>
   <div class='ocr_carea' id='block_1_35' title="bbox 259 2021 1845 2093">
    <p class='ocr_par' dir='ltr' id='par_1_35' title="bbox 259 2021 1845 2093">
     <span class='ocr_line' id='line_1_35' title="bbox 259 2021 1845 2093; baseline -0.004 -13"><span class='ocrx_word' id='word_1_281' title='bbox 259 2042 364 2081; x_wconf 90' lang='lat' dir='ltr'><strong>nus</strong></span> <span class='ocrx_word' id='word_1_282' title='bbox 407 2024 641 2079; x_wconf 90' lang='lat' dir='ltr'><strong>Orientis</strong></span> <span class='ocrx_word' id='word_1_283' title='bbox 680 2024 953 2093; x_wconf 89' lang='lat' dir='ltr'><strong>regionem</strong></span> <span class='ocrx_word' id='word_1_284' title='bbox 990 2022 1209 2092; x_wconf 88' lang='lat' dir='ltr'><strong>propria</strong></span> <span class='ocrx_word' id='word_1_285' title='bbox 1254 2021 1601 2076; x_wconf 89' lang='lat' dir='ltr'><strong>illustraverit</strong></span> <span class='ocrx_word' id='word_1_286' title='bbox 1641 2023 1845 2091; x_wconf 84' lang='lat' dir='ltr'><strong>passio-</strong></span> 
     </span>
    </p>
   </div>
   <div class='ocr_carea' id='block_1_36' title="bbox 259 2110 1845 2183">
    <p class='ocr_par' dir='ltr' id='par_1_36' title="bbox 259 2110 1845 2183">
     <span class='ocr_line' id='line_1_36' title="bbox 259 2110 1845 2183; baseline -0.003 -12"><span class='ocrx_word' id='word_1_287' title='bbox 259 2132 349 2182; x_wconf 90' lang='lat' dir='ltr'><strong>ne,</strong></span> <span class='ocrx_word' id='word_1_288' title='bbox 378 2112 685 2171; x_wconf 88' lang='lat' dir='ltr'><strong>Occidentis</strong></span> <span class='ocrx_word' id='word_1_289' title='bbox 712 2114 945 2183; x_wconf 89' lang='lat' dir='ltr'><strong>plagam,</strong></span> <span class='ocrx_word' id='word_1_290' title='bbox 975 2127 1044 2166; x_wconf 91' lang='lat' dir='ltr'><strong>ne</strong></span> <span class='ocrx_word' id='word_1_291' title='bbox 1072 2111 1203 2181; x_wconf 90' lang='lat' dir='ltr'><strong>quid</strong></span> <span class='ocrx_word' id='word_1_292' title='bbox 1227 2110 1403 2165; x_wconf 92' lang='lat' dir='ltr'><strong>minus</strong></span> <span class='ocrx_word' id='word_1_293' title='bbox 1432 2120 1593 2174; x_wconf 90' lang='lat' dir='ltr'><strong>esset,</strong></span> <span class='ocrx_word' id='word_1_294' title='bbox 1622 2112 1739 2166; x_wconf 89' lang='lat' dir='ltr'><strong>vice</strong></span> <span class='ocrx_word' id='word_1_295' title='bbox 1764 2112 1845 2166; x_wconf 89' lang='lat' dir='ltr'><strong>sui</strong></span> 
     </span>
    </p>
   </div>
   <div class='ocr_carea' id='block_1_37' title="bbox 259 2202 1848 2276">
    <p class='ocr_par' dir='ltr' id='par_1_37' title="bbox 259 2202 1848 2276">
     <span class='ocr_line' id='line_1_37' title="bbox 259 2202 1848 2276; baseline -0.003 -14"><span class='ocrx_word' id='word_1_296' title='bbox 259 2206 630 2276; x_wconf 82' lang='lat' dir='ltr'><strong>apostolorum</strong></span> <span class='ocrx_word' id='word_1_297' title='bbox 652 2204 907 2273; x_wconf 86' lang='lat' dir='ltr'><strong>sanguine</strong></span> <span class='ocrx_word' id='word_1_298' title='bbox 930 2202 1230 2258; x_wconf 89' lang='lat' dir='ltr'><strong>illuminare</strong></span> <span class='ocrx_word' id='word_1_299' title='bbox 1249 2202 1495 2270; x_wconf 87' lang='lat' dir='ltr'><strong>dignatus</strong></span> <span class='ocrx_word' id='word_1_300' title='bbox 1516 2209 1618 2270; x_wconf 91' lang='lat' dir='ltr'><strong>est,</strong></span> <span class='ocrx_word' id='word_1_301' title='bbox 1638 2210 1693 2257; x_wconf 92' lang='lat' dir='ltr'><strong>et</strong></span> <span class='ocrx_word' id='word_1_302' title='bbox 1721 2203 1848 2258; x_wconf 91' lang='lat' dir='ltr'><strong>licet</strong></span> 
     </span>
    </p>
   </div>
   <div class='ocr_carea' id='block_1_38' title="bbox 257 2290 1843 2366">
    <p class='ocr_par' dir='ltr' id='par_1_38' title="bbox 257 2290 1843 2366">
     <span class='ocr_line' id='line_1_38' title="bbox 257 2290 1843 2366; baseline -0.004 -13"><span class='ocrx_word' id='word_1_303' title='bbox 257 2298 401 2353; x_wconf 88' lang='lat' dir='ltr'><strong>illius</strong></span> <span class='ocrx_word' id='word_1_304' title='bbox 418 2298 599 2366; x_wconf 85' lang='lat' dir='ltr'><strong>passio</strong></span> <span class='ocrx_word' id='word_1_305' title='bbox 620 2295 773 2349; x_wconf 90' lang='lat' dir='ltr'><strong>nobis</strong></span> <span class='ocrx_word' id='word_1_306' title='bbox 794 2293 1022 2350; x_wconf 80' lang='lat' dir='ltr'><strong>sulliciat</strong></span> <span class='ocrx_word' id='word_1_307' title='bbox 1040 2293 1107 2348; x_wconf 91' lang='lat' dir='ltr'><strong>ad</strong></span> <span class='ocrx_word' id='word_1_308' title='bbox 1128 2294 1375 2359; x_wconf 89' lang='lat' dir='ltr'><strong>salutem,</strong></span> <span class='ocrx_word' id='word_1_309' title='bbox 1400 2290 1428 2329; x_wconf 67' lang='grc' dir='ltr'>δ</span> <span class='ocrx_word' id='word_1_310' title='bbox 1453 2301 1631 2347; x_wconf 90' lang='lat' dir='ltr'><strong>tamen</strong></span> <span class='ocrx_word' id='word_1_311' title='bbox 1652 2293 1843 2347; x_wconf 89' lang='lat' dir='ltr'><strong>horum</strong></span> 
     </span>
    </p>
   </div>
   <div class='ocr_carea' id='block_1_39' title="bbox 258 2383 1847 2458">
    <p class='ocr_par' dir='ltr' id='par_1_39' title="bbox 258 2383 1847 2458">
     <span class='ocr_line' id='line_1_39' title="bbox 258 2383 1847 2458; baseline -0.003 -17"><span class='ocrx_word' id='word_1_312' title='bbox 258 2388 573 2458; x_wconf 85' lang='lat' dir='ltr'><strong>martyrium</strong></span> <span class='ocrx_word' id='word_1_313' title='bbox 598 2386 827 2440; x_wconf 92' lang='lat' dir='ltr'><strong>contulit</strong></span> <span class='ocrx_word' id='word_1_314' title='bbox 846 2384 915 2438; x_wconf 91' lang='lat' dir='ltr'><strong>ad</strong></span> <span class='ocrx_word' id='word_1_315' title='bbox 937 2384 1265 2454; x_wconf 80' lang='lat' dir='ltr'><strong>exemplum.</strong></span> <span class='ocrx_word' id='word_1_316' title='bbox 1290 2383 1559 2438; x_wconf 83' lang='lat' dir='ltr'><strong>Hodierna</strong></span> <span class='ocrx_word' id='word_1_317' title='bbox 1582 2384 1739 2452; x_wconf 81' lang='lat' dir='ltr'><strong>igitur</strong></span> <span class='ocrx_word' id='word_1_318' title='bbox 1760 2383 1847 2437; x_wconf 91' lang='lat' dir='ltr'><strong>die</strong></span> 
     </span>
    </p>
   </div>
   <div class='ocr_carea' id='block_1_40' title="bbox 260 2475 1847 2553">
    <p class='ocr_par' dir='ltr' id='par_1_40' title="bbox 260 2475 1847 2553">
     <span class='ocr_line' id='line_1_40' title="bbox 260 2475 1847 2553; baseline -0.003 -18"><span class='ocrx_word' id='word_1_319' title='bbox 260 2480 403 2553; x_wconf 80' lang='lat' dir='ltr'><strong>beati</strong></span> <span class='ocrx_word' id='word_1_320' title='bbox 432 2479 662 2550; x_wconf 90' lang='lat' dir='ltr'><strong>apostoli</strong></span> <span class='ocrx_word' id='word_1_321' title='bbox 691 2479 1003 2548; x_wconf 87' lang='lat' dir='ltr'><strong>sanguinem</strong></span> <span class='ocrx_word' id='word_1_322' title='bbox 1038 2476 1054 2514; x_wconf 74' lang='grc' dir='ltr'>ί</span> <span class='ocrx_word' id='word_1_323' title='bbox 1101 2477 1475 2547; x_wconf 79' lang='lat' dir='ltr'><strong>profuderunt.</strong></span> <span class='ocrx_word' id='word_1_324' title='bbox 1517 2475 1623 2531; x_wconf 87' lang='lat' dir='ltr'><strong>Sed</strong></span> <span class='ocrx_word' id='word_1_325' title='bbox 1664 2477 1847 2531; x_wconf 86' lang='lat' dir='ltr'><strong>videa-</strong></span> 
     </span>
    </p>
   </div>
   <div class='ocr_carea' id='block_1_41' title="bbox 260 2566 1845 2638">
    <p class='ocr_par' dir='ltr' id='par_1_41' title="bbox 260 2566 1845 2638">
     <span class='ocr_line' id='line_1_41' title="bbox 260 2566 1845 2638; baseline -0.003 -15"><span class='ocrx_word' id='word_1_326' title='bbox 260 2586 379 2625; x_wconf 91' lang='lat' dir='ltr'><strong>mus</strong></span> <span class='ocrx_word' id='word_1_327' title='bbox 424 2586 645 2626; x_wconf 87' lang='lat' dir='ltr'><strong>causam</strong></span> <span class='ocrx_word' id='word_1_328' title='bbox 690 2574 704 2620; x_wconf 84' lang='lat' dir='ltr'><strong>t</strong></span> <span class='ocrx_word' id='word_1_329' title='bbox 762 2584 928 2638; x_wconf 89' lang='lat' dir='ltr'><strong>quare</strong></span> <span class='ocrx_word' id='word_1_330' title='bbox 974 2568 1077 2622; x_wconf 89' lang='lat' dir='ltr'><strong>ista</strong></span> <span class='ocrx_word' id='word_1_331' title='bbox 1126 2568 1367 2638; x_wconf 89' lang='lat' dir='ltr'><strong>perpessi</strong></span> <span class='ocrx_word' id='word_1_332' title='bbox 1415 2574 1567 2632; x_wconf 91' lang='lat' dir='ltr'><strong>sunt;</strong></span> <span class='ocrx_word' id='word_1_333' title='bbox 1613 2566 1845 2634; x_wconf 88' lang='lat' dir='ltr'><strong>scilicet,</strong></span> 
     </span>
    </p>
   </div>
   <div class='ocr_carea' id='block_1_42' title="bbox 260 2655 1848 2731">
    <p class='ocr_par' dir='ltr' id='par_1_42' title="bbox 260 2655 1848 2731">
     <span class='ocr_line' id='line_1_42' title="bbox 260 2655 1848 2731; baseline -0.004 -15"><span class='ocrx_word' id='word_1_334' title='bbox 260 2662 405 2731; x_wconf 83' lang='lat' dir='ltr'><strong>quod</strong></span> <span class='ocrx_word' id='word_1_335' title='bbox 450 2662 591 2716; x_wconf 87' lang='lat' dir='ltr'><strong>inter</strong></span> <span class='ocrx_word' id='word_1_336' title='bbox 618 2667 812 2716; x_wconf 61' lang='lat' dir='ltr'><strong>caetera</strong></span> <span class='ocrx_word' id='word_1_337' title='bbox 838 2659 1100 2714; x_wconf 89' lang='lat' dir='ltr'><strong>mirabilia</strong></span> <span class='ocrx_word' id='word_1_338' title='bbox 1130 2659 1295 2713; x_wconf 90' lang='lat' dir='ltr'><strong>etiam</strong></span> <span class='ocrx_word' id='word_1_339' title='bbox 1335 2672 1551 2727; x_wconf 89' lang='lat' dir='ltr'><strong>magum</strong></span> <span class='ocrx_word' id='word_1_340' title='bbox 1592 2657 1739 2711; x_wconf 90' lang='lat' dir='ltr'><strong>illum</strong></span> <span class='ocrx_word' id='word_1_341' title='bbox 1767 2655 1848 2711; x_wconf 92' lang='lat' dir='ltr'><strong>Si-</strong></span> 
     </span>
    </p>
   </div>
   <div class='ocr_carea' id='block_1_43' title="bbox 260 2747 1848 2820">
    <p class='ocr_par' dir='ltr' id='par_1_43' title="bbox 260 2747 1848 2820">
     <span class='ocr_line' id='line_1_43' title="bbox 260 2747 1848 2820; baseline -0.004 -13"><span class='ocrx_word' id='word_1_342' title='bbox 260 2768 475 2808; x_wconf 89' lang='lat' dir='ltr'><strong>monem</strong></span> <span class='ocrx_word' id='word_1_343' title='bbox 504 2752 838 2808; x_wconf 87' lang='lat' dir='ltr'><strong>orationibus</strong></span> <span class='ocrx_word' id='word_1_344' title='bbox 862 2751 973 2807; x_wconf 89' lang='lat' dir='ltr'><strong>suis</strong></span> <span class='ocrx_word' id='word_1_345' title='bbox 994 2749 1061 2805; x_wconf 89' lang='lat' dir='ltr'><strong>de</strong></span> <span class='ocrx_word' id='word_1_346' title='bbox 1089 2749 1230 2804; x_wconf 89' lang='lat' dir='ltr'><strong>aeris</strong></span> <span class='ocrx_word' id='word_1_347' title='bbox 1256 2764 1430 2803; x_wconf 91' lang='lat' dir='ltr'><strong>vacuo</strong></span> <span class='ocrx_word' id='word_1_348' title='bbox 1460 2747 1721 2820; x_wconf 67' lang='lat' dir='ltr'><strong>praecipiti</strong></span> <span class='ocrx_word' id='word_1_349' title='bbox 1742 2747 1848 2802; x_wconf 87' lang='lat' dir='ltr'><strong>rui-</strong></span> 
     </span>
    </p>
   </div>
   <div class='ocr_carea' id='block_1_44' title="bbox 1952 1931 3536 2004">
    <p class='ocr_par' dir='ltr' id='par_1_44' title="bbox 1952 1931 3536 2004">
     <span class='ocr_line' id='line_1_44' title="bbox 1952 1931 3536 2004; baseline -0.001 -16"><span class='ocrx_word' id='word_1_350' title='bbox 1952 1935 2097 2004; x_wconf 88' lang='lat' dir='ltr'><strong>quod</strong></span> <span class='ocrx_word' id='word_1_351' title='bbox 2126 1948 2313 2002; x_wconf 91' lang='lat' dir='ltr'><strong>magus</strong></span> <span class='ocrx_word' id='word_1_352' title='bbox 2348 1934 2448 1987; x_wconf 87' lang='lat' dir='ltr'><strong>iste</strong></span> <span class='ocrx_word' id='word_1_353' title='bbox 2480 1940 2741 2002; x_wconf 75' lang='lat' dir='ltr'><strong>praesente</strong></span> <span class='ocrx_word' id='word_1_354' title='bbox 2770 1931 3015 2001; x_wconf 88' lang='lat' dir='ltr'><strong>apostolo</strong></span> <span class='ocrx_word' id='word_1_355' title='bbox 3046 1941 3074 1969; x_wconf 73' lang='grc' dir='ltr'><strong>ν</strong></span> <span class='ocrx_word' id='word_1_356' title='bbox 3103 1946 3201 2001; x_wconf 90' lang='lat' dir='ltr'><strong>per</strong></span> <span class='ocrx_word' id='word_1_357' title='bbox 3223 1946 3403 1986; x_wconf 90' lang='lat' dir='ltr'><strong>aerem</strong></span> <span class='ocrx_word' id='word_1_358' title='bbox 3433 1931 3536 1986; x_wconf 91' lang='lat' dir='ltr'><strong>ali-</strong></span> 
     </span>
    </p>
   </div>
   <div class='ocr_carea' id='block_1_45' title="bbox 1952 2019 3538 2093">
    <p class='ocr_par' dir='ltr' id='par_1_45' title="bbox 1952 2019 3538 2093">
     <span class='ocr_line' id='line_1_45' title="bbox 1952 2019 3538 2093; baseline -0.002 -15"><span class='ocrx_word' id='word_1_359' title='bbox 1952 2023 2185 2093; x_wconf 90' lang='lat' dir='ltr'><strong>quandiu</strong></span> <span class='ocrx_word' id='word_1_360' title='bbox 2218 2033 2242 2058; x_wconf 77' lang='grc' dir='ltr'><strong>ι</strong></span> <span class='ocrx_word' id='word_1_361' title='bbox 2270 2022 2595 2085; x_wconf 84' lang='lat' dir='ltr'><strong>volitaverit,</strong></span> <span class='ocrx_word' id='word_1_362' title='bbox 2630 2022 2734 2075; x_wconf 90' lang='lat' dir='ltr'><strong>hoc</strong></span> <span class='ocrx_word' id='word_1_363' title='bbox 2763 2020 3022 2090; x_wconf 90' lang='lat' dir='ltr'><strong>patientia</strong></span> <span class='ocrx_word' id='word_1_364' title='bbox 3044 2019 3190 2074; x_wconf 87' lang='lat' dir='ltr'><strong>Petri</strong></span> <span class='ocrx_word' id='word_1_365' title='bbox 3219 2019 3379 2085; x_wconf 83' lang='lat' dir='ltr'><strong>fecit;</strong></span> <span class='ocrx_word' id='word_1_366' title='bbox 3410 2036 3538 2091; x_wconf 87' lang='lat' dir='ltr'><strong>per-</strong></span> 
     </span>
    </p>
   </div>
   <div class='ocr_carea' id='block_1_46' title="bbox 1951 2111 3538 2175">
    <p class='ocr_par' dir='ltr' id='par_1_46' title="bbox 1951 2111 3538 2175">
     <span class='ocr_line' id='line_1_46' title="bbox 1951 2111 3538 2175; baseline -0.001 -6"><span class='ocrx_word' id='word_1_367' title='bbox 1951 2116 2097 2170; x_wconf 86' lang='lat' dir='ltr'><strong>misit</strong></span> <span class='ocrx_word' id='word_1_368' title='bbox 2138 2113 2280 2168; x_wconf 92' lang='lat' dir='ltr'><strong>enim</strong></span> <span class='ocrx_word' id='word_1_369' title='bbox 2318 2114 2465 2167; x_wconf 89' lang='lat' dir='ltr'><strong>illum</strong></span> <span class='ocrx_word' id='word_1_370' title='bbox 2506 2112 2789 2167; x_wconf 91' lang='lat' dir='ltr'><strong>sublimius</strong></span> <span class='ocrx_word' id='word_1_371' title='bbox 2826 2111 3136 2175; x_wconf 87' lang='lat' dir='ltr'><strong>ascendere,</strong></span> <span class='ocrx_word' id='word_1_372' title='bbox 3170 2120 3227 2165; x_wconf 92' lang='lat' dir='ltr'><strong>ut</strong></span> <span class='ocrx_word' id='word_1_373' title='bbox 3257 2113 3416 2166; x_wconf 89' lang='lat' dir='ltr'><strong>altius</strong></span> <span class='ocrx_word' id='word_1_374' title='bbox 3443 2128 3538 2167; x_wconf 79' lang='lat' dir='ltr'><strong>ca-</strong></span> 
     </span>
    </p>
   </div>
   <div class='ocr_carea' id='block_1_47' title="bbox 1952 2202 3540 2273">
    <p class='ocr_par' dir='ltr' id='par_1_47' title="bbox 1952 2202 3540 2273">
     <span class='ocr_line' id='line_1_47' title="bbox 1952 2202 3540 2273; baseline -0.003 -12"><span class='ocrx_word' id='word_1_375' title='bbox 1952 2207 2107 2263; x_wconf 88' lang='lat' dir='ltr'><strong>deret</strong></span> <span class='ocrx_word' id='word_1_376' title='bbox 2133 2224 2145 2259; x_wconf 92' lang='lat'><strong>:</strong></span> <span class='ocrx_word' id='word_1_377' title='bbox 2170 2206 2340 2261; x_wconf 89' lang='lat' dir='ltr'><strong>voluit</strong></span> <span class='ocrx_word' id='word_1_378' title='bbox 2359 2220 2482 2261; x_wconf 92' lang='lat' dir='ltr'><strong>eum</strong></span> <span class='ocrx_word' id='word_1_379' title='bbox 2504 2204 2556 2258; x_wconf 93' lang='lat' dir='ltr'><strong>in</strong></span> <span class='ocrx_word' id='word_1_380' title='bbox 2577 2203 2848 2259; x_wconf 80' lang='lat' dir='ltr'><strong>excelsum</strong></span> <span class='ocrx_word' id='word_1_381' title='bbox 2870 2203 3033 2256; x_wconf 89' lang='lat' dir='ltr'><strong>levari</strong></span> <span class='ocrx_word' id='word_1_382' title='bbox 3055 2213 3083 2251; x_wconf 70' lang='lat' dir='ltr'><strong>r</strong></span> <span class='ocrx_word' id='word_1_383' title='bbox 3104 2202 3171 2257; x_wconf 92' lang='lat' dir='ltr'><strong>ad</strong></span> <span class='ocrx_word' id='word_1_384' title='bbox 3191 2210 3540 2273; x_wconf 85' lang='lat' dir='ltr'><strong>conspectum</strong></span> 
     </span>
    </p>
   </div>
   <div class='ocr_carea' id='block_1_48' title="bbox 1954 2293 3539 2369">
    <p class='ocr_par' dir='ltr' id='par_1_48' title="bbox 1954 2293 3539 2369">
     <span class='ocr_line' id='line_1_48' title="bbox 1954 2293 3539 2369; baseline -0.003 -16"><span class='ocrx_word' id='word_1_385' title='bbox 1954 2295 2115 2369; x_wconf 62' lang='lat'><strong>235</strong></span> <span class='ocrx_word' id='word_1_386' title='bbox 2146 2296 2411 2363; x_wconf 88' lang='lat' dir='ltr'><strong>omnium,</strong></span> <span class='ocrx_word' id='word_1_387' title='bbox 2442 2303 2501 2349; x_wconf 93' lang='lat' dir='ltr'><strong>ut</strong></span> <span class='ocrx_word' id='word_1_388' title='bbox 2532 2305 2554 2332; x_wconf 76' lang='grc' dir='ltr'><em>τ</em></span> <span class='ocrx_word' id='word_1_389' title='bbox 2585 2301 2832 2349; x_wconf 91' lang='lat' dir='ltr'><strong>ruentem</strong></span> <span class='ocrx_word' id='word_1_390' title='bbox 2864 2294 3012 2347; x_wconf 90' lang='lat' dir='ltr'><strong>illum</strong></span> <span class='ocrx_word' id='word_1_391' title='bbox 3042 2293 3109 2347; x_wconf 91' lang='lat' dir='ltr'><strong>de</strong></span> <span class='ocrx_word' id='word_1_392' title='bbox 3147 2293 3366 2349; x_wconf 84' lang='lat' dir='ltr'><strong>excelso</strong></span> <span class='ocrx_word' id='word_1_393' title='bbox 3395 2294 3539 2349; x_wconf 90' lang='lat' dir='ltr'><strong>oculi</strong></span> 
     </span>
    </p>
   </div>
   <div class='ocr_carea' id='block_1_49' title="bbox 1946 2382 3540 2455">
    <p class='ocr_par' dir='ltr' id='par_1_49' title="bbox 1946 2382 3540 2455">
     <span class='ocr_line' id='line_1_49' title="bbox 1946 2382 3540 2455; baseline -0.003 -14"><span class='ocrx_word' id='word_1_394' title='bbox 1946 2387 2187 2442; x_wconf 91' lang='lat' dir='ltr'><strong>omnium</strong></span> <span class='ocrx_word' id='word_1_395' title='bbox 2214 2384 2574 2455; x_wconf 90' lang='lat' dir='ltr'><strong>perviderent.</strong></span> <span class='ocrx_word' id='word_1_396' title='bbox 2598 2382 2724 2438; x_wconf 63' lang='lat' dir='ltr'><strong>Haec</strong></span> <span class='ocrx_word' id='word_1_397' title='bbox 2748 2382 2911 2451; x_wconf 86' lang='lat' dir='ltr'><strong>igitur</strong></span> <span class='ocrx_word' id='word_1_398' title='bbox 2931 2391 2986 2419; x_wconf 75' lang='grc' dir='ltr'><strong>ιι</strong></span> <span class='ocrx_word' id='word_1_399' title='bbox 3004 2382 3302 2451; x_wconf 87' lang='lat' dir='ltr'><strong>iniquitatis</strong></span> <span class='ocrx_word' id='word_1_400' title='bbox 3329 2390 3410 2437; x_wconf 92' lang='lat' dir='ltr'><strong>cst</strong></span> <span class='ocrx_word' id='word_1_401' title='bbox 3435 2383 3540 2437; x_wconf 87' lang='lat' dir='ltr'><strong>ela-</strong></span> 
     </span>
    </p>
   </div>
   <div class='ocr_carea' id='block_1_50' title="bbox 1948 2473 3539 2543">
    <p class='ocr_par' dir='ltr' id='par_1_50' title="bbox 1948 2473 3539 2543">
     <span class='ocr_line' id='line_1_50' title="bbox 1948 2473 3539 2543; baseline -0.002 -13"><span class='ocrx_word' id='word_1_402' title='bbox 1948 2476 2043 2542; x_wconf 92' lang='lat' dir='ltr'><strong>tio,</strong></span> <span class='ocrx_word' id='word_1_403' title='bbox 2068 2477 2199 2531; x_wconf 92' lang='lat' dir='ltr'><strong>utin</strong></span> <span class='ocrx_word' id='word_1_404' title='bbox 2223 2476 2391 2530; x_wconf 89' lang='lat' dir='ltr'><strong>altum</strong></span> <span class='ocrx_word' id='word_1_405' title='bbox 2411 2490 2470 2529; x_wconf 87' lang='lat' dir='ltr'><strong>se</strong></span> <span class='ocrx_word' id='word_1_406' title='bbox 2493 2474 2651 2541; x_wconf 83' lang='lat' dir='ltr'><strong>ferat,</strong></span> <span class='ocrx_word' id='word_1_407' title='bbox 2676 2474 2729 2528; x_wconf 94' lang='lat' dir='ltr'><strong>in</strong></span> <span class='ocrx_word' id='word_1_408' title='bbox 2747 2473 2982 2532; x_wconf 86' lang='lat' dir='ltr'><strong>sublime</strong></span> <span class='ocrx_word' id='word_1_409' title='bbox 3010 2490 3069 2529; x_wconf 91' lang='lat' dir='ltr'><strong>se</strong></span> <span class='ocrx_word' id='word_1_410' title='bbox 3091 2476 3285 2543; x_wconf 85' lang='lat' dir='ltr'><strong>erigat,</strong></span> <span class='ocrx_word' id='word_1_411' title='bbox 3307 2475 3402 2529; x_wconf 92' lang='lat' dir='ltr'><strong>sed</strong></span> <span class='ocrx_word' id='word_1_412' title='bbox 3424 2490 3539 2528; x_wconf 81' lang='lat' dir='ltr'><strong>san-</strong></span> 
     </span>
    </p>
   </div>
   <div class='ocr_carea' id='block_1_51' title="bbox 1945 2564 3543 2637">
    <p class='ocr_par' dir='ltr' id='par_1_51' title="bbox 1945 2564 3543 2637">
     <span class='ocr_line' id='line_1_51' title="bbox 1945 2564 3543 2637; baseline -0.002 -15"><span class='ocrx_word' id='word_1_413' title='bbox 1945 2574 2032 2622; x_wconf 87' lang='lat' dir='ltr'><strong>cta</strong></span> <span class='ocrx_word' id='word_1_414' title='bbox 2062 2567 2235 2621; x_wconf 89' lang='lat' dir='ltr'><strong>oratio</strong></span> <span class='ocrx_word' id='word_1_415' title='bbox 2264 2580 2482 2620; x_wconf 92' lang='lat' dir='ltr'><strong>omnem</strong></span> <span class='ocrx_word' id='word_1_416' title='bbox 2516 2564 2761 2620; x_wconf 88' lang='lat' dir='ltr'><strong>bumiliat</strong></span> <span class='ocrx_word' id='word_1_417' title='bbox 2787 2565 3115 2637; x_wconf 87' lang='lat' dir='ltr'><strong>superbiam,</strong></span> <span class='ocrx_word' id='word_1_418' title='bbox 3146 2564 3207 2605; x_wconf 70' lang='grc' dir='ltr'><strong>δι)</strong></span> <span class='ocrx_word' id='word_1_419' title='bbox 3236 2566 3543 2628; x_wconf 79' lang='lat' dir='ltr'><strong>universam</strong></span> 
     </span>
    </p>
   </div>
   <div class='ocr_carea' id='block_1_52' title="bbox 1946 2656 2569 2727">
    <p class='ocr_par' dir='ltr' id='par_1_52' title="bbox 1946 2656 2569 2727">
     <span class='ocr_line' id='line_1_52' title="bbox 1946 2656 2569 2727; baseline -0.002 -14"><span class='ocrx_word' id='word_1_420' title='bbox 1946 2656 2129 2727; x_wconf 91' lang='lat' dir='ltr'><strong>dejicit</strong></span> <span class='ocrx_word' id='word_1_421' title='bbox 2159 2666 2213 2697; x_wconf 72' lang='grc' dir='ltr'><strong>οε</strong></span> <span class='ocrx_word' id='word_1_422' title='bbox 2229 2656 2523 2712; x_wconf 88' lang='lat' dir='ltr'><strong>vanitatem</strong></span> <span class='ocrx_word' id='word_1_423' title='bbox 2553 2696 2569 2712; x_wconf 94' lang='lat'><strong>.</strong></span> 
     </span>
    </p>
   </div>
   <div class='ocr_carea' id='block_1_53' title="bbox 1557 2882 2241 2947">
    <p class='ocr_par' dir='ltr' id='par_1_53' title="bbox 1557 2882 2241 2947">
     <span class='ocr_line' id='line_1_53' title="bbox 1557 2882 2241 2947; baseline 0.007 -5"><span class='ocrx_word' id='word_1_424' title='bbox 1557 2882 1907 2944; x_wconf 81' lang='lat' dir='ltr'><strong>HOMILIA</strong></span> <span class='ocrx_word' id='word_1_425' title='bbox 1952 2885 2241 2947; x_wconf 68' lang='lat' dir='ltr'><strong>LXXIII.</strong></span> 
     </span>
    </p>
   </div>
   <div class='ocr_carea' id='block_1_54' title="bbox 1128 2978 2659 3051">
    <p class='ocr_par' dir='ltr' id='par_1_54' title="bbox 1128 2978 2659 3051">
     <span class='ocr_line' id='line_1_54' title="bbox 1128 2978 2659 3051; baseline 0.004 -18"><span class='ocrx_word' id='word_1_426' title='bbox 1128 2978 1206 3034; x_wconf 89' lang='lat' dir='ltr'><strong>De</strong></span> <span class='ocrx_word' id='word_1_427' title='bbox 1234 2978 1414 3035; x_wconf 85' lang='lat' dir='ltr'><strong>eodem</strong></span> <span class='ocrx_word' id='word_1_428' title='bbox 1443 2981 1608 3035; x_wconf 79' lang='lat' dir='ltr'><strong>natali</strong></span> <span class='ocrx_word' id='word_1_429' title='bbox 1632 2981 1738 3036; x_wconf 89' lang='lat' dir='ltr'><strong>SS.</strong></span> <span class='ocrx_word' id='word_1_430' title='bbox 1764 2982 2118 3051; x_wconf 78' lang='lat' dir='ltr'><strong>apostolorum</strong></span> <span class='ocrx_word' id='word_1_431' title='bbox 2136 2982 2289 3040; x_wconf 85' lang='lat' dir='ltr'><strong>Petri</strong></span> <span class='ocrx_word' id='word_1_432' title='bbox 2304 2992 2354 3039; x_wconf 87' lang='lat' dir='ltr'><strong>et</strong></span> <span class='ocrx_word' id='word_1_433' title='bbox 2375 2983 2533 3038; x_wconf 89' lang='lat' dir='ltr'><strong>Pauli</strong></span> <span class='ocrx_word' id='word_1_434' title='bbox 2560 2982 2659 3039; x_wconf 81' lang='lat' dir='ltr'><strong>VI.</strong></span> 
     </span>
    </p>
   </div>
   <div class='ocr_carea' id='block_1_55' title="bbox 330 3072 3548 3230">
    <p class='ocr_par' dir='ltr' id='par_1_55' title="bbox 330 3072 3548 3230">
     <span class='ocr_line' id='line_1_55' title="bbox 330 3072 3548 3230; baseline 0.002 -31"><span class='ocrx_word' id='word_1_435' title='bbox 330 3148 492 3230; x_wconf 58' lang='lat'><strong>235</strong></span> <span class='ocrx_word' id='word_1_436' title='bbox 519 3146 726 3230; x_wconf 52' lang='lat' dir='ltr'><strong>Inedita</strong></span> <span class='ocrx_word' id='word_1_437' title='bbox 754 3144 818 3227; x_wconf 53' lang='lat' dir='ltr'><strong>S.</strong></span> <span class='ocrx_word' id='word_1_438' title='bbox 844 3143 1061 3230; x_wconf 67' lang='lat' dir='ltr'><strong>Maximi</strong></span> <span class='ocrx_word' id='word_1_439' title='bbox 1083 3143 1287 3230; x_wconf 57' lang='lat' dir='ltr'><strong>scripta</strong></span> <span class='ocrx_word' id='word_1_440' title='bbox 1310 3158 1429 3230; x_wconf 75' lang='lat' dir='ltr'><strong>quae</strong></span> <span class='ocrx_word' id='word_1_441' title='bbox 1472 3143 1596 3230; x_wconf 9' lang='lat' dir='ltr'><strong>huc;</strong></span> <span class='ocrx_word' id='word_1_442' title='bbox 1617 3072 2153 3230; x_wconf 45' lang='grc' dir='ltr'><strong>ιιεᾳλῗιιέΜιὲξξιῖιὲἓιιιε</strong></span> <span class='ocrx_word' id='word_1_443' title='bbox 2176 3146 2390 3230; x_wconf 78' lang='lat' dir='ltr'><strong>aliaque</strong></span> <span class='ocrx_word' id='word_1_444' title='bbox 2417 3148 2571 3229; x_wconf 80' lang='lat' dir='ltr'><strong>plura</strong></span> <span class='ocrx_word' id='word_1_445' title='bbox 2599 3146 2921 3230; x_wconf 70' lang='lat' dir='ltr'><strong>proferenda</strong></span> <span class='ocrx_word' id='word_1_446' title='bbox 2945 3154 3218 3230; x_wconf 46' lang='lat' dir='ltr'><strong>_qua_n-tum</strong></span> <span class='ocrx_word' id='word_1_447' title='bbox 3244 3152 3548 3230; x_wconf 70' lang='lat' dir='ltr'><strong>ornamenti</strong></span> 
     </span>
    </p>
   </div>
   <div class='ocr_carea' id='block_1_56' title="bbox 263 3214 3542 3289">
    <p class='ocr_par' dir='ltr' id='par_1_56' title="bbox 263 3214 3542 3289">
     <span class='ocr_line' id='line_1_56' title="bbox 263 3214 3542 3289; baseline 0.001 -16"><span class='ocrx_word' id='word_1_448' title='bbox 263 3229 317 3273; x_wconf 90' lang='lat' dir='ltr'><strong>et</strong></span> <span class='ocrx_word' id='word_1_449' title='bbox 332 3214 495 3289; x_wconf 60' lang='lat' dir='ltr'><strong>prEtii</strong></span> <span class='ocrx_word' id='word_1_450' title='bbox 516 3216 822 3289; x_wconf 74' lang='lat' dir='ltr'><strong>collectioni</strong></span> <span class='ocrx_word' id='word_1_451' title='bbox 847 3223 1046 3289; x_wconf 72' lang='lat' dir='ltr'><strong>nostra:</strong></span> <span class='ocrx_word' id='word_1_452' title='bbox 1065 3214 1301 3289; x_wconf 75' lang='lat' dir='ltr'><strong>allatura</strong></span> <span class='ocrx_word' id='word_1_453' title='bbox 1327 3214 1451 3276; x_wconf 92' lang='lat' dir='ltr'><strong>sint,</strong></span> <span class='ocrx_word' id='word_1_454' title='bbox 1484 3214 1987 3289; x_wconf 33' lang='lat' dir='ltr'><strong>nemo_n_on‘videt._</strong></span> <span class='ocrx_word' id='word_1_455' title='bbox 2006 3214 2133 3270; x_wconf 71' lang='grc' dir='ltr'><strong>Ηίιεο</strong></span> <span class='ocrx_word' id='word_1_456' title='bbox 2174 3214 2318 3271; x_wconf 73' lang='lat' dir='ltr'><strong>inter</strong></span> <span class='ocrx_word' id='word_1_457' title='bbox 2342 3214 2803 3289; x_wconf 15' lang='lat' dir='ltr'><strong>prtecipuu—mrsibi</strong></span> <span class='ocrx_word' id='word_1_458' title='bbox 2836 3214 3074 3273; x_wconf 80' lang='lat' dir='ltr'><strong>vindicat</strong></span> <span class='ocrx_word' id='word_1_459' title='bbox 3097 3220 3277 3275; x_wconf 90' lang='lat' dir='ltr'><strong>locum</strong></span> <span class='ocrx_word' id='word_1_460' title='bbox 3300 3221 3413 3275; x_wconf 65' lang='lat' dir='ltr'><strong>bsec</strong></span> <span class='ocrx_word' id='word_1_461' title='bbox 3441 3222 3542 3276; x_wconf 82' lang='lat' dir='ltr'><strong>ho-</strong></span> 
     </span>
    </p>
   </div>
   <div class='ocr_carea' id='block_1_57' title="bbox 262 3282 3546 3361">
    <p class='ocr_par' dir='ltr' id='par_1_57' title="bbox 262 3282 3546 3361">
     <span class='ocr_line' id='line_1_57' title="bbox 262 3282 3546 3361; baseline 0.002 -19"><span class='ocrx_word' id='word_1_462' title='bbox 262 3282 406 3343; x_wconf 84' lang='lat' dir='ltr'><strong>milia</strong></span> <span class='ocrx_word' id='word_1_463' title='bbox 458 3305 526 3343; x_wconf 81' lang='lat' dir='ltr'><strong>ex</strong></span> <span class='ocrx_word' id='word_1_464' title='bbox 571 3286 761 3342; x_wconf 91' lang='lat' dir='ltr'><strong>codice</strong></span> <span class='ocrx_word' id='word_1_465' title='bbox 805 3284 1171 3341; x_wconf 89' lang='lat' dir='ltr'><strong>vetustissimo</strong></span> <span class='ocrx_word' id='word_1_466' title='bbox 1192 3284 1321 3338; x_wconf 91' lang='lat' dir='ltr'><strong>olim</strong></span> <span class='ocrx_word' id='word_1_467' title='bbox 1348 3282 1662 3337; x_wconf 91' lang='lat' dir='ltr'><strong>monasterii</strong></span> <span class='ocrx_word' id='word_1_468' title='bbox 1682 3282 1751 3336; x_wconf 89' lang='lat' dir='ltr'><strong>de</strong></span> <span class='ocrx_word' id='word_1_469' title='bbox 1778 3282 2019 3353; x_wconf 85' lang='lat' dir='ltr'><strong>Apannis</strong></span> <span class='ocrx_word' id='word_1_470' title='bbox 2048 3294 2219 3351; x_wconf 91' lang='lat' dir='ltr'><strong>eruta,</strong></span> <span class='ocrx_word' id='word_1_471' title='bbox 2255 3282 2401 3355; x_wconf 79' lang='lat' dir='ltr'><strong>quod</strong></span> <span class='ocrx_word' id='word_1_472' title='bbox 2428 3282 2828 3356; x_wconf 76' lang='lat' dir='ltr'><strong>compendium,</strong></span> <span class='ocrx_word' id='word_1_473' title='bbox 2850 3304 2948 3343; x_wconf 91' lang='lat' dir='ltr'><strong>seu</strong></span> <span class='ocrx_word' id='word_1_474' title='bbox 2975 3304 3183 3344; x_wconf 89' lang='lat' dir='ltr'><strong>summa</strong></span> <span class='ocrx_word' id='word_1_475' title='bbox 3208 3291 3546 3361; x_wconf 89' lang='lat' dir='ltr'><strong>superiorum</strong></span> 
     </span>
    </p>
   </div>
   <div class='ocr_carea' id='block_1_58' title="bbox 335 3418 1460 3491">
    <p class='ocr_par' dir='ltr' id='par_1_58' title="bbox 335 3418 1460 3491">
     <span class='ocr_line' id='line_1_58' title="bbox 335 3418 1460 3491; baseline -0.004 -15"><span class='ocrx_word' id='word_1_476' title='bbox 335 3433 358 3460; x_wconf 78' lang='grc'><em>³</em></span> <span class='ocrx_word' id='word_1_477' title='bbox 390 3421 528 3477; x_wconf 88' lang='lat' dir='ltr'><strong>Cod.</strong></span> <span class='ocrx_word' id='word_1_478' title='bbox 563 3418 841 3491; x_wconf 83' lang='lat' dir='ltr'><strong>Urbevet.,</strong></span> <span class='ocrx_word' id='word_1_479' title='bbox 863 3421 984 3491; x_wconf 83' lang='lat' dir='ltr'><strong>quia</strong></span> <span class='ocrx_word' id='word_1_480' title='bbox 1011 3429 1059 3473; x_wconf 89' lang='lat' dir='ltr'><strong>et</strong></span> <span class='ocrx_word' id='word_1_481' title='bbox 1080 3421 1460 3491; x_wconf 9' lang='lat' dir='ltr'><strong>wqurales,re_tc.</strong></span> 
     </span>
    </p>
   </div>
   <div class='ocr_carea' id='block_1_59' title="bbox 335 3485 1854 3561">
    <p class='ocr_par' dir='ltr' id='par_1_59' title="bbox 335 3485 1854 3561">
     <span class='ocr_line' id='line_1_59' title="bbox 335 3485 1854 3561; baseline -0.005 -14"><span class='ocrx_word' id='word_1_482' title='bbox 335 3492 364 3531; x_wconf 66' lang='grc' dir='ltr'>δ</span> <span class='ocrx_word' id='word_1_483' title='bbox 394 3493 530 3547; x_wconf 91' lang='lat' dir='ltr'><strong>Cod.</strong></span> <span class='ocrx_word' id='word_1_484' title='bbox 558 3492 679 3544; x_wconf 93' lang='lat' dir='ltr'><strong>Vat.</strong></span> <span class='ocrx_word' id='word_1_485' title='bbox 716 3485 1025 3561; x_wconf 16' lang='lat' dir='ltr'><strong>17277,un</strong></span> <span class='ocrx_word' id='word_1_486' title='bbox 1054 3490 1283 3561; x_wconf 3' lang='lat' dir='ltr'><strong>similem;</strong></span> <span class='ocrx_word' id='word_1_487' title='bbox 1304 3488 1531 3561; x_wconf 76' lang='lat' dir='ltr'><strong>videmus</strong></span> <span class='ocrx_word' id='word_1_488' title='bbox 1560 3485 1628 3539; x_wconf 86' lang='lat' dir='ltr'><strong>ad</strong></span> <span class='ocrx_word' id='word_1_489' title='bbox 1655 3494 1854 3557; x_wconf 82' lang='lat' dir='ltr'><strong>marty-</strong></span> 
     </span>
    </p>
   </div>
   <div class='ocr_carea' id='block_1_60' title="bbox 267 3558 1421 3634">
    <p class='ocr_par' dir='ltr' id='par_1_60' title="bbox 267 3558 1421 3634">
     <span class='ocr_line' id='line_1_60' title="bbox 267 3558 1421 3634; baseline -0.006 -17"><span class='ocrx_word' id='word_1_490' title='bbox 267 3565 331 3617; x_wconf 85' lang='lat' dir='ltr'><strong>rii</strong></span> <span class='ocrx_word' id='word_1_491' title='bbox 356 3565 599 3634; x_wconf 73' lang='lat' dir='ltr'><strong>gloriam.</strong></span> <span class='ocrx_word' id='word_1_492' title='bbox 629 3558 1021 3634; x_wconf 36' lang='lat' dir='ltr'><strong>CoddLCa&#39;Sin.</strong></span> <span class='ocrx_word' id='word_1_493' title='bbox 1037 3561 1219 3634; x_wconf 80' lang='lat' dir='ltr'><strong>legunt</strong></span> <span class='ocrx_word' id='word_1_494' title='bbox 1244 3558 1421 3611; x_wconf 80' lang='lat' dir='ltr'><strong>simili.</strong></span> 
     </span>
    </p>
   </div>
   <div class='ocr_carea' id='block_1_61' title="bbox 359 3625 1857 3693">
    <p class='ocr_par' dir='ltr' id='par_1_61' title="bbox 359 3625 1857 3693">
     <span class='ocr_line' id='line_1_61' title="bbox 359 3625 1857 3693; baseline -0.005 -6"><span class='ocrx_word' id='word_1_495' title='bbox 359 3625 523 3687; x_wconf 65' lang='lat' dir='ltr'><strong>ECod.</strong></span> <span class='ocrx_word' id='word_1_496' title='bbox 547 3630 604 3685; x_wconf 93' lang='grc'><strong>8.</strong></span> <span class='ocrx_word' id='word_1_497' title='bbox 630 3630 747 3685; x_wconf 86' lang='lat' dir='ltr'><strong>Pet.</strong></span> <span class='ocrx_word' id='word_1_498' title='bbox 770 3629 838 3682; x_wconf 73' lang='grc'>40</span> <span class='ocrx_word' id='word_1_499' title='bbox 863 3629 924 3693; x_wconf 83' lang='lat' dir='ltr'><strong>F,</strong></span> <span class='ocrx_word' id='word_1_500' title='bbox 950 3625 1279 3684; x_wconf 71' lang='lat' dir='ltr'><strong>toleruverint</strong></span> <span class='ocrx_word' id='word_1_501' title='bbox 1301 3627 1628 3682; x_wconf 86' lang='lat' dir='ltr'><strong>sententiam.</strong></span> <span class='ocrx_word' id='word_1_502' title='bbox 1656 3625 1722 3679; x_wconf 86' lang='lat' dir='ltr'><strong>In</strong></span> <span class='ocrx_word' id='word_1_503' title='bbox 1748 3642 1857 3680; x_wconf 88' lang='lat' dir='ltr'><strong>una</strong></span> 
     </span>
    </p>
   </div>
   <div class='ocr_carea' id='block_1_62' title="bbox 268 3705 504 3766">
    <p class='ocr_par' dir='ltr' id='par_1_62' title="bbox 268 3705 504 3766">
     <span class='ocr_line' id='line_1_62' title="bbox 268 3705 504 3766; baseline -0.008 -10"><span class='ocrx_word' id='word_1_504' title='bbox 268 3705 371 3766; x_wconf 87' lang='lat' dir='ltr'><strong>die,</strong></span> <span class='ocrx_word' id='word_1_505' title='bbox 398 3711 504 3758; x_wconf 91' lang='lat' dir='ltr'><strong>etc.</strong></span> 
     </span>
    </p>
   </div>
   <div class='ocr_carea' id='block_1_63' title="bbox 339 3763 1853 3832">
    <p class='ocr_par' dir='ltr' id='par_1_63' title="bbox 339 3763 1853 3832">
     <span class='ocr_line' id='line_1_63' title="bbox 339 3763 1853 3832; baseline -0.004 -7"><span class='ocrx_word' id='word_1_506' title='bbox 339 3763 368 3809; x_wconf 67' lang='grc' dir='ltr'>ά</span> <span class='ocrx_word' id='word_1_507' title='bbox 394 3773 456 3825; x_wconf 85' lang='grc' dir='ltr'>1η</span> <span class='ocrx_word' id='word_1_508' title='bbox 484 3772 651 3826; x_wconf 89' lang='lat' dir='ltr'><strong>tribus</strong></span> <span class='ocrx_word' id='word_1_509' title='bbox 677 3770 832 3825; x_wconf 91' lang='lat' dir='ltr'><strong>codd.</strong></span> <span class='ocrx_word' id='word_1_510' title='bbox 856 3768 915 3823; x_wconf 90' lang='lat' dir='ltr'><strong>S.</strong></span> <span class='ocrx_word' id='word_1_511' title='bbox 937 3768 1142 3830; x_wconf 88' lang='lat' dir='ltr'><strong>Crucis,</strong></span> <span class='ocrx_word' id='word_1_512' title='bbox 1164 3768 1220 3821; x_wconf 89' lang='lat' dir='ltr'><strong>in</strong></span> <span class='ocrx_word' id='word_1_513' title='bbox 1243 3766 1400 3822; x_wconf 91' lang='lat' dir='ltr'><strong>codd.</strong></span> <span class='ocrx_word' id='word_1_514' title='bbox 1422 3763 1591 3832; x_wconf 86' lang='lat' dir='ltr'><strong>Farf.,</strong></span> <span class='ocrx_word' id='word_1_515' title='bbox 1623 3764 1681 3821; x_wconf 93' lang='grc'><strong>8.</strong></span> <span class='ocrx_word' id='word_1_516' title='bbox 1713 3763 1853 3831; x_wconf 90' lang='lat' dir='ltr'><strong>Pet.,</strong></span> 
     </span>
    </p>
   </div>
   <div class='ocr_carea' id='block_1_64' title="bbox 267 3839 1252 3908">
    <p class='ocr_par' dir='ltr' id='par_1_64' title="bbox 267 3839 1252 3908">
     <span class='ocr_line' id='line_1_64' title="bbox 267 3839 1252 3908; baseline -0.006 -11"><span class='ocrx_word' id='word_1_517' title='bbox 267 3843 322 3897; x_wconf 90' lang='lat' dir='ltr'><strong>in</strong></span> <span class='ocrx_word' id='word_1_518' title='bbox 351 3842 608 3897; x_wconf 90' lang='lat' dir='ltr'><strong>Urbevet.</strong></span> <span class='ocrx_word' id='word_1_519' title='bbox 639 3849 695 3896; x_wconf 90' lang='lat' dir='ltr'><strong>et</strong></span> <span class='ocrx_word' id='word_1_520' title='bbox 721 3840 900 3896; x_wconf 89' lang='lat' dir='ltr'><strong>Casin.</strong></span> <span class='ocrx_word' id='word_1_521' title='bbox 933 3839 1085 3903; x_wconf 87' lang='lat' dir='ltr'><strong>deest</strong></span> <span class='ocrx_word' id='word_1_522' title='bbox 1112 3849 1252 3908; x_wconf 70' lang='lat' dir='ltr'><strong>puto.</strong></span> 
     </span>
    </p>
   </div>
   <div class='ocr_carea' id='block_1_65' title="bbox 343 3906 1549 3981">
    <p class='ocr_par' dir='ltr' id='par_1_65' title="bbox 343 3906 1549 3981">
     <span class='ocr_line' id='line_1_65' title="bbox 343 3906 1549 3981; baseline -0.006 -16"><span class='ocrx_word' id='word_1_523' title='bbox 343 3923 368 3949; x_wconf 74' lang='grc'><strong>⁸</strong></span> <span class='ocrx_word' id='word_1_524' title='bbox 401 3912 461 3965; x_wconf 91' lang='lat' dir='ltr'><strong>ln</strong></span> <span class='ocrx_word' id='word_1_525' title='bbox 488 3912 727 3981; x_wconf 88' lang='lat' dir='ltr'><strong>pluribus</strong></span> <span class='ocrx_word' id='word_1_526' title='bbox 755 3927 883 3981; x_wconf 85' lang='lat' dir='ltr'><strong>mss.</strong></span> <span class='ocrx_word' id='word_1_527' title='bbox 918 3906 1319 3981; x_wconf 79' lang='lat' dir='ltr'><strong>usurpatur_Et_</strong></span> <span class='ocrx_word' id='word_1_528' title='bbox 1334 3921 1434 3977; x_wconf 90' lang='lat' dir='ltr'><strong>pro</strong></span> <span class='ocrx_word' id='word_1_529' title='bbox 1462 3906 1549 3981; x_wconf 55' lang='lat' dir='ltr'><strong>At:</strong></span> 
     </span>
    </p>
   </div>
   <div class='ocr_carea' id='block_1_66' title="bbox 272 3974 1858 4106">
    <p class='ocr_par' dir='ltr' id='par_1_66' title="bbox 272 3974 1858 4106">
     <span class='ocr_line' id='line_1_66' title="bbox 272 3974 1858 4106; baseline -0.004 -70"><span class='ocrx_word' id='word_1_530' title='bbox 272 3982 364 4106; x_wconf 60' lang='grc' dir='ltr'><strong>Β(</strong></span> <span class='ocrx_word' id='word_1_531' title='bbox 402 3974 575 4036; x_wconf 81' lang='lat' dir='ltr'><strong>Codd.</strong></span> <span class='ocrx_word' id='word_1_532' title='bbox 604 3980 934 4034; x_wconf 87' lang='lat' dir='ltr'><strong>Vallicellan.</strong></span> <span class='ocrx_word' id='word_1_533' title='bbox 984 3974 1065 4031; x_wconf 42' lang='lat'><strong>25‘</strong></span> <span class='ocrx_word' id='word_1_534' title='bbox 1099 3985 1155 4033; x_wconf 93' lang='lat' dir='ltr'><strong>et</strong></span> <span class='ocrx_word' id='word_1_535' title='bbox 1200 3974 1454 4032; x_wconf 80' lang='lat' dir='ltr'><strong>Casinen.</strong></span> <span class='ocrx_word' id='word_1_536' title='bbox 1487 3974 1578 4044; x_wconf 72' lang='grc'><strong>42,</strong></span> <span class='ocrx_word' id='word_1_537' title='bbox 1623 3974 1690 4030; x_wconf 84' lang='grc' dir='ltr'>1η</span> <span class='ocrx_word' id='word_1_538' title='bbox 1733 3976 1858 4030; x_wconf 83' lang='lat' dir='ltr'><strong>urbe</strong></span> 
     </span>
     <span class='ocr_line' id='line_1_67' title="bbox 321 4069 1023 4106; baseline -0.009 0"><span class='ocrx_word' id='word_1_539' title='bbox 321 4069 536 4106; x_wconf 82' lang='lat' dir='ltr'><strong>onwna.</strong></span> <span class='ocrx_word' id='word_1_540' title='bbox 1018 4073 1023 4077; x_wconf 79' lang='lat'><strong>~</strong></span> 
     </span>
    </p>
   </div>
   <div class='ocr_carea' id='block_1_67' title="bbox 321 4069 1023 4107">
    <p class='ocr_par' dir='ltr' id='par_1_67' title="bbox 321 4069 1023 4107">
     <span class='ocr_line' id='line_1_68' title="bbox 321 4069 1023 4107; baseline -0.01 0"><span class='ocrx_word' id='word_1_541' title='bbox 321 4069 536 4107; x_wconf 82' lang='lat' dir='ltr'><strong>onwna.</strong></span> <span class='ocrx_word' id='word_1_542' title='bbox 1018 4073 1023 4077; x_wconf 78' lang='lat'><strong>‘</strong></span> 
     </span>
    </p>
   </div>
   <div class='ocr_carea' id='block_1_68' title="bbox 344 4114 1859 4187">
    <p class='ocr_par' dir='ltr' id='par_1_68' title="bbox 344 4114 1859 4187">
     <span class='ocr_line' id='line_1_69' title="bbox 344 4114 1859 4187; baseline -0.005 -11"><span class='ocrx_word' id='word_1_543' title='bbox 344 4133 369 4169; x_wconf 73' lang='grc' dir='ltr'>ε</span> <span class='ocrx_word' id='word_1_544' title='bbox 402 4121 536 4176; x_wconf 88' lang='lat' dir='ltr'><strong>Cod.</strong></span> <span class='ocrx_word' id='word_1_545' title='bbox 568 4120 626 4175; x_wconf 89' lang='grc'><strong>8.</strong></span> <span class='ocrx_word' id='word_1_546' title='bbox 668 4120 784 4174; x_wconf 92' lang='lat' dir='ltr'><strong>Pet.</strong></span> <span class='ocrx_word' id='word_1_547' title='bbox 813 4116 943 4173; x_wconf 68' lang='lat' dir='ltr'><strong>40F</strong></span> <span class='ocrx_word' id='word_1_548' title='bbox 971 4119 1133 4173; x_wconf 89' lang='lat' dir='ltr'><strong>habet</strong></span> <span class='ocrx_word' id='word_1_549' title='bbox 1162 4134 1175 4169; x_wconf 88' lang='lat'><strong>:</strong></span> <span class='ocrx_word' id='word_1_550' title='bbox 1204 4117 1399 4170; x_wconf 75' lang='lat' dir='ltr'><strong>scilicet</strong></span> <span class='ocrx_word' id='word_1_551' title='bbox 1422 4126 1478 4168; x_wconf 89' lang='lat' dir='ltr'><strong>ut</strong></span> <span class='ocrx_word' id='word_1_552' title='bbox 1498 4116 1569 4187; x_wconf 84' lang='lat' dir='ltr'><strong>ibi</strong></span> <span class='ocrx_word' id='word_1_553' title='bbox 1590 4114 1859 4187; x_wconf 84' lang='lat' dir='ltr'><strong>gentilium</strong></span> 
     </span>
    </p>
   </div>
   <div class='ocr_carea' id='block_1_69' title="bbox 268 4186 1861 4263">
    <p class='ocr_par' dir='ltr' id='par_1_69' title="bbox 268 4186 1861 4263">
     <span class='ocr_line' id='line_1_70' title="bbox 268 4186 1861 4263; baseline -0.006 -17"><span class='ocrx_word' id='word_1_554' title='bbox 268 4193 531 4263; x_wconf 78' lang='lat' dir='ltr'><strong>principes</strong></span> <span class='ocrx_word' id='word_1_555' title='bbox 550 4190 903 4263; x_wconf 79' lang='lat' dir='ltr'><strong>morabantur,</strong></span> <span class='ocrx_word' id='word_1_556' title='bbox 927 4190 997 4263; x_wconf 87' lang='lat' dir='ltr'><strong>ibi</strong></span> <span class='ocrx_word' id='word_1_557' title='bbox 1020 4186 1861 4263; x_wconf 65' lang='lat' dir='ltr'><strong>beatorum_apostolorum_mepzo-</strong></span> 
     </span>
    </p>
   </div>
   <div class='ocr_carea' id='block_1_70' title="bbox 268 4254 1854 4320">
    <p class='ocr_par' dir='ltr' id='par_1_70' title="bbox 268 4254 1854 4320">
     <span class='ocr_line' id='line_1_71' title="bbox 268 4254 1854 4320; baseline -0.006 -3"><span class='ocrx_word' id='word_1_558' title='bbox 268 4254 366 4317; x_wconf 68' lang='lat' dir='ltr'><strong>ria:</strong></span> <span class='ocrx_word' id='word_1_559' title='bbox 396 4254 831 4315; x_wconf 83' lang='lat' dir='ltr'><strong>construerentur.</strong></span> <span class='ocrx_word' id='word_1_560' title='bbox 864 4262 1020 4320; x_wconf 86' lang='lat' dir='ltr'><strong>Cujus</strong></span> <span class='ocrx_word' id='word_1_561' title='bbox 1050 4266 1221 4311; x_wconf 88' lang='lat' dir='ltr'><strong>autem</strong></span> <span class='ocrx_word' id='word_1_562' title='bbox 1250 4258 1374 4320; x_wconf 88' lang='lat' dir='ltr'><strong>sint,</strong></span> <span class='ocrx_word' id='word_1_563' title='bbox 1421 4264 1525 4312; x_wconf 91' lang='lat' dir='ltr'><strong>etc.</strong></span> <span class='ocrx_word' id='word_1_564' title='bbox 1559 4254 1692 4309; x_wconf 86' lang='lat' dir='ltr'><strong>Cod.</strong></span> <span class='ocrx_word' id='word_1_565' title='bbox 1725 4254 1854 4308; x_wconf 90' lang='lat' dir='ltr'><strong>Val-</strong></span> 
     </span>
    </p>
   </div>
   <div class='ocr_carea' id='block_1_71' title="bbox 271 4325 1855 4397">
    <p class='ocr_par' dir='ltr' id='par_1_71' title="bbox 271 4325 1855 4397">
     <span class='ocr_line' id='line_1_72' title="bbox 271 4325 1855 4397; baseline -0.006 -11"><span class='ocrx_word' id='word_1_566' title='bbox 271 4333 359 4387; x_wconf 85' lang='lat' dir='ltr'><strong>lic.</strong></span> <span class='ocrx_word' id='word_1_567' title='bbox 398 4332 445 4385; x_wconf 79' lang='lat' dir='ltr'><strong>A</strong></span> <span class='ocrx_word' id='word_1_568' title='bbox 471 4331 525 4395; x_wconf 84' lang='lat'><strong>9,</strong></span> <span class='ocrx_word' id='word_1_569' title='bbox 555 4332 773 4395; x_wconf 85' lang='lat' dir='ltr'><strong>scilicet,</strong></span> <span class='ocrx_word' id='word_1_570' title='bbox 814 4340 870 4383; x_wconf 87' lang='lat' dir='ltr'><strong>ut</strong></span> <span class='ocrx_word' id='word_1_571' title='bbox 907 4325 978 4384; x_wconf 84' lang='lat' dir='ltr'><strong>ibi</strong></span> <span class='ocrx_word' id='word_1_572' title='bbox 1021 4338 1175 4397; x_wconf 89' lang='lat' dir='ltr'><strong>caput</strong></span> <span class='ocrx_word' id='word_1_573' title='bbox 1213 4329 1495 4397; x_wconf 82' lang='lat' dir='ltr'><strong>quiesceret</strong></span> <span class='ocrx_word' id='word_1_574' title='bbox 1538 4325 1855 4397; x_wconf 72' lang='lat' dir='ltr'><strong>sanctitatis,</strong></span> 
     </span>
    </p>
   </div>
   <div class='ocr_carea' id='block_1_72' title="bbox 268 4395 1859 4472">
    <p class='ocr_par' dir='ltr' id='par_1_72' title="bbox 268 4395 1859 4472">
     <span class='ocr_line' id='line_1_73' title="bbox 268 4395 1859 4472; baseline -0.004 -17"><span class='ocrx_word' id='word_1_575' title='bbox 268 4404 355 4455; x_wconf 76' lang='lat' dir='ltr'><strong>ubi</strong></span> <span class='ocrx_word' id='word_1_576' title='bbox 387 4404 654 4472; x_wconf 79' lang='lat' dir='ltr'><strong>gentilium</strong></span> <span class='ocrx_word' id='word_1_577' title='bbox 694 4402 960 4472; x_wconf 61' lang='lat' dir='ltr'><strong>principes</strong></span> <span class='ocrx_word' id='word_1_578' title='bbox 999 4395 1317 4472; x_wconf 74' lang='lat' dir='ltr'><strong>habitabant,</strong></span> <span class='ocrx_word' id='word_1_579' title='bbox 1370 4397 1478 4472; x_wconf 70' lang='lat' dir='ltr'><strong>illic</strong></span> <span class='ocrx_word' id='word_1_580' title='bbox 1528 4395 1859 4472; x_wconf 77' lang='lat' dir='ltr'><strong>ecclesiarum</strong></span> 
     </span>
    </p>
   </div>
   <div class='ocr_carea' id='block_1_73' title="bbox 269 4465 1860 4540">
    <p class='ocr_par' dir='ltr' id='par_1_73' title="bbox 269 4465 1860 4540">
     <span class='ocr_line' id='line_1_74' title="bbox 269 4465 1860 4540; baseline -0.003 -15"><span class='ocrx_word' id='word_1_581' title='bbox 269 4465 529 4540; x_wconf 58' lang='lat' dir='ltr'><strong>principes</strong></span> <span class='ocrx_word' id='word_1_582' title='bbox 547 4465 891 4524; x_wconf 75' lang='lat' dir='ltr'><strong>morarentur.</strong></span> <span class='ocrx_word' id='word_1_583' title='bbox 916 4468 1219 4524; x_wconf 84' lang='lat' dir='ltr'><strong>Notandum</strong></span> <span class='ocrx_word' id='word_1_584' title='bbox 1244 4468 1294 4540; x_wconf 79' lang='lat' dir='ltr'><strong>in</strong></span> <span class='ocrx_word' id='word_1_585' title='bbox 1317 4467 1559 4540; x_wconf 83' lang='lat' dir='ltr'><strong>cod._lioc</strong></span> <span class='ocrx_word' id='word_1_586' title='bbox 1585 4465 1860 4540; x_wconf 70' lang='lat' dir='ltr'><strong>legiprius</strong></span> 
     </span>
    </p>
   </div>
   <div class='ocr_carea' id='block_1_74' title="bbox 270 4534 1858 4620">
    <p class='ocr_par' dir='ltr' id='par_1_74' title="bbox 270 4534 1858 4620">
     <span class='ocr_line' id='line_1_75' title="bbox 270 4534 1858 4620; baseline -0.004 -24"><span class='ocrx_word' id='word_1_587' title='bbox 270 4534 610 4620; x_wconf 48' lang='lat' dir='ltr'><strong>morerentur.</strong></span> <span class='ocrx_word' id='word_1_588' title='bbox 638 4540 885 4620; x_wconf 47' lang='lat' dir='ltr'><strong>Apparet-</strong></span> <span class='ocrx_word' id='word_1_589' title='bbox 892 4541 1089 4620; x_wconf 83' lang='lat' dir='ltr'><strong>quippe</strong></span> <span class='ocrx_word' id='word_1_590' title='bbox 1119 4535 1401 4593; x_wconf 82' lang='lat' dir='ltr'><strong>manifeste</strong></span> <span class='ocrx_word' id='word_1_591' title='bbox 1430 4534 1661 4620; x_wconf 56' lang='lat' dir='ltr'><strong>deletam</strong></span> <span class='ocrx_word' id='word_1_592' title='bbox 1689 4534 1858 4620; x_wconf 61' lang='lat' dir='ltr'><strong>fuisse</strong></span> 
     </span>
    </p>
   </div>
   <div class='ocr_carea' id='block_1_75' title="bbox 269 4604 1857 4665">
    <p class='ocr_par' dir='ltr' id='par_1_75' title="bbox 269 4604 1857 4665">
     <span class='ocr_line' id='line_1_76' title="bbox 269 4604 1857 4665; baseline -0.003 -1"><span class='ocrx_word' id='word_1_593' title='bbox 269 4612 505 4664; x_wconf 88' lang='lat' dir='ltr'><strong>litteram</strong></span> <span class='ocrx_word' id='word_1_594' title='bbox 545 4629 573 4665; x_wconf 88' lang='lat' dir='ltr'><strong>e</strong></span> <span class='ocrx_word' id='word_1_595' title='bbox 607 4619 661 4664; x_wconf 90' lang='lat' dir='ltr'><strong>et</strong></span> <span class='ocrx_word' id='word_1_596' title='bbox 687 4604 745 4662; x_wconf 81' lang='lat' dir='ltr'><strong>in</strong></span> <span class='ocrx_word' id='word_1_597' title='bbox 787 4627 818 4663; x_wconf 94' lang='lat' dir='ltr'><strong>a</strong></span> <span class='ocrx_word' id='word_1_598' title='bbox 857 4604 1039 4665; x_wconf 65' lang='lat' dir='ltr'><strong>fuisse</strong></span> <span class='ocrx_word' id='word_1_599' title='bbox 1060 4624 1395 4663; x_wconf 84' lang='lat' dir='ltr'><strong>conversam.</strong></span> <span class='ocrx_word' id='word_1_600' title='bbox 1423 4638 1495 4648; x_wconf 91' lang='lat'><strong>—-</strong></span> <span class='ocrx_word' id='word_1_601' title='bbox 1522 4605 1653 4659; x_wconf 93' lang='lat' dir='ltr'><strong>Cod.</strong></span> <span class='ocrx_word' id='word_1_602' title='bbox 1689 4604 1857 4659; x_wconf 89' lang='lat' dir='ltr'><strong>Urbe-</strong></span> 
     </span>
    </p>
   </div>
   <div class='ocr_carea' id='block_1_76' title="bbox 268 4677 1857 4763">
    <p class='ocr_par' dir='ltr' id='par_1_76' title="bbox 268 4677 1857 4763">
     <span class='ocr_line' id='line_1_77' title="bbox 268 4677 1857 4763; baseline -0.003 -32"><span class='ocrx_word' id='word_1_603' title='bbox 268 4690 413 4763; x_wconf 51' lang='lat' dir='ltr'><strong>vet.,</strong></span> <span class='ocrx_word' id='word_1_604' title='bbox 436 4691 489 4735; x_wconf 93' lang='lat' dir='ltr'><strong>et</strong></span> <span class='ocrx_word' id='word_1_605' title='bbox 516 4681 603 4763; x_wconf 76' lang='lat' dir='ltr'><strong>ubi</strong></span> <span class='ocrx_word' id='word_1_606' title='bbox 636 4679 911 4763; x_wconf 74' lang='lat' dir='ltr'><strong>gentilium</strong></span> <span class='ocrx_word' id='word_1_607' title='bbox 940 4678 1210 4763; x_wconf 67' lang='lat' dir='ltr'><strong>principes</strong></span> <span class='ocrx_word' id='word_1_608' title='bbox 1238 4684 1597 4741; x_wconf 91' lang='lat' dir='ltr'><strong>morarentur,</strong></span> <span class='ocrx_word' id='word_1_609' title='bbox 1725 4691 1857 4763; x_wconf 45' lang='lat' dir='ltr'><strong>apo:</strong></span> 
     </span>
    </p>
   </div>
   <div class='ocr_carea' id='block_1_77' title="bbox 268 4746 1859 4822">
    <p class='ocr_par' dir='ltr' id='par_1_77' title="bbox 268 4746 1859 4822">
     <span class='ocr_line' id='line_1_78' title="bbox 268 4746 1859 4822; baseline -0.003 -21"><span class='ocrx_word' id='word_1_610' title='bbox 268 4753 461 4822; x_wconf 77' lang='lat' dir='ltr'><strong>stolica</strong></span> <span class='ocrx_word' id='word_1_611' title='bbox 506 4746 735 4822; x_wconf 68' lang='lat' dir='ltr'><strong>dignitas</strong></span> <span class='ocrx_word' id='word_1_612' title='bbox 766 4746 1030 4822; x_wconf 67' lang='lat' dir='ltr'><strong>resideret.</strong></span> <span class='ocrx_word' id='word_1_613' title='bbox 1066 4746 1488 4822; x_wconf 44' lang='lat' dir='ltr'><strong>Quibushautem</strong></span> <span class='ocrx_word' id='word_1_614' title='bbox 1523 4747 1715 4822; x_wconf 78' lang='lat' dir='ltr'><strong>meritis</strong></span> <span class='ocrx_word' id='word_1_615' title='bbox 1754 4746 1859 4798; x_wconf 90' lang='lat' dir='ltr'><strong>sint</strong></span> 
     </span>
    </p>
   </div>
   <div class='ocr_carea' id='block_1_78' title="bbox 265 4815 1855 4883">
    <p class='ocr_par' dir='ltr' id='par_1_78' title="bbox 265 4815 1855 4883">
     <span class='ocr_line' id='line_1_79' title="bbox 265 4815 1855 4883; baseline -0.003 -10"><span class='ocrx_word' id='word_1_616' title='bbox 265 4815 775 4876; x_wconf 59' lang='lat' dir='ltr'><strong>beatissimi&#39;Petrus</strong></span> <span class='ocrx_word' id='word_1_617' title='bbox 803 4830 852 4873; x_wconf 90' lang='lat' dir='ltr'><strong>et</strong></span> <span class='ocrx_word' id='word_1_618' title='bbox 884 4819 1098 4883; x_wconf 81' lang='lat' dir='ltr'><strong>Paulus,</strong></span> <span class='ocrx_word' id='word_1_619' title='bbox 1128 4827 1233 4873; x_wconf 91' lang='lat' dir='ltr'><strong>etc.</strong></span> <span class='ocrx_word' id='word_1_620' title='bbox 1266 4818 1358 4871; x_wconf 91' lang='lat' dir='ltr'><strong>Illa</strong></span> <span class='ocrx_word' id='word_1_621' title='bbox 1383 4817 1542 4870; x_wconf 89' lang='lat' dir='ltr'><strong>verba</strong></span> <span class='ocrx_word' id='word_1_622' title='bbox 1571 4815 1855 4883; x_wconf 86' lang='lat' dir='ltr'><strong>subnotata</strong></span> 
     </span>
    </p>
   </div>
   <div class='ocr_carea' id='block_1_79' title="bbox 266 4884 1857 5016">
    <p class='ocr_par' dir='ltr' id='par_1_79' title="bbox 266 4884 1857 5016">
     <span class='ocr_line' id='line_1_80' title="bbox 266 4884 1857 4961; baseline -0.003 -17"><span class='ocrx_word' id='word_1_623' title='bbox 266 4892 519 4961; x_wconf 78' lang='lat' dir='ltr'><strong>apposita</strong></span> <span class='ocrx_word' id='word_1_624' title='bbox 558 4890 962 4959; x_wconf 91' lang='lat' dir='ltr'><strong>conspiciuntur</strong></span> <span class='ocrx_word' id='word_1_625' title='bbox 1000 4888 1054 4943; x_wconf 90' lang='lat' dir='ltr'><strong>in</strong></span> <span class='ocrx_word' id='word_1_626' title='bbox 1083 4889 1323 4958; x_wconf 90' lang='lat' dir='ltr'><strong>margine</strong></span> <span class='ocrx_word' id='word_1_627' title='bbox 1351 4886 1575 4949; x_wconf 86' lang='lat' dir='ltr'><strong>codicis,</strong></span> <span class='ocrx_word' id='word_1_628' title='bbox 1605 4884 1709 4939; x_wconf 85' lang='lat' dir='ltr'><strong>alia</strong></span> <span class='ocrx_word' id='word_1_629' title='bbox 1736 4886 1857 4953; x_wconf 87' lang='lat' dir='ltr'><strong>qni-</strong></span> 
     </span>
     <span class='ocr_line' id='line_1_81' title="bbox 266 4953 1854 5016; baseline -0.004 0"><span class='ocrx_word' id='word_1_630' title='bbox 266 4958 397 5016; x_wconf 89' lang='lat' dir='ltr'><strong>dem</strong></span> <span class='ocrx_word' id='word_1_631' title='bbox 428 4978 606 5016; x_wconf 82' lang='lat' dir='ltr'><strong>manu.</strong></span> <span class='ocrx_word' id='word_1_632' title='bbox 632 4960 800 5015; x_wconf 89' lang='lat' dir='ltr'><strong>veteri</strong></span> <span class='ocrx_word' id='word_1_633' title='bbox 829 4967 1029 5014; x_wconf 91' lang='lat' dir='ltr'><strong>tamen.</strong></span> <span class='ocrx_word' id='word_1_634' title='bbox 1056 4991 1127 5000; x_wconf 92' lang='lat'><strong>—-</strong></span> <span class='ocrx_word' id='word_1_635' title='bbox 1152 4958 1320 5012; x_wconf 87' lang='lat' dir='ltr'><strong>Codd.</strong></span> <span class='ocrx_word' id='word_1_636' title='bbox 1345 4957 1402 5012; x_wconf 93' lang='grc'><strong>8.</strong></span> <span class='ocrx_word' id='word_1_637' title='bbox 1431 4957 1617 5012; x_wconf 90' lang='lat' dir='ltr'><strong>Crucis</strong></span> <span class='ocrx_word' id='word_1_638' title='bbox 1645 4955 1700 5010; x_wconf 90' lang='lat' dir='ltr'><strong>in</strong></span> <span class='ocrx_word' id='word_1_639' title='bbox 1720 4953 1854 5016; x_wconf 83' lang='lat' dir='ltr'><strong>Jer.,</strong></span> 
     </span>
    </p>
   </div>
   <div class='ocr_carea' id='block_1_80' title="bbox 304 4972 1829 5015">
    <p class='ocr_par' dir='ltr' id='par_1_80' title="bbox 304 4972 1829 5015">
     <span class='ocr_line' id='line_1_82' title="bbox 304 4972 1829 5015; baseline -0.004 0"><span class='ocrx_word' id='word_1_640' title='bbox 304 4977 397 5015; x_wconf 90' lang='lat' dir='ltr'><strong>em</strong></span> <span class='ocrx_word' id='word_1_641' title='bbox 428 4978 606 5015; x_wconf 83' lang='lat' dir='ltr'><strong>manu.</strong></span> <span class='ocrx_word' id='word_1_642' title='bbox 632 4972 800 5015; x_wconf 84' lang='lat' dir='ltr'><strong>vetcrt</strong></span> <span class='ocrx_word' id='word_1_643' title='bbox 829 4972 1029 5014; x_wconf 90' lang='lat' dir='ltr'><strong>tamen.</strong></span> <span class='ocrx_word' id='word_1_644' title='bbox 1056 4991 1127 5000; x_wconf 92' lang='lat'><strong>—-</strong></span> <span class='ocrx_word' id='word_1_645' title='bbox 1152 4972 1320 5012; x_wconf 63' lang='lat' dir='ltr'><strong>U000.</strong></span> <span class='ocrx_word' id='word_1_646' title='bbox 1345 4972 1402 5012; x_wconf 72' lang='grc' dir='ltr'>δ.</span> <span class='ocrx_word' id='word_1_647' title='bbox 1431 4972 1617 5012; x_wconf 73' lang='grc' dir='ltr'><strong>ωυοιε</strong></span> <span class='ocrx_word' id='word_1_648' title='bbox 1645 4972 1700 5010; x_wconf 81' lang='grc' dir='ltr'><strong>ιιι</strong></span> <span class='ocrx_word' id='word_1_649' title='bbox 1720 4972 1829 5010; x_wconf 75' lang='lat' dir='ltr'><strong>JBI&#39;.</strong></span> 
     </span>
    </p>
   </div>
   <div class='ocr_carea' id='block_1_81' title="bbox 266 4994 1854 5098">
    <p class='ocr_par' dir='ltr' id='par_1_81' title="bbox 266 4994 1854 5098">
     <span class='ocr_line' id='line_1_83' title="bbox 266 4994 1854 5027; baseline -0.004 -11"><span class='ocrx_word' id='word_1_650' title='bbox 266 4994 397 5016; x_wconf 71' lang='lat' dir='ltr'><strong>“CIII</strong></span> <span class='ocrx_word' id='word_1_651' title='bbox 429 4994 606 5027; x_wconf 77' lang='lat' dir='ltr'><strong>suauu,</strong></span> <span class='ocrx_word' id='word_1_652' title='bbox 638 4994 800 5015; x_wconf 62' lang='grc' dir='ltr'>νειμιι</span> <span class='ocrx_word' id='word_1_653' title='bbox 832 4994 1029 5014; x_wconf 72' lang='grc' dir='ltr'>ιιιιυιιι.</span> <span class='ocrx_word' id='word_1_654' title='bbox 1056 4994 1127 5000; x_wconf 77' lang='grc'><strong>-“</strong></span> <span class='ocrx_word' id='word_1_655' title='bbox 1153 4994 1320 5012; x_wconf 77' lang='grc' dir='ltr'>υυυυι</span> <span class='ocrx_word' id='word_1_656' title='bbox 1346 4994 1402 5012; x_wconf 69' lang='grc' dir='ltr'><strong>υ.</strong></span> <span class='ocrx_word' id='word_1_657' title='bbox 1432 4994 1617 5012; x_wconf 68' lang='grc' dir='ltr'>υιυυιδ</span> <span class='ocrx_word' id='word_1_658' title='bbox 1646 4994 1700 5010; x_wconf 93' lang='grc' dir='ltr'><strong>ιιι</strong></span> <span class='ocrx_word' id='word_1_659' title='bbox 1720 4994 1854 5021; x_wconf 54' lang='lat' dir='ltr'><strong>tunc,</strong></span> 
     </span>
     <span class='ocr_line' id='line_1_84' title="bbox 266 5029 1726 5098; baseline -0.003 -15"><span class='ocrx_word' id='word_1_660' title='bbox 266 5040 324 5083; x_wconf 92' lang='lat' dir='ltr'><strong>et</strong></span> <span class='ocrx_word' id='word_1_661' title='bbox 360 5030 467 5083; x_wconf 91' lang='lat' dir='ltr'><strong>duo</strong></span> <span class='ocrx_word' id='word_1_662' title='bbox 494 5029 813 5085; x_wconf 83' lang='lat' dir='ltr'><strong>Casinenses</strong></span> <span class='ocrx_word' id='word_1_663' title='bbox 841 5030 1024 5098; x_wconf 86' lang='lat' dir='ltr'><strong>legunt</strong></span> <span class='ocrx_word' id='word_1_664' title='bbox 1052 5037 1392 5098; x_wconf 74' lang='lat' dir='ltr'><strong>morarentur.</strong></span> <span class='ocrx_word' id='word_1_665' title='bbox 1470 5096 1481 5098; x_wconf 75' lang='lat'><strong><em>_</em></strong></span> <span class='ocrx_word' id='word_1_666' title='bbox 1506 5097 1516 5098; x_wconf 17' lang='grc' dir='ltr'>ί</span> <span class='ocrx_word' id='word_1_667' title='bbox 1721 5097 1726 5098; x_wconf 14' lang='grc' dir='ltr'><em>γ</em></span> 
     </span>
    </p>
   </div>
   <div class='ocr_carea' id='block_1_82' title="bbox 348 5094 1854 5161">
    <p class='ocr_par' dir='ltr' id='par_1_82' title="bbox 348 5094 1854 5161">
     <span class='ocr_line' id='line_1_85' title="bbox 348 5094 1854 5161; baseline -0.002 -9"><span class='ocrx_word' id='word_1_668' title='bbox 348 5098 375 5136; x_wconf 76' lang='grc' dir='ltr'><strong>ιι</strong></span> <span class='ocrx_word' id='word_1_669' title='bbox 421 5099 547 5156; x_wconf 86' lang='lat' dir='ltr'><strong>Tres</strong></span> <span class='ocrx_word' id='word_1_670' title='bbox 575 5099 733 5155; x_wconf 90' lang='lat' dir='ltr'><strong>codd.</strong></span> <span class='ocrx_word' id='word_1_671' title='bbox 776 5098 833 5153; x_wconf 93' lang='lat' dir='ltr'><strong>S.</strong></span> <span class='ocrx_word' id='word_1_672' title='bbox 863 5094 1048 5154; x_wconf 70' lang='lat' dir='ltr'><strong>Crucis</strong></span> <span class='ocrx_word' id='word_1_673' title='bbox 1073 5100 1125 5152; x_wconf 92' lang='lat' dir='ltr'><strong>in</strong></span> <span class='ocrx_word' id='word_1_674' title='bbox 1153 5094 1262 5151; x_wconf 84' lang='lat' dir='ltr'><strong>Jer.</strong></span> <span class='ocrx_word' id='word_1_675' title='bbox 1299 5098 1383 5151; x_wconf 87' lang='lat' dir='ltr'><strong>hic</strong></span> <span class='ocrx_word' id='word_1_676' title='bbox 1418 5096 1619 5151; x_wconf 90' lang='lat' dir='ltr'><strong>addunt</strong></span> <span class='ocrx_word' id='word_1_677' title='bbox 1662 5097 1854 5161; x_wconf 88' lang='lat' dir='ltr'><strong>etiam;</strong></span> 
     </span>
    </p>
   </div>
   <div class='ocr_carea' id='block_1_83' title="bbox 265 5165 1854 5240">
    <p class='ocr_par' dir='ltr' id='par_1_83' title="bbox 265 5165 1854 5240">
     <span class='ocr_line' id='line_1_86' title="bbox 265 5165 1854 5240; baseline -0.003 -17"><span class='ocrx_word' id='word_1_678' title='bbox 265 5178 326 5240; x_wconf 71' lang='lat' dir='ltr'><strong>et</strong></span> <span class='ocrx_word' id='word_1_679' title='bbox 365 5169 445 5223; x_wconf 85' lang='lat' dir='ltr'><strong>ita</strong></span> <span class='ocrx_word' id='word_1_680' title='bbox 471 5172 674 5240; x_wconf 86' lang='lat' dir='ltr'><strong>pariter</strong></span> <span class='ocrx_word' id='word_1_681' title='bbox 695 5169 896 5240; x_wconf 78' lang='lat' dir='ltr'><strong>addunt</strong></span> <span class='ocrx_word' id='word_1_682' title='bbox 925 5170 1084 5240; x_wconf 63' lang='lat' dir='ltr'><strong>nobis</strong></span> <span class='ocrx_word' id='word_1_683' title='bbox 1101 5169 1343 5231; x_wconf 86' lang='lat' dir='ltr'><strong>contulit;</strong></span> <span class='ocrx_word' id='word_1_684' title='bbox 1373 5165 1691 5240; x_wconf 90' lang='lat' dir='ltr'><strong>sicut_codd.</strong></span> <span class='ocrx_word' id='word_1_685' title='bbox 1722 5165 1854 5219; x_wconf 85' lang='lat' dir='ltr'><strong>Far-</strong></span> 
     </span>
    </p>
   </div>
   <div class='ocr_carea' id='block_1_84' title="bbox 267 5236 1857 5309">
    <p class='ocr_par' dir='ltr' id='par_1_84' title="bbox 267 5236 1857 5309">
     <span class='ocr_line' id='line_1_87' title="bbox 267 5236 1857 5309; baseline -0.003 -16"><span class='ocrx_word' id='word_1_686' title='bbox 267 5238 413 5303; x_wconf 81' lang='lat' dir='ltr'><strong>fen.,</strong></span> <span class='ocrx_word' id='word_1_687' title='bbox 438 5236 667 5309; x_wconf 78' lang='lat' dir='ltr'><strong>quatuor</strong></span> <span class='ocrx_word' id='word_1_688' title='bbox 696 5239 843 5300; x_wconf 88' lang='lat' dir='ltr'><strong>Vat..</strong></span> <span class='ocrx_word' id='word_1_689' title='bbox 874 5248 929 5293; x_wconf 91' lang='lat' dir='ltr'><strong>et</strong></span> <span class='ocrx_word' id='word_1_690' title='bbox 955 5238 1010 5293; x_wconf 90' lang='lat' dir='ltr'><strong>S.</strong></span> <span class='ocrx_word' id='word_1_691' title='bbox 1055 5236 1195 5300; x_wconf 88' lang='lat' dir='ltr'><strong>Pet.,</strong></span> <span class='ocrx_word' id='word_1_692' title='bbox 1235 5248 1401 5291; x_wconf 82' lang='lat' dir='ltr'><strong>tamen</strong></span> <span class='ocrx_word' id='word_1_693' title='bbox 1432 5248 1479 5290; x_wconf 90' lang='lat' dir='ltr'><strong>et</strong></span> <span class='ocrx_word' id='word_1_694' title='bbox 1506 5237 1688 5290; x_wconf 82' lang='lat' dir='ltr'><strong>horum</strong></span> <span class='ocrx_word' id='word_1_695' title='bbox 1716 5252 1857 5289; x_wconf 88' lang='lat' dir='ltr'><strong>mar-</strong></span> 
     </span>
    </p>
   </div>
   <div class='ocr_carea' id='block_1_85' title="bbox 269 5309 1858 5449">
    <p class='ocr_par' dir='ltr' id='par_1_85' title="bbox 269 5309 1858 5449">
     <span class='ocr_line' id='line_1_88' title="bbox 269 5309 1428 5381; baseline -0.003 -18"><span class='ocrx_word' id='word_1_696' title='bbox 269 5312 466 5381; x_wconf 81' lang='lat' dir='ltr'><strong>tyrium</strong></span> <span class='ocrx_word' id='word_1_697' title='bbox 493 5312 639 5365; x_wconf 87' lang='lat' dir='ltr'><strong>nobis</strong></span> <span class='ocrx_word' id='word_1_698' title='bbox 669 5311 885 5364; x_wconf 89' lang='lat' dir='ltr'><strong>contulit</strong></span> <span class='ocrx_word' id='word_1_699' title='bbox 905 5310 974 5362; x_wconf 88' lang='lat' dir='ltr'><strong>ad</strong></span> <span class='ocrx_word' id='word_1_700' title='bbox 992 5309 1301 5378; x_wconf 72' lang='lat' dir='ltr'><strong>exemplum,</strong></span> <span class='ocrx_word' id='word_1_701' title='bbox 1326 5316 1428 5363; x_wconf 89' lang='lat' dir='ltr'><strong>etc.</strong></span> 
     </span>
     <span class='ocr_line' id='line_1_89' title="bbox 354 5375 1858 5449; baseline -0.003 -15"><span class='ocrx_word' id='word_1_702' title='bbox 354 5382 371 5416; x_wconf 77' lang='grc' dir='ltr'>ί</span> <span class='ocrx_word' id='word_1_703' title='bbox 410 5380 534 5434; x_wconf 88' lang='lat' dir='ltr'><strong>Cod.</strong></span> <span class='ocrx_word' id='word_1_704' title='bbox 560 5382 680 5434; x_wconf 88' lang='lat' dir='ltr'><strong>Vat.</strong></span> <span class='ocrx_word' id='word_1_705' title='bbox 712 5379 893 5433; x_wconf 88' lang='lat' dir='ltr'><strong>Ottob.</strong></span> <span class='ocrx_word' id='word_1_706' title='bbox 928 5380 1045 5443; x_wconf 82' lang='grc'>106,</span> <span class='ocrx_word' id='word_1_707' title='bbox 1079 5379 1382 5449; x_wconf 87' lang='lat' dir='ltr'><strong>sanguinem</strong></span> <span class='ocrx_word' id='word_1_708' title='bbox 1406 5394 1499 5447; x_wconf 89' lang='lat' dir='ltr'><strong>pro</strong></span> <span class='ocrx_word' id='word_1_709' title='bbox 1539 5375 1743 5431; x_wconf 82' lang='lat' dir='ltr'><strong>Christo</strong></span> <span class='ocrx_word' id='word_1_710' title='bbox 1771 5376 1858 5447; x_wconf 78' lang='lat' dir='ltr'><strong>[u-</strong></span> 
     </span>
    </p>
   </div>
   <div class='ocr_carea' id='block_1_86' title="bbox 266 5448 1286 5531">
    <p class='ocr_par' dir='ltr' id='par_1_86' title="bbox 266 5448 1286 5531">
     <span class='ocr_line' id='line_1_90' title="bbox 266 5448 1286 5531; baseline -0.002 -29"><span class='ocrx_word' id='word_1_711' title='bbox 266 5451 482 5531; x_wconf 60' lang='lat' dir='ltr'><strong>derunt.</strong></span> <span class='ocrx_word' id='word_1_712' title='bbox 506 5450 637 5531; x_wconf 62' lang='lat' dir='ltr'><strong>Cod.</strong></span> <span class='ocrx_word' id='word_1_713' title='bbox 662 5449 906 5531; x_wconf 44' lang='lat' dir='ltr'><strong>Fas-lenm,</strong></span> <span class='ocrx_word' id='word_1_714' title='bbox 934 5448 1286 5531; x_wconf 66' lang='lat' dir='ltr'><strong>perfuderunt.</strong></span> 
     </span>
    </p>
   </div>
   <div class='ocr_carea' id='block_1_87' title="bbox 355 5516 1855 5587">
    <p class='ocr_par' dir='ltr' id='par_1_87' title="bbox 355 5516 1855 5587">
     <span class='ocr_line' id='line_1_91' title="bbox 355 5516 1855 5587; baseline 0.003 -17"><span class='ocrx_word' id='word_1_715' title='bbox 355 5521 371 5569; x_wconf 83' lang='lat' dir='ltr'><strong>i</strong></span> <span class='ocrx_word' id='word_1_716' title='bbox 418 5518 541 5573; x_wconf 89' lang='lat' dir='ltr'><strong>Cod.</strong></span> <span class='ocrx_word' id='word_1_717' title='bbox 574 5520 697 5574; x_wconf 88' lang='lat' dir='ltr'><strong>Vat.</strong></span> <span class='ocrx_word' id='word_1_718' title='bbox 739 5518 862 5583; x_wconf 79' lang='lat'><strong>559,</strong></span> <span class='ocrx_word' id='word_1_719' title='bbox 897 5516 987 5572; x_wconf 78' lang='lat' dir='ltr'><strong>cur</strong></span> <span class='ocrx_word' id='word_1_720' title='bbox 1016 5516 1116 5572; x_wconf 87' lang='lat' dir='ltr'><strong>ista</strong></span> <span class='ocrx_word' id='word_1_721' title='bbox 1145 5520 1285 5587; x_wconf 86' lang='lat' dir='ltr'><strong>passi</strong></span> <span class='ocrx_word' id='word_1_722' title='bbox 1314 5526 1468 5581; x_wconf 89' lang='lat' dir='ltr'><strong>sunt;</strong></span> <span class='ocrx_word' id='word_1_723' title='bbox 1500 5516 1658 5574; x_wconf 88' lang='lat' dir='ltr'><strong>codd.</strong></span> <span class='ocrx_word' id='word_1_724' title='bbox 1696 5518 1855 5585; x_wconf 81' lang='grc'>1297,</span> 
     </span>
    </p>
   </div>
   <div class='ocr_carea' id='block_1_88' title="bbox 268 5587 1858 5671">
    <p class='ocr_par' dir='ltr' id='par_1_88' title="bbox 268 5587 1858 5671">
     <span class='ocr_line' id='line_1_92' title="bbox 268 5587 1858 5671; baseline 0 -28"><span class='ocrx_word' id='word_1_725' title='bbox 268 5590 349 5643; x_wconf 86' lang='lat' dir='ltr'><strong>ita</strong></span> <span class='ocrx_word' id='word_1_726' title='bbox 413 5590 565 5671; x_wconf 76' lang='lat' dir='ltr'><strong>etiam</strong></span> <span class='ocrx_word' id='word_1_727' title='bbox 596 5588 718 5671; x_wconf 88' lang='lat' dir='ltr'><strong>Vat.</strong></span> <span class='ocrx_word' id='word_1_728' title='bbox 764 5587 944 5644; x_wconf 88' lang='lat' dir='ltr'><strong>Ottob.</strong></span> <span class='ocrx_word' id='word_1_729' title='bbox 978 5589 1078 5643; x_wconf 85' lang='lat' dir='ltr'><strong>l06</strong></span> <span class='ocrx_word' id='word_1_730' title='bbox 1125 5596 1179 5642; x_wconf 89' lang='lat' dir='ltr'><strong>et</strong></span> <span class='ocrx_word' id='word_1_731' title='bbox 1206 5587 1387 5644; x_wconf 88' lang='lat' dir='ltr'><strong>Casin.</strong></span> <span class='ocrx_word' id='word_1_732' title='bbox 1416 5587 1539 5657; x_wconf 72' lang='grc'>142,</span> <span class='ocrx_word' id='word_1_733' title='bbox 1562 5606 1721 5660; x_wconf 84' lang='lat' dir='ltr'><strong>quare</strong></span> <span class='ocrx_word' id='word_1_734' title='bbox 1755 5594 1858 5646; x_wconf 86' lang='lat' dir='ltr'><strong>ista</strong></span> 
     </span>
    </p>
   </div>
   <div class='ocr_carea' id='block_1_89' title="bbox 372 5670 682 5725">
    <p class='ocr_par' dir='ltr' id='par_1_89' title="bbox 372 5670 682 5725">
     <span class='ocr_line' id='line_1_93' title="bbox 372 5670 682 5725; baseline 0.006 -16"><span class='ocrx_word' id='word_1_735' title='bbox 372 5670 505 5725; x_wconf 79' lang='lat' dir='ltr'><strong>pessi</strong></span> <span class='ocrx_word' id='word_1_736' title='bbox 541 5670 682 5713; x_wconf 89' lang='lat' dir='ltr'><strong>sunt.</strong></span> 
     </span>
    </p>
   </div>
   <div class='ocr_carea' id='block_1_90' title="bbox 352 5726 1852 5795">
    <p class='ocr_par' dir='ltr' id='par_1_90' title="bbox 352 5726 1852 5795">
     <span class='ocr_line' id='line_1_94' title="bbox 352 5726 1852 5795; baseline 0.001 -13"><span class='ocrx_word' id='word_1_737' title='bbox 352 5727 377 5764; x_wconf 67' lang='grc' dir='ltr'><em>κ</em></span> <span class='ocrx_word' id='word_1_738' title='bbox 415 5726 572 5785; x_wconf 87' lang='lat' dir='ltr'><strong>Codd.</strong></span> <span class='ocrx_word' id='word_1_739' title='bbox 604 5729 674 5785; x_wconf 83' lang='grc'><strong>12</strong></span> <span class='ocrx_word' id='word_1_740' title='bbox 697 5736 751 5783; x_wconf 89' lang='lat' dir='ltr'><strong>et</strong></span> <span class='ocrx_word' id='word_1_741' title='bbox 780 5727 847 5781; x_wconf 84' lang='lat'><strong>90</strong></span> <span class='ocrx_word' id='word_1_742' title='bbox 874 5726 930 5783; x_wconf 93' lang='lat' dir='ltr'><strong>S.</strong></span> <span class='ocrx_word' id='word_1_743' title='bbox 959 5728 1147 5784; x_wconf 90' lang='lat' dir='ltr'><strong>Crucis</strong></span> <span class='ocrx_word' id='word_1_744' title='bbox 1176 5727 1229 5782; x_wconf 92' lang='lat' dir='ltr'><strong>in</strong></span> <span class='ocrx_word' id='word_1_745' title='bbox 1248 5727 1384 5795; x_wconf 81' lang='lat' dir='ltr'><strong>Jer.,</strong></span> <span class='ocrx_word' id='word_1_746' title='bbox 1407 5728 1479 5783; x_wconf 91' lang='lat' dir='ltr'><strong>ita</strong></span> <span class='ocrx_word' id='word_1_747' title='bbox 1501 5730 1664 5782; x_wconf 90' lang='lat' dir='ltr'><strong>etiam</strong></span> <span class='ocrx_word' id='word_1_748' title='bbox 1684 5728 1852 5792; x_wconf 82' lang='lat' dir='ltr'><strong>Farf..</strong></span> 
     </span>
    </p>
   </div>
   <div class='ocr_carea' id='block_1_91' title="bbox 266 5795 1855 5871">
    <p class='ocr_par' dir='ltr' id='par_1_91' title="bbox 266 5795 1855 5871">
     <span class='ocr_line' id='line_1_95' title="bbox 266 5795 1855 5871; baseline 0.001 -19"><span class='ocrx_word' id='word_1_749' title='bbox 266 5808 400 5855; x_wconf 75' lang='lat' dir='ltr'><strong>tres</strong></span> <span class='ocrx_word' id='word_1_750' title='bbox 429 5795 539 5855; x_wconf 85' lang='lat' dir='ltr'><strong>Vat.</strong></span> <span class='ocrx_word' id='word_1_751' title='bbox 569 5813 693 5856; x_wconf 90' lang='lat' dir='ltr'><strong>cum</strong></span> <span class='ocrx_word' id='word_1_752' title='bbox 721 5798 854 5853; x_wconf 80' lang='lat' dir='ltr'><strong>Vull.</strong></span> <span class='ocrx_word' id='word_1_753' title='bbox 887 5799 918 5852; x_wconf 88' lang='lat'><strong>7</strong></span> <span class='ocrx_word' id='word_1_754' title='bbox 941 5799 1004 5871; x_wconf 80' lang='grc' dir='ltr'>Α,</span> <span class='ocrx_word' id='word_1_755' title='bbox 1029 5799 1149 5855; x_wconf 87' lang='lat' dir='ltr'><strong>Vat.</strong></span> <span class='ocrx_word' id='word_1_756' title='bbox 1179 5798 1333 5855; x_wconf 88' lang='grc'>1277.</span> <span class='ocrx_word' id='word_1_757' title='bbox 1364 5798 1482 5854; x_wconf 82' lang='lat' dir='ltr'><strong>Vat.</strong></span> <span class='ocrx_word' id='word_1_758' title='bbox 1516 5796 1696 5854; x_wconf 90' lang='lat' dir='ltr'><strong>Ottob.</strong></span> <span class='ocrx_word' id='word_1_759' title='bbox 1732 5798 1855 5867; x_wconf 87' lang='lat' dir='ltr'><strong>l06,</strong></span> 
     </span>
    </p>
   </div>
   <div class='ocr_carea' id='block_1_92' title="bbox 1958 3417 3546 3543">
    <p class='ocr_par' dir='ltr' id='par_1_92' title="bbox 1958 3417 3546 3543">
     <span class='ocr_line' id='line_1_96' title="bbox 1958 3417 3546 3543; baseline 0.006 -72"><span class='ocrx_word' id='word_1_760' title='bbox 1958 3425 2224 3543; x_wconf 49' lang='lat' dir='ltr'><strong>estomnes</strong></span> <span class='ocrx_word' id='word_1_761' title='bbox 2251 3417 2432 3476; x_wconf 88' lang='lat' dir='ltr'><strong>Casin.</strong></span> <span class='ocrx_word' id='word_1_762' title='bbox 2480 3420 2680 3475; x_wconf 89' lang='lat' dir='ltr'><strong>habent</strong></span> <span class='ocrx_word' id='word_1_763' title='bbox 2707 3423 3063 3492; x_wconf 75' lang='lat' dir='ltr'><strong>prostrauerit.</strong></span> <span class='ocrx_word' id='word_1_764' title='bbox 3096 3420 3222 3476; x_wconf 88' lang='lat' dir='ltr'><strong>Cum</strong></span> <span class='ocrx_word' id='word_1_765' title='bbox 3248 3425 3385 3478; x_wconf 86' lang='lat' dir='ltr'><strong>enim</strong></span> <span class='ocrx_word' id='word_1_766' title='bbox 3412 3424 3546 3480; x_wconf 78' lang='lat' dir='ltr'><strong>idem</strong></span> 
     </span>
     <span class='ocr_line' id='line_1_97' title="bbox 2008 3505 2170 3543; baseline -0.006 -2"><span class='ocrx_word' id='word_1_767' title='bbox 2008 3505 2170 3543; x_wconf 74' lang='lat' dir='ltr'><strong>imon.</strong></span> 
     </span>
    </p>
   </div>
   <div class='ocr_carea' id='block_1_93' title="bbox 2008 3505 2170 3543">
    <p class='ocr_par' dir='ltr' id='par_1_93' title="bbox 2008 3505 2170 3543">
     <span class='ocr_line' id='line_1_98' title="bbox 2008 3505 2170 3543; baseline -0.006 -2"><span class='ocrx_word' id='word_1_768' title='bbox 2008 3505 2170 3543; x_wconf 79' lang='lat' dir='ltr'><strong>tmon.</strong></span> 
     </span>
    </p>
   </div>
   <div class='ocr_carea' id='block_1_94' title="bbox 2037 3557 3013 3633">
    <p class='ocr_par' dir='ltr' id='par_1_94' title="bbox 2037 3557 3013 3633">
     <span class='ocr_line' id='line_1_99' title="bbox 2037 3557 3013 3633; baseline 0.001 -20"><span class='ocrx_word' id='word_1_769' title='bbox 2037 3557 2053 3595; x_wconf 78' lang='grc' dir='ltr'>ι</span> <span class='ocrx_word' id='word_1_770' title='bbox 2088 3557 2220 3633; x_wconf 80' lang='lat' dir='ltr'><strong>Cod.</strong></span> <span class='ocrx_word' id='word_1_771' title='bbox 2259 3560 2573 3633; x_wconf 68' lang='lat' dir='ltr'><strong>Martinen.,</strong></span> <span class='ocrx_word' id='word_1_772' title='bbox 2599 3563 2748 3633; x_wconf 65' lang='lat' dir='ltr'><strong>[leris</strong></span> <span class='ocrx_word' id='word_1_773' title='bbox 2778 3560 3013 3633; x_wconf 44' lang='lat' dir='ltr'><strong>genibug</strong></span> 
     </span>
    </p>
   </div>
   <div class='ocr_carea' id='block_1_95' title="bbox 2032 3627 3561 3693">
    <p class='ocr_par' dir='ltr' id='par_1_95' title="bbox 2032 3627 3561 3693">
     <span class='ocr_line' id='line_1_100' title="bbox 2032 3627 3561 3693; baseline 0.005 -12"><span class='ocrx_word' id='word_1_774' title='bbox 2032 3638 2069 3664; x_wconf 74' lang='grc' dir='ltr'>ιη</span> <span class='ocrx_word' id='word_1_775' title='bbox 2099 3627 2242 3683; x_wconf 83' lang='lat' dir='ltr'><strong>Idem</strong></span> <span class='ocrx_word' id='word_1_776' title='bbox 2272 3632 2401 3685; x_wconf 90' lang='lat' dir='ltr'><strong>olim</strong></span> <span class='ocrx_word' id='word_1_777' title='bbox 2442 3627 2608 3687; x_wconf 55' lang='lat' dir='ltr'><strong>codd.</strong></span> <span class='ocrx_word' id='word_1_778' title='bbox 2631 3627 2935 3686; x_wconf 71' lang='lat' dir='ltr'><strong>:cdil.&#39;eccl.</strong></span> <span class='ocrx_word' id='word_1_779' title='bbox 2977 3630 3145 3693; x_wconf 89' lang='lat' dir='ltr'><strong>Flor.,</strong></span> <span class='ocrx_word' id='word_1_780' title='bbox 3178 3629 3246 3683; x_wconf 86' lang='grc'><strong>12</strong></span> <span class='ocrx_word' id='word_1_781' title='bbox 3271 3628 3328 3685; x_wconf 92' lang='grc'><strong>8.</strong></span> <span class='ocrx_word' id='word_1_782' title='bbox 3362 3631 3561 3689; x_wconf 24' lang='lat' dir='ltr'><strong>Crucis.</strong></span> 
     </span>
    </p>
   </div>
   <div class='ocr_carea' id='block_1_96' title="bbox 1959 3698 3547 3771">
    <p class='ocr_par' dir='ltr' id='par_1_96' title="bbox 1959 3698 3547 3771">
     <span class='ocr_line' id='line_1_101' title="bbox 1959 3698 3547 3771; baseline 0.003 -19"><span class='ocrx_word' id='word_1_783' title='bbox 1959 3698 2012 3771; x_wconf 86' lang='lat' dir='ltr'><strong>in</strong></span> <span class='ocrx_word' id='word_1_784' title='bbox 2034 3698 2168 3771; x_wconf 79' lang='lat' dir='ltr'><strong>.ler.,</strong></span> <span class='ocrx_word' id='word_1_785' title='bbox 2194 3698 2471 3767; x_wconf 90' lang='lat' dir='ltr'><strong>Urbevet.,</strong></span> <span class='ocrx_word' id='word_1_786' title='bbox 2494 3700 2675 3757; x_wconf 88' lang='lat' dir='ltr'><strong>Casin.</strong></span> <span class='ocrx_word' id='word_1_787' title='bbox 2705 3700 2809 3756; x_wconf 89' lang='grc'>102</span> <span class='ocrx_word' id='word_1_788' title='bbox 2827 3710 2882 3755; x_wconf 90' lang='lat' dir='ltr'><strong>et</strong></span> <span class='ocrx_word' id='word_1_789' title='bbox 2909 3699 3033 3765; x_wconf 74' lang='lat'><strong>305,</strong></span> <span class='ocrx_word' id='word_1_790' title='bbox 3052 3708 3101 3753; x_wconf 88' lang='lat' dir='ltr'><strong>et</strong></span> <span class='ocrx_word' id='word_1_791' title='bbox 3116 3702 3344 3771; x_wconf 85' lang='lat' dir='ltr'><strong>precatio</strong></span> <span class='ocrx_word' id='word_1_792' title='bbox 3366 3710 3547 3756; x_wconf 84' lang='lat' dir='ltr'><strong>sancta</strong></span> 
     </span>
    </p>
   </div>
   <div class='ocr_carea' id='block_1_97' title="bbox 1958 3769 3546 3842">
    <p class='ocr_par' dir='ltr' id='par_1_97' title="bbox 1958 3769 3546 3842">
     <span class='ocr_line' id='line_1_102' title="bbox 1958 3769 3546 3842; baseline 0.006 -22"><span class='ocrx_word' id='word_1_793' title='bbox 1958 3769 2076 3842; x_wconf 64' lang='lat' dir='ltr'><strong>ricit</strong></span> <span class='ocrx_word' id='word_1_794' title='bbox 2096 3774 2351 3841; x_wconf 83' lang='lat' dir='ltr'><strong>magicam</strong></span> <span class='ocrx_word' id='word_1_795' title='bbox 2372 3772 2661 3835; x_wconf 87' lang='lat' dir='ltr'><strong>levitatem;</strong></span> <span class='ocrx_word' id='word_1_796' title='bbox 2682 3773 2826 3842; x_wconf 87' lang='lat' dir='ltr'><strong>prius</strong></span> <span class='ocrx_word' id='word_1_797' title='bbox 2848 3772 2986 3825; x_wconf 89' lang='lat' dir='ltr'><strong>enim</strong></span> <span class='ocrx_word' id='word_1_798' title='bbox 3008 3769 3259 3838; x_wconf 82' lang='lat' dir='ltr'><strong>ascendit,</strong></span> <span class='ocrx_word' id='word_1_799' title='bbox 3279 3780 3384 3827; x_wconf 89' lang='lat' dir='ltr'><strong>etc.</strong></span> <span class='ocrx_word' id='word_1_800' title='bbox 3408 3771 3546 3831; x_wconf 84' lang='lat' dir='ltr'><strong>Cod.</strong></span> 
     </span>
    </p>
   </div>
   <div class='ocr_carea' id='block_1_98' title="bbox 1962 3838 2684 3913">
    <p class='ocr_par' dir='ltr' id='par_1_98' title="bbox 1962 3838 2684 3913">
     <span class='ocr_line' id='line_1_103' title="bbox 1962 3838 2684 3913; baseline 0.004 -23"><span class='ocrx_word' id='word_1_801' title='bbox 1962 3838 2127 3913; x_wconf 71' lang='lat' dir='ltr'><strong>Vat.._</strong></span> <span class='ocrx_word' id='word_1_802' title='bbox 2141 3838 2202 3913; x_wconf 59' lang='lat' dir='ltr'><strong>et:</strong></span> <span class='ocrx_word' id='word_1_803' title='bbox 2223 3852 2405 3913; x_wconf 69' lang='lat' dir='ltr'><strong>sancta</strong></span> <span class='ocrx_word' id='word_1_804' title='bbox 2433 3842 2684 3913; x_wconf 85' lang='lat' dir='ltr'><strong>precatio.</strong></span> 
     </span>
    </p>
   </div>
   <div class='ocr_carea' id='block_1_99' title="bbox 2032 3908 3068 3975">
    <p class='ocr_par' dir='ltr' id='par_1_99' title="bbox 2032 3908 3068 3975">
     <span class='ocr_line' id='line_1_104' title="bbox 2032 3908 3068 3975; baseline 0 -14"><span class='ocrx_word' id='word_1_805' title='bbox 2032 3918 2057 3943; x_wconf 77' lang='grc' dir='ltr'><strong>ιι</strong></span> <span class='ocrx_word' id='word_1_806' title='bbox 2088 3908 2220 3962; x_wconf 88' lang='lat' dir='ltr'><strong>Cod.</strong></span> <span class='ocrx_word' id='word_1_807' title='bbox 2256 3908 2494 3975; x_wconf 81' lang='lat' dir='ltr'><strong>Martin.,</strong></span> <span class='ocrx_word' id='word_1_808' title='bbox 2523 3912 2758 3965; x_wconf 83' lang='lat' dir='ltr'><strong>ascendit</strong></span> <span class='ocrx_word' id='word_1_809' title='bbox 2785 3912 2839 3964; x_wconf 85' lang='lat' dir='ltr'><strong>in</strong></span> <span class='ocrx_word' id='word_1_810' title='bbox 2867 3910 3068 3965; x_wconf 78' lang='lat' dir='ltr'><strong>cwlum.</strong></span> 
     </span>
    </p>
   </div>
   <div class='ocr_carea' id='block_1_100' title="bbox 2034 3976 3547 4051">
    <p class='ocr_par' dir='ltr' id='par_1_100' title="bbox 2034 3976 3547 4051">
     <span class='ocr_line' id='line_1_105' title="bbox 2034 3976 3547 4051; baseline 0.004 -20"><span class='ocrx_word' id='word_1_811' title='bbox 2034 3986 2059 4012; x_wconf 91' lang='lat'>°</span> <span class='ocrx_word' id='word_1_812' title='bbox 2101 3976 2355 4051; x_wconf 85' lang='lat' dir='ltr'><strong>Undecim</strong></span> <span class='ocrx_word' id='word_1_813' title='bbox 2403 3982 2597 4037; x_wconf 89' lang='lat' dir='ltr'><strong>saltem</strong></span> <span class='ocrx_word' id='word_1_814' title='bbox 2647 3981 2861 4037; x_wconf 88' lang='lat' dir='ltr'><strong>codices</strong></span> <span class='ocrx_word' id='word_1_815' title='bbox 2913 3981 3116 4035; x_wconf 91' lang='lat' dir='ltr'><strong>habent</strong></span> <span class='ocrx_word' id='word_1_816' title='bbox 3156 3980 3303 4051; x_wconf 85' lang='lat' dir='ltr'><strong>justa</strong></span> <span class='ocrx_word' id='word_1_817' title='bbox 3347 3982 3547 4051; x_wconf 86' lang='lat' dir='ltr'><strong>petitio,</strong></span> 
     </span>
    </p>
   </div>
   <div class='ocr_carea' id='block_1_101' title="bbox 1960 4046 3550 4127">
    <p class='ocr_par' dir='ltr' id='par_1_101' title="bbox 1960 4046 3550 4127">
     <span class='ocr_line' id='line_1_106' title="bbox 1960 4046 3550 4127; baseline 0.003 -26"><span class='ocrx_word' id='word_1_818' title='bbox 1960 4046 2014 4127; x_wconf 82' lang='lat' dir='ltr'><strong>in</strong></span> <span class='ocrx_word' id='word_1_819' title='bbox 2041 4063 2269 4115; x_wconf 85' lang='lat' dir='ltr'><strong>quorum</strong></span> <span class='ocrx_word' id='word_1_820' title='bbox 2294 4050 2396 4106; x_wconf 90' lang='lat' dir='ltr'><strong>lide</strong></span> <span class='ocrx_word' id='word_1_821' title='bbox 2419 4055 2490 4105; x_wconf 90' lang='lat' dir='ltr'><strong>ita</strong></span> <span class='ocrx_word' id='word_1_822' title='bbox 2515 4068 2617 4108; x_wconf 85' lang='lat' dir='ltr'><strong>nos</strong></span> <span class='ocrx_word' id='word_1_823' title='bbox 2643 4066 2861 4121; x_wconf 91' lang='lat' dir='ltr'><strong>quoque</strong></span> <span class='ocrx_word' id='word_1_824' title='bbox 2887 4046 3227 4107; x_wconf 80' lang='lat' dir='ltr'><strong>scribendum</strong></span> <span class='ocrx_word' id='word_1_825' title='bbox 3250 4046 3369 4106; x_wconf 80' lang='lat' dir='ltr'><strong>esse</strong></span> <span class='ocrx_word' id='word_1_826' title='bbox 3389 4060 3550 4121; x_wconf 91' lang='lat' dir='ltr'><strong>puta-</strong></span> 
     </span>
    </p>
   </div>
   <div class='ocr_carea' id='block_1_102' title="bbox 1960 4133 2154 4172">
    <p class='ocr_par' dir='ltr' id='par_1_102' title="bbox 1960 4133 2154 4172">
     <span class='ocr_line' id='line_1_107' title="bbox 1960 4133 2154 4172; baseline -0.005 -1"><span class='ocrx_word' id='word_1_827' title='bbox 1960 4133 2154 4172; x_wconf 73' lang='lat' dir='ltr'><strong>Vttntts.</strong></span> 
     </span>
    </p>
   </div>
   <div class='ocr_carea' id='block_1_103' title="bbox 1988 4186 3546 4257">
    <p class='ocr_par' dir='ltr' id='par_1_103' title="bbox 1988 4186 3546 4257">
     <span class='ocr_line' id='line_1_108' title="bbox 1988 4186 3546 4257; baseline 0.001 -14"><span class='ocrx_word' id='word_1_828' title='bbox 1988 4198 2057 4257; x_wconf 22' lang='lat'><strong>.7?</strong></span> <span class='ocrx_word' id='word_1_829' title='bbox 2079 4186 2248 4242; x_wconf 89' lang='lat' dir='ltr'><strong>Codd.</strong></span> <span class='ocrx_word' id='word_1_830' title='bbox 2274 4189 2547 4257; x_wconf 86' lang='lat' dir='ltr'><strong>Ambros.,</strong></span> <span class='ocrx_word' id='word_1_831' title='bbox 2578 4198 2687 4245; x_wconf 90' lang='lat' dir='ltr'><strong>tres</strong></span> <span class='ocrx_word' id='word_1_832' title='bbox 2712 4189 2768 4243; x_wconf 92' lang='lat' dir='ltr'><strong>S.</strong></span> <span class='ocrx_word' id='word_1_833' title='bbox 2788 4189 2975 4246; x_wconf 88' lang='lat' dir='ltr'><strong>Crucis</strong></span> <span class='ocrx_word' id='word_1_834' title='bbox 3004 4190 3059 4244; x_wconf 91' lang='lat' dir='ltr'><strong>in</strong></span> <span class='ocrx_word' id='word_1_835' title='bbox 3085 4187 3219 4252; x_wconf 81' lang='lat' dir='ltr'><strong>Jer..</strong></span> <span class='ocrx_word' id='word_1_836' title='bbox 3250 4188 3546 4255; x_wconf 83' lang='lat' dir='ltr'><strong>Farl&#39;.,Vat.</strong></span> 
     </span>
    </p>
   </div>
   <div class='ocr_carea' id='block_1_104' title="bbox 1959 4256 3547 4330">
    <p class='ocr_par' dir='ltr' id='par_1_104' title="bbox 1959 4256 3547 4330">
     <span class='ocr_line' id='line_1_109' title="bbox 1959 4256 3547 4330; baseline 0.003 -22"><span class='ocrx_word' id='word_1_837' title='bbox 1959 4256 2366 4330; x_wconf 66' lang='lat' dir='ltr'><strong>5855_et_l269.</strong></span> <span class='ocrx_word' id='word_1_838' title='bbox 2402 4271 2541 4322; x_wconf 89' lang='lat' dir='ltr'><strong>ante,</strong></span> <span class='ocrx_word' id='word_1_839' title='bbox 2566 4261 2797 4330; x_wconf 63' lang='lat' dir='ltr'><strong>inquam,</strong></span> <span class='ocrx_word' id='word_1_840' title='bbox 2831 4259 3020 4313; x_wconf 87' lang='lat' dir='ltr'><strong>Petrus</strong></span> <span class='ocrx_word' id='word_1_841' title='bbox 3050 4261 3105 4311; x_wconf 90' lang='lat' dir='ltr'><strong>in</strong></span> <span class='ocrx_word' id='word_1_842' title='bbox 3137 4261 3294 4313; x_wconf 78' lang='lat' dir='ltr'><strong>terris</strong></span> <span class='ocrx_word' id='word_1_843' title='bbox 3330 4262 3547 4330; x_wconf 88' lang='lat' dir='ltr'><strong>positus.</strong></span> 
     </span>
    </p>
   </div>
   <div class='ocr_carea' id='block_1_105' title="bbox 2034 4327 3551 4397">
    <p class='ocr_par' dir='ltr' id='par_1_105' title="bbox 2034 4327 3551 4397">
     <span class='ocr_line' id='line_1_110' title="bbox 2034 4327 3551 4397; baseline 0.002 -16"><span class='ocrx_word' id='word_1_844' title='bbox 2034 4337 2059 4375; x_wconf 78' lang='grc' dir='ltr'>ει</span> <span class='ocrx_word' id='word_1_845' title='bbox 2090 4327 2273 4383; x_wconf 80' lang='lat' dir='ltr'><strong>Codex</strong></span> <span class='ocrx_word' id='word_1_846' title='bbox 2300 4330 2441 4384; x_wconf 73' lang='lat' dir='ltr'><strong>tedii.</strong></span> <span class='ocrx_word' id='word_1_847' title='bbox 2474 4329 2609 4383; x_wconf 89' lang='lat' dir='ltr'><strong>eccl.</strong></span> <span class='ocrx_word' id='word_1_848' title='bbox 2635 4327 2803 4383; x_wconf 58' lang='lat' dir='ltr'><strong>&#39;Flor.</strong></span> <span class='ocrx_word' id='word_1_849' title='bbox 2843 4336 2904 4382; x_wconf 93' lang='lat' dir='ltr'><strong>ut</strong></span> <span class='ocrx_word' id='word_1_850' title='bbox 2939 4343 3120 4397; x_wconf 90' lang='lat' dir='ltr'><strong>supra,</strong></span> <span class='ocrx_word' id='word_1_851' title='bbox 3167 4327 3339 4397; x_wconf 79' lang='lat' dir='ltr'><strong>quam</strong></span> <span class='ocrx_word' id='word_1_852' title='bbox 3366 4329 3551 4384; x_wconf 88' lang='lat' dir='ltr'><strong>Simon</strong></span> 
     </span>
    </p>
   </div>
   <div class='ocr_carea' id='block_1_106' title="bbox 1960 4397 3548 4519">
    <p class='ocr_par' dir='ltr' id='par_1_106' title="bbox 1960 4397 3548 4519">
     <span class='ocr_line' id='line_1_111' title="bbox 1960 4397 3548 4519; baseline 0.004 -71"><span class='ocrx_word' id='word_1_853' title='bbox 1960 4399 2282 4519; x_wconf 49' lang='lat' dir='ltr'><strong>{Iert&#39;enirent</strong></span> <span class='ocrx_word' id='word_1_854' title='bbox 2308 4400 2377 4452; x_wconf 91' lang='lat' dir='ltr'><strong>ad</strong></span> <span class='ocrx_word' id='word_1_855' title='bbox 2407 4415 2582 4465; x_wconf 72' lang='lat' dir='ltr'><strong>caelos,</strong></span> <span class='ocrx_word' id='word_1_856' title='bbox 2614 4416 2711 4469; x_wconf 90' lang='lat' dir='ltr'><strong>quo</strong></span> <span class='ocrx_word' id='word_1_857' title='bbox 2754 4399 3025 4480; x_wconf 73' lang='lat' dir='ltr'><strong>tendebat;</strong></span> <span class='ocrx_word' id='word_1_858' title='bbox 3056 4397 3214 4451; x_wconf 90' lang='lat' dir='ltr'><strong>codd.</strong></span> <span class='ocrx_word' id='word_1_859' title='bbox 3238 4412 3368 4451; x_wconf 89' lang='lat' dir='ltr'><strong>vero</strong></span> <span class='ocrx_word' id='word_1_860' title='bbox 3400 4397 3470 4451; x_wconf 86' lang='grc'><strong>12</strong></span> <span class='ocrx_word' id='word_1_861' title='bbox 3494 4408 3548 4455; x_wconf 80' lang='lat' dir='ltr'><strong>et</strong></span> 
     </span>
     <span class='ocr_line' id='line_1_112' title="bbox 2012 4466 3442 4519; baseline 0 0"><span class='ocrx_word' id='word_1_862' title='bbox 2012 4474 2087 4519; x_wconf 87' lang='lat' dir='ltr'><strong>at.</strong></span> <span class='ocrx_word' id='word_1_863' title='bbox 2121 4466 2255 4519; x_wconf 88' lang='grc'>1277</span> <span class='ocrx_word' id='word_1_864' title='bbox 2287 4470 2472 4519; x_wconf 67' lang='lat' dir='ltr'><strong>legunt</strong></span> <span class='ocrx_word' id='word_1_865' title='bbox 2497 4470 2566 4519; x_wconf 89' lang='lat' dir='ltr'><strong>ad</strong></span> <span class='ocrx_word' id='word_1_866' title='bbox 2586 4469 2831 4519; x_wconf 74' lang='lat' dir='ltr'><strong>cmlestm.</strong></span> <span class='ocrx_word' id='word_1_867' title='bbox 2857 4468 2946 4519; x_wconf 86' lang='lat' dir='ltr'><strong>ain</strong></span> <span class='ocrx_word' id='word_1_868' title='bbox 2973 4482 3103 4519; x_wconf 89' lang='lat' dir='ltr'><strong>vero</strong></span> <span class='ocrx_word' id='word_1_869' title='bbox 3134 4466 3212 4519; x_wconf 83' lang='lat' dir='ltr'><strong>ad</strong></span> <span class='ocrx_word' id='word_1_870' title='bbox 3239 4466 3442 4519; x_wconf 75' lang='lat' dir='ltr'><strong>caelum.</strong></span> 
     </span>
    </p>
   </div>
   <div class='ocr_carea' id='block_1_107' title="bbox 2012 4466 3442 4531">
    <p class='ocr_par' dir='ltr' id='par_1_107' title="bbox 2012 4466 3442 4531">
     <span class='ocr_line' id='line_1_113' title="bbox 2012 4466 3442 4531; baseline 0.002 -13"><span class='ocrx_word' id='word_1_871' title='bbox 2012 4474 2087 4520; x_wconf 89' lang='lat' dir='ltr'><strong>at.</strong></span> <span class='ocrx_word' id='word_1_872' title='bbox 2121 4466 2255 4521; x_wconf 90' lang='grc'>1277</span> <span class='ocrx_word' id='word_1_873' title='bbox 2287 4470 2472 4531; x_wconf 75' lang='lat' dir='ltr'><strong>legunt</strong></span> <span class='ocrx_word' id='word_1_874' title='bbox 2497 4470 2566 4523; x_wconf 90' lang='lat' dir='ltr'><strong>ad</strong></span> <span class='ocrx_word' id='word_1_875' title='bbox 2586 4466 2831 4531; x_wconf 67' lang='lat' dir='ltr'><strong>cariestia,</strong></span> <span class='ocrx_word' id='word_1_876' title='bbox 2857 4468 2946 4522; x_wconf 90' lang='lat' dir='ltr'><strong>alii</strong></span> <span class='ocrx_word' id='word_1_877' title='bbox 2973 4482 3103 4523; x_wconf 90' lang='lat' dir='ltr'><strong>vero</strong></span> <span class='ocrx_word' id='word_1_878' title='bbox 3134 4466 3212 4521; x_wconf 86' lang='lat' dir='ltr'><strong>ad</strong></span> <span class='ocrx_word' id='word_1_879' title='bbox 3239 4466 3442 4521; x_wconf 73' lang='lat' dir='ltr'><strong>caelum.</strong></span> 
     </span>
    </p>
   </div>
   <div class='ocr_carea' id='block_1_108' title="bbox 2037 4537 2970 4595">
    <p class='ocr_par' dir='ltr' id='par_1_108' title="bbox 2037 4537 2970 4595">
     <span class='ocr_line' id='line_1_114' title="bbox 2037 4537 2970 4595; baseline 0.002 -4"><span class='ocrx_word' id='word_1_880' title='bbox 2037 4548 2057 4574; x_wconf 71' lang='grc' dir='ltr'><em>τ</em></span> <span class='ocrx_word' id='word_1_881' title='bbox 2090 4537 2149 4591; x_wconf 88' lang='lat' dir='ltr'><strong>In</strong></span> <span class='ocrx_word' id='word_1_882' title='bbox 2179 4539 2297 4593; x_wconf 90' lang='lat' dir='ltr'><strong>cod.</strong></span> <span class='ocrx_word' id='word_1_883' title='bbox 2332 4537 2580 4595; x_wconf 82' lang='lat' dir='ltr'><strong>Ambros.</strong></span> <span class='ocrx_word' id='word_1_884' title='bbox 2622 4538 2774 4594; x_wconf 89' lang='lat' dir='ltr'><strong>deest</strong></span> <span class='ocrx_word' id='word_1_885' title='bbox 2818 4538 2970 4593; x_wconf 72' lang='lat' dir='ltr'><strong>velut.</strong></span> 
     </span>
    </p>
   </div>
   <div class='ocr_carea' id='block_1_109' title="bbox 2035 4605 3547 4677">
    <p class='ocr_par' dir='ltr' id='par_1_109' title="bbox 2035 4605 3547 4677">
     <span class='ocr_line' id='line_1_115' title="bbox 2035 4605 3547 4677; baseline 0 -16"><span class='ocrx_word' id='word_1_886' title='bbox 2035 4614 2056 4642; x_wconf 81' lang='grc'>⁸</span> <span class='ocrx_word' id='word_1_887' title='bbox 2093 4606 2224 4663; x_wconf 89' lang='lat' dir='ltr'><strong>Tres</strong></span> <span class='ocrx_word' id='word_1_888' title='bbox 2244 4608 2458 4665; x_wconf 87' lang='lat' dir='ltr'><strong>codices</strong></span> <span class='ocrx_word' id='word_1_889' title='bbox 2480 4610 2661 4675; x_wconf 82' lang='lat' dir='ltr'><strong>Rom.,</strong></span> <span class='ocrx_word' id='word_1_890' title='bbox 2693 4608 2851 4664; x_wconf 68' lang='lat' dir='ltr'><strong>Codd.</strong></span> <span class='ocrx_word' id='word_1_891' title='bbox 2872 4606 3080 4677; x_wconf 89' lang='lat' dir='ltr'><strong>Ottob.,</strong></span> <span class='ocrx_word' id='word_1_892' title='bbox 3108 4615 3164 4663; x_wconf 88' lang='lat' dir='ltr'><strong>et</strong></span> <span class='ocrx_word' id='word_1_893' title='bbox 3190 4605 3469 4675; x_wconf 82' lang='lat' dir='ltr'><strong>Casincn.,</strong></span> <span class='ocrx_word' id='word_1_894' title='bbox 3493 4606 3547 4661; x_wconf 89' lang='lat' dir='ltr'><strong>in</strong></span> 
     </span>
    </p>
   </div>
   <div class='ocr_carea' id='block_1_110' title="bbox 1961 4679 2396 4733">
    <p class='ocr_par' dir='ltr' id='par_1_110' title="bbox 1961 4679 2396 4733">
     <span class='ocr_line' id='line_1_116' title="bbox 1961 4679 2396 4733; baseline 0.002 -2"><span class='ocrx_word' id='word_1_895' title='bbox 1961 4693 2146 4731; x_wconf 74' lang='lat' dir='ltr'><strong>saxum</strong></span> <span class='ocrx_word' id='word_1_896' title='bbox 2181 4679 2396 4733; x_wconf 89' lang='lat' dir='ltr'><strong>elidens.</strong></span> 
     </span>
    </p>
   </div>
   <div class='ocr_carea' id='block_1_111' title="bbox 2038 4747 3556 4818">
    <p class='ocr_par' dir='ltr' id='par_1_111' title="bbox 2038 4747 3556 4818">
     <span class='ocr_line' id='line_1_117' title="bbox 2038 4747 3556 4818; baseline 0.001 -17"><span class='ocrx_word' id='word_1_897' title='bbox 2038 4750 2054 4784; x_wconf 79' lang='grc' dir='ltr'><strong>ι</strong></span> <span class='ocrx_word' id='word_1_898' title='bbox 2093 4747 2225 4818; x_wconf 83' lang='lat' dir='ltr'><strong>Cod.</strong></span> <span class='ocrx_word' id='word_1_899' title='bbox 2258 4749 2401 4803; x_wconf 79' lang='lat' dir='ltr'><strong>:edil.</strong></span> <span class='ocrx_word' id='word_1_900' title='bbox 2449 4749 2582 4804; x_wconf 90' lang='lat' dir='ltr'><strong>eccl.</strong></span> <span class='ocrx_word' id='word_1_901' title='bbox 2614 4749 2878 4815; x_wconf 87' lang='lat' dir='ltr'><strong>Florent.,</strong></span> <span class='ocrx_word' id='word_1_902' title='bbox 2910 4757 2960 4803; x_wconf 91' lang='lat' dir='ltr'><strong>et</strong></span> <span class='ocrx_word' id='word_1_903' title='bbox 2995 4750 3047 4802; x_wconf 88' lang='lat' dir='ltr'><strong>in</strong></span> <span class='ocrx_word' id='word_1_904' title='bbox 3072 4747 3556 4818; x_wconf 77' lang='lat' dir='ltr'><strong>opprobrium-[acti</strong></span> 
     </span>
    </p>
   </div>
   <div class='ocr_carea' id='block_1_112' title="bbox 1887 4817 3550 4888">
    <p class='ocr_par' dir='ltr' id='par_1_112' title="bbox 1887 4817 3550 4888">
     <span class='ocr_line' id='line_1_118' title="bbox 1887 4817 3550 4888; baseline 0 -17"><span class='ocrx_word' id='word_1_905' title='bbox 1887 4827 1937 4888; x_wconf 80' lang='grc' dir='ltr'>ι)</span> <span class='ocrx_word' id='word_1_906' title='bbox 1960 4817 2125 4871; x_wconf 86' lang='lat' dir='ltr'><strong>illius.</strong></span> <span class='ocrx_word' id='word_1_907' title='bbox 2144 4817 2317 4888; x_wconf 75' lang='lat' dir='ltr'><strong>Codd.</strong></span> <span class='ocrx_word' id='word_1_908' title='bbox 2344 4818 2485 4873; x_wconf 73' lang='grc' dir='ltr'>12θι</span> <span class='ocrx_word' id='word_1_909' title='bbox 2512 4818 2582 4873; x_wconf 88' lang='lat'><strong>99</strong></span> <span class='ocrx_word' id='word_1_910' title='bbox 2611 4819 2668 4873; x_wconf 90' lang='grc'><strong>8.</strong></span> <span class='ocrx_word' id='word_1_911' title='bbox 2699 4819 2883 4874; x_wconf 91' lang='lat' dir='ltr'><strong>Crucis</strong></span> <span class='ocrx_word' id='word_1_912' title='bbox 2912 4820 2964 4872; x_wconf 93' lang='lat' dir='ltr'><strong>in</strong></span> <span class='ocrx_word' id='word_1_913' title='bbox 2983 4817 3114 4880; x_wconf 83' lang='lat' dir='ltr'><strong>Jer.,</strong></span> <span class='ocrx_word' id='word_1_914' title='bbox 3140 4817 3379 4884; x_wconf 81' lang='lat' dir='ltr'><strong>quatuor</strong></span> <span class='ocrx_word' id='word_1_915' title='bbox 3402 4817 3550 4887; x_wconf 86' lang='lat' dir='ltr'><strong>Vat.,</strong></span> 
     </span>
    </p>
   </div>
   <div class='ocr_carea' id='block_1_113' title="bbox 1964 4887 3255 4957">
    <p class='ocr_par' dir='ltr' id='par_1_113' title="bbox 1964 4887 3255 4957">
     <span class='ocr_line' id='line_1_119' title="bbox 1964 4887 3255 4957; baseline -0.002 -15"><span class='ocrx_word' id='word_1_916' title='bbox 1964 4904 2102 4943; x_wconf 91' lang='lat' dir='ltr'><strong>unus</strong></span> <span class='ocrx_word' id='word_1_917' title='bbox 2130 4887 2187 4942; x_wconf 91' lang='grc'><strong>8.</strong></span> <span class='ocrx_word' id='word_1_918' title='bbox 2221 4887 2363 4951; x_wconf 81' lang='lat' dir='ltr'><strong>Pet.,</strong></span> <span class='ocrx_word' id='word_1_919' title='bbox 2396 4897 2452 4943; x_wconf 90' lang='lat' dir='ltr'><strong>et</strong></span> <span class='ocrx_word' id='word_1_920' title='bbox 2479 4889 2585 4944; x_wconf 92' lang='lat' dir='ltr'><strong>duo</strong></span> <span class='ocrx_word' id='word_1_921' title='bbox 2615 4889 2776 4952; x_wconf 87' lang='lat' dir='ltr'><strong>Vall.,</strong></span> <span class='ocrx_word' id='word_1_922' title='bbox 2802 4891 2857 4943; x_wconf 89' lang='lat' dir='ltr'><strong>in</strong></span> <span class='ocrx_word' id='word_1_923' title='bbox 2906 4888 3255 4957; x_wconf 84' lang='lat' dir='ltr'><strong>opprobrium.</strong></span> 
     </span>
    </p>
   </div>
   <div class='ocr_carea' id='block_1_114' title="bbox 1960 4957 3553 5081">
    <p class='ocr_par' dir='ltr' id='par_1_114' title="bbox 1960 4957 3553 5081">
     <span class='ocr_line' id='line_1_120' title="bbox 1960 4957 3553 5081; baseline 0 -68"><span class='ocrx_word' id='word_1_924' title='bbox 1960 5026 1996 5081; x_wconf 64' lang='grc' dir='ltr'><em>ά</em></span> <span class='ocrx_word' id='word_1_925' title='bbox 2033 4957 2221 5080; x_wconf 57' lang='lat' dir='ltr'><strong>“lC-od.</strong></span> <span class='ocrx_word' id='word_1_926' title='bbox 2251 4959 2527 5028; x_wconf 63' lang='lat' dir='ltr'><strong>Ambros,</strong></span> <span class='ocrx_word' id='word_1_927' title='bbox 2582 4960 2691 5015; x_wconf 86' lang='lat' dir='ltr'><strong>Sed</strong></span> <span class='ocrx_word' id='word_1_928' title='bbox 2718 4975 2787 5013; x_wconf 85' lang='lat' dir='ltr'><strong>ne</strong></span> <span class='ocrx_word' id='word_1_929' title='bbox 2831 4961 2964 5030; x_wconf 76' lang='lat' dir='ltr'><strong>forte</strong></span> <span class='ocrx_word' id='word_1_930' title='bbox 2991 4958 3085 5011; x_wconf 75' lang='lat' dir='ltr'><strong>hoc</strong></span> <span class='ocrx_word' id='word_1_931' title='bbox 3112 4958 3299 5012; x_wconf 88' lang='lat' dir='ltr'><strong>mirum</strong></span> <span class='ocrx_word' id='word_1_932' title='bbox 3322 4973 3445 5017; x_wconf 79' lang='lat' dir='ltr'><strong>esse.</strong></span> <span class='ocrx_word' id='word_1_933' title='bbox 3474 4958 3553 5013; x_wconf 78' lang='lat' dir='ltr'><strong>vi-</strong></span> 
     </span>
     <span class='ocr_line' id='line_1_121' title="bbox 1998 5044 2162 5081; baseline 0 0"><span class='ocrx_word' id='word_1_934' title='bbox 1998 5044 2057 5081; x_wconf 89' lang='lat' dir='ltr'><strong>ea</strong></span> <span class='ocrx_word' id='word_1_935' title='bbox 2082 5047 2162 5081; x_wconf 86' lang='lat' dir='ltr'><strong>ur.</strong></span> 
     </span>
    </p>
   </div>
   <div class='ocr_carea' id='block_1_115' title="bbox 1998 5037 2162 5083">
    <p class='ocr_par' dir='ltr' id='par_1_115' title="bbox 1998 5037 2162 5083">
     <span class='ocr_line' id='line_1_122' title="bbox 1998 5037 2162 5083; baseline 0.006 -1"><span class='ocrx_word' id='word_1_936' title='bbox 1998 5037 2162 5083; x_wconf 87' lang='lat' dir='ltr'><strong>eatur.</strong></span> 
     </span>
    </p>
   </div>
   <div class='ocr_carea' id='block_1_116' title="bbox 2032 5096 3478 5168">
    <p class='ocr_par' dir='ltr' id='par_1_116' title="bbox 2032 5096 3478 5168">
     <span class='ocr_line' id='line_1_123' title="bbox 2032 5096 3478 5168; baseline 0 -15"><span class='ocrx_word' id='word_1_937' title='bbox 2032 5109 2059 5135; x_wconf 71' lang='grc' dir='ltr'><strong>ν</strong></span> <span class='ocrx_word' id='word_1_938' title='bbox 2086 5098 2254 5154; x_wconf 90' lang='lat' dir='ltr'><strong>Codd.</strong></span> <span class='ocrx_word' id='word_1_939' title='bbox 2287 5099 2344 5155; x_wconf 91' lang='lat' dir='ltr'><strong>S.</strong></span> <span class='ocrx_word' id='word_1_940' title='bbox 2377 5099 2493 5156; x_wconf 84' lang='lat' dir='ltr'><strong>Pet.</strong></span> <span class='ocrx_word' id='word_1_941' title='bbox 2520 5099 2588 5153; x_wconf 76' lang='grc'>40</span> <span class='ocrx_word' id='word_1_942' title='bbox 2616 5098 2676 5163; x_wconf 87' lang='lat' dir='ltr'><strong>F,</strong></span> <span class='ocrx_word' id='word_1_943' title='bbox 2710 5098 2830 5152; x_wconf 89' lang='lat' dir='ltr'><strong>Vat.</strong></span> <span class='ocrx_word' id='word_1_944' title='bbox 2861 5097 3042 5168; x_wconf 82' lang='lat' dir='ltr'><strong>Ottob.</strong></span> <span class='ocrx_word' id='word_1_945' title='bbox 3071 5096 3190 5163; x_wconf 86' lang='grc'>106,</span> <span class='ocrx_word' id='word_1_946' title='bbox 3222 5115 3313 5168; x_wconf 85' lang='lat' dir='ltr'><strong>per</strong></span> <span class='ocrx_word' id='word_1_947' title='bbox 3333 5116 3478 5153; x_wconf 89' lang='lat' dir='ltr'><strong>aera.</strong></span> 
     </span>
    </p>
   </div>
   <div class='ocr_carea' id='block_1_117' title="bbox 2037 5167 3383 5233">
    <p class='ocr_par' dir='ltr' id='par_1_117' title="bbox 2037 5167 3383 5233">
     <span class='ocr_line' id='line_1_124' title="bbox 2037 5167 3383 5233; baseline 0 -10"><span class='ocrx_word' id='word_1_948' title='bbox 2037 5179 2060 5205; x_wconf 72' lang='grc'>³</span> <span class='ocrx_word' id='word_1_949' title='bbox 2089 5169 2253 5227; x_wconf 88' lang='lat' dir='ltr'><strong>Iidem</strong></span> <span class='ocrx_word' id='word_1_950' title='bbox 2276 5172 2433 5227; x_wconf 89' lang='lat' dir='ltr'><strong>codd.</strong></span> <span class='ocrx_word' id='word_1_951' title='bbox 2466 5170 2738 5230; x_wconf 63' lang='lat' dir='ltr'><strong>Ambros,</strong></span> <span class='ocrx_word' id='word_1_952' title='bbox 2771 5177 2826 5221; x_wconf 93' lang='lat' dir='ltr'><strong>et</strong></span> <span class='ocrx_word' id='word_1_953' title='bbox 2853 5167 3088 5233; x_wconf 80' lang='lat' dir='ltr'><strong>Fari&#39;en.,</strong></span> <span class='ocrx_word' id='word_1_954' title='bbox 3119 5167 3383 5224; x_wconf 66' lang='lat' dir='ltr'><strong>solaverit.</strong></span> 
     </span>
    </p>
   </div>
   <div class='ocr_carea' id='block_1_118' title="bbox 2036 5239 3478 5310">
    <p class='ocr_par' dir='ltr' id='par_1_118' title="bbox 2036 5239 3478 5310">
     <span class='ocr_line' id='line_1_125' title="bbox 2036 5239 3478 5310; baseline 0.001 -21"><span class='ocrx_word' id='word_1_955' title='bbox 2036 5248 2067 5289; x_wconf 67' lang='grc' dir='ltr'><em>γ</em></span> <span class='ocrx_word' id='word_1_956' title='bbox 2094 5240 2238 5310; x_wconf 76' lang='lat' dir='ltr'><strong>idem</strong></span> <span class='ocrx_word' id='word_1_957' title='bbox 2262 5242 2382 5295; x_wconf 92' lang='lat' dir='ltr'><strong>cod.</strong></span> <span class='ocrx_word' id='word_1_958' title='bbox 2402 5240 2674 5310; x_wconf 60' lang='lat' dir='ltr'><strong>Ambros,</strong></span> <span class='ocrx_word' id='word_1_959' title='bbox 2697 5239 2856 5292; x_wconf 84' lang='lat' dir='ltr'><strong>levari</strong></span> <span class='ocrx_word' id='word_1_960' title='bbox 2877 5256 2908 5291; x_wconf 91' lang='lat' dir='ltr'><strong>a</strong></span> <span class='ocrx_word' id='word_1_961' title='bbox 2936 5249 3209 5310; x_wconf 79' lang='lat' dir='ltr'><strong>conspectu</strong></span> <span class='ocrx_word' id='word_1_962' title='bbox 3231 5242 3478 5295; x_wconf 86' lang='lat' dir='ltr'><strong>omnium.</strong></span> 
     </span>
    </p>
   </div>
   <div class='ocr_carea' id='block_1_119' title="bbox 2041 5308 3549 5377">
    <p class='ocr_par' dir='ltr' id='par_1_119' title="bbox 2041 5308 3549 5377">
     <span class='ocr_line' id='line_1_126' title="bbox 2041 5308 3549 5377; baseline -0.001 -13"><span class='ocrx_word' id='word_1_963' title='bbox 2041 5319 2063 5346; x_wconf 77' lang='grc' dir='ltr'><strong>ι</strong></span> <span class='ocrx_word' id='word_1_964' title='bbox 2092 5309 2226 5365; x_wconf 93' lang='lat' dir='ltr'><strong>Cod.</strong></span> <span class='ocrx_word' id='word_1_965' title='bbox 2264 5310 2384 5364; x_wconf 88' lang='lat' dir='ltr'><strong>Vat.</strong></span> <span class='ocrx_word' id='word_1_966' title='bbox 2410 5309 2565 5377; x_wconf 84' lang='grc'>1269,</span> <span class='ocrx_word' id='word_1_967' title='bbox 2593 5319 2648 5362; x_wconf 86' lang='lat' dir='ltr'><strong>ut</strong></span> <span class='ocrx_word' id='word_1_968' title='bbox 2674 5318 2724 5362; x_wconf 88' lang='lat' dir='ltr'><strong>et</strong></span> <span class='ocrx_word' id='word_1_969' title='bbox 2752 5316 3001 5373; x_wconf 86' lang='lat' dir='ltr'><strong>ruentem,</strong></span> <span class='ocrx_word' id='word_1_970' title='bbox 3030 5308 3136 5365; x_wconf 83' lang='lat' dir='ltr'><strong>etc.</strong></span> <span class='ocrx_word' id='word_1_971' title='bbox 3167 5308 3302 5365; x_wconf 92' lang='lat' dir='ltr'><strong>Cod.</strong></span> <span class='ocrx_word' id='word_1_972' title='bbox 3338 5309 3549 5364; x_wconf 83' lang='lat' dir='ltr'><strong>Martin.</strong></span> 
     </span>
    </p>
   </div>
   <div class='ocr_carea' id='block_1_120' title="bbox 1966 5380 2802 5435">
    <p class='ocr_par' dir='ltr' id='par_1_120' title="bbox 1966 5380 2802 5435">
     <span class='ocr_line' id='line_1_127' title="bbox 1966 5380 2802 5435; baseline -0.001 0"><span class='ocrx_word' id='word_1_973' title='bbox 1966 5380 2132 5435; x_wconf 91' lang='lat' dir='ltr'><strong>habet</strong></span> <span class='ocrx_word' id='word_1_974' title='bbox 2158 5389 2215 5434; x_wconf 89' lang='lat' dir='ltr'><strong>ut</strong></span> <span class='ocrx_word' id='word_1_975' title='bbox 2235 5389 2463 5434; x_wconf 87' lang='lat' dir='ltr'><strong>ruentem</strong></span> <span class='ocrx_word' id='word_1_976' title='bbox 2489 5381 2554 5433; x_wconf 92' lang='lat' dir='ltr'><strong>de</strong></span> <span class='ocrx_word' id='word_1_977' title='bbox 2579 5380 2802 5434; x_wconf 80' lang='lat' dir='ltr'><strong>excelso.</strong></span> 
     </span>
    </p>
   </div>
   <div class='ocr_carea' id='block_1_121' title="bbox 2037 5448 3553 5514">
    <p class='ocr_par' dir='ltr' id='par_1_121' title="bbox 2037 5448 3553 5514">
     <span class='ocr_line' id='line_1_128' title="bbox 2037 5448 3553 5514; baseline 0.001 -10"><span class='ocrx_word' id='word_1_978' title='bbox 2037 5461 2093 5488; x_wconf 77' lang='grc'><strong>⁸⁸</strong></span> <span class='ocrx_word' id='word_1_979' title='bbox 2124 5449 2293 5505; x_wconf 90' lang='lat' dir='ltr'><strong>Codd.</strong></span> <span class='ocrx_word' id='word_1_980' title='bbox 2329 5458 2439 5504; x_wconf 88' lang='lat' dir='ltr'><strong>tres</strong></span> <span class='ocrx_word' id='word_1_981' title='bbox 2468 5450 2525 5504; x_wconf 92' lang='grc'><strong>8.</strong></span> <span class='ocrx_word' id='word_1_982' title='bbox 2557 5448 2742 5503; x_wconf 89' lang='lat' dir='ltr'><strong>Crucis</strong></span> <span class='ocrx_word' id='word_1_983' title='bbox 2772 5451 2824 5504; x_wconf 92' lang='lat' dir='ltr'><strong>in</strong></span> <span class='ocrx_word' id='word_1_984' title='bbox 2856 5449 2989 5513; x_wconf 83' lang='lat' dir='ltr'><strong>Jer.,</strong></span> <span class='ocrx_word' id='word_1_985' title='bbox 3023 5465 3214 5505; x_wconf 91' lang='lat' dir='ltr'><strong>omnes</strong></span> <span class='ocrx_word' id='word_1_986' title='bbox 3256 5448 3464 5514; x_wconf 88' lang='lat' dir='ltr'><strong>Casin.,</strong></span> <span class='ocrx_word' id='word_1_987' title='bbox 3496 5456 3553 5504; x_wconf 81' lang='lat' dir='ltr'><strong>et</strong></span> 
     </span>
    </p>
   </div>
   <div class='ocr_carea' id='block_1_122' title="bbox 1962 5520 3193 5591">
    <p class='ocr_par' dir='ltr' id='par_1_122' title="bbox 1962 5520 3193 5591">
     <span class='ocr_line' id='line_1_129' title="bbox 1962 5520 3193 5591; baseline 0 0"><span class='ocrx_word' id='word_1_988' title='bbox 1962 5521 2235 5591; x_wconf 49' lang='lat' dir='ltr'><strong>Amhr9s-g</strong></span> <span class='ocrx_word' id='word_1_989' title='bbox 2270 5520 2400 5591; x_wconf 53' lang='lat' dir='ltr'><strong>Haec</strong></span> <span class='ocrx_word' id='word_1_990' title='bbox 2420 5520 2575 5591; x_wconf 58' lang='lat' dir='ltr'><strong>igitur</strong></span> <span class='ocrx_word' id='word_1_991' title='bbox 2603 5530 2685 5591; x_wconf 60' lang='lat' dir='ltr'><strong>est</strong></span> <span class='ocrx_word' id='word_1_992' title='bbox 2702 5522 2989 5591; x_wconf 62' lang='lat' dir='ltr'><strong>iniquitatis</strong></span> <span class='ocrx_word' id='word_1_993' title='bbox 3017 5521 3193 5591; x_wconf 74' lang='grc' dir='ltr'><strong>ειαιίοο</strong></span> 
     </span>
    </p>
   </div>
   <div class='ocr_carea' id='block_1_123' title="bbox 2033 5587 3553 5657">
    <p class='ocr_par' dir='ltr' id='par_1_123' title="bbox 2033 5587 3553 5657">
     <span class='ocr_line' id='line_1_130' title="bbox 2033 5587 3553 5657; baseline -0.001 -14"><span class='ocrx_word' id='word_1_994' title='bbox 2033 5590 2092 5628; x_wconf 71' lang='grc' dir='ltr'>ιιι»</span> <span class='ocrx_word' id='word_1_995' title='bbox 2122 5589 2256 5644; x_wconf 90' lang='lat' dir='ltr'><strong>Cod.</strong></span> <span class='ocrx_word' id='word_1_996' title='bbox 2306 5587 2596 5654; x_wconf 76' lang='lat' dir='ltr'><strong>Vat.&#39;539,</strong></span> <span class='ocrx_word' id='word_1_997' title='bbox 2630 5587 2867 5656; x_wconf 74' lang='lat' dir='ltr'><strong>l195,&#39;ct</strong></span> <span class='ocrx_word' id='word_1_998' title='bbox 2890 5590 3008 5644; x_wconf 85' lang='lat' dir='ltr'><strong>Vat.</strong></span> <span class='ocrx_word' id='word_1_999' title='bbox 3034 5590 3215 5645; x_wconf 83' lang='lat' dir='ltr'><strong>Ottob.</strong></span> <span class='ocrx_word' id='word_1_1000' title='bbox 3250 5588 3371 5655; x_wconf 84' lang='grc'>106,</span> <span class='ocrx_word' id='word_1_1001' title='bbox 3403 5597 3553 5657; x_wconf 69' lang='lat' dir='ltr'><strong>atque</strong></span> 
     </span>
    </p>
   </div>
   <div class='ocr_carea' id='block_1_124' title="bbox 1958 5677 3546 5811">
    <p class='ocr_par' dir='ltr' id='par_1_124' title="bbox 1958 5677 3546 5811">
     <span class='ocr_line' id='line_1_131' title="bbox 1958 5677 3546 5811; baseline -0.001 -31"><span class='ocrx_word' id='word_1_1002' title='bbox 1958 5677 2266 5811; x_wconf 36' lang='grc' dir='ltr'><strong>ἶᾝῑξνέᾏῗίιί</strong></span> <span class='ocrx_word' id='word_1_1003' title='bbox 2290 5728 2446 5811; x_wconf 27' lang='lat' dir='ltr'><strong>“Vat;</strong></span> <span class='ocrx_word' id='word_1_1004' title='bbox 2478 5728 2603 5791; x_wconf 77' lang='lat'><strong>559,</strong></span> <span class='ocrx_word' id='word_1_1005' title='bbox 2654 5730 2939 5783; x_wconf 71' lang='lat' dir='ltr'><strong>auxiliante</strong></span> <span class='ocrx_word' id='word_1_1006' title='bbox 2968 5727 3186 5784; x_wconf 87' lang='lat' dir='ltr'><strong>Domino</strong></span> <span class='ocrx_word' id='word_1_1007' title='bbox 3216 5736 3392 5781; x_wconf 84' lang='lat' dir='ltr'><strong>nostra</strong></span> <span class='ocrx_word' id='word_1_1008' title='bbox 3418 5722 3546 5779; x_wconf 74' lang='lat' dir='ltr'><strong>Iesu</strong></span> 
     </span>
    </p>
   </div>
   <div class='ocr_carea' id='block_1_125' title="bbox 1960 5800 2886 5872">
    <p class='ocr_par' dir='ltr' id='par_1_125' title="bbox 1960 5800 2886 5872">
     <span class='ocr_line' id='line_1_132' title="bbox 1960 5800 2886 5872; baseline 0 -19"><span class='ocrx_word' id='word_1_1009' title='bbox 1960 5800 2190 5867; x_wconf 82' lang='lat' dir='ltr'><strong>Christo,</strong></span> <span class='ocrx_word' id='word_1_1010' title='bbox 2218 5800 2303 5871; x_wconf 83' lang='lat' dir='ltr'><strong>qui</strong></span> <span class='ocrx_word' id='word_1_1011' title='bbox 2329 5800 2446 5854; x_wconf 73' lang='lat' dir='ltr'><strong>civit</strong></span> <span class='ocrx_word' id='word_1_1012' title='bbox 2469 5810 2517 5854; x_wconf 86' lang='lat' dir='ltr'><strong>et</strong></span> <span class='ocrx_word' id='word_1_1013' title='bbox 2548 5809 2747 5872; x_wconf 82' lang='lat' dir='ltr'><strong>regnat,</strong></span> <span class='ocrx_word' id='word_1_1014' title='bbox 2781 5809 2886 5855; x_wconf 86' lang='lat' dir='ltr'><strong>etc.</strong></span> 
     </span>
    </p>
   </div>
  </div>
