4054 6190
528 328 630 384 407

1724 324 1780 380 8.
1822 321 2068 380 MAXIM
2107 319 2560 378 TAURINENSIS

524 438 863 516 bouiiliarum
884 438 955 516 de
981 436 1079 495 SS.
1098 435 1363 516 apostolis
1383 433 1622 516 Pet-roret
1645 432 1834 516 Paulo,
1863 450 2094 516 quorum
2121 432 2381 516 prieclara
2402 431 2840 516 merita_strictitn
2860 431 3255 516 complectitur,
3281 444 3401 516 esse
3425 430 3686 516 videatur.
3709 432 3788 490 Ex

525 509 680 590 ριιεῑο
707 509 800 590 qui
825 517 908 564 est
935 508 990 562 ίιι
1015 502 1201 590 ςοίέίδθ
1231 505 1355 590 τρε
1377 504 1632 590 Sapere,
1656 502 1956 590 ’δρηιίέξςιίρ
1984 502 2228 590 verit?!”
2248 503 2386 590 aliis
2403 502 2936 590 litareturéiﬁasﬂ!

3025 516 3248 555 onorem
3293 497 3392 555 SS.
3421 502 3788 570 apostplorum

520 577 582 635 8.
603 568 892 634 Maximum
911 577 1229 635 confecisse.
1261 574 1370 630 Nos
1397 574 1644 628 eamdem
1669 589 1733 628 ac
1756 568 1977 644 reliquis
2005 568 2133 630 huic
2161 568 2826 643 humilia—inscriptionem
2855 570 3222 641 apposuimus,
3255 584 3376 624 cum
3405 568 3548 625 inea
3574 568 3717 626 Petri
3735 580 3789 629 et

523 647 676 704 Pauli
699 647 856 703 simul
877 646 1216 703 celebrentur
1244 644 1490 724 insignia.

520 840 1283 913 Ancuusnruu.——S._Petrum
1295 841 1493 913 Iudaeis
1509 843 1769 913 prtecipue
1781 842 2098 913 destinatum
2125 839 2181 901 Α
2206 839 2381 909 pretia
2410 846 2654 907 erogant,
2687 846 2848 908 atque
2867 837 3166 893 sanctitatis
3185 837 3466 892 thesauros
3487 837 3779 909 effundunt,

591 913 900 980 apostolum,
946 919 994 964 et
1042 910 1568 981 Paulumgentilibus
1595 910 1776 965 datum
1829 912 2097 965 doctorem

587 984 909 1037 demonstrat
935 981 1220 1052 Maximus.
1248 980 1452 1052 Etcum
1471 990 1682 1052 uterque
1706 997 1802 1051 pro
1822 980 1948 1051 fidei
1976 995 2098 1052 pro-

587 1053 866 1121 pagatione
910 1050 1218 1106 laboraverit
1275 1050 1344 1104 ad
1399 1050 1666 1117 coronam,
1706 1050 1872 1120 eﬂ'uso
1901 1051 2100 1120 pariter

587 1139 683 1192 pro
703 1121 907 1177 Christo
936 1121 1212 1193 sanguine,
1241 1121 1390 1175 ambo
1411 1130 1773 1190 pervenerunt.

587 1292 995 1349 Exsultemusin
1016 1292 1263 1359 Domino,
1276 1291 1487 1360 fratres,
1503 1293 1648 1363 quod
1667 1293 2096 1349 beatissimorum

519 1383 661 1440 Petri
702 1393 755 1440 ct
783 1384 935 1440 Pauli
962 1385 1157 1440 natalis
1185 1393 1267 1439 est
1304 1384 1481 1449 hodie,
1513 1393 1674 1453 atque
1702 1385 1770 1439 de
1806 1385 1912 1440 diei
1941 1384 2098 1454 hujus

517 1486 663 1532 tanta
721 1475 1062 1532 solemnitate
1116 1475 1379 1546 spirituali
1432 1475 1769 1546 jucunditate
1834 1475 2093 1532 laetemur.

516 1567 686 1622 Ilodie
715 1568 858 1621 enim
904 1567 1242 1621 beatissimus
1269 1565 1359 1620 ille
1403 1563 1613 1632 Petrus,
1656 1565 1742 1620 cui
1791 1580 1822 1619 a
1868 1565 2095 1620 Domino

515 1655 639 1710 fidei
693 1671 806 1711 sua:
853 1657 1050 1711 merito
1095 1655 1290 1710 tradita
1336 1655 1435 1710 fuit
1489 1656 1577 1710 illa
1628 1663 1870 1726 potestas
1898 1655 2096 1725 ligandi

514 1757 678 1817 atque
730 1748 970 1803 solvendi
1012 1763 1176 1817 super
1223 1755 1442 1810 terram,
1491 1747 1666 1802 crucis
1693 1747 1934 1818 patibulo
1973 1747 2093 1802 caeli

512 1852 703 1892 serena
732 1835 1050 1908 penetravit.
1079 1835 1249 1891 Hodie
1270 1835 1469 1892 Paulus
1489 1837 1578 1890 ille
1603 1851 1697 1892 vas
1717 1837 2016 1902 electionis,
2041 1845 2095 1892 et

514 1925 706 1982 doctor
749 1926 1008 1994 gentium,
1055 1925 1184 1980 dato
1233 1925 1619 1994 gloriosissimo
1647 1926 1844 1996 capite,
1875 1927 2095 1982 immor-

513 2017 676 2071 talem
705 2031 958 2072 coronam
987 2015 1235 2072 obtinuit.
1277 2014 1508 2096 Necesse
1537 2026 1619 2071 est
1647 2025 1829 2072 autem
1857 2024 1916 2071 ut
1943 2017 2093 2088 paria

512 2108 1041 2180 pnnclarissimorum
1089 2107 1456 2179 apostolorum
1500 2107 1698 2163 fuerint
1724 2110 1936 2177 merita,
1959 2124 2094 2180 quo-

2203 943 2427 999 operum
2453 929 2658 984 meritis
2684 929 2902 984 omnino
2922 944 3099 998 pares.
3143 927 3255 982 Etsi
3285 930 3426 984 enim
3458 927 3649 986 Petrus
3662 947 3780 986 cum

2199 1013 2415 1077 Christo
2436 1023 2490 1077 in
2511 1022 2668 1076 terris
2686 1021 2910 1086 vixerit,
2943 1020 3168 1076 Paulum
3191 1032 3370 1077 tamen
3392 1023 3553 1090 idem,
3582 1023 3705 1080 dum
3727 1025 3780 1081 in

2200 1115 2374 1185 ipsum
2402 1115 2680 1171 credentes
2699 1123 3012 1185 persecutor
3031 1114 3261 1169 furiosus
3289 1115 3566 1182 existeret,
3593 1133 3782 1172 evoca—

2199 1205 2276 1259 vit
2304 1220 2334 1260 e
2362 1205 2519 1260 coelo.
2543 1205 2636 1260 Ille
2658 1205 2725 1260 ab
2751 1204 2940 1259 eodem
2959 1203 3196 1270 Christo,
3214 1204 3341 1259 dum
3369 1205 3422 1258 in
3446 1207 3602 1261 terris
3616 1217 3776 1276 esset,

2197 1293 2547 1364 Evangelium
2593 1295 2817 1366 accepit.
2872 1294 3007 1348 Dum
3035 1309 3166 1370 vero
3193 1296 3382 1350 beatus
3411 1295 3474 1350 ad
3506 1295 3776 1353 dexteram

2197 1383 2371 1441 Patris
2397 1385 2606 1441 sederet
2629 1386 2681 1439 in
2710 1385 2881 1453 cmlis,
2906 1382 3103 1439 Paulus
3141 1386 3208 1440 ab
3237 1385 3353 1455 ipso
3381 1387 3606 1454 gratiam
3634 1404 3774 1458 pne-

2196 1475 2478 1530 dicationis
2507 1475 2755 1530 obtinuit.
2787 1474 3036 1542 Quinimo
3065 1481 3120 1529 et
3145 1475 3210 1530 ad
3233 1476 3427 1536 caelum
3457 1491 3624 1546 usque
3648 1479 3776 1534 sub-

2195 1565 2352 1634 latus,
2384 1583 2492 1622 non
2520 1574 2745 1631 tantum,
2787 1564 2932 1634 quod
2977 1581 3085 1621 non
3133 1566 3394 1632 audierat,
3437 1565 3778 1636 Evangelium

2195 1657 2407 1722 didicit;
2438 1656 2533 1712 sed
2560 1667 2616 1712 et
2642 1657 2846 1711 audivit
2885 1671 3079 1711 arcana
3123 1657 3308 1723 verba,
3339 1672 3458 1726 quae
3496 1674 3604 1714 non
3653 1659 3779 1716 licet

2194 1750 2398 1806 homini
2425 1749 2592 1819 loqui.
2627 1747 2910 1803 Instabiles
2934 1747 3101 1802 maris
3129 1748 3298 1803 undas
3325 1747 3517 1804 dubius
3543 1763 3611 1804 ne
3631 1764 3774 1805 mer-

2194 1850 2412 1912 geretur
2439 1839 2631 1896 Petrus
2668 1839 2912 1894 calcavit.
2945 1837 3154 1894 Paulus'
3174 1855 3304 1895 vero
3333 1847 3492 1895 nocte
3521 1828 3576 1896 et
3605 1840 3691 1896 die
3716 1841 3778 1898 iu

2193 1931 2458 2004 profundo
2486 1930 2651 1985 maris
2689 1928 2808 1994 fuit,
2857 1943 3034 1998 neque
3077 1929 3301 1985 marinis
3327 1928 3484 1984 undis
3509 1929 3770 1997 jactatqu

2194 2023 2405 2095 pondus
2431 2020 2729 2089 abhorruit,
2761 2018 2853 2076 sed
2879 2020 3045 2075 velut!
3071 2035 3282 2075 sacrum
3333 2018 3635 2089 depositum
3659 2019 3777 2075 vio-

2193 2112 2306 2167 lare
2325 2127 2435 2167 non
2463 2109 2689 2176 audens,
2717 2110 2898 2164 vivum
2937 2107 3205 2176 reddidit;
3235 2109 3360 2178 quia
3387 2107 3690 2163 famulatrix
3711 2108 3777 2163 il-

511 2215 630 2256 rum
657 2198 880 2271 :equalis
928 2198 1028 2254 fuit
1057 2199 1108 2252 in
1140 2199 1348 2254 unitate
1374 2213 1515 2254 verae
1547 2198 1669 2254 fidei
1716 2200 1950 2270 gloriosa
1997 2216 2095 2272 pro
2126 2207 2174 2268 Β
2197 2203 2308 2258 lum
2347 2200 2486 2257 unda
2515 2199 2822 2256 custodiens
2856 2200 3078 2255 illaesum
3123 2200 3334 2271 populis
3369 2207 3532 2269 atque
3566 2199 3777 2256 incolu-

511 2288 727 2344 Christo
756 2287 1041 2345 confessio.
1067 2287 1280 2344 Etenim
1310 2289 1354 2344 si
1383 2288 1572 2344 Petrus
1601 2290 1668 2346 ad
1695 2290 2092 2360 praedicandam

514 2379 707 2436 Iudicis
751 2381 948 2436 Christi
998 2383 1227 2450 gratiam
1268 2382 1471 2436 electus
1510 2381 1726 2447 dicitur,
1777 2380 1974 2437 Paulus
2026 2381 2095 2447 ad

515 2472 834 2528 erudiendas
860 2481 1049 2542 gentes
1096 2487 1206 2543 pne
1232 2473 1440 2528 czcteris
1494 2473 1752 2542 apostolis
1817 2473 2094 2528 ordinatus

515 2563 679 2618 fuisse
705 2562 934 2618 videtur.
966 2562 1309 2632 Evangelium
1340 2561 1612 2630 inJudtea,
1645 2565 1733 2619 ubi
1749 2563 1862 2635 jam
1888 2566 1957 2620 ab
1979 2567 2095 2636 ipso

517 2652 740 2708 Domino
781 2660 966 2707 nostro
996 2651 1118 2707 fidei
1151 2653 1355 2707 semina
1376 2653 1612 2722 plantata
1641 2653 1871 2720 fuerant,
1904 2652 2095 2712 Petrus

515 2744 787 2813 pnedicat.
835 2742 1030 2798 Paulus
1057 2760 1185 2799 vero
1205 2745 1450 2813 gentibus
1487 2745 1753 2814 despectze
1775 2747 1949 2802 crucis
1975 2748 2094 2816 glo-

516 2835 670 2897 riam,
698 2848 816 2901 quaa
855 2834 983 2904 ipsis
1011 2834 1230 2902 quidem
1255 2834 1539 2889 videbatur
1585 2836 1896 2902 ignominia,
1927 2850 2095 2891 vene-

516 2922 731 2976 randam
753 2924 1024 2994 prepouit.
1047 2922 1248 2980 Petrus
1281 2923 1515 2991 Judzeos,
1542 2923 1630 2995 qui
1661 2924 1729 2979 ab
1759 2934 1913 2980 utero
1942 2940 2093 2980 erra-

517 3020 717 3080 verant,
772 3013 839 3068 ad
877 3029 1016 3068 vera:
1068 3014 1253 3070 salutis
1306 3014 1519 3069 reduxit
1570 3015 1856 3069 tramitem.
1902 3011 2096 3070 Paulus

515 3112 717 3173 gentes,
739 3120 862 3174 quae
885 3105 1052 3160 Deum
1075 3120 1180 3160 non
1205 3113 1487 3172 noverant,
1514 3106 1722 3161 caelesti
1741 3105 2002 3175 sapientia
2027 3105 2093 3160 il-

514 3195 720 3251 lustrat.
748 3196 936 3251 Petrus
965 3196 1183 3251 fratrum
1214 3213 1431 3252 suorum
1465 3197 1803 3252 durissimam
1829 3197 2094 3251 cervicem

517 3286 736 3340 emollit.
766 3285 965 3342 Paulus
988 3288 1223 3356 gentium
1245 3303 1443 3343 cmcam
1466 3287 1688 3358 dissipat
1714 3288 2089 3355 ignorantiam.

510 3377 825 3432 Discurrunt
850 3379 1028 3449 itaque
1055 3395 1152 3450 per
1180 3381 1486 3435 universum
1514 3379 1771 3434 mundum
1801 3379 2094 3434 beatissimi

514 3472 760 3541 apostoli,
791 3473 1056 3542 gentibus,
1088 3475 1320 3542 regibus,
1373 3483 1427 3530 et
1467 3474 1587 3528 filiis
1613 3474 1796 3538 Israel,
1850 3489 2010 3544 quam
2061 3490 2090 3529 a

2198 2308 2338 2347 mem
2376 2291 2550 2346 adhuc
2568 2291 2898 2346 reservabat.
2929 2289 3169 2345 Fuerunt
3196 2304 3324 2360 ergo
3351 2290 3642 2346 beatissimi
3667 2289 3776 2347 Pe-

2199 2390 2312 2437 trus
2339 2391 2392 2437 et
2441 2379 2637 2436 Paulus
2674 2395 2833 2452 pares
2861 2381 3067 2435 meritis
3106 2380 3444 2450 :equalesque
3468 2380 3772 2436 virtutbus.

2195 2471 2332 2538 Quid
2361 2460 2552 2526 mirum
2581 2485 2729 2538 ergo,
2762 2470 2805 2525 si
2835 2486 2940 2525 una
2968 2469 3076 2533 die,
3128 2470 3319 2526 eodem
3366 2471 3420 2524 in
3447 2469 3589 2537 loco,
3618 2470 3777 2526 unius

2196 2564 2357 2618 etiam
2380 2562 2590 2635 tyranni
2621 2562 2837 2632 impiam
2883 2562 3073 2616 mortis
3101 2561 3400 2616 toleravere
3429 2561 3773 2617 sententiam.

2196 2652 2312 2708 Una
2354 2653 2496 2707 enim
2536 2652 2832 2720 eademque
2860 2651 2946 2706 die
2974 2652 3115 2721 passi
3144 2660 3287 2716 sunt,
3321 2659 3383 2707 ut.
3406 2651 3471 2705 ad
3500 2649 3772 2706 Christum

2195 2743 2354 2798 ambo
2371 2743 2572 2813 pariter
2595 2743 2968 2812 pervenirent;
2994 2758 3101 2798 uno
3131 2741 3184 2794 in
3212 2742 3352 2808 loco,
3377 2757 3444 2796 ne
3465 2741 3617 2796 alteri
3636 2756 3774 2812 quo-

2194 2847 2299 2902 que
2324 2831 2615 2902 spectatrix
2647 2831 2897 2902 triumphi
2919 2831 3088 2886 Roma
3113 2831 3342 2895 deesset,
3372 2832 3472 2886 sub
3494 2847 3601 2887 uno
3629 2831 3776 2886 deni-

2194 2939 2300 2994 que
2326 2922 2623 2991 eodemque
2644 2930 3010 2992 persecutore,
3039 2930 3100 2975 ut
3121 2936 3312 2991 nempe
3337 2921 3524 2976 similis
3549 2920 3778 2976 crudeli-

2194 3024 2276 3070 tas
2305 3024 2586 3083 utrumque
2614 3015 3032 3081 constringeret;
3065 3020 3125 3067 ut
3157 3027 3386 3081 quorum
3414 3027 3521 3066 una
3549 3011 3770 3066 eadem-

2193 3121 2299 3176 que
2348 3103 2523 3160 fuerat
2566 3119 2779 3173 semper
2823 3101 2946 3158 fldei
2988 3101 3314 3172 przedicatio,
3346 3101 3532 3156 eadem
3559 3115 3777 3170 quoque

2195 3205 2336 3253 esset
2362 3205 2417 3252 et
2443 3196 2631 3250 mortis
2654 3209 2836 3259 causa,
2866 3202 3026 3262 atque
3047 3192 3290 3257 occasio;
3333 3199 3388 3246 et
3412 3191 3506 3260 qui
3527 3190 3777 3246 eamdem

2194 3287 2351 3342 fidem
2381 3302 2410 3340 a
2433 3285 2645 3341 Christo
2673 3290 3011 3354 acceperant,
3043 3297 3143 3352 pro
3172 3281 3361 3336 eadem
3387 3295 3606 3350 quoque
3631 3295 3779 3334 mar-

2195 3376 2315 3447 tyrii
2340 3377 2569 3445 palmam
2609 3382 2946 3429 mererentur
2975 3361 3196 3443 (Desunt
3223 3371 3395 3425 decem
3423 3372 3591 3435 liuere,
3619 3370 3774 3426 oblit-

2195 3475 2359 3521 terato
2388 3468 2701 3524 charactere,
2729 3481 2823 3518 nec
2843 3471 3074 3518 remanet
3104 3464 3206 3518 nisi
3226 3463 3534 3531 conclusio).
3565 3463 3622 3518 Si
3642 3477 3769 3532 ergo

515 3559 724 3617 Christo
764 3562 991 3620 Domino
1029 3573 1352 3635 acceperunt
1380 3565 1538 3620 fidem
1583 3565 1894 3634 prmdicent,
1925 3565 2091 3619 mira-
2118 3567 2163 3626 (ζ
2196 3569 2456 3629 martyres
2471 3558 2816 3622 honoramus,
2840 3553 3111 3609 Christum
3132 3568 3348 3624 quoque
3371 3554 3424 3608 in
3452 3553 3774 3625 martyribus

515 3653 646 3707 culis
686 3653 1023 3710 confirment.
1073 3653 1242 3710 Erant
1283 3670 1471 3710 revera
1518 3655 1597 3711 sal
1628 3663 1802 3717 terrm,
1834 3669 1940 3724 quo
1969 3670 2090 3710 cre-

515 3743 749 3797 dentium
774 3745 1010 3798 omniutn
1041 3746 1362 3799 condiuntur
1391 3746 1600 3810 animm,
1632 3754 1793 3813 atque
1823 3745 2093 3800 inviolata:

516 3833 580 3886 ab
627 3843 824 3887 aeterna
853 3834 1134 3903 putredine
1179 3834 1569 3891 custodiuntur.
1613 3834 1718 3889 Pcr
1747 3843 1941 3888 terram
1969 3835 2088 3888 uni-

519 3937 721 3977 versam
743 3924 903 4002 236
927 3931 1143 3979 aeterna:
1171 3923 1357 3983 salutis
1402 3923 1670 3994 spiritales
1696 3922 2092 3992 dispensatores

2196 3663 2534 3704 veneramur.
2566 3647 2660 3702 Sin
2708 3662 2839 3702 vero
2867 3655 3082 3702 sanctos
3106 3647 3431 3716 spernimus,
3478 3645 3774 3711 Christum,

2197 3740 2288 3810 qui
2337 3740 2388 3797 in
2439 3739 2638 3793 sanctis
2682 3747 2783 3802 est,
2834 3737 3134 3800 irridemus,
3195 3738 3310 3805 ipsa
3350 3735 3527 3790 divina
3550 3737 3778 3791 veritate

2199 3833 2410 3888 dicente
2433 3849 2448 3883 :
2484 3827 2584 3895 Qui
2604 3846 2690 3885 vos
2715 3831 2930 3900 spernit,
2955 3845 3034 3882 me
3052 3831 3246 3899 spernit
3277 3826 3426 3900 (Luc.
3451 3843 3504 3894 x,
3535 3825 3650 3896 16).
3671 3825 3780 3880 Ex-

2199 3921 2368 3990 plicit.

1806 4142 2150 4206 HOMILIA
2193 4144 2484 4206 LXXIV.

1522 4285 1590 4341 In
1617 4286 1780 4342 natali
1815 4286 1875 4343 S.
1909 4285 2182 4342 Laurentii
2201 4288 2368 4344 levitte
2383 4298 2434 4344 et
2459 4291 2700 4362 martyris
2725 4291 2775 4349 1.

1939 4419 2331 4480 ΑΒΜΟΝΙΤῙΟ.

585 4562 1002 4640 23_7_Ex_gns_s.
1041 4559 1402 4640 monumentis
1439 4558 1505 4640 in.
1532 4556 1728 4612 seriem
1766 4555 2100 4640 redigendis,
2144 4572 2327 4640 quem”
2343 4557 2781 4640 hujluihomiliﬁ
2815 4567 3091 4640 amtorem
3124 4557 3472 4640 probaverim
3492 4557 3789 4640 scriptores

517 4626 800 4694 constabit.
843 4629 1085 4698 Vaticani
1120 4636 1352 4698 quatuor
1388 4626 1635 4698 codices,
1658 4642 1872 4698 nempe
1914 4626 2054 4683 1273
2092 4641 2227 4698 pag.
2261 4627 2351 4689 85,
2395 4627 2530 4682 1297
2561 4643 2682 4698 pag.
2715 4628 2802 4691 95,
2839 4629 2976 4683 1269
3006 4626 3242 4696 pagISL,
3267 4635 3324 4683 et
3345 4627 3518 4682 Vatic.
3552 4626 3788 4686 Ottobo—

517 4709 704 4762 nianus
735 4701 836 4758 106
871 4715 1007 4772 pag._
1036 4695 1158 4772 208,
1196 4695 1625 4772 concorditer__S.
1651 4695 1872 4772 Maximi
1911 4695 2111 4772 nomen
2135 4695 2683 4772 deferunt._§i_milem
2703 4699 2967 4772 exhibent
2996 4695 3399 4772 inscriptionem
3430 4705 3538 4752 tres
3565 4699 3787 4756 codices

517 4778 834 4832 Casinenses
863 4765 894 4827 εἰ
925 4765 1097 4831 nobis,
1129 4775 1186 4823 ut
1213 4767 1518 4838 superiores
1536 4765 1820 4838 _Vaticani,
1851 4767 2111 4838 recogniti
2133 4809 2150 4833 ,
2175 4768 2381 4822 scilicet
2410 4767 2512 4821 104
2541 4783 2660 4838 pag.
2697 4768 2820 4836 153,
2854 4768 2956 4822 109
2985 4783 3107 4838 pag.
3139 4765 3244 4822 234
3273 4783 3302 4838 a
3326 4776 3504 4838 tergo,
3539 4784 3629 4838 cxi
3654 4783 3785 4838 pag.

517 4847 642 4919 ξω.
687 4844 1228 4919 ρυεειιρηνᾸῃ-ῳιθιςᾳε
1265 4834 1494 4919 ex_bibl.
1534 4834 1892 4919 Laurentiana
1930 4834 2170 4919 proferre
2195 4851 2494 4919 possumus
2520 4834 2635 4919 59
2662 4834 2813 4919 Plut,
2834 4855 2940 4893 xvu
3129 4839 3250 4900 ΠΟ,
3281 4834 3532 4919 122npag.
3570 4834 3694 4919 155,
3724 4834 3788 4919 et

517 4915 622 4969 174
648 4905 769 4982 pag.
811 4911 916 4966 216
945 4905 1085 4982 bibl.
1115 4907 1244 4963 olim
1282 4905 1963 4982 ted_ilium_maj_or:_ecc_les._
1991 4905 2254 4982 Floreat},
2279 4916 2334 4982 et
2361 4924 2409 4982 ll
2425 4908 2481 4962 S.
2520 4907 2707 4982 Crucis
2737 4908 2927 4982 Minor.
2955 4905 3095 4982 Plut.
3128 4924 3323 4982 X§§III._
3364 4905 3789 4982 Ilissuccedunt

517 4986 626 5040 duo
646 4974 976 5039 Vallicellani
997 4981 1027 5032 7
1060 4978 1106 5032 A
1126 4985 1182 5033 et
1210 4994 1298 5041 xv,
1330 4976 1684 5046 Vercellensis
1711 4974 1772 5029 8|
1797 5018 1810 5040 ,
1846 4977 2251 5046 Ratisponensis
2279 4975 2337 5030 S.
2369 4976 2714 5043 Emmerami,
2746 4978 3025 5046 Augiensis
3052 4995 3140 5042 xv,
3171 4977 3528 5043 Martinensis,
3561 4976 3619 5032 S.
3646 4977 3789 5032 Cru~

519 5056 596 5109 eis
626 5054 678 5107 in
707 5051 1000 5106 Jerusalem
1026 5066 1118 5113 xu,
1149 5057 1205 5103 et
1237 5046 1503 5102 Farfensis
1532 5045 1604 5116 Β.
1646 5045 1789 5100 Inter
1817 5045 2170 5101 Maximianos
2196 5062 2475 5102 sermones
2503 5049 2746 5103 eamdem
2777 5045 2939 5104 habet
2968 5048 3226 5103 Alcuinus
3253 5061 3376 5116 pag.
3409 5046 3536 5112 551,
3569 5047 3791 5116 ipsique

520 5121 857 5178 tribuendam
882 5128 1205 5174 censuerunt
1228 5117 1498 5172 Ballerinii
1528 5115 1582 5170 in
1616 5125 1912 5170 memorata
1936 5117 2084 5185 praef.
2097 5131 2240 5240 (pag.
2269 5116 2395 5183 587,
2434 5133 2556 5172 eum
2582 5119 2709 5173 olim
2739 5118 2797 5172 8.
2831 5119 2999 5174 Leoni
3026 5117 3218 5188 Magno
3255 5115 3543 5170 homiliam
3592 5115 3794 5172 inscri—

520 5201 667 5240 nlam
698 5189 1018 5240 invenerint.
1056 5187 1513 5240 consentientibus
1533 5201 1694 5240 supra
1724 5188 2003 5240 recensitis
2031 5203 2096 5240 co
2134 5188 2325 5240 icibus.
2364 5196 2420 5240 et
2443 5187 2766 5240 editionibus
2795 5188 3038 5240 vanici
3067 5202 3189 5240 nae.
3215 5186 3338 5240 221.
3365 5185 3626 5240 Galesinii
3654 5199 3788 5240 nam.

561 5201 667 5248 tam
698 5189 1018 5260 invenerint,
1056 5187 1518 5260 consentientibus
1532 5201 1694 5260 supra
1724 5188 2003 5260 recensitis
2031 5185 2325 5260 codicibus,
2340 5196 2420 5260 Aet
2443 5187 2766 5260 editionibus
2795 5188 3038 5260 Gymnici
3067 5185 3198 5260 pag,
3215 5186 3338 5250 221,
3365 5185 3788 5260 Calesiniipag.

559 5263 643 5328 56,
675 5258 980 5328 Combelisii
1006 5253 1140 5313 tom.
1187 5257 1250 5328 Yl
1286 5271 1405 5328 pag.
1454 5255 1577 5328 626,
1602 5253 2015 5328 "Gumdiiutom,
2041 5256 2107 5311 IV
2137 5271 2257 5326 pag.
2298 5256 2420 5318 481,
2447 5256 2727 5328 Raynaudi
2757 5253 2878 5328 pag.
2909 5257 3034 5321 231,
3069 5253 3437 5325 et'Margarini
3465 5256 3604 5312 Bibl.
3637 5253 3794 5328 Max.

525 5325 636 5389 PP.
661 5340 790 5388 tom.
823 5327 892 5385 VI
916 5344 1042 5400 pag.
1069 5328 1160 5384 '57.
1185 5325 1388 5401 Quibus
1414 5325 1710 5397 exploratis
1737 5326 1864 5380 nulli
1895 5327 2114 5382 dubium
2140 5325 2261 5382 esse
2290 5335 2488 5397 potest,
2520 5325 2663 5385 hanc
2684 5325 2959 5390 hoinjliam
2986 5328 3102 5384 fore
3127 5327 3362 5384 Maximo
3382 5325 3792 5383 ascribendam.

525 5519 687 5595 238
704 5506 2097 5596 ᾼιιῦυυεβῖυβίοπ-ξξῖξέζξξηξίευίίξξρξ
2128 5521 2180 5583 D
2275 5531 2517 5596 tanquam
2563 5522 2748 5592 pignus
2793 5524 3106 5578 imminentis
3149 5523 3262 5594 ejus
3306 5523 3525 5594 glorior,
3563 5523 3808 5596 eleganti

595 5577 782 5651 ἷὲἦιὶα,
813 5603 846 5637 α
867 5583 1140 5637 ministerii
1165 5577 1492 5651 sublimitate,
1517 5577 1880 5651 {liberalitate
1900 5577 1952 5627 in
1971 5592 2101 5644 pau-
2128 5577 2168 5583 '
2272 5577 2574 5646 ιαηάηείοηέ
2594 5577 2829 5646 efferum.

595 5674 740 5727 pere:
770 5646 1033 5727 Maximus
1056 5647 1393 5727 commendat.
1435 5648 1494 5701 S.
1534 5646 1673 5727 Xisti
1700 5654 1856 5727 pontu
1880 5654 1929 5727 et
1958 5660 2099 5727 mar-

599 5715 725 5798 fyris
766 5722 1059 5778 vaticinium
1105 5721 1167 5772 de
1220 5718 1454 5788 proximo
1498 5718 1743 5788 martyrio
1778 5717 1856 5769 sui
1907 5715 2099 5781 levita‘.
2268 5722 2525 5780 Sanctum
2549 5731 2653 5794 est,
2683 5721 2894 5792 fratres,
2928 5739 2989 5781 ac
3018 5725 3131 5781 Deo
3159 5725 3438 5797 placitum,
3469 5734 3528 5780 ut
3557 5722 3814 5780 natalem
