4054 6190
272 344 365 401 1011

1629 331 1914 391 HOMILIA
1950 332 2157 391 LXXV.

3387 339 3487 400 110

268 449 390 511 beati
422 445 688 501 Laurentii
718 443 986 515 [meipua
1030 443 1321 500 devotione
1349 460 1668 503 veneremur
1685 486 1701 511 ,
1729 461 1827 502 cu—
1854 447 1902 508 Α
1934 445 2104 500 turbis
2144 443 2573 505 ecclesiasticum
2611 460 2835 505 censum
2882 450 3136 521 religiosa
3186 452 3506 511 liberalitate

262 546 338 615 jus
382 538 711 595 radiantibus
753 535 978 590 ﬂammis
1029 536 1221 591 victrix
1260 545 1287 575 ι
1336 538 1389 592 in
1431 538 1573 593 hunc
1608 551 1825 608 quoque

264 636 387 690 diem
414 638 531 685 toto
570 630 703 684 orbe
744 626 942 682 Christi
987 636 1237 684 coruscat
1275 626 1545 695 Ecclesia;
1588 630 1825 697 quitcum

263 726 311 780 in
334 722 454 777 sede
480 718 854 788 gloriosissimi
878 716 904 756 ι’
925 717 1243 787 patriarchae
1282 718 1599 775 diaconatus
1640 718 1825 788 funge—

263 820 394 868 retur
418 808 614 874 ofﬁcio,
646 808 879 877 puritate
908 806 1206 862 innocentis
1231 807 1387 873 vitae,
1420 807 1825 877 fortissimeque

262 905 431 961 mortis
470 902 746 971 triumpho
783 899 1082 969 apostolico
1118 915 1178 955 se
1214 901 1487 955 consortio
1529 901 1819 970 copulavit.

260 997 356 1051 Nec
380 993 648 1048 immerito
686 1007 811 1046 eum
856 992 1224 1061 apostolorum
1252 1007 1541 1063 supparem
1568 992 1825 1063 praedica-

259 1102 388 1149 mus;
419 1084 505 1139 cui
536 1090 590 1138 et
616 1082 835 1137 castitas
862 1082 1026 1136 animi
1050 1082 1323 1137 leviticum
1351 1083 1705 1139 ministerium
1726 1082 1823 1138 de-

258 1177 352 1240 dit,
392 1183 447 1230 et
482 1174 762 1244 plenitudo
809 1172 934 1227 fidei
964 1174 1204 1245 martyrii
1232 1175 1461 1230 contulit
1488 1175 1819 1243 dignitatem.

258 1269 411 1335 Quem
451 1265 775 1321 venerabilis
813 1263 996 1319 Xistus
1028 1275 1051 1304 ε
1094 1264 1351 1320 Romanae
1392 1266 1538 1321 urbis
1577 1267 1820 1333 antistes,

254 1374 362 1414 cum
399 1356 734 1427 impietatem
774 1355 1045 1410 szevientis
1082 1356 1266 1411 mundi
1308 1372 1406 1427 per
1434 1366 1703 1415 tormenta
1729 1375 1822 1415 su-

254 1454 457 1519 peraret
478 1486 494 1512 ,
541 1455 597 1501 et
624 1445 805 1514 regnis
832 1454 978 1502 esset
1006 1447 1313 1502 caelestibus
1333 1447 1445 1516 jam
1472 1449 1708 1515 vicinus,
1739 1448 1823 1507 vi-

254 1540 500 1607 deretque
546 1553 668 1592 eum
709 1547 935 1607 paterna
973 1537 1042 1592 de
1089 1546 1263 1593 morte
1308 1540 1698 1605 tristissimum,
1749 1540 1823 1594 ita

256 1634 385 1688 illum
414 1632 605 1702 spiritu
628 1631 975 1701 prtescientiaa
996 1632 1349 1701 compellasse
1376 1641 1653 1687 narratur:
1680 1631 1818 1697 Noli,

254 1724 445 1794 inquit,
477 1721 552 1777 ﬁli
591 1730 813 1777 mmstus
840 1736 961 1777 esse
978 1762 993 1786 ,
1034 1730 1158 1791 post
1186 1722 1417 1777 triduum
1444 1738 1531 1777 me
1558 1723 1818 1791 sequeris.

1928 536 2127 606 divisit.
2174 534 2347 602 Quam
2392 536 2715 606 profundum
2753 540 3009 609 spiritalis
3044 543 3177 611 viri,
3209 554 3232 582 ο
3264 555 3319 601 et
3342 560 3508 614 quam

1927 627 2146 682 caeleste
2172 627 2476 694 consilium,
2508 635 2563 683 et
2591 638 2647 683 ut
2674 631 2858 699 egenis
2884 635 3209 700 consuleret,
3242 646 3298 691 et
3319 636 3503 691 multi-

1929 716 2115 772 tudine
2142 726 2494 773 consumente
2522 734 2641 790 quze
2668 721 2909 787 dederat,
2941 722 2958 761 ί
2994 725 3220 781 inveniri
3250 741 3356 780 non
3383 742 3504 797 pos-

1925 819 2028 876 set,
2059 810 2203 880 quod
2230 822 2443 881 raperet
2472 822 2815 883 persecutor;
2844 818 2986 872 illam
3010 820 3259 874 nimirum
3288 832 3503 878 secutus

1925 905 2245 959 sententiam
2273 922 2285 957 :
2319 904 2576 975 Dispersit
2592 948 2606 970 ,
2631 909 2769 962 dedit
2795 910 3101 981 pauperibus
3123 929 3140 965 :
3159 912 3365 982 justitia
3388 915 3501 984 ejus

1925 996 2222 1050 ntanetsin
2268 1006 2515 1051 azternum
2556 997 2727 1067 (Psal.
2768 1000 2897 1068 exn).
2958 1000 3331 1057 Misericordiae
3378 1003 3499 1070 fuit,

1925 1088 2069 1156 quod
2098 1088 2406 1143 alimoniam
2443 1091 2770 1160 pauperibus
2808 1091 2990 1147 dedit:
3034 1094 3255 1162 justitia:
3298 1103 3496 1162 autem,

1924 1178 2071 1246 quod
2101 1179 2125 1213 ιι
2156 1188 2215 1233 ut
2242 1180 2324 1233 vir
2360 1178 2805 1248 prudentissimus
2846 1182 3151 1250 procuravit
3190 1200 3258 1237 ne
3285 1193 3498 1240 sancto-

1924 1286 2044 1326 rum
2072 1271 2425 1326 substantiam
2460 1272 2633 1327 avaris
2674 1274 2920 1329 manibus
2948 1276 3237 1343 sacrilegus
3264 1264 3497 1345 occupa-

1924 1368 2027 1415 ret.
2057 1359 2299 1427 Justitia,
2332 1361 2530 1429 inquit,
2561 1361 2678 1430 ejus
2707 1370 2889 1417 manet
2917 1363 2970 1417 in
2997 1372 3275 1418 aeternum.
3309 1363 3324 1401 ί
3350 1364 3500 1430 Quo-

1924 1450 2087 1505 modo
2112 1466 2220 1506 non
2250 1450 2364 1504 hazc
2392 1449 2446 1504 in
2474 1458 2733 1505 teternum
2761 1451 3000 1506 manebit
3021 1451 3245 1521 jnstitia,
3277 1452 3421 1522 quod
3448 1460 3503 1507 et

1926 1550 2111 1596 sancto
2157 1540 2446 1610 complevit
2492 1556 2688 1611 opere,
2738 1550 2792 1595 et
2831 1543 3215 1610 gloriosissimo
3243 1544 3502 1615 martyrio

1925 1630 2296 1685 consecravit?
2330 1630 2446 1685 lloc
2474 1631 2653 1700 itaque
2678 1631 2865 1686 dolore
2894 1630 3041 1686 furor
3064 1632 3276 1701 gentilis
3304 1647 3500 1687 accen-

1924 1736 2013 1775 sus
2037 1722 2050 1770 i
2080 1721 2396 1776 craticulam
2424 1723 2678 1776 continuo
2698 1730 2854 1792 parat
2882 1722 3121 1791 ignitam,
3150 1738 3312 1791 super
3338 1737 3501 1791 quam

253 1815 390 1871 Unde
417 1821 663 1884 apparet,
692 1813 973 1878 carissimi,
1000 1814 1217 1868 beatum
1246 1813 1589 1869 Laurentium
1620 1830 1728 1870 non
1756 1814 1823 1869 de
1851 1819 1899 1879 Β
1926 1813 2271 1869 rremandum
2294 1812 2675 1869 Laurentiumk
2703 1829 2800 1881 per
2826 1814 3066 1868 membra
3084 1812 3424 1879 discinderet,
3442 1822 3503 1867 ut

252 1904 537 1962 sacerdotis
582 1903 778 1958 summi
826 1903 1049 1958 victoria
1098 1903 1350 1958 habuisse
1396 1904 1695 1966 tristitiam,
1726 1903 1822 1959 sed

252 1995 475 2051 doluisse
495 2034 511 2059 ,
554 1995 682 2063 quia
724 2009 832 2048 non
855 1992 883 2030 (ι
908 1993 1025 2063 ipse
1062 1993 1319 2062 mundum
1347 2009 1467 2049 cum
1496 2010 1596 2048 suo
1622 1994 1824 2064 pariter

252 2082 522 2140 sacerdote
548 2082 815 2162 vincebat.
864 2082 1014 2148 Noli,
1058 2082 1257 2151 inquit,
1290 2082 1395 2149 ﬁli,
1427 2092 1651 2162 mmstus
1679 2100 1817 2149 esse,

253 2183 362 2245 post
388 2173 628 2229 triduum
656 2156 743 2227 me
770 2172 1011 2243 sequeris
1036 2191 1048 2227 :
1076 2172 1179 2229 hoc
1204 2182 1318 2241 est,
1348 2156 1459 2230 noli
1488 2175 1654 2230 tristis
1680 2190 1818 2241 esse,

255 2267 382 2322 velut
401 2265 546 2337 apud
573 2264 827 2321 sarculum
855 2263 1171 2330 derelictus;
1207 2281 1331 2321 nam
1360 2281 1460 2322 nec
1493 2274 1546 2322 te
1572 2265 1723 2333 ﬁdes,
1741 2267 1823 2323 vi-

252 2364 396 2426 taque
430 2364 520 2411 tua
551 2356 645 2411 tali
674 2363 848 2410 morte
870 2355 1132 2426 privabit;
1164 2356 1307 2410 nulla
1334 2364 1387 2411 te
1407 2356 1474 2410 de
1494 2371 1616 2413 meo
1647 2367 1823 2414 trans-

255 2449 351 2515 itu,
391 2464 505 2517 quo
532 2460 634 2516 ego
669 2447 909 2516 gaudeo,
938 2448 1217 2517 perturbet
1245 2449 1515 2513 anxietas;
1543 2450 1668 2517 quia
1697 2464 1824 2505 mox

251 2546 295 2593 et
325 2547 374 2593 tu
402 2537 692 2592 habiturus
736 2552 795 2591 es
842 2537 909 2591 de
957 2542 1049 2591 tua
1096 2538 1346 2606 passione
1388 2539 1645 2595 laetitiam.
1686 2541 1825 2595 Vere

250 2629 379 2684 beati
406 2628 688 2683 Laurentii
715 2628 885 2697 gloria
912 2628 1227 2696 singularis,
1258 2630 1350 2697 qui
1382 2637 1588 2687 tantum
1616 2631 1684 2687 de
1714 2631 1824 2688 Deo

249 2734 335 2774 suo
361 2726 687 2775 consecutus
715 2727 798 2773 est
824 2721 1040 2788 gratia),
1072 2728 1133 2775 ut
1159 2721 1208 2775 ei
1239 2730 1443 2792 martyr
1468 2722 1537 2777 de
1564 2724 1821 2795 martyrio

249 2811 616 2881 prophetaret,
652 2826 810 2879 quem
840 2826 937 2881 pro
968 2828 1186 2868 suorum
1214 2816 1567 2884 przerogativa
1596 2817 1821 2873 merito-

248 2917 351 2954 rum
378 2910 512 2955 ante
551 2902 777 2956 victoria
819 2900 1139 2968 lzetiﬁcavit,
1175 2919 1335 2972 quam
1365 2920 1542 2975 pugna
1571 2913 1818 2961 terreret.

250 2988 410 3059 Ergo,
451 3000 508 3045 ut
552 2992 843 3061 comperit,
892 3008 988 3048 ore
1026 2995 1322 3050 sacerdotis
1363 3006 1417 3051 et
1458 2999 1736 3069 martyris,
1764 3014 1824 3054 se

1923 1903 2304 1971 indignationis
2332 1919 2439 1959 sua:
2479 1903 2717 1957 ﬂammas
2746 1904 2921 1972 impiis
2951 1902 3159 1971 ignibus
3188 1902 3497 1960 vindicaret.

1925 1995 2087 2067 239
2114 1995 2280 2049 Ardet
2320 1993 2564 2064 profecto
2608 1992 2622 2030 ι
2672 1994 2797 2049 totis
2842 1994 3139 2048 visceribus
3184 1991 3503 2047 fortissimus

1923 2094 2147 2156 martyr,
2178 2092 2233 2139 et
2257 2084 2456 2149 uritur;
2485 2083 2579 2139 sed
2607 2097 2831 2151 regnum
2860 2084 2981 2138 caeli
3011 2082 3380 2152 promissaque
3407 2081 3503 2137 Dei

1928 2175 2071 2232 ﬁdeli
2118 2185 2298 2231 mente
2346 2184 2682 2246 pertractans
2729 2175 3008 2243 refrigerio
3056 2174 3395 2229 conscientiae
3422 2174 3504 2227 vi-

1925 2268 2106 2323 ctricis
2130 2268 2396 2331 exsultat,
2437 2278 2539 2321 nec
2577 2266 2772 2335 ptenali
2801 2266 2970 2322 ﬂexus
3000 2264 3247 2319 incendio
3274 2272 3377 2327 est,
3408 2280 3503 2319 cu-

1920 2361 2010 2429 jus
2029 2360 2081 2414 in
2108 2367 2328 2431 pectore
2353 2357 2728 2428 insuperabilis
2753 2356 2809 2411 S.
2842 2356 3072 2426 Spiritus
3100 2355 3312 2409 ﬂamma
3333 2366 3371 2392 ιη
3394 2355 3503 2411 fer-

1923 2452 2102 2505 vebat.
2138 2449 2208 2504 At
2236 2448 2475 2518 nunquid
2504 2446 2697 2502 cedere
2724 2455 2935 2517 poterat
2962 2453 3355 2501 momentanem
3382 2461 3504 2501 cor-

1925 2540 2073 2611 poris
2102 2538 2402 2601 adustioni,
2434 2536 2588 2605 cujus
2615 2535 2747 2591 ﬁdes
2771 2542 3029 2589 aeternum
3059 2535 3316 2603 gehennae
3346 2534 3507 2605 ξω

1925 2631 2297 2700 exstinguebat
2331 2628 2613 2683 ardorem?
2641 2626 2918 2696 Superatis
2955 2626 3134 2693 itaque
3173 2624 3504 2679 ﬂammarum

1927 2721 2204 2785 ministris,
2229 2734 2388 2775 omne
2404 2704 2684 2773 mundanae
2702 2717 2923 2772 insania:
2942 2714 3148 2770 relrixit
3170 2715 3503 2780 incendium;

1929 2820 1983 2867 et
2011 2812 2077 2866 ad
2105 2814 2209 2866 hoc
2236 2826 2406 2879 usque
2442 2809 2705 2865 diabolica
2743 2806 2971 2879 profecit
2996 2806 3241 2871 intentio,
3264 2814 3323 2859 ut
3342 2812 3398 2861 ct
3425 2805 3506 2859 vir

1932 2904 2107 2958 ﬁdelis
2127 2903 2196 2957 ad
2243 2902 2408 2956 Deum
2437 2916 2596 2955 suum
2635 2899 2901 2966 gloriosus
2925 2895 3269 2962 ascenderet,
3296 2901 3351 2949 et
3378 2910 3506 2950 cru-

1929 2993 2120 3049 delitas
2147 2991 2581 3064 persequentium
2619 3005 2742 3046 cum
2770 2988 2881 3043 suis
2910 2986 3117 3057 ignibus
3146 2984 3367 3041 confusa
3397 2993 3507 3041 tor-

246 3093 454 3149 quoque
472 3081 797 3137 omnimodis
818 3084 1220 3151 assumendum,
1244 3089 1581 3157 congregatis
1608 3090 1827 3158 inopum
1856 3086 1900 3147 C
1935 3093 2201 3155 posceret.

1531 3262 1875 3323 HOMILlA
1920 3263 2180 3325 LXXV.

1578 3382 1658 3437 De
1680 3384 1857 3437 eodem
1878 3384 2044 3440 natali
2070 3383 2132 3437 11

1669 3491 2056 3546 ΑΒΜΟΝΙΤΙΟ.

318 3612 517 3667 Omnes
562 3608 675 3664 fere
721 3622 848 3663 mss.
899 3606 1112 3663 codices
1160 3606 1353 3676 quibus
1397 3604 1455 3657 S.
1496 3604 1713 3676 Maximi
1763 3606 2093 3675 superiorem
2139 3607 2413 3660 homiliam
2460 3622 2580 3661 esse
2623 3607 2967 3676 probavimus
3011 3608 3148 3662 hanc
3196 3622 3411 3676 quoque
3438 3608 3507 3665 ab

252 3684 430 3736 eodem
452 3681 713 3749 scriptam,
736 3678 907 3749 fuisse
925 3672 1232 3749 ostendunt:
1270 3672 1331 3749 In
1355 3675 1599 3749 bihliqth.
1625 3672 1889 3749 Vaticana
1920 3677 2590 3749 quatuon-_recognovimus
2610 3672 2759 3740 mss.,
2795 3680 2897 3731 hoc
2924 3686 3181 3749 estpum.
3210 3672 3357 3749 1275
3382 3694 3505 3748 pag.

251 3751 329 3817 84,
364 3752 499 3804 1269
528 3744 651 3820 pag.
697 3747 783 3813 85,
801 3746 963 3820 _1277
1004 3761 1124 3820 pag.
1288 3744 1677 3820 Vatic._0ttolt.
1714 3745 1817 3798 106
1846 3744 1966 3820 pag.
1998 3746 2211 3820 209,8.
2245 3746 2979 3820 Maximignomemgerentes.
3016 3747 3123 3801 Nec
3151 3747 3328 3820 minor
3355 3744 3508 3803 codi-

252 3814 365 3875 cuin
396 3814 771 3875 convenientia
800 3814 1086 3873 Florentiae
1108 3816 1262 3873 nobis
1291 3817 1521 3870 innotuit
1550 3816 1600 3885 in
1642 3814 1998 3870 Lamentiana
2017 3858 2031 3882 ,
2066 3818 2216 3885 cujus
2243 3828 2367 3871 sunt
2394 3817 2565 3871 codex
2590 3817 2659 3870 59
2684 3816 2826 3870 Plut.
2854 3835 2960 3871 xm
2990 3830 3110 3885 pag.
3144 3817 3245 3869 170
3271 3832 3301 3870 a
3332 3826 3508 3885 tergo,

250 3891 409 3945 codex
456 3907 492 3946 ιι
540 3889 683 3942 Plut.
722 3905 886 3953 xxxnl
923 3894 1061 3955 part.
1103 3888 1331 3943 sinistra:
1372 3884 1661 3957 pagi“,
1691 3886 1816 3939 olim
1858 3885 2049 3939 Minor.
2082 3887 2345 3942 Convent.
2379 3887 2435 3940 S.
2467 3886 2652 3941 Crucis
2679 3886 2784 3957 172
2810 3897 2863 3940 et
2894 3884 3003 3939 171
3017 3885 3204 3957 eadem
3232 3902 3354 3956 pag.
3388 3884 3510 3955 154,

250 3960 513 4027 quondam
556 3958 686 4015 bibl.
726 3958 865 4027 aulil.
906 3957 977 4011 M.
1010 3958 1142 4013 eccl.
1174 3958 1346 4021 Flor.,
1376 3955 1466 4025 qui
1500 3955 1874 4027 Laurentianis
1900 3972 2026 4011 mss.
2060 3965 2307 4027 recenter
2336 3957 2529 4026 adjecti
2557 3965 2699 4010 sunt.
2733 3956 2969 4027 Similem
2996 3956 3288 4027 praeferunt
3317 3959 3511 4013 inscri-

250 4025 481 4097 ptionem
521 4028 733 4083 codices
770 4026 1088 4082 Casinenses
1112 4028 1217 4081 duo
1238 4067 1252 4091 ,
1285 4042 1475 4097 nempe
1502 4025 1601 4097 109
1629 4040 1750 4095 pag.
1784 4025 1907 4089 255,
1940 4035 1996 4097 et
2024 4043 2111 4081 cx:
2136 4041 2258 4097 pag.
2294 4026 2411 4089 105,
2446 4028 2832 4097 Ambrosianus
2857 4027 2918 4081 Ο.
2946 4026 3034 4091 98,
3069 4025 3450 4082 Vallicellanus
3478 4028 3511 4081 7

285 4113 364 4165 ag.
397 4100 451 4164 9,
486 4098 768 4165 Augiensis
796 4114 882 4158 xv,
914 4097 1255 4151 Martinensis
1283 4096 1503 4151 homilia
1532 4095 1568 4147 2
1589 4097 1639 4148 in
1666 4096 1945 4149 nativitate
1965 4096 2022 4150 S.
2057 4095 2351 4159 Laurentii,
2385 4097 2441 4151 S.
2476 4098 2663 4151 Crucis
2693 4097 2743 4149 in
2766 4096 2875 4152 Jer.
2913 4114 2983 4151 xu
3008 4110 3126 4163 pag.
3156 4096 3253 4148 100
3276 4113 3305 4150 a
3338 4106 3511 4165 tergo,

285 4113 364 4165 ag.
397 4113 451 4164 υ,
486 4113 768 4165 Augiensis
796 4114 882 4158 xv,
914 4113 1255 4151 marunensns
1283 4113 1503 4151 nomina
1532 4113 1568 4147 κ
1589 4113 1639 4148 ιη
1666 4113 1945 4149 nanvnate
1965 4113 2022 4150 δ.
2057 4113 2351 4159 Laurentii,
2385 4113 2441 4151 δ.
2476 4113 2663 4151 uncus
2693 4113 2743 4149 ll]
2766 4113 2875 4152 δεῖ.
2913 4114 2983 4151 xu
3008 4113 3126 4163 pag.
3156 4113 3253 4148 wu
3276 4113 3305 4150 a
3338 4113 3511 4165 tergo,

250 4113 655 4239 Flatisponensis
701 4167 759 4221 S.
810 4166 1133 4222 Emmerami
1180 4180 1301 4236 pag.
1352 4166 1454 4239 37,
1483 4179 1553 4239 _ac
1598 4164 1814 4239 tandem
1866 4166 2222 4239 Vergellensis
2251 4167 2321 4219 82
2347 4167 2749 4239 antiquissimus
2778 4182 2898 4219 cum
2931 4167 3125 4239 titulo:
3161 4165 3227 4217 In
3257 4167 3424 4219 natali
3450 4169 3512 4222 S.

251 4234 536 4291 Laurentii.
578 4238 870 4291 Tantorum
911 4252 1042 4291 mss.
1085 4234 1352 4291 con—sensu
1386 4234 1516 4288 nihil
1554 4234 1881 4306 splendidius
1921 4235 2099 4290 aﬁerri
2122 4245 2332 4306 potest;
2364 4251 2531 4306 quare
2578 4236 2813 4306 editores
2854 4236 3149 4306 omittimus
3175 4250 3511 4306 _recensere;

251 4316 404 4375 atque
435 4309 540 4362 hoc
586 4323 750 4361 unum
776 4306 1048 4369 addimus,
1080 4306 1396 4361 Ballerinios
1420 4306 1561 4361 hanc
1586 4302 1865 4363 homiliam
1887 4345 1905 4372 ,
1935 4307 1990 4361 in
2018 4302 2286 4363 veteribus
2311 4302 2718 4362 collectionibus
2744 4318 3055 4358 sermonum
3084 4303 3142 4357 S.
3174 4302 3371 4359 Leonis
3413 4322 3513 4360 nu-

251 4387 530 4443 meratam,
561 4376 796 4431 Maximo
824 4391 943 4431 esse
962 4376 1348 4431 restituendam
1374 4375 1670 4430 monuisse.
2584 4404 2592 4411 ε

251 4577 738 4655 ΔυςυυειςτΨίη-τ-
762 4577 1021 4655 saevitiem
1042 4576 1490 4655 cntdeﬁtatemque
1511 4576 1747 4655 martyrii
1765 4574 1826 4629 S.
1860 4580 1906 4637 Ι)
2002 4592 2106 4655 non
2148 4575 2201 4630 in
2230 4576 2497 4630 verborum
2538 4582 2757 4642 ornatu,
2801 4556 2892 4627 sed
2912 4570 3278 4644 propemodum
3306 4571 3362 4624 in
3382 4571 3510 4623 inut-

319 4649 592 4704 Laurentii
613 4649 738 4703 vivis
756 4646 1013 4702 coloribus
1040 4647 1239 4700 exhibet
1262 4644 1547 4717 Maximus,
1577 4645 1831 4717 ejusdent-
2004 4648 2123 4717 gine
2152 4656 2505 4713 repraesentat.

319 4738 419 4788 que
453 4723 718 4774 immotam
759 4717 1105 4789 fortitudinem
1164 4733 1225 4789 uc
1268 4726 1442 4789 pectus
1482 4715 1726 4789 inrictunt
1772 4715 1828 4767 in

318 4770 896 4845 bninibus'erueia'tibus
923 4803 1079 4858 usque
1113 4787 1182 4839 ad
1212 4770 1441 4855 corporis
1480 4784 1824 4849 adustionem,
2006 4780 2156 4837 Sicut
2184 4791 2401 4851 patrum
2430 4788 2756 4842 nostrorum,
2783 4780 2972 4835 fratres
2985 4772 3264 4839 carissimi,
3296 4787 3402 4861 non
3433 4770 3513 4826 in-

1939 4983 2046 5035 luec
2072 4984 2185 5051 ejus
2212 4983 2267 5035 in
2306 4993 2552 5036 teternmn
2579 4978 3000 5051 manetijustitia,
3043 4995 3195 5048 quam
3237 4989 3285 5033 et
3314 4992 3517 5048 sancto,

1937 5061 2040 5106 etc.
2071 5048 2149 5106 Ita
2179 5052 2344 5107 etiam
2361 5053 2481 5107 cod.
2511 5052 2626 5105 Vat.
2650 5048 2814 5115 1277;
2846 5058 2901 5103 et
2929 5048 3143 5104 Martin.
3171 5050 3334 5104 etiam
3355 5052 3518 5108 habet

1935 5140 2181 5247 qui'ii'od.
2204 5192 2324 5247 Vat.
2353 5192 2471 5256 177,
2502 5204 2745 5245 accensus
2774 5205 2863 5256 per
2890 5191 3159 5244 consilium
3182 5191 3373 5246 diaboli
3405 5209 3520 5246 cra-

1943 5264 2178 5324 ticulam,
2216 5280 2369 5333 super
2405 5278 2554 5331 quam
2589 5259 2921 5312 Laurentium
2949 5278 3039 5331 per
3068 5262 3293 5315 membra
3320 5263 3517 5316 discin-

1936 5338 2206 5457 dJke‘COd.
2238 5400 2470 5463 Martin.,
2502 5417 2589 5468 per
2610 5401 2834 5453 membra
2859 5399 3189 5454 distenderet.

2017 5471 2033 5511 ¹
2078 5472 2244 5526 Codd.
2282 5472 2401 5535 109,
2434 5470 2551 5531 126,
2583 5480 2637 5525 et
2665 5470 2843 5525 Casin.
2878 5470 3060 5537 legunt
3088 5480 3241 5524 totus.

2015 5552 2053 5579 ⁸η
2091 5541 2223 5596 Cod.
2255 5542 2375 5595 Vat.
2409 5540 2572 5613 1269,
2614 5544 2855 5613 fervebat.
2880 5539 3258 5613 Momentanea!
3286 5538 3516 5613 corporis

1944 5614 2135 5666 ustioni
2165 5628 2266 5685 non
2289 5612 2491 5685 cessit,_
2516 5609 2664 5682 cujus
2699 5614 2826 5683 ﬁdes
2863 5621 3041 5685 (ctera.
3074 5612 3287 5682 ge/temi.
3312 5609 3509 5685 (λι-δήεις

1944 5693 2119 5751 gueret
2146 5681 2401 5736 ardorem.
2453 5681 2717 5753 Superatis
2739 5686 2908 5752 itaque
2933 5681 3259 5749 ﬂammarum
3292 5681 3512 5748 promis.

1944 5755 2032 5821 sis,
2063 5761 2169 5806 etc.

324 4996 349 5024 α
390 4986 527 5040 Cod.
556 4986 795 5052 Martin.,
845 4986 899 5039 in
936 4985 1031 5038 hoc
1077 4999 1273 5054 quoque
1302 4983 1388 5037 die
1417 4992 1522 5038 toto
1544 4982 1666 5037 orbe
1693 5000 1837 5037 coru-

254 5067 363 5111 scat
390 5056 640 5111 Ecclesia.

330 5129 356 5165 δ
396 5125 530 5180 Cod.
560 5126 733 5180 Vatic.
768 5124 921 5188 1269,
952 5122 1308 5194 gloriosissimi
1343 5120 1485 5175 Petri
1508 5122 1834 5176 archidiaco-

254 5206 675 5342 ua‘ﬁuéosza‘t.
707 5263 869 5342 1277,
892 5263 1028 5342 urbis
1042 5262 1240 5342 “Roma?
1259 5263 1493 5342 _antistes,
1734 5332 1743 5342 ⁸

328 5333 354 5372 «ί
397 5334 569 5390 Codd.
598 5334 776 5389 Casin.
811 5343 866 5389 et
894 5334 1009 5388 Vat.
1038 5331 1217 5386 Ottoh.
1254 5332 1375 5397 106,
1404 5333 1523 5402 quia
1544 5349 1648 5385 non
1678 5332 1833 5385 etiam

254 5421 531 5529 w‘ftod.
563 5474 745 5528 Casin.
776 5473 1031 5526 omittunt
1058 5481 1123 5524 et.

336 5543 354 5582 ί
401 5542 535 5598 Cod.
570 5543 638 5596 12
661 5544 718 5597 S.
749 5542 934 5598 Crucis
963 5543 1014 5596 in
1044 5540 1173 5604 Jer.,
1204 5541 1446 5594 invenire.

333 5624 359 5657 ε
402 5612 534 5667 Cod.
566 5614 686 5666 Vat.
721 5612 853 5665 1977
887 5613 1014 5679 legit
1041 5612 1351 5665 inswculum
1374 5608 1567 5665 smculi.

334 5680 363 5721 1³
403 5680 538 5735 Cod.
572 5682 782 5737 Martin.
814 5683 1011 5736 omittit
1032 5691 1106 5734 ut.

340 5761 357 5789 ι
403 5751 537 5807 Cod.
574 5752 641 5805 12
684 5750 739 5806 S.
790 5752 975 5807 Crucis
1022 5752 1073 5805 in
1111 5749 1220 5815 ιον.
1254 5750 1413 5804 habet
1445 5749 1706 5813 Quomodo
1729 5765 1829 5803 non
