4054 6190
574 316 666 370 m
1799 309 1854 367 s.
1894 307 2139 365 MAXIM!
2176 283 2628 370 ‘raummvsrs
3721 313 3837 372 .412

567 439 712 485 certa
762 429 1022 484 relatione
1063 427 1343 483 didicimus
1366 464 1381 491 ,
1431 419 1554 502 cum
1601 423 1924 480 venerabilis
1965 423 2154 478 Xistus
2181 426 2236 486 Α
2257 423 2602 479 conscientiae
2629 415 2957 494 puritatem,
3004 419 3258 479 devotam
3283 420 3408 484 .Deo
3445 419 3682 477 offerens
3717 438 3832 491 am-

566 520 873 590 apostolica:
900 510 1042 574 sedis
1081 516 1389 572 sacerdotio
1418 515 1746 584 fungeretur,
1781 525 1807 552 ι
1836 522 1892 570 et
1918 514 2150 570 sanctis-
2254 528 2400 568 mam
2418 555 2433 581 ,
2465 520 2521 568 et
2547 514 2906 568 castissimum
2928 511 3146 567 tradens
3179 509 3523 580 persequenti
3551 525 3748 580 corpus
3767 511 3832 567 ad

565 610 702 666 simo
744 610 1017 665 Laurentii
1051 608 1417 664 archidiaconi
1454 607 1752 662 ministerio
1779 606 2023 662 Romana
2050 604 2150 662 flo-
2251 619 2486 675 pmnam,
2517 603 2648 659 illud
2671 603 3036 673 evangelicum
3062 615 3320 657 servans:
3357 598 3534 654 Nolite
3554 601 3732 654 timere
3747 618 3830 657 eos

563 710 710 758 reret
754 701 994 757 Ecclesia
1016 741 1031 766 ,
1083 698 1283 754 invidia
1341 697 1563 754 ardente
1608 697 1845 764 diaboli,
1888 698 2150 754 adversus
2236 697 2338 768 qui
2365 695 2605 750 occidunt
2636 711 2849 766 corpus,
2883 693 3112 748 animam
3139 701 3309 746 autem
3330 709 3435 746 non
3456 701 3670 763 possunt
3697 693 3830 746 occi-

564 807 761 847 nomen
802 801 857 846 et
901 790 1058 845 fidem
1102 788 1301 844 Christi
1338 787 1552 842 flamma
1575 787 1870 844 durissimae
1897 802 2150 858 persecu—
2251 790 2373 844 dere
2405 787 2618 861 (Matth.
2652 788 2732 859 ι).
2789 786 3136 856 Excogitatur
3173 785 3356 855 itaque
3392 785 3446 839 in
3485 784 3828 840 Laurentium

563 883 726 948 tionis
771 881 1079 947 incanduit;
1126 888 1288 949 atque
1335 887 1394 934 ut
1437 879 1795 950 perniciosius
1821 878 2147 935 dominicum

559 986 774 1041 gregem
796 971 975 1026 feralis
1001 971 1187 1027 bestiae
1214 970 1390 1026 rabies
1417 970 1674 1026 insatiata‘
1692 967 1720 1007 δ
1749 969 1977 1025 laniaret
1997 1011 2012 1037 ,
2042 985 2145 1026 no-

560 1061 716 1117 cendi
757 1061 952 1116 artifex
992 1061 1239 1117 inimicus
1271 1072 1292 1099 °
1319 1061 1592 1132 pervigilis
1621 1061 1772 1132 prius
1800 1061 2021 1117 molitur
2047 1077 2145 1117 cu-

561 1153 792 1208 stodiam
816 1153 1049 1223 pastoris
1076 1153 1305 1223 eripere.
1347 1151 1415 1205 Et
1439 1153 1560 1207 ideo
1581 1151 1790 1207 Xistum
1812 1161 1938 1208 ante
1957 1169 2146 1210 omnes

559 1261 827 1300 summum
867 1245 1081 1299 Domini
1117 1245 1453 1300 sacerdotem
1481 1245 1632 1299 furor
1657 1244 1870 1312 gentilis
1898 1245 2144 1314 aggredi-

560 1345 666 1401 tur,
700 1344 760 1389 ut
792 1335 1154 1392 ecclesiastica
1192 1336 1464 1400 membra,
1494 1342 1608 1389 tam
1641 1336 1866 1392 validod
1900 1345 2144 1394 truncata

561 1425 766 1492 capite,
827 1425 976 1479 velut
1029 1425 1324 1479 munimine
1373 1424 1604 1495 prmsidii
1651 1427 1886 1482 caelestis
1937 1436 2140 1496 amoto,

552 1523 808 1570 cruentus
841 1525 1156 1585 persecutor
1196 1516 1495 1572 invaderet.
1541 1515 1648 1571 Sed
1669 1531 1896 1586 magnus
1924 1518 2014 1574 ille
2041 1517 2140 1573 Xi-

550 1614 694 1672 stus,
725 1609 815 1677 qui
845 1609 1144 1664 commissis
1169 1619 1191 1646 ε
1215 1610 1318 1664 sibi
1348 1625 1379 1663 a
1409 1609 1520 1664 Deo
1549 1610 1741 1665 ovibus
1769 1611 2015 1666 adfuerat
2040 1628 2140 1682 pa-

550 1708 666 1752 stor
710 1700 764 1752 in
812 1699 995 1764 terris,
1041 1699 1227 1754 aderat
1255 1707 1517 1768 patronus
1545 1714 1577 1754 e
1604 1701 1763 1756 caelo.
1805 1699 2046 1771 Denique
2073 1702 2130 1758 S.

2250 879 2418 934 ferale
2443 887 2771 935 tormentum
2789 886 2810 945 ,‘
2852 885 2939 943 ut,
2989 877 3082 946 qui
3108 883 3256 930 metu
3282 875 3475 930 mortis
3495 891 3608 930 non
3638 890 3826 931 move-

2245 970 2426 1034 batur,
2472 970 2767 1026 acerbitate
2813 967 3065 1038 supplicii
3109 966 3477 1036 frangeretur;
3525 965 3622 1022 sed
3667 982 3827 1036 quem

2247 1075 2464 1116 suarum
2493 1058 2834 1116 confortabat
2859 1057 3144 1111 multitudo
3179 1055 3439 1111 virtutum
3477 1071 3586 1112 non
3614 1065 3828 1126 poterat

2247 1153 2464 1208 vincere
2486 1151 2795 1221 magnitudo
2823 1163 3126 1220 poenarum.
3159 1146 3386 1204 Paratur
3411 1162 3541 1218 ergo
3569 1149 3824 1205 craticula

2246 1241 2370 1310 igne
2389 1255 2648 1297 succensa
2666 1279 2681 1307 ,
2710 1254 2829 1309 qua:
2860 1238 3198 1308 triumphalis
3223 1238 3477 1310 martyris
3504 1246 3561 1294 et
3587 1239 3821 1294 animum

2243 1331 2528 1407 fatigaret,
2575 1339 2631 1387 et
2658 1346 2854 1402 corpus
2893 1339 3163 1386 exureret.
3203 1329 3309 1387 Sed
3350 1330 3534 1400 ignara
3565 1331 3680 1386 veri
3707 1340 3821 1386 tur-

2243 1424 2312 1479 ba
2337 1423 2804 1495 persequentium,
2836 1431 2892 1478 et
2918 1422 3198 1479 diabolicis
3235 1423 3508 1479 obcaecata
3546 1424 3784 1480 tenebris
3804 1466 3819 1492 ,

2245 1532 2353 1572 non
2389 1515 2606 1572 videbat
2649 1515 2795 1585 quod
2851 1514 3066 1570 adustio
3121 1513 3213 1570 illa
3263 1514 3631 1570 membrorum
3689 1515 3820 1572 fide-

2244 1606 2309 1662 lis
2351 1607 2516 1661 animi
2561 1614 2707 1662 esset
2741 1614 2943 1662 mtema
2989 1605 3267 1677 purgatio;
3332 1613 3390 1660 et
3433 1620 3634 1676 corpus
3679 1607 3822 1676 quod

2244 1698 2713 1767 corrumpentibus
2753 1696 2982 1754 flammis
3014 1713 3250 1768 praesens
3295 1697 3406 1753 vita
3441 1699 3720 1755 desereret
3754 1698 3822 1754 ad

554 1787 932 1855 Laurentium,
964 1791 1251 1871 quasi'jam
1280 1791 1549 1861 pontificis
1575 1793 1657 1847 sui
1686 1794 1880 1868 solatio
1909 1795 2138 1851 destitu-
2169 1786 2216 1848 Β
2244 1788 2704 1858 incorruptionem
2762 1789 2979 1845 vivendi
3022 1789 3273 1844 damnata
3321 1797 3497 1845 morte
3547 1790 3819 1846 transiret.

552 1886 662 1932 tum
681 1920 696 1945 ,
728 1879 796 1933 ad
817 1880 1092 1935 subeunda
1122 1881 1382 1950 supplicia
1404 1897 1594 1937 manus
1613 1897 1819 1953 pagana
1847 1886 2138 1956 perquirit:

553 1985 715 2039 quem
764 1971 1024 2025 mirabilis
1090 1969 1275 2030 Xistus
1321 1971 1579 2028 adversus
1638 1975 1819 2030 omnia
1873 1977 2143 2033 saevientis

557 2059 741 2114 tritindi
783 2061 922 2115 mala
959 2061 1218 2116 vaticinio
1258 2063 1561 2133 prophetici
1597 2065 1861 2121 sermonis
1889 2067 2139 2122 armavit.

553 2148 687 2203 Nam
732 2165 854 2204 cum
899 2150 1042 2206 idem
1071 2150 1392 2206 Laurentius
1417 2153 1727 2222 passionem
1757 2162 2058 2224 paternam,
2083 2164 2143 2211 ut

552 2242 826 2312 piissimus
848 2241 986 2298 filius
1013 2243 1389 2298 inconsolabili
1415 2259 1652 2300 maerore
1678 2245 1929 2314 defieret,
1957 2240 2168 2303 Xistus'

549 2337 890 2405 pncscicntia
939 2337 1111 2391 sancti
1149 2335 1384 2407 Spiritus
1430 2336 1708 2405 edocente,
1742 2339 1917 2395 futura
1945 2341 2138 2410 digno-

544 2421 720 2491 Scens,
749 2427 824 2478 ait
845 2425 953 2479 illi:
980 2425 1200 2495 Depone
1226 2442 1464 2494 omnem,
1481 2428 1574 2494 fili,
1600 2427 1666 2483 de
1694 2445 1812 2484 mea
1833 2438 2011 2486 morte
2039 2431 2138 2486 tri-

547 2515 783 2581 stitiam;
813 2531 914 2571 nec
943 2516 1086 2571 enim
1115 2515 1206 2570 diu
1233 2532 1354 2571 mea
1396 2525 1451 2572 te
1483 2519 1825 2575 contristabit
1852 2521 2094 2576 absentia
2120 2539 2134 2576 :

548 2613 674 2675 post
710 2605 942 2660 triduum
977 2621 1066 2661 me
1104 2608 1363 2676 sequeris.
1414 2605 1532 2674 Quo
1562 2624 1832 2679 responso
1858 2627 2011 2667 mens
2037 2612 2136 2668 de-

545 2705 672 2751 vota
719 2705 1005 2767 percepto,
1064 2698 1414 2754 indubitatam
1462 2702 1762 2772 suscipiens
1815 2705 2020 2774 optimo
2066 2707 2135 2761 ab

548 2786 819 2852 antistite,
853 2795 909 2842 et
937 2787 1138 2844 Christi
1165 2796 1428 2862 martyre,
1458 2792 1770 2860 veritatem,
1803 2793 1936 2849 nihil
1962 2796 2135 2865 magis

546 2894 658 2949 pra:
683 2880 936 2934 omnibus
975 2890 1154 2948 curat,
1186 2897 1349 2951 quam
1378 2891 1437 2938 ut
1476 2885 1701 2939 avaritia
1737 2889 2130 2956 persequentis,

548 2968 732 3040 iquod
765 2970 833 3026 de
873 2981 1049 3026 morte
1079 2981 1391 3028 sanctorum
1428 2976 1784 3032 contristabat
1811 2976 2127 3049 Ecclesium,

541 3061 610 3116 de
641 3061 820 3131 prteda
848 3061 1100 3118 Ecclesia:
1128 3064 1386 3133 gaudium
1407 3081 1515 3122 non
1541 3068 1784 3124 haberet.
1811 3069 2022 3126 Invenit
2051 3074 2132 3127 vir

2242 1878 2383 1934 Vere
2422 1879 2842 1949 incomparabile
2886 1879 3138 1934 salutaris
3177 1879 3300 1935 fidei
3328 1879 3488 1948 hujus
3513 1895 3821 1935 sacramen-

2245 1976 2374 2035 tum,
2405 1983 2516 2038 quo
2543 1984 2642 2040 per
2670 1977 2936 2036 tormenta
2964 1969 3240 2026 beatitudo
3267 1969 3544 2040 qmeritur,
3575 1978 3633 2026 et
3669 1970 3823 2026 flam-

2241 2061 2345 2116 mis
2386 2059 2724 2129 refrigerium
2756 2068 3106 2130 praeparatur,
3140 2059 3318 2144 242⁸
3333 2068 3394 2114 ut
3419 2061 3496 2115 ait
3519 2061 3823 2132 patriarcha

2242 2151 2411 2208 David
2463 2152 2642 2208 verbis
2698 2161 2996 2225 martyrum
3038 2151 3225 2208 dicens
3268 2169 3281 2208 :
3336 2151 3689 2209 Transivimus
3732 2171 3825 2226 per

2240 2244 2412 2314 ignem
2453 2252 2503 2297 et
2543 2259 2767 2315 aquam,
2808 2251 2859 2297 et
2907 2240 2933 2281 δ
2970 2242 3227 2298 induxiin
3265 2259 3358 2298 nos
3403 2243 3460 2296 in
3497 2246 3823 2316 refrigerium

2243 2331 2414 2406 (Psal.
2439 2332 2587 2404 va).
2642 2333 2926 2389 Transibat
2973 2348 3073 2404 per
3114 2334 3293 2404 ignem
3324 2341 3379 2388 et
3411 2349 3606 2404 aquam
3633 2335 3822 2391 beatus

2241 2426 2562 2482 Laurentius
2581 2469 2597 2494 ,
2627 2442 2750 2481 cum
2787 2426 2916 2481 hinc
2942 2441 3066 2482 eum
3095 2425 3372 2482 mortifera
3397 2427 3582 2482 mundi
3609 2427 3822 2483 flaunna

2239 2525 2502 2585 torreret,
2535 2517 2662 2572 hinc
2695 2516 2929 2573 caelestis
2959 2515 2978 2556 ί
3011 2517 3197 2587 irrigui
3233 2517 3410 2572 vitalis
3438 2517 3579 2573 unda
3603 2517 3822 2589 perfun-

2237 2609 2412 2666 deret.
2454 2608 2739 2664 Transibat
2779 2624 2876 2679 per
2911 2609 3092 2678 ignem
3114 2617 3171 2665 et
3197 2624 3424 2680 aquam,
3455 2625 3577 2665 cum
3603 2611 3713 2665 vim
3743 2609 3820 2665 fu-

2237 2701 2407 2756 rentis
2454 2700 2686 2756 incendii
2728 2700 2896 2756 divini
2943 2700 3106 2756 fontis
3150 2701 3439 2757 clementia
3469 2709 3817 2772 temperaret.

2237 2793 2476 2856 Ardebat
2514 2806 2644 2862 ergo
2691 2792 3045 2859 Laurentius,
3077 2792 3172 2847 sed
3191 2792 3442 2848 vincebat
3482 2793 3619 2862 ignis
3643 2793 3733 2848 ille
3753 2792 3820 2848 de

2234 2900 2345 2954 quo
2375 2884 2447 2939 ait
2479 2885 2762 2940 Salvator:
2795 2883 2982 2956 Ignem
3018 2887 3131 2939 ueni
3159 2884 3360 2940 mittere
3393 2885 3447 2938 in
3479 2892 3693 2950 terram,
3721 2884 3736 2936 i
3771 2891 3822 2939 et

2235 2992 2388 3046 quam
2407 2977 2543 3042 volo,
2572 2987 2630 3030 ut
2650 2977 2835 3031 ardeat
2861 2975 3012 3047 (Luc.
3042 2976 3160 3045 an).
3203 2973 3248 3029 0
3271 2989 3472 3031 novum
3496 2972 3822 3031 mirandum-

2236 3067 2372 3139 que!
2407 3069 2564 3124 unius
2598 3068 2947 3138 ejusdemque
2974 3068 3075 3124 viri
3114 3076 3171 3123 et
3204 3067 3434 3123 flammis
3473 3083 3673 3138 corpus
3699 3085 3822 3124 ure-

541 3153 1015 3224 prudentissimus,
1063 3159 1204 3213 unde
1242 3161 1420 3215 acrius
1456 3177 1612 3217 suum
1651 3172 1835 3234 posset
1876 3173 2130 3235 torquere
2157 3145 2203 3209 Ο
2233 3162 2412 3227 batur,
2445 3168 2502 3217 et
2529 3161 2766 3216 ardentis
2804 3159 2927 3215 fidei
2956 3159 3136 3216 calore
3162 3175 3317 3216 mens
3344 3160 3510 3229 ignita
3533 3160 3819 3228 fervebat;

544 3251 825 3298 tortorem.
869 3244 1096 3301 Oumem
1138 3249 1300 3317 igitur
1335 3250 1589 3308 Ecclesia:
1615 3270 1866 3322 censum,
1911 3266 2128 3314 cuncta-

542 3348 649 3402 que
678 3336 818 3390 sacri
845 3351 973 3391 vasa
995 3338 1309 3408 ministerii,
1339 3357 1406 3398 ne
1432 3358 1495 3398 ea
1525 3345 1813 3415 sacrilegus
1836 3349 2130 3404 macularet

540 3434 822 3492 aspectus,
873 3430 1182 3485 convocatis
1220 3431 1441 3502 inopum
1469 3435 1667 3502 turbis,
1699 3437 1788 3507 pia
1813 3439 2126 3506 erogatione

537 3513 806 3570 distribuit
829 3558 845 3582 ,
889 3525 948 3571 ut
985 3517 1194 3575 futurus
1222 3531 1426 3594 martyr
1454 3524 1509 3579 in
1535 3525 1891 3582 retributione
1918 3529 2125 3584 caelesti

536 3606 758 3674 pariter,
793 3615 848 3662 et
868 3611 1116 3666 mercede
1156 3613 1239 3668 sui
1276 3614 1583 3686 sanguinis,
1615 3625 1670 3672 et
1694 3625 1855 3674 tanta:
1883 3619 2121 3676 liberali-

538 3698 666 3751 tatis
696 3701 916 3768 przemio
942 3701 1224 3770 ditaretur,
1256 3721 1364 3760 non
1391 3706 1642 3763 dubitans
1662 3715 1717 3766 et
1745 3710 1798 3765 in
1827 3711 2120 3782 semetipso

533 3789 693 3860 241
725 3805 783 3843 se
813 3790 972 3845 ﬁdem
1003 3793 1219 3849 Christo
1244 3812 1361 3863 suo,
1393 3807 1448 3853 et
1475 3800 1870 3857 ecclesiasticas
1897 3819 2029 3873 Opes
2062 3805 2117 3860 in

533 3880 860 3946 pauperibus
905 3892 1262 3938 servaturum.
1310 3885 1538 3957 Propter
1579 3891 1724 3958 quod
1769 3893 2017 3960 protinus
2046 3894 2116 3948 ad

533 3968 764 4021 tribunal
794 3970 1001 4039 rapitur
1041 3973 1326 4042 impiorum
1358 3978 1437 4032 vir
1463 3979 1805 4048 simplicitate
1833 3982 2110 4050 innocens,

533 4055 730 4112 virtute
777 4058 1127 4130 fortissimus;
1181 4065 1312 4119 nihil
1361 4082 1491 4122 sane
1528 4069 1670 4123 aliud
1708 4070 1957 4127 deferens
1980 4073 2115 4143 judi-

531 4146 671 4200 canti
717 4163 878 4218 quam
925 4161 950 4199 ε
992 4152 1125 4208 viva:
1171 4157 1366 4212 mentis
1411 4161 1794 4228 constantiam,
1836 4172 1892 4219 et
1934 4165 2110 4221 illaesa:

2231 3251 2370 3306 sicut
2397 3251 2756 3320 loquebantur
2781 3250 2848 3304 ad
2875 3250 3104 3304 invicem
3134 3248 3160 3287 ¹ί
3191 3249 3486 3319 evangelici
3504 3250 3607 3304 viri
3636 3250 3821 3307 dicen-

2229 3351 2313 3399 tes
2338 3361 2350 3396 :
2385 3341 2578 3407 Nonne
2605 3360 2692 3397 cor
2711 3351 2943 3397 nostrum
2967 3340 3156 3395 ardens
3181 3349 3295 3395 erat
3334 3344 3351 3377 ι
3387 3341 3444 3394 in
3477 3340 3624 3395 nobis
3657 3342 3714 3396 in
3735 3342 3820 3395 via

2230 3431 2381 3504 (Luc.
2409 3433 2554 3501 xxv)?
2602 3431 2703 3487 Ubi
2750 3446 2880 3499 ergo
2922 3445 3020 3486 cor
3060 3430 3242 3497 ardet,
3274 3428 3542 3485 ﬂammam
3570 3431 3820 3487 membra

2231 3539 2338 3578 non
2367 3523 2638 3590 sentiunt;
2663 3523 2754 3578 ubi
2782 3522 2981 3578 Christi
3009 3523 3147 3592 ignis
3168 3529 3446 3592 operatur,
3486 3522 3692 3578 diaboli
3716 3537 3820 3579 ne-

2225 3629 2378 3670 cesse
2418 3622 2501 3669 est
2555 3614 2801 3668 vincatur
2838 3613 3146 3668 incendium
3188 3629 3203 3666 :
3248 3623 3305 3669 et
3344 3612 3436 3668 ubi
3464 3612 3560 3668 Dei
3589 3614 3818 3684 spiritus

2224 3705 2416 3772 fervet,
2446 3703 2636 3774 frigida
2667 3703 2726 3758 fit
2753 3704 2969 3759 flamma
3011 3705 3338 3760 mortalium.
3370 3713 3410 3741 ω
3448 3702 3517 3758 Et
3543 3704 3672 3759 hinc
3697 3696 3812 3773 est,

2223 3796 2523 3861 carissimi,
2583 3793 2727 3863 quod
2778 3794 3102 3864 triumphum
3151 3794 3299 3849 beati
3342 3791 3618 3849 Laurentii
3662 3801 3818 3849 totus

2221 3887 2421 3957 ubique
2459 3884 2690 3940 mundus
2734 3899 2972 3940 consona
3025 3884 3186 3940 hodie
3223 3884 3513 3939 devotione
3557 3885 3819 3940 concele-

2219 3979 2360 4042 brat,
2393 3986 2418 4014 η
2449 3977 2575 4032 hinc
2617 3976 2764 4046 quod
2805 3975 3222 4046 inseparabilem
3269 3975 3429 4031 fidem
3474 3975 3592 4045 ejus
3633 3977 3818 4032 laetior

2218 4070 2388 4126 Roma
2403 4070 2628 4125 miratur
2644 4067 2783 4140 “qui
2803 4066 2966 4123 radiis
2987 4067 3176 4122 aeterni
3199 4067 3328 4122 solis
3347 4080 3605 4122 accensus
3626 4066 3817 4139 ignem

2216 4165 2396 4220 seculi
2423 4163 2693 4234 patienter
2718 4159 3003 4226 sustinuit,
3030 4167 3088 4215 et
3113 4158 3446 4216 confidenter
3471 4159 3663 4228 evasit,
3694 4168 3818 4216 etc.

1819 4275 2166 4340 HOMILIA
2209 4277 2498 4340 LXXVI.

1852 4373 1928 4428 De
1951 4378 2132 4431 eodem
2157 4379 2325 4432 natali
2355 4375 2475 4430 III.

1972 4465 2344 4522 ADMONITIO

593 4546 857 4628 Humilia},
878 4564 1038 4628 quam
1059 4553 1505 4628 septuagesimam
1529 4563 1739 4628 segtam
1758 4557 2005 4623 dicimus,
2035 4559 2442 4628 inscriptionem
2468 4556 2774 4625 huiusmodi
2810 4574 2823 4610 :
2857 4555 2924 4611 In
2947 4555 3215 4612 natiuitate
3243 4555 3305 4628 ες.
3334 4555 3627 4628 Laurentii,
3657 4572 3820 4627 pra:-

523 4617 936 4701 fcruntco'dices
957 4617 1199 4676 Vaticani
1230 4617 1357 4701 tres,
1381 4624 1433 4678 id
1454 4633 1536 4680 est
1563 4625 1698 4701 12Ἱᾷ
1719 4629 1959 4701 ρθςηὸᾇ,
1992 4617 2130 4701 1177

2230 4643 2275 4698 g.
2309 4629 2400 4701 55ἱ
2441 4639 2496 4686 et
2524 4617 2916 4701 Ottobonianus
2949 4627 3049 4681 106
3066 4641 3202 4701 pag.
3236 4626 3363 4701 2_l_0_,
3391 4636 3499 4682 tres
3545 4617 3818 4683 Lauren-

524 4687 654 4771 tiam
683 4687 751 4771 ξε)
776 4689 1054 4771 lflut._xvu
1100 4706 1221 4771 pag.
1246 4692 1388 4771 _l7l,
1423 4710 1632 4771 necnon
1653 4687 1771 4771 duo
1789 4687 1926 4755 bibl.
1947 4687 2080 4771 'olim
2120 4687 2261 4755 :édil.
2294 4687 2425 4756 eccl.
2461 4699 2747 4771 metropo_l.
2782 4697 3022 4752 Floreat.
3058 4687 3386 4771 172ἶθι17ι1,
3396 4705 3643 4771 uterque
3669 4713 3818 4768 pag.

521 4756 644 4840 246,
685 4758 967 4840 Augiensis
1003 4756 1116 4840 xm,
1137 4756 1542 4840 Hatisponensis
1566 4765 1622 4822 S.
1652 4766 1977 4840 Emmerami
2008 4783 2131 4840 pag.
2158 4771 2249 4838 57,
2281 4756 2656 4840 Martinensis:
2691 4768 3118 4840 Beneventanus,
3149 4756 3818 4840 demum'Farfe'nsis'sig.

519 4825 583 4894 Β,
610 4829 763 4898 cujus
792 4831 976 4888 titulus
1005 4850 1018 4886 :
1049 4833 1233 4889 Sermo
1257 4825 1400 4906 infra
1427 4845 1660 4892 octavam
1682 4839 1743 4895 S.
1776 4825 2266 4908 Laurentiifsermb
2295 4841 2433 4894 beati
2454 4825 2679 4894 Maximi
2714 4839 2945 4909 episcopi
2962 4855 2980 4904 ;
3023 4825 3187 4909 atque
3212 4838 3267 4892 in
3305 4853 3412 4893 uno
3437 4851 3660 4907 quoque
3700 4825 3821 4895 eo:

2115 5039 2171 5100 Β
2271 5039 2285 5090 i
2324 5038 2468 5095 Idem
2498 5037 2620 5110 cod.
2653 5037 2763 5110 12.
2781 5047 2831 5110 et
2858 5038 2983 5110 quid
3009 5038 3145 5110 volo,
3175 5037 3279 5110 nisi
3315 5045 3373 5110 ut
3408 5036 3629 5110 ardeat;
3661 5041 3824 5099 item

2194 5110 2314 5165 cod.
2360 5109 2482 5180 Vat.
2545 5108 2704 5174 1277,
2755 5106 2942 5180 γειὶιῖο.
2994 5125 3048 5162 n.
3083 5109 3137 5176 7,
3180 5107 3304 5162 Vat.
3335 5106 3552 5180 0ttob.;
3586 5109 3822 5180 Belgici

2193 5195 2342 5244 vero,
2376 5179 2590 5234 Martia.
2638 5188 2696 5236 et
2737 5179 3091 5248 Cambcron.,
3139 5186 3190 5232 et
3233 5195 3382 5248 quem
3431 5179 3546 5233 volo
3595 5189 3657 5234 ut
3709 5179 3824 5238 ar-

2193 5250 2488 5373 “fama.
2533 5319 2657 5374 Vat.
2693 5318 2826 5372 ηπ
2855 5325 2910 5374 et
2955 5319 3160 5384 Casin.,
3191 5318 3263 5372 ad
3303 5319 3524 5374 invicem
3563 5320 3670 5374 uiri
3723 5323 3826 5379 illi

2193 5389 2458 5471 dicentes:
2489 5387 2681 5444 Nonne
2735 5407 2824 5444 cor
2861 5398 3093 5444 nostrum
3146 5391 3334 5442 ardens
3381 5390 3529 5445 nobis
3569 5401 3700 5445 erat
3753 5396 3822 5449 in

2191 5461 2407 5583 ωαιῖῐιίλ
2429 5529 2550 5586 cod.
2577 5529 2646 5582 12
2669 5529 2724 5584 S.
2759 5528 2946 5584 Crucis
2970 5529 3021 5583 in
3049 5529 3159 5583 Jer.
3184 5529 3339 5584 deest
3365 5530 3421 5583 in
3444 5529 3615 5585 nobis.

2263 5609 2300 5636 π’
2325 5599 2458 5653 Cod.
2491 5600 2612 5653 Vat.
2649 5599 2806 5665 1277,
2841 5599 2981 5652 Hinc
3005 5609 3100 5654 est.

2253 5669 2449 5792 “Cod.
2484 5671 2552 5726 12
2579 5669 2633 5726 S.
2679 5669 2864 5726 Crucis
2893 5671 2946 5726 in
2974 5669 3110 5739 Jer.,
3141 5671 3259 5724 hinc
3287 5679 3365 5726 est
3403 5669 3542 5742 quod
3570 5669 3828 5746 ἔκειρε.

2189 5755 2248 5790 ra
2282 5755 2300 5792 ι
2324 5755 2423 5793 em.

590 5035 617 5096 ξι
657 5027 787 5096 Cod.
815 5029 1051 5096 Martin.,
1078 5034 1411 5088 sanctissimi.

586 5093 612 5132 δ
651 5095 783 5167 Cod.
808 5098 931 5154 Vat.
964 5093 1121 5167 1277,
1151 5113 1370 5158 voraret.

589 5175 630 5248 °_
652 5164 782 5246 God.
815 5167 885 5248 l?
904 5169 1050 5239 Vat.,
1082 5164 1373 5245 pervigilem
1400 5175 1608 5248 molitur
1635 5174 1776 5246 prius
1807 5175 2092 5230 custodiam

515 5244 738 5304 pastoris
764 5244 1012 5307 arripere.
1229 5244 1232 5245 ⁷
1582 5244 1588 5248 ’
1636 5244 1642 5246 ’

584 5301 611 5390 (ξ
650 5305 796 5390 idem
819 5307 946 5390 god:
979 5308 1048 5361 12
1176 5311 1360 5367 Crucis
1402 5314 1462 5390 in
1475 5312 1616 5390 ιῐεξιο.Δί
1638 5324 1875 5390 truncato
1896 5316 2085 5387 capite.

588 5383 612 5412 ο
651 5374 782 5430 Cod.
816 5375 1018 5440 Casiu.,
1049 5381 1133 5440 qui
1158 5397 1338 5436 comm.
1367 5399 1401 5434 a
1423 5383 1530 5438 Deo
1553 5374 1650 5438 sibi
1677 5384 1867 5440 ovibus.

588 5441 607 5534 ξ
641 5444 936 5534 ρρξὶᾄγᾳιέ
955 5446 987 5534 li
1001 5441 1122 5534 ‘21:],
1143 5451 1320 5534 (auitae
1346 5463 1526 5534 morte.

641 5514 807 5595 iidem
837 5515 994 5598 codd.
1031 5517 1099 5569 12
1243 5520 1427 5598 Crucis
1457 5524 1509 5578 in
1533 5524 1643 5580 Jer.
1676 5533 1731 5581 ct
1767 5523 1889 5578 Vat.
1924 5523 2086 5596 1277,

511 5591 768 5639 tictricem
789 5591 972 5639 mentis
993 5591 1379 5653 conscientiam.

582 5653 604 5691 ι)
633 5653 776 5727 [dem
796 5657 915 5727 cod.
947 5656 1016 5711 1‘2
1043 5657 1098 5711 S.
1126 5658 1330 5713 Crucis.
1364 5663 1415 5714 in
1447 5661 1581 5727 Jcr.,
1611 5664 1834 5719 odua‘isti
1864 5682 1973 5719 nos.

589 5729 600 5763 ι
631 5723 763 5779 Cod.
793 5726 1032 5794 Martia,
1061 5729 1274 5782 cwlcstis
1305 5723 1610 5798 irriguitatis
1639 5736 1798 5789 unda.
