4054 6190
581 321 680 376 H5

640 433 666 462 ι

575 438 732 556 2?
761 438 1148 488 Ancoueuruu.
1179 457 1250 468 —-
1277 438 1448 481 Petra:
1484 442 1641 496 supra
1686 441 1839 506 quam
1887 438 2151 491 ωαιιιεαια

694 504 878 556 cclesia
918 510 993 554 est
1023 499 1335 554 soliditatem
1377 503 1585 549 sanctus
1631 493 1883 548 Eusebius
1927 500 2151 556 secutus,

643 574 866 625 Arianae
903 569 1134 639 confudit
1151 584 1218 639 _a_c
1247 567 1576 639 triumphavit
1605 580 1865 639 {quorum
1895 561 2154 632 nefariam

646 643 880 695 Iueresim
904 633 1114 712 sanctus
1142 633 1410 690 Maximus
1429 633 1721 689 doctissime
1747 633 2047 702 copioseque
2071 647 2156 683 re-

649 712 797 781 ('ellit.

646 884 964 940 Sanctorum
988 880 1204 935 Patrum
1223 863 1511 934 memorias
1529 876 1791 945 religiosis
1805 873 2159 931 conventibus

579 976 926 1039 honorantes,
971 971 1161 1025 fratres
1201 969 1483 1036 carissimi,
1507 976 1562 1022 et
1588 966 1802 1037 propria
1829 979 2016 1020 eorum
2044 977 2158 1017 me—

579 1065 699 1130 rita,
728 1077 784 1117 et
811 1076 1032 1116 munera
1079 1061 1134 1114 in
1154 1060 1253 1132 eis
1297 1059 1472 1114 divina
1511 1057 1768 1112 miramur
1798 1073 1812 1110 :
1837 1055 1929 1124 qui
1958 1054 2158 1109 idcirco

525 1149 531 1156 ’
579 1154 733 1209 nobis
759 1162 885 1208 sunt
910 1152 1264 1218 venerabiles,
1293 1150 1437 1220 quia,
1470 1147 1744 1218 prmsentis
1772 1147 1894 1201 vitae
1920 1147 2038 1201 luce
2065 1145 2160 1200 de-

526 1233 536 1314 ί
577 1251 780 1312 specta,
810 1249 1226 1310 contemptoque
1262 1255 1482 1294 suorum
1527 1252 1813 1307 corporum
1842 1245 1869 1273 ⁸
1897 1235 2156 1303 cruciatu,

527 1327 538 1380 ἓ
576 1333 884 1388 saevientem
913 1331 1167 1385 mundum
1206 1330 1301 1385 Dei
1328 1344 1426 1399 pro
1454 1329 1479 1366 δ
1506 1342 1690 1382 amore
1723 1327 1993 1392 vicerunt;
2023 1326 2161 1382 sicut

577 1420 917 1475 beatissimus
942 1421 1029 1474 hic
1052 1418 1214 1474 Pater
1238 1426 1441 1480 noster,
1467 1416 1614 1484 dum,
1637 1431 1735 1487 pro
1757 1417 2054 1472 assertione
2074 1417 2158 1471 in-

577 1510 911 1580 disputabilis
955 1508 1170 1562 deitatis
1213 1507 1402 1577 Spiritu
1447 1506 1770 1562 lerventiore
1809 1521 2158 1577 consurgens,

575 1599 787 1655 Arianis
807 1597 1166 1667 impietatibus
1185 1596 1508 1663 obluctatur,
1531 1604 1586 1652 et
1613 1594 1879 1652 Ecelesias
1899 1597 2016 1665 Dei,
2038 1613 2162 1652 con-

578 1688 910 1742 cerncntium
935 1687 1308 1742 haereticorum
1349 1687 1600 1757 procellis
1627 1703 1690 1742 ac
1713 1688 2012 1744 turbinibus
2038 1703 2160 1759 per-

1774 313 1832 369 S.
1872 307 2117 367 MAXIM]
2156 305 2614 366 TAURINENSIS

761 433 1148 488 Ancoueuruu.
1179 457 1250 468 ——
1277 427 1448 481 Petra:
1484 441 1839 497 συρτει-φιφτη
1887 422 2151 491 ludificata
2176 419 2230 480 A
2256 417 2416 475 Patre
2445 429 2627 474 tamen
2655 427 2812 474 natus
2837 418 3114 486 asscritur,
3145 434 3234 482 ne,
3265 427 3324 472 ut
3363 419 3560 490 impius
3586 419 3843 491 blasphe-

3739 311 3844 367 δια

2256 519 2370 564 mat
2397 511 2574 576 Arius,
2607 519 2700 565 aut
2725 519 2970 565 creatura
2997 525 3328 580 qumcunqnc
3354 509 3540 579 Filius,
3577 520 3672 566 aut
3699 510 3844 569 Patri

2257 600 2432 670 impar
2465 615 2584 656 esse
2612 599 2879 655 credatur.
2909 599 3076 655 Audis
3113 615 3261 670 ergo,
3293 616 3326 655 o
3353 601 3539 667 homo,
3580 602 3749 657 Dequ
3777 604 3844 660 de

2257 691 2369 746 Deo
2412 700 2626 758 natum;
2671 691 2768 747 sed
2807 689 2835 729 δ
2871 693 2924 746 in
2973 699 3180 746 tantum
3222 691 3331 746 hoc
3374 691 3640 762 profundo
3675 694 3844 752 babes

2257 783 2404 852 quod
2443 782 2546 838 fide
2583 781 2812 848 credas,
2841 798 2950 837 non
2997 783 3167 837 babes
3192 783 3342 852 quod
3376 783 3632 838 discutias
3682 798 3848 854 argu-

2258 873 2474 927 mentis.
2507 872 2672 927 Audis
2699 871 2890 926 Filium
2910 870 2976 926 de
3003 871 3162 926 Patre
3191 881 3374 926 natum
3400 891 3412 925 :
3437 873 3530 928 sed
3559 889 3628 928 ne
3656 889 3847 929 sexum

2259 962 2492 1031 aliquem
2521 963 2693 1032 possis
2715 962 2769 1016 in
2791 961 3078 1016 Divinitate
3096 962 3300 1028 rimari,
3319 962 3434 1030 ipse
3453 961 3617 1018 Filius
3635 972 3693 1018 et
3712 963 3842 1018 Ver-

2259 1054 2386 1109 bum
2413 1053 2610 1108 dicitur
2628 1060 2680 1107 et
2701 1053 2901 1108 lumen.
2932 1051 3137 1107 Dicitur
3157 1051 3324 1106 etiam
3352 1051 3448 1107 Dei
3471 1052 3645 1108 virtus
3669 1061 3727 1107 et
3752 1052 3843 1108 Dei

2258 1146 2558 1216 sapientia,
2593 1147 2609 1182 ί
2645 1154 2705 1200 ut
2750 1145 2997 1201 advertas
3041 1159 3150 1198 non
3185 1145 3338 1213 quasi
3381 1159 3478 1214 per
3521 1145 3846 1200 lineamenta

2259 1235 2573 1304 genitalium
2600 1236 2951 1306 corporaliter
2989 1249 3202 1290 creasse
3235 1223 3473 1301 Patrem,
3515 1235 3610 1289 sed
3643 1250 3744 1304 per
3769 1235 3846 1290 in-

2260 1325 2471 1382 effabile
2498 1325 2792 1395 majestatis
2819 1333 3086 1381 secretum
3113 1325 3180 1379 de
3205 1318 3399 1380 virtute
3422 1315 3666 1394 prodisse
3687 1327 3848 1382 virtu-

2261 1425 2392 1486 tem,
2422 1425 2478 1473 et
2506 1417 2686 1473 lumen
2713 1431 2964 1472 manasse
2991 1415 3059 1471 de
3095 1415 3314 1470 lumine.
3362 1415 3585 1483 Rursus,
3615 1432 3686 1472 ne
3711 1417 3847 1473 Ver.

2260 1510 2387 1564 btun
2419 1509 2433 1559 ἰ
2473 1509 2646 1579 ipsum
2675 1523 2782 1563 non
2811 1507 3161 1563 substantiam
3191 1507 3453 1572 veritatis,
3495 1507 3589 1562 sed
3621 1508 3846 1578 prolati-

2262 1599 2392 1653 tium
2422 1597 2446 1635 ιι
2470 1599 2738 1668 loquentis
2778 1598 2875 1653 Dei
2911 1607 3132 1667 putares
3163 1613 3282 1653 esse
3305 1613 3628 1664 sermonem,
3651 1599 3844 1658 dicitur

2262 1689 2449 1757 Filius,
2478 1697 2538 1744 ut
2565 1689 2618 1743 in
2643 1704 2710 1744 eo
2737 1689 2881 1744 illius
2906 1689 2998 1758 qui
3025 1689 3187 1743 Pater
3213 1698 3297 1743 est
3341 1696 3398 1744 et
3435 1689 3844 1744 consonantiam

578 1777 842 1843 turbatas,
870 1790 1072 1831 serena:
1119 1774 1239 1830 fidei
1287 1776 1670 1845 tranquillitate
1715 1777 1948 1846 pacavit,
1978 1787 2033 1833 et
2059 1777 2160 1832 sibi
2189 1782 2234 1842 B
2262 1796 2382 1836 esse
2405 1780 2638 1837 disceres
2664 1788 2719 1836 et
2747 1779 3017 1835 affectum.
3047 1779 3246 1835 lterum
3272 1780 3396 1850 quia
3423 1780 3603 1836 lumen
3623 1780 3843 1848 dicitur,

577 1877 777 1923 aeterna
818 1869 1034 1939 praemia
1080 1867 1392 1924 multimoda
1431 1867 1681 1938 passione
1718 1869 1979 1939 quzesivit,
2023 1869 2162 1924 illius

479 1969 494 1980 ‘
579 1961 827 2014 nimirum
856 1961 1171 2016 inconcussa
1197 1971 1219 1999 ο
1251 1975 1480 2030 sequens
1507 1961 1754 2030 vestigia,
1781 1961 1849 2016 ad
1876 1978 2035 2032 quem
2055 1963 2164 2020 Do-

579 2050 754 2106 minus
780 2051 856 2104 ait
883 2068 897 2104 :
925 2050 999 2104 Tu
1027 2068 1081 2106 es
1109 2049 1318 2116 Petrus,
1353 2061 1402 2106 et
1437 2068 1589 2122 super
1620 2051 1754 2106 hanc
1777 2061 1976 2123 petram
1995 2054 2162 2123 (ediﬁ-

577 2142 704 2197 cabo
725 2142 1008 2198 Ecclesium
1037 2160 1202 2197 meam
1222 2159 1240 2196 :
1261 2152 1310 2197 et
1337 2153 1499 2213 porta:
1518 2145 1672 2214 inferi
1694 2161 1796 2198 non
1817 2144 2162 2216 praevalebunt

579 2229 604 2269 ι¹
627 2234 674 2287 ei
703 2231 916 2304 (Matth.
946 2235 1076 2304 xvr).
1121 2233 1261 2289 Vere
1288 2249 1352 2289 ac
1380 2235 1574 2290 merito
1597 2237 1803 2292 cunctis
1833 2237 2163 2307 posteritati-

578 2323 679 2379 bm
706 2323 1052 2381 honorandus
1077 2326 1167 2381 ille
1203 2327 1295 2395 Qui
1317 2324 1629 2382 firmissimas
1654 2336 1819 2398 petrae
1838 2329 2162 2386 soliditatem

579 2424 817 2483 secutus,
846 2411 1090 2491 inimicos
1118 2417 1312 2473 Christi
1357 2426 1413 2473 et
1444 2419 1680 2474 caelestis
1717 2419 1949 2489 Spiritus
1977 2432 2164 2478 aucto—

579 2509 738 2563 ritate
775 2509 1044 2574 confudit,
1085 2518 1140 2565 et
1186 2511 1474 2581 infatigata:
1529 2515 1799 2582 patientia:
1850 2515 2162 2572 fortitudine

581 2599 945 2669 triumphavit.
995 2601 1103 2658 Nec
1147 2602 1322 2670 inferi,
1363 2605 1502 2660 sicut
1538 2605 1736 2661 dictum
1765 2615 1866 2673 est,
1906 2609 2160 2666 adversus

580 2705 701 2745 eum
725 2699 879 2760 porta
908 2692 1204 2762 praevaluit,
1231 2695 1322 2764 qui
1349 2694 1449 2750 sibi
1477 2704 1645 2767 portat
1664 2699 1930 2754 aiter-nalis
1957 2699 2162 2768 ingres-

579 2794 716 2846 sum,
750 2795 930 2850 regem
957 2783 1140 2850 gloria:
1168 2785 1463 2852 confessus,
1495 2789 1734 2858 aperuit;
1771 2798 1866 2845 aut
1889 2792 2160 2861 quomodo

579 2869 626 2923 ei
650 2885 755 2925 non
783 2880 992 2940 pateret
1011 2882 1164 2942 porta
1188 2874 1276 2929 illa
1296 2876 1492 2944 vitalis,
1513 2879 1624 2946 qui,
1646 2880 1978 2948 plenitudine
1996 2897 2159 2939 evan-

579 2957 763 3025 gelica»
793 2959 1038 3016 lectionis
1061 2961 1298 3030 edoctus,
1330 2963 1383 3018 in
1413 2962 1572 3022 Patre
1596 2965 1840 3036 Filioque
1873 2978 1897 3007 θ
1927 2969 2044 3039 ejus
2071 2970 2157 3027 in-

579 3049 868 3106 scrutabile
912 3051 1079 3106 unica:
1125 3053 1420 3122 majestatis
1461 3057 1690 3113 asseruit
1733 3069 2154 3128 sacramentum,

581 3139 809 3196 edocens
835 3149 892 3196 et
918 3143 1207 3200 ostendens
1226 3159 1345 3214 quae
1365 3155 1508 3202 esset
1535 3148 1590 3202 in
1611 3164 1717 3205 uno
1739 3145 2035 3220 eodemque
2064 3153 2160 3210 Dei

581 3232 713 3288 Filio
733 3244 789 3288 et
807 3243 1066 3306 susceptae
1090 3240 1268 3294 carnis
1292 3242 1451 3309 ratio,
1474 3250 1528 3297 et
1547 3245 1804 3300 naturalis
1823 3245 2160 3314 privilegium

581 3325 826 3383 deitatis?
847 3327 1058 3384 Sciebat
1085 3331 1326 3400 profecto
1354 3331 1689 3391 Salvatorem
1709 3337 1944 3393 dixisse:
1969 3337 2084 3409 Ego
2110 3348 2161 3394 et

584 3413 741 3470 Pater
766 3433 922 3472 unum
949 3436 1122 3475 sumus
1151 3438 1169 3475 :
1197 3432 1248 3477 et
1275 3425 1360 3494 qui
1393 3441 1474 3478 me
1510 3426 1663 3492 videt,
1699 3428 1832 3482 videt
1867 3437 1916 3482 et
1945 3428 2160 3484 Patrem

581 3506 757 3574 (Joan.
791 3525 863 3564 χιι
887 3521 936 3564 et
964 3511 1093 3583 xlv).
1117 3511 1241 3568 Hrec
1261 3514 1407 3569 illum
1430 3517 1694 3572 confessio
1716 3527 1772 3573 et
1792 3519 2157 3574 honorabilem

582 3601 755 3661 terris,
787 3608 841 3654 et
868 3603 1005 3658 coelo
1045 3603 1277 3660 reddidit
1306 3607 1616 3676 gloriosum.
1657 3607 1765 3664 Sed
1800 3611 2160 3665 necessarium

582 3704 720 3744 nunc
742 3705 862 3745 esse
887 3707 1030 3759 reor,
1059 3701 1119 3747 ut
1145 3697 1427 3751 occasione
1454 3697 1598 3751 beati
1627 3697 1785 3767 hujus
1807 3697 1982 3754 Patris
2010 3697 2028 3737 ί
2056 3715 2157 3754 no-

581 3780 696 3845 stri,
721 3795 877 3847 quem
907 3781 960 3834 in
993 3789 1195 3836 tantam
1224 3785 1446 3850 gloriam
1474 3787 1860 3842 catholicarum
1888 3787 2156 3844 Ecclesia-

583 3883 696 3921 rum
729 3867 856 3922 fides
880 3869 1322 3926 indeclinabilitcr
1343 3876 1411 3928 ab
1439 3889 1506 3929 eo
1531 3885 1743 3930 servata
1772 3881 2034 3946 provexit,
2061 3895 2159 3934 nos

584 3973 811 4026 quoque,
828 3961 1057 4028 propitio
1079 3963 1335 4030 largiente
1356 3964 1601 4031 Domino,
1627 3967 1948 4022 salutaribus
1968 3969 2141 4024 doctri

584 4061 663 4100 na:
689 4047 966 4104 dominica:
994 4051 1311 4108 testimoniis
1357 4054 1674 4110 imbuamur.
1717 4057 1877 4128 25.6
1914 4057 2002 4111 Ait
2029 4073 2158 4127 ergo

584 4133 835 4192 Dominus
867 4155 879 4189 :
912 4137 1025 4210 Ego
1065 4148 1114 4194 et
1149 4140 1311 4195 Pater
1338 4160 1495 4197 unum
1519 4161 1713 4198 sumus.
1749 4145 1850 4211 Qui
1877 4145 2024 4213 dicit,
2057 4147 2158 4202 Su-

587 4240 727 4289 mus,
756 4225 1032 4306 solitarius
1055 4245 1163 4286 non
1191 4240 1273 4288 est
1297 4251 1309 4285 :
1332 4233 1422 4302 qui
1453 4234 1604 4301 dicit,
1635 4234 1809 4292 Unum
1829 4254 2031 4303 sumus,
2053 4237 2160 4292 uti-

584 4331 686 4387 que
723 4318 789 4373 ab
830 4333 896 4374 eo
924 4336 1045 4376 cum
1092 4338 1199 4393 quo
1243 4340 1409 4379 unum
1447 4329 1530 4380 est
1576 4343 1683 4382 non
1711 4335 1890 4398 potest
1926 4344 2046 4384 esse
2073 4329 2156 4384 di-

583 4411 743 4466 visus.
775 4411 914 4478 Quid
949 4413 1078 4468 mibi
1115 4431 1274 4481 nunc,
1320 4417 1590 4483 bznretice,
1632 4418 1684 4473 in
1718 4418 1878 4475 Patre
1905 4429 1930 4466 ε
1960 4427 2012 4474 et
2041 4419 2157 4490 ejus

2261 1884 2331 1924 ne
2359 1869 2497 1924 forte
2523 1884 2646 1925 eum
2675 1868 2823 1924 velut
2848 1869 3055 1925 radium
3082 1869 3232 1937 solis,
3257 1877 3351 1924 aut
3377 1869 3725 1941 splendorem
3763 1870 3843 1925 lu-

2261 1973 2457 2026 cernat,
2502 1958 2679 2014 alieno
2720 1967 2941 2029 putares
2974 1958 2987 1997 ¹
3021 1959 3202 2024 lucere
3243 1960 3467 2028 fulgore,
3501 1961 3578 2016 ait
3611 1960 3685 2017 de
3730 1962 3846 2032 ipso

2260 2049 2452 2120 beatus
2479 2049 2819 2119 Evangelista
2846 2050 3101 2120 Joannes,
3130 2052 3216 2108 cui
3253 2067 3505 2107 arcanum
3534 2053 3630 2108 Dei
3670 2064 3732 2109 et
3771 2055 3841 2110 vi-

2260 2138 2389 2194 dere
2427 2147 2484 2194 et
2520 2140 2762 2196 revelare
2787 2156 3102 2196 concessum
3129 2151 3232 2209 est,
3261 2143 3482 2199 dicens:
3513 2143 3644 2198 Erat
3673 2145 3845 2201 lumen

2260 2247 2430 2284 verum
2460 2229 2638 2302 (Joan.
2674 2231 2734 2301 ι).
2778 2231 2972 2287 Verum
3014 2233 3194 2289 lumen
3224 2245 3259 2270 ιιι
3291 2235 3386 2300 ait,
3419 2243 3478 2289 ut
3516 2237 3656 2291 scias
3693 2238 3842 2292 illum

2262 2337 2368 2375 non
2410 2320 2772 2393 cujuscunque
2817 2324 3129 2379 creaturalis
3172 2323 3574 2395 deiicientisque
3628 2326 3844 2383 luminis

2259 2425 2379 2465 esse
2420 2409 2704 2480 fulgorem,
2734 2411 2827 2472 sed
2863 2427 2894 2466 a
2925 2412 3202 2478 veralnce
3229 2414 3509 2470 veritatem
3529 2429 3671 2483 esse,
3699 2416 3841 2485 quod

2262 2497 2440 2553 lumen
2470 2507 2571 2555 est.
2601 2498 2660 2554 ln
2683 2510 2889 2556 tantum
2918 2509 3098 2557 autem
3119 2517 3304 2559 verum
3330 2511 3411 2557 est
3429 2503 3708 2572 lumen,ut
3739 2523 3844 2562 non

2259 2590 2430 2646 solum
2461 2606 2569 2646 non
2596 2600 2752 2660 egeat
2795 2591 3101 2662 illuminari,
3142 2593 3236 2650 sed
3276 2595 3609 2650 illuminaudi
3647 2597 3842 2653 habeat

2259 2690 2579 2751 potestatem
2614 2701 2626 2734 :
2658 2684 2918 2738 illuminat
2946 2686 3108 2751 enim,
3134 2694 3192 2741 ut
3219 2687 3432 2756 legitur,
3462 2706 3663 2744 omnem
3688 2691 3843 2746 Immi-

2259 2788 2374 2826 nem
2419 2775 2700 2829 venientem
2740 2777 2793 2830 in
2833 2778 2967 2831 [tunc
3012 2779 3257 2832 mundum
3306 2779 3529 2851 (Ibid).
3579 2782 3670 2835 Ait
3716 2799 3842 2851 ergo

2259 2862 2519 2930 Christus,
2545 2873 2603 2919 ut
2629 2867 2828 2922 dictum
2850 2877 2953 2936 est,
2983 2868 3083 2934 Qui
3109 2887 3188 2924 me
3215 2871 3367 2936 videt,
3399 2873 3530 2925 videt
3558 2882 3608 2926 et
3635 2872 3842 2928 Patrem

2261 2952 2439 3024 (Joan.
2484 2959 2613 3027 xxv).
2658 2956 2756 3022 Qui
2784 2952 2885 3027 me,
2925 2960 3116 3030 inquit,
3159 2961 3309 3027 videt,
3347 2963 3478 3016 videt
3516 2973 3566 3016 et
3604 2962 3842 3018 Patrem.

2260 3045 2539 3114 Quomodo
2571 3066 2676 3105 non
2718 3060 2773 3106 et
2818 3051 2946 3117 duo,
2979 3059 3034 3107 et
3064 3068 3225 3107 unum
3254 3061 3398 3117 sunt,
3442 3069 3562 3109 cum
3597 3055 3742 3110 alter
3771 3056 3844 3110 vi-

2186 3136 2229 3195 C
2261 3138 2452 3194 deatur
2491 3141 2543 3195 in
2577 3142 2768 3208 altero,
2813 3151 2868 3197 et
2904 3159 3068 3198 unum
3107 3143 3302 3198 vidisse
3341 3144 3411 3198 sit
3438 3145 3723 3214 utriusque
3750 3161 3845 3201 co-

2263 3233 2463 3301 gnitio?
2491 3231 2559 3286 Et
2586 3249 2645 3289 re
2672 3249 2818 3298 vera,
2852 3234 3060 3300 fratres,
3089 3236 3226 3291 sicut
3245 3235 3426 3290 videre
3447 3235 3640 3290 Filium
3663 3236 3846 3292 videre

2261 3331 2345 3379 est
2386 3321 2620 3388 Patrem,
2662 3325 2753 3390 ita,
2803 3325 3075 3380 intellecto
3119 3324 3300 3393 Patre,
3341 3326 3656 3394 intelligitur
3684 3326 3844 3398 247

2259 3421 2315 3470 et
2343 3413 2533 3479 Filius;
2566 3429 2688 3468 nam
2721 3415 2814 3482 qui
2842 3413 3053 3469 Patrem
3082 3415 3254 3469 credit
3280 3423 3335 3470 et
3366 3414 3656 3471 conﬁtetur
3681 3427 3844 3472 teter-

2259 3520 2409 3574 num,
2439 3507 2624 3560 credat
2650 3522 2871 3562 necesse
2901 3517 2983 3562 est
3023 3516 3077 3562 et
3118 3506 3311 3561 Filium
3351 3517 3700 3563 coasternum.
3738 3507 3843 3564 Sed

2255 3595 2365 3664 jam
2393 3597 2670 3653 videamus
2696 3598 2816 3667 quis
2847 3599 2946 3653 iste
2978 3599 3048 3654 sit
3082 3609 3330 3669 aspectus
3352 3599 3405 3653 in
3433 3599 3586 3667 Filio,
3615 3617 3728 3670 quo
3757 3617 3844 3670 pa-

2259 3688 2390 3743 riter
2409 3689 2575 3744 videri
2596 3690 2853 3743 asseritur
2866 3698 2921 3744 et
2941 3688 3119 3744 Pater.
3143 3689 3299 3744 Videt
3317 3691 3429 3745 sine
3449 3690 3610 3745 dubio
3632 3691 3688 3745 in
3705 3691 3842 3745 Filio

2260 3775 2475 3833 Patrem
2513 3779 2605 3846 qui
2657 3778 2830 3834 credit
2874 3777 3062 3834 Filium
3109 3781 3400 3834 secundum
3439 3780 3842 3848 incogitabilem

2259 3867 2482 3923 Deitatis
2521 3877 2767 3924 naturam
2813 3870 3151 3926 ineffabiliter
3176 3879 3361 3926 natum
3401 3887 3519 3926 esse
3549 3871 3618 3926 de
3649 3871 3838 3931 Patro.

2259 3974 2360 4014 nec
2386 3975 2545 4028 posse
2567 3959 2710 4014 aliud
2738 3961 2880 4016 hunc
2906 3976 3023 4016 esse
3044 3961 3134 4030 qui
3164 3969 3320 4016 natus
3348 3971 3430 4017 est
3455 3976 3615 4031 quam
3638 3970 3724 4016 est
3753 3963 3841 4017 ille

2259 4049 2350 4118 qui
2377 4050 2578 4117 genuit.
2627 4050 2783 4105 Videt
2810 4051 2863 4105 in
2891 4051 3105 4106 Christo
3132 4050 3346 4106 Patrem
3372 4053 3463 4121 qui
3491 4066 3657 4121 opera
3684 4051 3844 4106 Chri-

2258 4139 2326 4193 sti
2373 4155 2481 4195 non
2527 4147 2798 4195 extranem
2829 4141 3211 4210 possibilitatis,
3251 4141 3346 4196 sed
3384 4149 3620 4211 pateram
3660 4141 3841 4197 credi-

2258 4228 2336 4284 dit
2363 4245 2480 4285 esse
2508 4231 2738 4285 virtutis.
2771 4241 2794 4266 η
2841 4230 2992 4285 Videt
3019 4231 3073 4285 in
3101 4231 3234 4287 Filio
3257 4231 3469 4286 Patrem
3488 4232 3578 4301 qui
3607 4231 3844 4288 intendit

2260 4321 2407 4376 illum
2428 4322 2527 4377 sub
2551 4321 2929 4377 communione
2948 4322 3159 4392 paterni
3184 4322 3434 4385 nominis,
3459 4336 3569 4376 non
3597 4322 3844 4389 ingenio-

2260 4425 2332 4464 sa:
2351 4411 2481 4464 artis
2502 4411 2782 4478 industria,
2816 4411 2910 4465 sed
2937 4421 2962 4448 ο
2992 4412 3244 4482 simplicis
3273 4420 3539 4482 potestate
3560 4413 3842 4483 praecepti,

583 4499 716 4556 Filio
753 4501 1111 4557 diversitatem
1157 4505 1368 4560 conaris
1403 4513 1664 4571 astruere,
1691 4524 1812 4562 cum
1841 4508 2004 4563 Filius
2030 4511 2156 4566 sub-
2183 4495 2235 4557 D
2257 4515 2425 4568 aquas
2453 4501 2505 4554 ίη
2536 4501 2658 4555 Villa
2687 4509 3002 4564 vertentem.
3045 4509 3408 4556 creaturarum
3446 4510 3654 4556 mutare
3682 4511 3845 4556 nallb

582 4590 791 4645 stantia:
818 4607 928 4646 suae
957 4607 1056 4647 nos
1092 4594 1322 4649 edocens
1363 4596 1664 4662 veritatem,
1695 4597 1889 4654 dixerit
1923 4618 1936 4653 :
1965 4601 2077 4672 Ego
2105 4611 2157 4656 et

581 4679 743 4734 Pater
769 4698 924 4736 unum
944 4684 1153 4750 sumus?
1175 4681 1275 4749 Qui
1300 4692 1355 4738 et
1383 4701 1543 4740 unum
1573 4685 1718 4750 dicit,
1743 4698 1798 4743 et
1825 4706 2024 4757 sumus,
2057 4707 2156 4747 nec

581 4771 921 4840 separatione
940 4786 998 4828 se
1011 4771 1212 4839 dividit,
1231 4788 1330 4828 nec
1345 4775 1538 4830 unione
1553 4776 1847 4833 confundit.
1864 4779 1966 4846 Qui
1987 4797 2153 4837 unum

583 4873 702 4913 eum
732 4859 888 4917 Patre
916 4870 1019 4928 est,
1048 4879 1148 4924 nec
1176 4867 1532 4934 perpetuitate
1566 4882 1596 4920 a
1643 4865 1803 4922 Patre
1829 4869 2026 4936 differt,
2056 4887 2156 4929 nec

566 4949 779 5030 Vvirtute
805 4952 1098 5022 discordat;
1126 4971 1354 5025 cumque
1398 4957 1468 5012 sit
1507 4972 1628 5012 cum
1674 4957 1836 5016 Patre
1871 4977 2056 5031 unum,
2085 4965 2152 5020 de

656 5087 680 5155 ξ·
866 5082 1110 5155 Μανιίη..
1133 5095 1321 5141 conatu
1347 5101 1444 5155 pro
1465 5088 1713 5142 cruciatu.

585 5143 836 5269 hozocgd.
866 5151 986 5207 Vat.
1018 5143 1171 5223 1277,
1213 5143 1491 5212 cod.'Vat.
1526 5157 1683 5228 1269,
1711 5168 1766 5215 et
1795 5160 2028 5232 Martin.,
2060 5184 2154 5238 pro

658 5296 678 5368 ξ
706 5284 849 5368 idem
876 5288 995 5368 cod.
1013 5291 1175 5368 LVat.,
1192 5305 1406 5368 sectans
1435 5299 1665 5368 uestigia.

582 5351 676 5474 m:
696 5353 871 5476 eCodd.
904 5355 1075 5414 Vatic.
1109 5351 1423 5430 et'Martin.,
1458 5351 1584 5420 non“
1597 5352 1944 5439 prwvalebunt
1971 5372 2152 5428 adscr-

726 5441 828 5476 am.

726 5441 828 5477 am.

654 5501 676 5573 ξ
705 5491 849 5573 idem
868 5495 1152 5573 codd/at.
1185 5502 1384 5573 omittit
1410 5505 1539 5573 ejus.

657 5562 674 5597 τ
701 5560 834 5618 Cod.
866 5563 1076 5618 Martin.
1109 5569 1307 5622 omittit
1332 5560 1513 5625 ποεῖν-ἱ.

651 5633 674 5700 ξι
705 5629 845 5700 Idem
873 5635 993 5687 cod.
1023 5635 1138 5688 Vat.
1161 5677 1175 5700 ,
1207 5639 1257 5689 in
1289 5639 1444 5692 Patre
1471 5653 1519 5693 et
1550 5644 1705 5699 I-‘ilio.

652 5695 673 5729 "
698 5698 832 5758 Cod.
860 5704 978 5761 Vat.
1015 5695 1172 5770 1259,
1198 5708 1249 5761 in
1278 5716 1418 5762 tanta
1441 5711 1534 5764 hoc
1560 5695 1832 5779 profundo.

2260 4607 2366 4656 ras,
2397 4592 2642 4648 ubertate
2667 4591 2830 4646 etiam
2855 4591 3242 4646 benedictionis
3269 4607 3377 4646 suae
3404 4607 3620 4646 exesum
3643 4606 3847 4661 panem

2258 4679 2500 4739 fecundis
2533 4682 2875 4737 esurientium
2915 4683 3181 4736 morsibus
3210 4690 3670 4750 augmentantem;
3704 4682 3846 4735 inul-

2261 4776 2548 4846 tiplicando
2577 4789 2806 4843 namque
2827 4788 2976 4828 escas
2997 4773 3049 4827 in
3071 4789 3164 4827 ore
3189 4772 3573 4837 mandentium,
3599 4780 3654 4826 et
3672 4787 3849 4842 panes

2261 4881 2288 4919 ι)
2316 4866 2653 4924 reformando
2681 4865 2746 4920 de
2775 4866 2944 4930 micis,
2989 4865 3111 4920 fecit
3138 4876 3164 4915 τι
3194 4880 3332 4934 pene
3372 4881 3477 4919 non
3508 4879 3627 4920 esse
3669 4865 3848 4918 mira-

2259 4961 2366 5019 bile
2391 4957 2534 5026 quod
2563 4970 2756 5010 manna
2785 4954 2937 5008 ﬂuxit
2963 4969 2994 5009 e
3021 4955 3178 5011 creto.
3209 4953 3341 5020 Quis
3367 4970 3475 5008 non
3502 4954 3754 5009 advertat
3795 4953 3848 5010 in

2340 5093 2351 5131 ί
2383 5091 2514 5147 Cod.
2541 5089 2776 5160 Marum,
2802 5104 2864 5142 ne
2883 5089 3119 5144 advertas
3141 5091 3286 5159 quasi
3311 5107 3426 5160 per,
3446 5099 3550 5145 etc.

2338 5162 2351 5213 i
2391 5162 2532 5215 Idem
2563 5159 2685 5214 cod.
2716 5159 2832 5212 Vat.
2863 5161 3062 5213 omittit
3089 5162 3274 5228 ipsum.

2333 5231 2359 5270 ¹ι
2390 5231 2532 5284 idem
2561 5229 2706 5292 cod.,
2727 5229 2819 5297 sed
2836 5229 3158 5297 prolativum.

2335 5298 2351 5338 ι
2387 5299 2519 5370 Cod.
2546 5298 2666 5370 Vat.
2695 5296 2849 5370 i_2_69,
2865 5300 3143 5370 splendere
3165 5302 3384 5370 fulgore.

2327 5370 2365 5393 ⁸³
2395 5367 2680 5436 ldemcod.
2714 5367 2832 5421 Vat.
2858 5367 3014 5436 1277,
3046 5367 3230 5424 Verum
3243 5367 3428 5427 'lumen
3453 5380 3531 5428 est
3551 5387 3570 5426 :
3597 5378 3650 5426 ut
3678 5372 3828 5427 scias

2330 5449 2355 5477 ¹¹
2383 5437 2516 5494 Cod.
2539 5435 2777 5496 Martin.,
2820 5436 2979 5490 Vidit.

2331 5518 2355 5546 ο
2387 5503 2856 5578 ldeni_eod._Vat.,
2888 5509 2978 5561 sed
3008 5510 3247 5578 simplici.

2330 5589 2357 5631 ιν
2387 5577 2520 5631 Cod.
2543 5573 2790 5647 Illarum,
2804 5593 2965 5647 panes
2990 5573 3280 5647 fomiando.

2330 5660 2356 5698 ιι
2383 5647 2516 5702 Cod.
2547 5643 2666 5699 Val.
2695 5643 2851 5712 H69,
2883 5643 3001 5718 fecit
3027 5666 3129 5704 non
3158 5666 3269 5704 esse
3294 5648 3554 5708 mirabile.
