4054 6190
222 312 310 365 Jl'i

1541 299 1818 354 IIOMILIA
1858 298 2130 353 LXXVIII.

3374 309 3476 363 MS

217 427 417 481 Christo
460 430 689 494 paterna:
733 420 1050 489 :nqualitatis
1098 435 1249 489 Opus,
1283 432 1402 472 cum
1452 416 1627 470 videat
1662 431 1783 470 eum
1812 419 1860 477 Α
1889 423 2017 469 tem.
2043 413 2143 480 Qui
2173 415 2250 468 sic
2277 412 2425 469 videt
2445 414 2660 485 Filium,
2681 417 2825 474 videt
2853 426 2907 473 et
2933 416 3145 474 Patrem
3173 436 3186 472 :
3210 419 3332 489 quia
3354 437 3473 477 cum

217 515 519 572 auctoritate
545 511 872 567 dominantis
901 519 1102 564 terrere
1132 510 1421 571 daemones,
1448 506 1631 574 fugare
1665 506 1782 559 lan—

215 620 413 676 guores,
443 602 625 657 oculos
660 600 783 655 dare
806 599 1013 655 homini
1042 613 1141 653 nec
1170 597 1295 652 dum
1325 594 1579 665 ﬁguratus
1607 595 1659 648 in
1686 595 1785 648 ho-

216 697 363 750 mine.
394 692 556 762 Cujus
584 693 743 746 etiam
771 688 1076 743 vestimenti
1118 685 1353 741 fimbrias
1382 685 1595 739 occulto
1636 681 1783 735 aditu

216 784 391 840 mulier
433 790 631 850 tegrota
680 778 978 849 tangendo,
1028 779 1173 832 velut
1224 776 1469 829 furtivam
1521 772 1794 841 subripuit

219 875 479 932 sanitatem
507 890 521 926 τ
551 871 644 927 sed
684 881 935 939 tanquam
981 885 1138 923 verus
1183 867 1343 931 Deus,
1374 881 1533 933 quem
1581 864 1783 918 nullum

217 968 551 1024 humanorum
590 972 872 1034 pectorum
904 972 928 998 λ
958 968 1170 1031 poterat
1206 960 1375 1013 latere
1412 966 1694 1021 secretum,
1729 964 1784 1009 et

214 1074 464 1129 egressam
493 1058 560 1112 de
588 1072 649 1111 se
676 1071 803 1109 mox
831 1053 1065 1123 prodidit
1094 1051 1430 1115 medicinam,
1464 1056 1517 1103 et
1555 1048 1783 1102 cireum-

214 1150 457 1205 stantibus
480 1147 650 1201 turbis
671 1144 938 1201 credentis
960 1142 1169 1197 feminze
1197 1142 1451 1195 meritum‘
1470 1138 1778 1209 publicavit.

214 1240 355 1295 Videt
400 1240 451 1292 in
498 1237 634 1291 Filio
676 1236 1013 1305 majestatem
1048 1232 1075 1270 δ
1105 1240 1407 1302 paternam,
1450 1230 1542 1298 qui
1591 1228 1783 1298 aspicit

214 1330 461 1386 Christum
495 1340 515 1366 ε
550 1343 660 1381 non
688 1323 1024 1394 impetrantis
1052 1322 1242 1391 gratia,
1286 1320 1378 1374 sed
1410 1318 1649 1388 jubentis
1677 1318 1780 1370 im-

212 1421 365 1491 perio,
396 1425 449 1473 et
476 1426 717 1487 pateram
756 1412 1047 1468 voluntatis
1082 1425 1318 1474 assensu,
1352 1416 1442 1462 aut
1480 1407 1548 1462 de
1573 1406 1793 1460 lectulis

212 1512 309 1565 suis
351 1520 610 1573 mortuos,
644 1515 733 1560 aut
761 1505 827 1559 de
865 1503 1027 1575 2&3
1069 1502 1284 1555 tumulis
1322 1500 1690 1553 suscitantem.
1722 1496 1780 1552 Si

211 1602 380 1657 divina:
401 1608 481 1654 est
509 1597 841 1669 operationis
862 1609 1073 1649 creasse
1097 1592 1367 1646 hominem
1390 1590 1545 1657 eique
1569 1588 1781 1642 dedisse

212 1693 375 1759 vitam,
402 1689 675 1758 quomodo
704 1702 811 1740 non
840 1685 1001 1739 divini
1032 1683 1210 1752 operis
1238 1689 1320 1735 est
1348 1681 1571 1734 salutem
1603 1678 1779 1732 reddi-

1890 505 2160 561 Christum
2209 506 2456 561 eumdem
2505 508 2672 563 Deum
2717 510 3038 565 confitemur
3078 520 3131 566 et
3168 512 3473 580 Dominum,

1889 596 2192 651 necessario
2237 597 2519 665 passiones
2550 608 2573 636 ο
2606 599 2830 666 homini,
2875 602 2986 656 Deo
3026 602 3289 658 mirabilia
3318 603 3473 673 depu-

1886 698 2082 756 tamus,
2113 697 2173 744 ut
2200 690 2527 760 intelligatur
2556 692 2871 762 Unigenitus
2900 696 2994 751 Dei
3042 713 3142 752 nec
3180 713 3209 751 a
3251 704 3474 767 paterna

1886 782 2168 851 majestate
2189 782 2390 852 dispar,
2417 800 2515 840 nec
2542 800 2569 839 a
2600 795 2843 841 materna
2872 804 3033 843 carne
3058 789 3346 844 dissimilis.
3373 786 3477 842 Per

1885 871 2025 925 hanc
2053 871 2230 937 fidem,
2263 874 2543 939 carissimi,
2576 890 2604 928 a
2637 877 2877 945 patribus
2923 880 3120 933 nostris
3168 878 3363 931 Ariana
3392 886 3474 933 est

1884 962 2157 1016 confutata
2202 964 2457 1033 perﬁdia;
2504 966 2596 1033 qui
2643 967 2827 1034 utique
2874 967 3030 1021 Arius
3071 968 3213 1021 beati
3254 967 3473 1023 Joannis

1884 1051 2175 1120 Evangelia
2218 1056 2590 1111 contradicens
2616 1100 2631 1123 ,
2672 1056 2797 1110 dum
2834 1058 3069 1113 Verbum
3124 1061 3217 1113 Dei
3270 1060 3469 1127 Deum,

1893 1137 1910 1175 τ
1937 1148 1991 1192 et
2020 1141 2159 1208 apud
2191 1141 2358 1195 Deum
2389 1158 2508 1197 esse
2536 1145 3080 1213 negatﬁinfldelitatis
3107 1163 3215 1201 sua:
3242 1160 3469 1204 emeatus

1883 1230 2232 1297 obscuritate,
2263 1249 2364 1287 nec
2405 1232 2619 1288 Patrem
2659 1237 2834 1304 potuit
2861 1236 3065 1301 videre,
3106 1252 3207 1291 nec
3247 1237 3468 1304 Filium;

1883 1321 2117 1390 dumque
2140 1322 2396 1377 factorem
2431 1332 2455 1359 ιι
2485 1326 2725 1378 omnium
2747 1326 3005 1381 facturam
3032 1342 3151 1381 esse
3174 1328 3471 1391 contendit,

1883 1418 1937 1465 et
1984 1413 2322 1481 intemporali
2367 1412 2479 1467 Deo
2523 1400 2841 1483 temporalia
2904 1426 3131 1471 conatur
3166 1419 3468 1479 ascribere,

1882 1504 2309 1572 prmsumptionis
2329 1519 2439 1557 sua:
2460 1504 2640 1559 furore
2666 1505 2936 1571 confusus,
2958 1510 3233 1576 utriusque
3250 1510 3301 1563 in
3322 1509 3464 1563 Chri-

1883 1603 1968 1648 sto
2008 1602 2212 1648 naturtc
2246 1596 2479 1649 salutare
2506 1596 2738 1665 perdidit
2764 1608 3179 1652 sacramentum.
3213 1600 3282 1652 At
3312 1616 3465 1653 vene-

1882 1684 2080 1739 randus
2102 1684 2201 1738 iste
2231 1693 2405 1754 pater,
2428 1686 2518 1753 qui
2550 1686 2750 1753 legerat
2777 1686 2975 1742 dixisse
3002 1688 3286 1742 Dominum
3317 1707 3328 1740 :
3356 1688 3468 1759 ligo

210 1783 331 1837 disse
353 1780 638 1836 defuncto?
672 1775 771 1842 Qui
800 1775 953 1842 videt,
987 1772 1180 1842 inquit,
1204 1788 1300 1835 me,
1330 1769 1462 1823 videt
1490 1776 1538 1820 et
1565 1767 1775 1820 Patrem
1810 1789 1854 1846 Β
1880 1777 1933 1828 in
1966 1774 2145 1839 Ραινε,
2175 1783 2224 1828 ετ
2254 1775 2414 1830 pater
2448 1778 2503 1830 ίη
2544 1795 2627 1830 me
2670 1788 2745 1831 es;
2785 1777 2971 1849 (ηεαδ
3005 1798 3016 1831 ε
3049 1782 3225 1834 sciens
3269 1781 3322 1835 in
3369 1782 3466 1837 hac.

213 1871 367 1943 (loan.
410 1870 539 1939 xw).
571 1866 871 1935 Quomodo,
908 1865 934 1900 ά
965 1864 1177 1928 fratres,
1223 1862 1278 1914 in
1325 1858 1483 1912 Patre
1530 1857 1776 1924 Filioque

212 1963 307 2031 ejus
332 1977 461 2016 unus
497 1976 621 2015 esse
658 1964 871 2029 poterat
908 1964 962 2009 et
990 1954 1307 2008 indiscretus
1356 1954 1624 2018 aspectus,
1673 1947 1774 2001 nisi

212 2060 331 2107 esset
356 2051 401 2106 ei
430 2066 535 2104 una
568 2059 623 2104 et
652 2048 939 2102 indiscreta
984 2042 1314 2100 substantia?
1340 2037 1585 2093 Christus
1614 2037 1775 2105 igitur

212 2153 374 2197 natura
402 2142 566 2207 Deus,
606 2135 795 2193 natura
839 2145 894 2191 et
939 2137 1120 2199 homo,
1152 2135 1204 2187 in
1239 2140 1466 2199 utroque
1509 2144 1684 2191 verus,
1716 2128 1770 2181 in

212 2240 408 2302 utroque
430 2230 703 2301 perfectus
726 2235 808 2281 est
834 2244 845 2279 :
872 2227 995 2296 quia
1017 2233 1072 2278 et
1096 2222 1478 2277 humanitatem
1508 2219 1772 2274 veraciter

211 2325 455 2394 sumpsita
477 2309 675 2387 niatre,
699 2329 754 2377 et
784 2320 849 2375 de
878 2318 1036 2375 Patre
1069 2316 1223 2371 habet
1258 2314 1574 2371 naturaliter
1599 2312 1771 2365 deita-

1875 1866 2119 1920 doctrina
2150 1881 2500 1935 personarum
2528 1883 2645 1921 esse
2675 1868 3092 1933 distinctionem,
3127 1886 3231 1925 non
3262 1879 3466 1926 natura:

1874 1956 2205 2023 distantiam,
2239 1956 2411 2011 Patris
2444 1957 2670 2027 Filiique
2706 1958 2723 1997 ί
2756 1960 2889 2026 ejus,
2920 1960 3011 2028 qui
3045 1976 3153 2014 non
3183 1978 3338 2028 unus,
3372 1962 3465 2016 sed

1875 2060 2037 2097 unum
2068 2052 2213 2110 sunt,
2245 2044 2693 2099 indissociabilem
2740 2048 2933 2113 tenuit,
2973 2049 2985 2097 i
3026 2057 3080 2101 et
3106 2049 3319 2103 edocuit
3343 2051 3463 2105 uni-

1876 2140 2062 2198 tatem,
2095 2148 2340 2188 asserens
2368 2136 2570 2204 pariter
2597 2136 2647 2189 in
2676 2136 2892 2191 Christo
2920 2137 3148 2193 Domino
3179 2138 3203 2176 ι·
3231 2149 3283 2194 et
3303 2140 3462 2210 passi.

1875 2221 2035 2276 bilem
2071 2238 2310 2291 carnem,
2341 2232 2396 2279 et
2424 2226 2803 2301 impassibilem
2834 2226 3087 2282 deitatem
3114 2227 3154 2281 ι.

1450 2403 1796 2464 HOMILIA
1841 2404 2191 2465 LXXVIII.

1132 2509 1213 2566 De
1241 2509 1419 2564 eodem
1449 2508 1509 2563 S.
1547 2506 1771 2561 Eusebio
1803 2509 2043 2577 episcopo
2078 2507 2392 2562 Vercellensi
2422 2505 2489 2561 ΙΙ

1617 2596 2007 2652 ADMONITIO.

266 2698 534 2772 259Non
556 2694 1017 2772 solum‘Gennadii
1040 2690 1476 2772 t_estim9ni_o,sed
1497 2690 1785 2772 multorum
1800 2688 2223 2772 etiamcod‘ieum
2247 2690 2569 2772 auctoritate
2582 2691 3014 2772 evincitur-“hane
3034 2693 3308 2772 humiliari:
3339 2711 3367 2749 τι
3385 2696 3449 2772 ξ,

213 2759 410 2825 lla-xiiii?)
438 2770 701 2839 scriptam,
727 2767 909 2820 fuisse.
936 2767 1017 2839 Ac
1054 2765 1109 2818 in
1138 2763 1417 2839 codicibus
1435 2761 1668 2839 quidem
1688 2759 2319 2839 .nunieran't‘uruyaticani
2348 2760 2474 2839 duo,
2508 2760 2646 2813 H77
2673 2771 2731 2818 et
2758 2762 2888 2815 6451

2994 2778 3044 2831 g.
3077 2763 3199 2828 eos,
3246 2765 3352 2818 duo
3381 2768 3437 2819 s.

212 2840 368 2895 crucis
393 2842 443 2894 in
470 2827 612 2902 πεί,
644 2838 712 2890 99
752 2852 899 2891 num.
936 2836 1020 2900 73,
1055 2844 1111 2890 et
1140 2833 1210 2886 12
1236 2845 1358 2904 pag.
1389 2827 1485 2895 81,
1500 2828 1987 2904 Mediolanensisf
2018 2827 2094 2904 _56
2134 2829 2263 2904 bibl.
2296 2830 2699 2904 eccl._metro_p.
2721 2845 2851 2904 pag.
2886 2827 3018 2901 ηυξ
3053 2827 3456 2904 RatiSponensis

212 2910 258 2965 5.
283 2898 607 2965 Emmerami'
626 2922 746 2978 pag.
780 2907 866 2971 59,
899 2898 1256 2978 Mar'tinensis,
1287 2898 1661 2978 Cisterciensis
1690 2899 1883 2978 Montis
1914 2898 2166 2978 Amiano,
2199 2898 2591 2978 Laurentianus
2619 2898 2685 2978 Π
2719 2898 2860 2957 Plut.
2894 2898 3444 2978 xvn’Latque'AGotvvi-

211 2982 376 3035 censis.
402 2980 605 3033 Eadem
627 2969 807 3032 exstat
835 2969 888 3029 in
912 2977 1096 3029 codice
1126 2972 1489 3034 Urbevetano,
1520 2969 1664 3023 nullo
1688 2976 1867 3023 tamen
1895 2978 2114 3024 auctore
2136 2970 2450 3037 designato;
2480 2971 2532 3025 in
2561 2972 2771 3026 duobus
2800 2981 2978 3027 autem
3008 2969 3312 3036 Breviariis,
3348 2976 3451 3030 llo-

213 3065 346 3105 mano
372 3059 419 3104 et
446 3046 841 3118 Strigoniense,
874 3045 1155 3118 perspicue
1184 3042 1239 3118 S_.
1273 3040 1506 3118 hiasimo
1545 3039 1841 3118 tribuitur._
1861 3038 2073 3118 Quanta
2119 3039 2297 3118 elucet
2324 3041 2572 3118 codicum
2600 3043 2884 3118 consensio
2912 3044 2969 3096 in
2997 3042 3213 3118 Maximi
3240 3046 3458 3118 nomine

214 3108 646 3192 commendando,
682 3108 936 3192 tantaest
963 3108 1332 3192 injpsistituli
1360 3108 1716 3192 discrepantia
1709 3125 1750 3192 ﬂ;
1775 3108 1937 3192 aliqui
1960 3110 2105 3189 enim
2134 3109 2210 3192 lle
2237 3110 2415 3192 eodem
2443 3113 2577 3192 [esto
2605 3112 2921 3192 inscribunt,
2953 3112 3455 3192 ut_eodices_llatis-

214 3190 434 3263 ponensis
454 3198 509 3263 et
536 3176 918 3263 Martinensis;
948 3176 1433 3263 codéxﬁVatilcauus
1454 3176 1687 3263 é95iet
1706 3176 2063 3263 Cotwi‘censis
2091 3178 2196 3263 :‘n
2227 3181 2403 3263 natale
2415 3176 2768 3263 confessoris;
2793 3181 2964 3263 codex
2986 3183 3122 3263 alter
3143 3182 3454 3263 Vaticanus,

214 3247 257 3310 et
278 3257 656 3313 Laurentianus
687 3274 699 3308 :
731 3253 798 3309 In
827 3247 992 3307 natali
1021 3252 1082 3307 S.
1114 3251 1345 3311 Eusebii,
1378 3249 1570 3317 quibus
1593 3254 1897 3300 consonant
1925 3247 2030 3300 duo
2061 3247 2150 3300 alii
2177 3247 2389 3301 codices
2415 3248 2482 3299 99
2505 3247 2561 3301 S.
2595 3247 2784 3310 Crucis
2809 3250 2863 3301 in
2889 3247 3209 3318 Jerusalem,
3234 3256 3321 3319 qui
3356 3247 3452 3307 ha:

226 3324 298 3377 bet
321 3341 331 3373 :
358 3323 425 3375 De
448 3323 625 3377 natali
652 3322 709 3378 S.
739 3323 975 3383 Eusebii,
1004 3322 1344 3376 Vercellensis
1368 3321 1625 3389 episcopi;
1651 3330 1703 3375 et
1729 3320 1851 3376 eod.
1878 3328 2109 3390 tnetrop.
2135 3321 2270 3377 eccl.
2298 3321 2591 3377 Mediolan.
2614 3339 2628 3375 :
2662 3320 2724 3375 In
2753 3321 2946 3375 Natale
2970 3320 3031 3375 S.
3060 3319 3297 3374 Eusebii.
3326 3322 3433 3376 Illo-

225 3393 360 3446 nachi
387 3408 506 3448 vero
533 3394 934 3447 Cistercienses
966 3392 1165 3446 Montis
1192 3390 1419 3445 Amiata:
1447 3391 1500 3459 in
1532 3401 1657 3445 octo
1687 3391 1953 3459 lectiones
1983 3391 2261 3445 homiliam
2293 3392 2621 3453 diviserunt,
2655 3392 2902 3459 apposita
2934 3391 3292 3459 inscriptione
3320 3411 3333 3445 :
3363 3392 3428 3446 In

222 3464 466 3518 nativitale
493 3464 767 3518 Bernardi
798 3463 1028 3523 abbatis,
1058 3472 1112 3515 et
1143 3465 1197 3515 in
1227 3461 1416 3515 codice
1450 3457 1507 3512 S.
1539 3459 1734 3514 Crucis
1766 3461 1818 3513 in
1849 3458 2151 3516 Jerusalem
2184 3459 2338 3514 allisa
2374 3464 2473 3513 hac
2503 3460 2673 3514 altera
2694 3457 2820 3513 {In
2854 3459 3204 3513 translatione
3233 3458 3290 3513 S.
3324 3462 3426 3514 Be-

222 3534 403 3587 nedicti.
438 3535 493 3588 In
542 3534 831 3586 breviariis
867 3539 993 3586 s'tmt
1026 3532 1289 3585 lectiones
1323 3528 1547 3584 secundi
1584 3532 1840 3583 nocturni
1876 3530 1940 3583 de
1974 3530 2251 3583 communi
2291 3530 2627 3583 eonfessoris
2662 3531 2966 3598 pontificis,
3006 3544 3126 3596 quae
3160 3528 3225 3581 ad
3266 3545 3423 3584 ustum

219 3600 347 3655 chori
383 3603 782 3672 posterioribus
830 3602 1170 3672 temporibus
1217 3599 2173 3672 accommodant:_videntur._Aliam
2209 3600 2383 3672 etiam
2427 3599 3107 3672 epigraphen_praeferunt
3146 3598 3423 3672 editores;

222 3666 404 3739 nempe,
435 3671 677 3725 Homilia
713 3666 1112 3725 secunda'unde
1146 3685 1343 3792 supra;
1375 3673 1445 3722 ita
1480 3666 1779 3738 Gymnicus
1814 3683 1934 3748 pag.
1966 3668 2094 3729 256.
2127 3667 2434 3723 Galesinius
2468 3684 2587 3735 pag.
2622 3668 2744 3729 lt‘i,
2780 3666 3110 3738 Raynaudus
3143 3681 3264 3736 pag.
3294 3669 3421 3749 25s,

222 3734 526 3792 Haraarinus
574 3743 630 3792 in
676 3740 815 3792 Bibl.
856 3740 997 3792 Max.
1035 3752 1163 3792 tom.
1230 3738 1269 3792 'I
1308 3754 1430 3792 nae.
1464 3738 1567 3792 58.
1603 3748 1657 3792 et
1686 3738 1955 3792 Cumde
1987 3747 2120 3791 tom.
2156 3735 2221 3790 lV
2258 3753 2379 3792 nae.
2420 3738 2575 3791 H37.
2616 3740 2696 3791 An
2735 3746 2942 3791 veteres
2985 3751 3111 3792 θυι).
3148 3740 3421 3792 Ambrosii

219 3734 526 3807 Margarinus
574 3743 630 3794 in
676 3740 815 3795 Bibl.
856 3740 997 3793 Max.
1035 3752 1163 3794 tom.

1253 3739 1269 3792 I
1308 3754 1430 3808 pag.
1464 3735 1567 3801 58',
1603 3748 1657 3793 et
1686 3735 1955 3792 Cunidius
1987 3747 2120 3791 tom.
2156 3735 2221 3790 lV
2258 3753 2379 3807 pag.
2420 3738 2591 3808 1137.,
2616 3740 2696 3791 An
2735 3735 2942 3808 veteres
2985 3751 3111 3806 opp.
3140 3739 3421 3808 Ambrosii

218 3806 425 3863 editores
453 3812 629 3864 eidem
658 3811 815 3878 jure,
847 3824 914 3861 an
947 3810 1148 3877 injuria
1178 3806 1323 3863 hanc
1355 3806 1635 3862 homiliam
1671 3808 1994 3878 tribuerint,
2027 3806 2269 3878 quisque
2293 3820 2388 3875 per
2414 3822 2473 3859 se
2498 3806 2787 3878 judicabit.
2823 3806 3267 3878 l’ost_ren_io_illud
3303 3823 3421 3861 mo-

216 3887 399 3943 nemus,
431 3896 495 3932 ex
530 3874 725 3933 codice
758 3874 1085 3933 Gotwicensi
1122 3880 1187 3933 ad
1225 3893 1327 3932 nos
1360 3879 1673 3946 pervenisse
1708 3876 1873 3944 hujus
1906 3874 2147 3931 humilia:
2182 3874 2545 3946 fragmentum
2598 3877 2734 3929 adeo
2787 3876 2998 3946 tuendis
3032 3874 3419 3946 deformatum,

216 3952 265 4017 tit
290 3946 414 4017 idem
445 3958 706 4017 tanquam
736 3948 1079 4017 suppositum
1108 3944 1373 4017 omittere
1390 3961 1766 4017 censeremus.
1792 3946 1861 3998 At
1889 3960 2011 4017 sors
2042 3945 2275 4016 propitia
2305 3945 2510 4000 nostris
2532 3948 2671 3999 votis
2698 3944 2913 4017 arrisit;
2944 3944 3075 4017 dum
3106 3945 3249 4017 enim
3286 3963 3420 4004 mss.

216 4005 478 4085 Vaticanos
509 4005 948 4080 consulereuius,
979 4015 1153 4070 codex
1170 4016 1304 4085 4951
1334 4016 1511 4083 ipsum
1544 4014 1909 4085 fragmentum
1943 4005 2161 4085 diverso
2188 4017 2405 4084 penitus
2438 4024 2661 4083 aspectu
2690 4005 3079 4085 suppeditavit,
3108 4015 3277 4067 multa
3308 4020 3423 4071 sri-

215 4075 318 4137 lieet
342 4086 629 4157 elegantia,
656 4075 1029 4155 speciosisque
1056 4075 1386 4153 imaginibus
1415 4075 1720 4146 conditum,
1748 4089 1824 4157 ut_
1839 4083 2139 4157 legentibus
2168 4075 2337 4157 patet.

212 4159 340 4225 250
376 4144 766 4216 AEcuumvruu.
796 4193 866 4203 —
899 4144 1503 4213 M'emorias'sanctorum
1531 4171 1641 4208 esse
1669 4144 1755 4207 ςέ-
1782 4154 1827 4214 C
1857 4144 1978 4205 cum
2020 4144 2184 4203 enim'
2213 4148 2358 4202 dicat
2397 4144 2672 4215 Scriptura
2711 4165 2725 4199 :
2759 4146 2938 4201 Gloria
2979 4150 3146 4218 patris
3188 4160 3265 4204 est
3303 4151 3443 4219 ﬁlius

332 4231 512 4284 randas
540 4231 787 4283 admonet
817 4229 876 4283 S.
910 4228 1206 4295 Maximus,
1245 4242 1408 4295 eoque
1452 4225 1619 4293 magis
1656 4239 1754 4295 quo

264 4266 511 4284 ,νη-...ωηο
540 4266 785 4283 “una...”
817 4266 876 4283 υ.
910 4266 1173 4281 ...............
1245 4266 1321 4279 ιν.
1347 4266 1405 4278 ..ν
1455 4266 1550 4277 ...νυ
1576 4266 1618 4277 ,ν
1692 4266 1750 4275 .-ν

264 4299 466 4353 clariora
523 4311 647 4364 sunt
692 4316 867 4353 eorum
913 4300 1116 4350 merita.
1169 4266 1294 4359 ραἱδ
1323 4266 1493 4364 ’ἰσὶιαν
1540 4266 1759 4346 Eusebio

265 4372 592 4440 prazstantior,
636 4372 721 4440 qui
763 4376 836 4420 tot
876 4366 1105 4440 labores,
1156 4375 1322 4440 totque
1364 4380 1618 4417 wrumnas
1665 4378 1758 4440 pro

269 4437 497 4492 catholica
548 4433 792 4499 ueritate,
847 4454 939 4505 pro
987 4434 1083 4487 Dei
1123 4433 1333 4505 gloria,
1366 4450 1459 4505 pro
1508 4433 1755 4503 pastorali

213 4557 219 4561 .
266 4520 452 4562 munere
478 4525 638 4580 usque
670 4508 738 4561 ad
761 4504 877 4561 vita:
904 4507 1096 4558 exitum
1126 4504 1395 4557 toleravit?

269 4592 336 4647 Ad
359 4600 518 4653 sancti
549 4613 614 4652 ac
641 4595 935 4667 beatissimi
964 4595 1116 4649 istius
1144 4593 1317 4647 Patris
1345 4594 1513 4647 nostri
1542 4591 1724 4645 laudes
1742 4632 1757 4656 ,

213 4681 337 4750 cujus
366 4685 524 4742 hodie
563 4687 697 4742 festa
726 4686 1062 4741 celebramus
1096 4682 1364 4738 addidisse
1404 4680 1629 4750 aliquid,
1662 4680 1760 4735 de-

215 4778 441 4846 eerpsisse
467 4788 583 4847 est;
613 4779 878 4849 siquidem
906 4778 1163 4848 virtutum
1189 4776 1304 4844 ejus
1324 4775 1493 4843 gratia
1520 4790 1628 4827 non
1648 4788 1762 4827 ser-

214 4872 427 4929 monibus
447 4873 764 4944 exponenda
787 4880 898 4938 est,
927 4870 1024 4926 sed
1052 4868 1302 4939 operibus
1328 4866 1758 4938 comprobanda;

271 5046 292 5075 '
315 5037 440 5097 Cod.
474 5042 598 5097 Vat.
648 5041 804 5105 i269,
852 5042 1016 5111 potuit
1059 5037 1219 5093 latere
1257 5047 1544 5104 secretum;
1584 5054 1755 5111 egres-

210 5121 305 5179 εαξη
324 5110 382 5179 ᾀε
399 5128 475 5179 se,
498 5120 604 5166 etc.

268 5176 293 5216 δ
318 5176 710 5251 (ξοᾷξΜπιὶῃε,
738 5181 1059 5251 majestatem
1086 5194 1381 5251 supernam.

270 5258 291 5321 ξ
475 5250 598 5321 Vat.
630 5249 783 5315 I277,
817 5246 935 5309 non.
962 5246 1283 5320 impetrantis
1311 5249 1503 5321 gratia.

267 5316 290 5353 ⁶
473 5319 683 5390 Martia.
713 5320 913 5375 omittit
938 5316 1120 5390 fratre.

273 5396 294 5457 ξ
320 5388 448 5445 ϐοὰ.
475 5388 599 5445 Vat.
628 5392 745 5457 cit.,
774 5388 1017 5453 hominis.
1119 5392 1122 5395 ’

1859 4240 2066 4309 sapiens
2108 4237 2295 4309 (Prov.
2337 4236 2441 4307 ι),
2484 4244 2699 4305 quanta:
2738 4237 2896 4305 hujus
2948 4246 3071 4291 sunt
3110 4240 3320 4305 gloriae,
3351 4242 3442 4310 qui

1862 4334 2133 4381 tantorum
2163 4325 2395 4380 filiorum
2420 4324 2681 4394 sapientia
2709 4332 2765 4379 et
2792 4324 3081 4379 devotione
3111 4325 3357 4381 laetatur?
3383 4326 3444 4380 In

1860 4414 2075 4479 Christo
2103 4415 2248 4471 enim
2285 4412 2414 4471 Jesu
2459 4430 2556 4484 per
2590 4413 2934 4483 Evangelium
2982 4415 3096 4485 ipse
3135 4431 3236 4470 nos
3264 4416 3443 4481 genuit

1862 4504 1918 4578 (Ι
1947 4507 2065 4560 Cor.
2097 4506 2243 4577 xxv).
2273 4504 2544 4574 Quidquid
2568 4506 2728 4574 igitur
2747 4506 2799 4559 in
2827 4505 3143 4561 hac'sancta
3164 4505 3319 4576 plebe
3346 4520 3443 4573 po-

1863 4604 1967 4651 test
1994 4614 2115 4653 csse
2148 4599 2383 4667 virtutis,
2416 4605 2471 4653 et
2498 4598 2703 4666 gratim,
2734 4605 2774 4634 ιιι
2806 4597 2874 4652 de
2900 4598 3004 4653 hoc
3032 4592 3185 4667 quasi
3214 4595 3443 4665 quodam

1860 4687 2011 4742 fonte
2042 4688 2369 4743 lucidissime
2409 4690 2648 4743 omnium
2678 4689 2975 4743 rivulorum
3004 4697 3029 4724 τι
3061 4687 3263 4756 puritas
3292 4700 3441 4739 ema-

1861 4779 2030 4833 navit.
2078 4778 2290 4833 Etenim
2319 4780 2444 4849 quia
2484 4781 2747 4834 castitatis
2785 4779 3024 4848 pollebat
3064 4778 3277 4845 vigore,
3320 4776 3444 4845 quia

1862 4869 2198 4926 abstinentiae
2240 4871 2570 4940 gloriabatur
2598 4870 2855 4941 angustiis
2873 4910 2888 4938 ,
2916 4868 3041 4938 quia
3069 4867 3447 4922 blandimentis

1939 5040 1959 5122 ξ
1994 5040 2164 5096 Codd.
2191 5041 2503 5122 Vat._i269,
2533 5049 2591 5098 et
2615 5041 2722 5099 duo
2747 5041 2953 5109 ϐοείη..
2983 5041 3163 5097 Patris
3192 5042 3434 5119 Filiiquc,

1864 5119 1953 5182 qui
1974 5128 2076 5182 non
2093 5128 2258 5182 furius,
2284 5119 2389 5167 etc.
2567 5181 2570 5182 ν
2761 5181 2764 5182 ν
2862 5158 2870 5167 .

1940 5180 1955 5231 i
1993 5180 2128 5237 Cod.
2160 5180 2373 5235 Martin.
2403 5181 2602 5236 omittit
2626 5191 2676 5235 et
2700 5181 2923 5235 edocuit.

1939 5248 1968 5316 ξι
1994 5250 2128 5305 Cod.
2160 5249 2341 5304 Casin.
2371 5260 2425 5305 ct
2454 5250 2689 5316 Martin.,
2717 5250 2939 5306 Domino
2964 5261 3159 5307 nostra.

1943 5309 1964 5350 ¹
1998 5320 2097 5375 llic
2134 5321 2295 5376 etiam
2337 5321 2391 5373 in
2433 5318 2552 5374 cod.
2586 5309 2708 5374 Vat.
2742 5320 2879 5374 1277
2911 5322 3071 5377 habet
3102 5322 3278 5387 linem,
3309 5323 3448 5379 etin

1869 5389 1987 5445 aliis
2007 5389 2163 5446 codd.
2192 5390 2466 5458 Augiensi,
2490 5396 2545 5443 et
2567 5389 2762 5446 Montis
2782 5389 3005 5448 Amiata:
3037 5393 3175 5448 sicut
3202 5401 3256 5449 et
3278 5394 3331 5448 in
3349 5392 3446 5448 Ca.

275 5453 449 5514 ἰϐοά.
488 5458 669 5517 Casin.
713 5453 828 5529 cit.,
877 5460 999 5513 dum
1047 5459 1268 5514 Verbum
1308 5457 1409 5514 Dei
1456 5457 1622 5513 Deum
1654 5473 1765 5513 esse
1790 5453 1841 5514 D
1867 5460 2189 5517 sinensibus.

214 5537 268 5576 ne
299 5536 367 5581 at.

268 5542 298 5641 Ξ
324 5594 449 5651 Cod.
473 5597 707 5661 Martin.,
736 5600 1055 5670 utfelicitatis
1082 5616 1209 5655 sum.

278 5661 302 5701 δ
325 5665 428 5701 nm!
480 5667 576 5701 ν...
630 5670 763 5701 mnu
813 5672 1030 5701 .t...........
1063 5673 1301 5701 r.............
1328 5671 1457 5701 ιω...
1480 5669 1617 5701 ...κ-δ

325 5665 451 5720 Cod.
480 5667 595 5722 Vat.
630 5665 1030 5735 1269,'dumque
1056 5673 1304 5738 [actorem
1325 5671 1457 5726 hunc
1477 5669 1723 5726 omnium.

1937 5540 1977 5567 ω
2005 5529 2139 5605 Cod.
2356 5529 2418 5582 de
2444 5529 2667 5605 quodam
2697 5531 2850 5605 fonte.

1941 5610 1966 5637 ι’
1996 5599 2132 5655 Cod.
2172 5597 2422 5655 Urbevct.
2455 5597 2584 5654 'Jta'c
2608 5597 2823 5655 auritas.
