4054 6190
556 314 657 368 429

1809 309 1864 364 s.
1905 307 2148 365 MAXIM!
2189 269 2637 364 rauntnmsrs

3725 319 3817 373 4'20

554 433 674 480 eral.
734 421 988 493 prreditus
1034 420 1281 488 lenitatis,
1327 433 1565 474 omnium
1621 419 1819 475 civium
1867 418 1922 472 in
1971 418 2140 473 Deum
2170 418 2579 487 Atempestatis
2621 418 2890 488 abripiat,
2923 428 3018 473 aut
3062 418 3254 476 lluctus
3299 422 3625 492 absorbeat,
3656 436 3748 481 aut
3774 431 3819 484 in

554 512 872 584 provocavit.
900 510 1180 575 all‘ectum;
1219 509 1345 580 quia
1382 508 1652 578 pontiﬁcis
1674 508 2145 565 administratione

557 605 823 675 fulgebat,
851 604 1032 674 plures
1055 602 1347 671 discipulos
1367 601 1584 670 reliquit
1603 601 1685 656 sui
1705 600 1996 656 sacerdotii
2023 616 2147 657 suc-

555 709 818 752 cessores.
869 693 1014 748 Bene
1052 701 1107 748 et
1136 706 1378 761 congrue
1421 693 1475 748 in
1503 693 1606 748 hac
1633 692 1750 758 die,
1783 708 1947 762 quam
1989 693 2146 749 nobis

554 785 696 839 beati
737 783 910 838 Patris
936 783 1108 837 nostri
1135 782 1294 851 hujus
1334 782 1403 837 ad
1431 782 1738 852 paradisum
1765 784 2023 838 transitus
2049 798 2147 839 ex-

555 875 858 930 sultabilem
897 874 1103 939 reddit,
1146 873 1428 944 prmseutis
1468 873 1658 943 psalmi
1691 873 2012 929 versiculum
2050 873 2146 930 de~

555 965 887 1019 cantavimus
922 982 935 1017 :
983 963 1048 1016 In
1091 964 1341 1017 memoria
1379 973 1576 1017 (eterna
1619 965 1716 1016 erit
1753 964 1926 1034 justus
1958 964 2140 1035 (Psal.

557 1059 658 1130 tu).
708 1057 880 1127 Digne
919 1059 1063 1113 enim
1107 1059 1162 1114 in
1192 1058 1507 1112 memoriam
1550 1058 1776 1112 vertitur
1823 1058 2143 1127 hominum,

557 1159 585 1186 ³
619 1149 712 1218 qui
754 1149 820 1202 ad
861 1149 1115 1217 gaudium
1160 1149 1370 1202 transiit
1411 1147 1743 1218 angelorum.
1789 1147 1929 1203 Dicit
1965 1162 2144 1202 sermo

555 1239 770 1294 divinus
801 1257 812 1291 :
848 1237 933 1292 Ne
960 1239 1141 1292 laudes
1167 1239 1422 1292 hominem
1447 1239 1501 1291 in
1532 1239 1636 1292 vita
1671 1253 1767 1300 sua
1795 1236 1992 1308 (Eccli.
2026 1234 2140 1306 x1);

556 1341 810 1400 tanquam
857 1331 901 1384 si
942 1331 1190 1384 diceret:
1237 1330 1392 1383 lauda
1436 1337 1560 1399 post
1611 1329 1778 1383 vitam
1803 1367 1820 1394 ,
1861 1328 2144 1395 magniﬁca

555 1431 680 1493 post
700 1423 1239 1477 consummationem.
1275 1422 1482 1492 Duplici
1511 1423 1653 1476 enim
1683 1438 1752 1476 ex
1777 1437 1938 1477 causa
1962 1422 2144 1478 utilius

557 1520 644 1566 est
668 1511 943 1566 hominum
967 1512 1135 1580 magis
1164 1512 1437 1566 memoria:
1465 1511 1675 1566 laudem
1697 1511 1850 1581 dare,
1879 1526 2039 1581 quam
2063 1515 2144 1566 vi-

556 1613 644 1674 taz,
668 1612 727 1659 ut
754 1604 845 1660 illo
875 1604 1212 1674 potissimum
1243 1611 1488 1674 tempore
1513 1604 1706 1658 merita
1727 1603 2029 1658 sanctitatis
2048 1618 2144 1657 ex-

555 1695 744 1760 tollas,
775 1695 989 1764 quando
1017 1709 1118 1749 nec
1164 1678 1474 1749 laudantem
1521 1693 1760 1748 adulatio
1796 1701 2010 1761 movet,
2042 1707 2142 1747 nec

2247 515 2506 562 aeternam
2547 496 2783 577 prtedam
2812 509 2986 578 pirata
3013 509 3246 566 crudelis
3273 512 3504 568 abducat
3541 521 3582 571 ί.
3623 516 3819 572 Adver-

2245 614 2338 655 sus
2375 599 2492 654 haec
2517 612 2646 667 ergo
2683 599 3035 654 multiformia
3062 601 3245 655 saeculi
3280 603 3444 668 mala,
3489 615 3505 656 ι
3557 606 3819 674 castigatis

2245 699 2302 748 et
2327 690 2492 745 castis
2519 690 2732 745 actibus
2759 691 3094 747 resistamus.
3125 692 3278 747 Beati
3305 703 3485 750 autem
3514 698 3539 749 ι
3559 698 3692 753 atris
3717 714 3820 754 me-

2245 781 2349 838 rita
2373 781 2483 851 jam
2514 782 2568 835 in
2611 789 2729 835 tuto
2760 780 2788 818 ¹ί
2827 782 3003 851 posita
3031 780 3212 839 securi
3253 786 3657 855 magniﬁcetnus
3680 830 3695 854 ,
3739 789 3821 858 qui

2243 874 2665 944 gubernaculum
2700 873 2824 929 tidei
2848 875 3074 929 viriliter
3097 883 3288 931 tenens
3319 874 3336 914 ι
3384 879 3674 934 anchoram
3716 883 3819 950 spci

2245 965 2529 1034 tranquilla
2551 964 2665 1034 jam
2694 965 2747 1019 in
2773 967 3005 1020 statione
3034 969 3368 1037 composuit,
3399 979 3454 1024 et
3484 971 3696 1040 plenam
3721 988 3823 1029 cm-

2245 1055 2469 1110 lestibus
2488 1055 2710 1122 divitiis,
2738 1063 2794 1110 et
2813 1057 3028 1111 :eternis
3057 1059 3328 1114 mercibus
3349 1076 3542 1115 navem
3567 1069 3755 1131 optato
3774 1064 3818 1118 in

2244 1146 2427 1201 littore
2475 1147 2762 1202 collocavit
2814 1165 2826 1200 :
2877 1149 2969 1216 qui
3015 1159 3205 1203 contra
3253 1165 3444 1206 omnes
3493 1151 3820 1208 adversarios

2245 1245 2286 1273 ω
2333 1245 2544 1292 scutum
2589 1237 2799 1292 timoris
2826 1237 2921 1292 Dei
2964 1239 3146 1292 tandiu
3191 1239 3594 1309 infatigabiliter
3637 1243 3816 1309 tenuit,

2244 1327 2418 1383 donec
2442 1329 2508 1382 ad
2530 1329 2810 1383 victoriam
2831 1330 3156 1398 perveniret.
3183 1338 3210 1366 υ
3233 1329 3369 1396 Quid
3389 1332 3534 1385 enim
3561 1331 3660 1386 fuit
3688 1341 3822 1387 totus

2242 1419 2366 1473 vita:
2405 1419 2546 1474 illius
2573 1434 2790 1484 cursus,
2821 1419 2925 1473 nisi
2971 1421 3130 1474 unius
3175 1436 3298 1475 cum
3327 1421 3473 1489 vigili
3518 1423 3674 1476 hoste
3701 1439 3821 1477 con-

2242 1506 2452 1564 ﬂictus?
2484 1519 2508 1545 ο
2539 1509 2764 1575 Quantis
2787 1509 2874 1564 hic
2897 1511 3054 1565 caecis
3082 1527 3110 1564 a
3131 1511 3218 1565 via
3241 1512 3486 1567 veritatis
3506 1514 3820 1583 errantibus,

2242 1606 2299 1653 et
2345 1598 2412 1653 de
2455 1596 2662 1654 summa
2701 1599 2815 1668 jam
2855 1600 2909 1653 in
2940 1601 3259 1670 profundum
3285 1617 3419 1672 rupe
3441 1604 3817 1673 pendentibus,

2244 1692 2498 1746 amissum
2552 1690 2788 1746 reddidit
2833 1692 3035 1758 visum,
3097 1703 3155 1748 et
3209 1691 3386 1760 illum,
3437 1710 3547 1764 quo
3590 1694 3822 1752 Christus

553 1787 826 1842 laudatum
854 1794 1027 1841 tentat
1052 1785 1234 1840 elatio.
1267 1783 1450 1838 Lauda
1479 1797 1610 1852 ergo
1638 1792 1763 1853 post
1801 1783 2099 1853 periculum
2127 1799 2142 1848 ;
2180 1789 2221 1848 Β
2251 1794 2278 1835 r
2302 1783 2596 1851 videretur,
2629 1784 2900 1854 reparavit
2926 1785 3210 1839 intuitum?
3237 1785 3569 1851 Quantorum
3614 1788 3824 1844 auribus

552 1878 782 1950 przedica
809 1893 1086 1943 securum;
1124 1875 1284 1930 lauda
1309 1891 1418 1930 non
1459 1875 1764 1942 navigantis
1791 1873 2102 1929 felicitatem
2121 1914 2136 1938 ,

443 1953 458 1966 ’
552 1971 650 2026 sed
691 1985 814 2026 cum
839 1969 1088 2040 pervenit
1115 1967 1183 2023 ad
1210 1975 1457 2038 portiun;
1493 1966 1654 2020 lauda
1676 1966 1828 2021 ducis
1868 1962 2142 2031 virtutem,

552 2063 648 2119 sed
687 2078 809 2117 cum
838 2061 1130 2132 perductus
1155 2059 1184 2098 δ
1218 2068 1302 2116 est
1323 2059 1389 2113 ad
1428 2058 1781 2128 triumphum.
1807 2057 1936 2124 Quis
1963 2066 2145 2113 autem

552 2155 743 2210 vivens
774 2162 890 2208 tuto
913 2153 1108 2224 possit,
1151 2167 1216 2207 ac
1256 2151 1374 2206 sine
1403 2150 1765 2219 trepidatione
1791 2148 2022 2216 laudari,
2053 2149 2146 2218 qui

557 2254 616 2302 et
642 2245 711 2300 de
750 2245 1024 2316 prteterito
1052 2243 1298 2299 meminit
1343 2255 1402 2297 se
1430 2241 1630 2296 habere
1659 2240 1804 2310 quod
1843 2239 2061 2303 doleat,
2090 2248 2148 2294 et

550 2335 620 2391 de
658 2335 837 2391 futuro
862 2334 1008 2390 videt
1039 2344 1063 2374 ο
1087 2347 1372 2404 superesse
1399 2331 1542 2400 quod
1578 2331 1800 2385 timeat?
1828 2328 1854 2367 ά
1887 2329 1988 2396 Qui
2015 2345 2146 2386 vero

551 2425 607 2480 in
635 2425 741 2480 hoc
782 2423 1105 2493 corpusculo
1153 2422 1316 2491 positi
1358 2421 1592 2476 debeant
1638 2421 1798 2492 251
1846 2421 1948 2476 sibi
1989 2420 2148 2490 quid-

553 2527 719 2583 quam
757 2511 1034 2567 vindicare
1075 2511 1143 2566 de
1168 2510 1405 2578 meritis,
1445 2525 1582 2580 quos
1613 2511 1805 2565 iterum
1843 2511 2146 2566 dmmonum

551 2602 828 2659 infestatio
855 2603 1003 2658 velut
1026 2601 1297 2657 latronum
1323 2599 1535 2656 obsidet
1553 2599 1843 2655 multitudo
1859 2642 1874 2667 ,
1908 2611 1932 2638 θ
1953 2601 2148 2670 quibus

550 2709 650 2765 per
695 2707 882 2749 omnes
909 2692 1023 2748 vias
1061 2691 1497 2762 supplantatores
1525 2691 1681 2746 invisi
1716 2691 2016 2746 animarum
2064 2692 2147 2746 la-

549 2799 721 2854 queos
761 2783 993 2839 tendunt
1044 2781 1064 2822 ι
1110 2782 1578 2838 innumerabilium
1627 2782 1868 2838 moribus
1907 2796 2144 2853 expave-

549 2876 817 2932 scendos?
837 2874 1220 2945 Navigantibus
1248 2874 1392 2929 enim
1419 2873 1576 2929 nobis
1604 2889 1703 2945 per
1720 2874 1826 2929 hoc
1852 2889 2002 2930 mare
2030 2891 2146 2931 ma-

550 2981 714 3038 gnum
736 2976 793 3023 et
818 2968 1135 3038 spatiosum,
1165 2967 1218 3020 in
1247 2981 1356 3035 quo
1379 2971 1503 3020 sunt
1523 2964 1756 3034 reptilia,
1785 2980 2014 3035 quorum
2035 2982 2144 3022 non

551 3067 638 3114 est
665 3073 941 3123 numerus,
973 3056 1226 3112 animalia
1254 3055 1449 3126 pusilla
1485 3062 1542 3110 et
1582 3068 1800 3124 magna,
1831 3053 1887 3108 id
1939 3064 2022 3110 est
2059 3056 2144 3111 di-

2251 1874 2448 1940 surdis,
2498 1881 2556 1930 et
2599 1871 2929 1929 inﬁdelitatis
2956 1883 2985 1924 ιι
3032 1875 3373 1930 obturatione
3413 1875 3678 1930 damnatis
3703 1917 3720 1942 ,
3761 1876 3823 1932 ad

2246 1965 2652 2036 percipiendam
2681 1979 2872 2020 vocem
2904 1965 3202 2021 caelestium
3229 1965 3604 2022 mandatorum
3629 1969 3823 2038 pretio-

2245 2073 2365 2112 sum
2395 2057 2589 2111 inludit
2627 2055 2902 2123 auditum,
2943 2064 3004 2111 ut
3030 2057 3246 2112 voeanti
3275 2057 3384 2112 Deo
3410 2058 3823 2113 misericordiam

2246 2146 2601 2217 responderet
2641 2161 2741 2217 per
2768 2145 3178 2202 obedientiam?
3225 2145 3467 2214 Quantos
3510 2149 3824 2205 intrinsecus

2245 2238 2559 2293 vulneratos
2588 2237 2814 2306 angelici
2842 2237 2954 2293 oris
2974 2240 3134 2310 252
3155 2246 3289 2305 arte,
3314 2246 3371 2294 et
3392 2249 3414 2277 ι·
3438 2240 3744 2295 orationum
3764 2240 3822 2294 ab

2247 2331 2562 2386 inﬁmitate
2601 2330 2846 2386 curavit?
2897 2328 3140 2396 Quantos
3179 2345 3278 2400 per
3319 2329 3534 2399 longam
3569 2331 3823 2386 incuriam

2245 2421 2458 2494 peccati
2499 2421 2620 2477 labe
2660 2421 2946 2485 resolutos,
2980 2428 3035 2476 et
3059 2420 3291 2492 quadam
3321 2421 3484 2493 lepra:
3511 2424 3824 2490 contagione

2247 2514 2510 2584 perfusos,
2556 2512 3020 2581 castigationibus,
3048 2512 3516 2569 exhortationibus
3541 2515 3824 2585 expianda,

2246 2604 2359 2659 Deo
2399 2605 2452 2658 in
2481 2619 2540 2659 se
2584 2610 2845 2674 operante
2887 2601 3202 2658 mundavit?
3245 2601 3584 2669 Quantorum
3624 2608 3824 2660 animas

2247 2694 2488 2750 viventes
2534 2694 2589 2748 in
2630 2707 2883 2764 corpore,
2925 2691 3039 2762 jam
3067 2692 3368 2761 defunctas,
3409 2702 3466 2748 et
3511 2695 3823 2751 delictorum

2243 2785 2387 2840 mole
2414 2784 2635 2840 obrutas
2679 2799 2744 2840 ac
2786 2784 3025 2854 sepultas
3048 2826 3067 2854 ,
3095 2783 3163 2839 ad
3191 2785 3624 2841 emendationem
3647 2827 3666 2853 ,
3716 2797 3825 2842 tan-

2244 2891 2409 2946 quam
2452 2876 2520 2932 ad
2548 2876 2726 2933 lucem
2756 2884 2778 2912 ⁸
2809 2876 3058 2932 vocando
3095 2876 3208 2932 Deo
3237 2878 3612 2944 resuscitavit,
3644 2889 3703 2935 et
3728 2880 3826 2935 Do-

2243 2967 2375 3022 mini
2416 2967 2499 3022 Sui
2547 2966 2891 3022 admirandus
2951 2967 3192 3022 imitator
3236 2967 3351 3037 jam
3414 2977 3660 3024 mortuas
3719 2970 3827 3025 Deo

2247 3073 2279 3113 e
2305 3057 2578 3131 contrario
2610 3058 2631 3096 ι
2667 3055 2953 3113 mortiﬁcet
2971 3057 3118 3112 vitali
3145 3067 3322 3114 morte
3348 3067 3593 3128 peccato.
3625 3069 3653 3097 ιι
3684 3059 3827 3115 Tunc

547 3162 701 3204 versa
727 3150 925 3217 genera
947 3147 1308 3213 inimicorum,
1335 3155 1360 3194 Β
1389 3144 1482 3215 qui
1508 3144 1804 3200 secundum
1833 3154 2140 3202 nostrarum
2169 3146 2216 3210 C
2248 3150 2300 3204 in
2330 3149 2434 3204 alia
2481 3156 2636 3220 parte
2682 3163 2747 3204 ea
2793 3162 2914 3217 qua:
2939 3156 3228 3219 aperuerat
3265 3149 3580 3205 salubritate
3617 3150 3827 3205 claude-

549 3241 745 3296 virium
771 3239 1126 3310 quantitatem
1156 3245 1506 3308 compensato
1547 3237 1825 3292 nobiscum
1863 3251 2036 3306 agone
2060 3238 2143 3294 lu-

547 3340 776 3388 ctantur.
819 3331 876 3385 ln
905 3330 1063 3400 hujus
1091 3329 1278 3385 mundi
1306 3330 1487 3399 itaque
1527 3328 1720 3400 pelago
1743 3329 1770 3365 ιι
1801 3330 1958 3384 valde
1986 3331 2142 3387 nobis

547 3420 1037 3493 pertimescendum
1064 3428 1166 3488 est,
1196 3434 1266 3474 ne
1296 3433 1490 3474 navem
1511 3427 1754 3475 nostram
1781 3428 1874 3494 aut
1902 3423 2141 3491 procella

618 3567 645 3594 ι
663 3556 804 3637 Cod.
828 3555 951 3611 Vat.
975 3553 1131 3637 495311,
1155 3555 1459 3637 angelorum
1475 3594 1489 3619 ,
1513 3555 1600 3626 qui
1612 3554 1727 3637 jam
1746 3556 2135 3637 gratiaChristi

545 3628 867 3697 clariﬁcatus
907 3624 1087 3697 nutndi
1119 3624 1348 3697 gloriam
1395 3641 1499 3677 non
1527 3624 1808 3697 quaesivit,
1848 3625 2029 3682 canens
2063 3629 2131 3683 il-

544 3698 635 3752 lud
650 3693 804 3762 (etc.
830 3693 1016 3751 Codex
1041 3693 1411 3749 Urbevclanus
1428 3735 1443 3756 ,
1472 3693 1593 3765 quia
1616 3695 1684 3747 ad
1705 3696 1898 3765 gaudia
1927 3701 2133 3754 transiit

544 3767 875 3836 angelorum,
915 3765 1036 3835 quia
1051 3766 1175 3836 jam
1215 3765 1442 3836 gratiam
1485 3762 1677 3836 Christi
1704 3762 2020 3836 clari/Scalas
2051 3770 2133 3822 in-

545 3831 712 3908 uenit,
757 3831 1103 3908 capens,_etc.
1137 3831 1273 3908 Cod.
1323 3847 1503 3908 nam
1540 3831 1680 3908 Ριυι.
1715 3831 1850 3908 twn,
1894 3838 1979 3908 qui
2017 3839 2132 3908 jam

545 3906 768 3976 gratiam
796 3902 999 3976 Christi
1022 3901 1602 3976 clariﬁcatusuinvlenit,
1645 3903 1765 3976 quia
1790 3901 1980 3976 qni-undi
2017 3901 2132 3976 qla—

545 3969 681 4026 riam
707 3988 811 4042 non
839 3971 1070 4042 quaesivit
1091 4011 1106 4037 ,
1124 3969 1671 4042 cavens_illud,__qu_od
1699 3969 1826 4042 dicit
1851 3969 2130 4042 sermo'di-

545 4043 712 4096 uinus.
744 4038 869 4095 Haec
896 4038 1085 4094 eadem
1121 4040 1284 4094 habet
1310 4038 1466 4092 Brev.
1499 4038 1815 4108 velitrensis
1854 4041 2129 4100 Ecclesitn.

617 4110 646 4150 δ
673 4111 806 4166 Cod.
841 4108 958 4180 Vat.
988 4109 1146 4180 1951,
1176 4109 1454 4180 perductus
1476 4109 1651 4180 fuerit.
1757 4179 1767 4180 ί
1865 4137 1868 4140 ~

620 4191 644 4220 ι’
672 4181 816 4235 [dem
837 4179 958 4250 cod.
991 4178 1410 4250 Laurent.,cod.
1437 4178 1504 4230 12
1527 4179 1642 4243 cit.,
1671 4179 1793 4234 cod.
1818 4180 1940 4235 Vat.
1968 4181 2128 4250 1951,

544 4258 601 4306 et
629 4251 784 4320 Brev.
816 4249 1032 4320 Velitr.,
1056 4249 1190 4320 ridet
1214 4248 1313 4302 sibi
1339 4264 1602 4320 superesse
1627 4249 1762 4320 quod
1787 4252 1983 4305 timeat.

618 4318 645 4400 ξι
675 4318 1071 4400 ΒΓθχκνεμμίη
1103 4318 1231 4400 Quis
1260 4335 1378 4400 uero
1403 4320 1457 4371 in
1475 4319 1579 4400 ‘hoc
1607 4318 1908 4400 corpusculo
1932 4324 2129 4400 positus

2244 3241 2370 3306 bat;
2401 3255 2471 3296 ne
2497 3251 2522 3278 ν
2552 3241 2632 3295 eis
2659 3254 2748 3295 res
2775 3239 2952 3295 aliena
2980 3240 3412 3311 concupiscibilis
3432 3250 3741 3312 appareret,
3765 3255 3828 3296 ne

2246 3332 2489 3388 interiori
2514 3331 2720 3387 homini
2758 3331 3025 3386 maculam
3047 3332 3287 3386 exterior
3312 3331 3467 3402 culpa
3498 3337 3829 3392 transmitte-

2244 3431 2358 3492 ret;
2389 3439 2460 3480 ne
2498 3423 2565 3478 ad
2586 3437 2683 3478 cor
2709 3423 2949 3479 tenebrae
2992 3436 3091 3494 per
3126 3422 3244 3478 vias
3271 3422 3406 3478 lucis
3433 3423 3731 3493 intrarent;
3763 3442 3829 3482 ne

2235 3561 2518 3634 sanitatum
2555 3565 2736 3612 auctor
2772 3557 3003 3610 intravit.
3037 3553 3258 3620 Quantis
3277 3598 3293 3626 ,
3322 3565 3426 3614 etc.
3455 3557 3589 3614 Item
3617 3561 3828 3634 supplet

2237 3631 2361 3686 cod.
2394 3627 2645 3684 Urbevet.

2310 3710 2337 3750 P
2373 3697 2506 3753 Cod.
2541 3695 2819 3760 Urbevet.,
2846 3697 3066 3751 videtur.

2307 3780 2334 3819 (ι
2361 3767 2510 3823 Idem
2536 3766 2682 3830 cod.,
2714 3767 3052 3821 abduratione
3074 3766 3356 3822 damnatis.

2309 3849 2330 3876 τ
2363 3837 2500 3892 Cod.
2531 3836 2704 3891 Vatic.
2738 3835 2907 3904 1277,
2939 3833 3172 3898 Quantos
3199 3839 3502 3892 intrinsecus
3530 3840 3826 3896 tmlneratos

2237 3909 2455 3979 angelici
2491 3909 2626 3979 oris
2662 3914 2807 3973 arte,
2861 3915 2910 3960 et
2961 3909 3254 3979 orationum
3290 3909 3544 3979 ﬁrmitate
3589 3913 3826 3965 curarit?

2237 3975 2582 4047 Quantosper
2609 3976 2854 4047 longam_,
2885 3983 2992 4031 etc.
3023 3975 3100 4030 lta
3121 3985 3175 4031 et
3203 3975 3330 4047 cod.
3351 3977 3512 4047 4951,
3533 3980 3692 4034 codd.
3727 3979 3827 4034 Ur-

2237 3994 2470 4041 uuantos
2525 3994 2582 4029 er
2609 3994 2819 4047 longam
2838 4017 2854 4043 ,
2885 3994 2992 4031 etc.
3023 3994 3100 4030 ua
3121 3994 3175 4031 et
3203 3994 3330 4032 coa.
3351 3994 3512 4047 auat,
3533 3994 3692 4034 cortu.
3729 3994 3820 4034 ur-

2231 4047 2440 4119 beveg,
2459 3994 2690 4119 Δἤιξε-εἰη.
2715 4044 3072 4119 _et__l.aurent.
3105 4046 3359 4119 omittunt
3387 4047 3450 4100 ab
3491 4050 3820 4119 inﬁrmitate.

2307 4128 2330 4155 ιι
2361 4113 2497 4171 Ced.
2537 4114 2665 4183 Vat.
2702 4113 2864 4183 4951,
2895 4124 3106 4169 uocante
3141 4114 3250 4169 Deo
3281 4113 3629 4182 resuscitarit;
3658 4119 3823 4174 iidem

2232 4186 2390 4241 codd.
2422 4186 2479 4240 S.
2519 4182 2705 4239 Crucis
2734 4184 2802 4236 12
2827 4193 2882 4239 et
2916 4183 3039 4238 Vat.
3073 4184 3211 4238 1277
3241 4185 3445 4241 addunt
3475 4206 3488 4240 :
3521 4199 3578 4241 ut
3609 4188 3825 4244 Domini

2231 4257 2311 4310 sui
2341 4253 2680 4308 admirandus
2707 4254 2936 4308 imitator
2955 4255 3072 4325 jam
3105 4263 3337 4309 mortuas
3365 4256 3475 4312 Deo
3503 4275 3531 4311 e
3558 4261 3825 4314 contrario

2229 4327 2435 4378 animas
2455 4325 2818 4392 morti/icaret,
2844 4331 2950 4378 etc.

543 4390 723 4467 debeat
747 4389 845 4467 sibi
867 4390 1143 4467 quidquam
1169 4387 1515 4467 vindicare'de
1538 4387 1765 4467 meritis,
1790 4387 2130 4467 quorumiter
2153 4407 2208 4467 ῃ
2307 4397 2325 4431 ί
2361 4393 2493 4467 Cod.
2525 4387 2764 4467 Martii)”
2790 4387 3137 4467 mortiﬁcavit.

541 4463 660 4516 vita:
697 4456 896 4532 occulta
923 4456 1386 4532 darmonum,_etc._
1421 4456 1565 4511 Idem
1594 4457 1754 4532 cod.,
1795 4456 1860 4512 de
1894 4463 2126 4532 meritis,

541 4545 754 4602 quorum
780 4531 965 4583 iterum
986 4531 1101 4583 vita
1125 4528 1323 4581 occulta
1352 4526 1640 4580 dwmonum
1670 4527 1956 4600 infestatio.
2111 4526 2121 4532 ’

621 4613 645 4638 ε
675 4599 809 4654 Cod.
843 4598 964 4653 Va't.
992 4598 1149 4656 1277,
1180 4599 1262 4650 cui
1291 4611 1496 4656 omnes;
1525 4595 1646 4652 cod.
1672 4595 1792 4652 Vat.
1824 4597 1983 4656 4951.
2014 4603 2129 4656 aui-

553 4598 564 4602 ⁷
621 4613 645 4638 ε
675 4599 809 4654 Cod.
843 4598 964 4653 Va't.
992 4598 1149 4663 1277,
1180 4599 1262 4650 cui
1291 4611 1466 4652 omnes
1478 4613 1496 4661 ;
1525 4598 1646 4652 cod.
1672 4598 1792 4652 Vat.
1824 4598 1983 4668 6951,
2014 4619 2047 4674 q

543 4670 638 4750 bu!
662 4687 754 4750 P‘E'
781 4685 957 4750 οιηηξδ
984 4670 1114 4750 ρεαδ·
1210 4744 1221 4750 ,
1305 4737 1317 4749 .
1899 4737 1931 4750 ..

619 4740 638 4779 τ
662 4735 814 4794 idem
840 4739 961 4794 cod.
995 4738 1274 4798 Laurent.,
1300 4735 1751 4792 innumerabilium
1777 4737 2003 4795 moribus
2031 4756 2127 4795 ex-

580 4827 609 4863 a
757 4809 905 4863 ndos.

545 4828 576 4880 Ρ
612 4826 813 4959 ξϐἶιξὲηι
837 4879 960 4959 cod_.
983 4877 1266 4959 Daurent.,
1294 4861 1408 4959 quae
1433 4877 1713 4959 secundum
1741 4887 2056 4959 nostrarum.

615 4945 642 4983 ιι
672 4949 812 5032 Idem
849 4949 971 5032 cod.
1003 4948 1280 5007 Laurent.,
1310 4945 1382 5002 ’In
1425 4947 1576 5018 hujus
1612 4949 1794 5003 mundi
1837 4950 2008 5020 itaque
2034 4966 2125 5022 pe-

545 5016 662 5086 lago
691 5019 983 5088 voluptatis.
1491 5016 1499 5018 ⁷

622 5084 638 5168 ξ
671 5084 782 5168 lgio-
799 5087 956 5168 tinem
984 5089 1147 5168 habet
1171 5101 1352 5168 sermo
1372 5085 1427 5168 in
1456 5085 1612 5168 Brev..
1637 5085 1824 5168 Velitr.

617 5155 632 5204 t
662 5153 807 5236 .Cod.
837 5155 960 5236 vat.
985 5157 1122 5210 1277
1140 5198 1156 5224 ,
1185 5157 1448 5229 castigatis
1476 5156 1702 5222 actibus;
1733 5156 1854 5210 cod.
1887 5154 2125 5226 Martin.,

544 5233 780 5278 castitate
801 5234 1121 5280 resistamus.

616 5293 642 5332 ¹ι
669 5293 802 5348 Cod.
834 5294 1074 5359 Martin.,
1095 5297 1271 5362 positi.

615 5363 821 5448 llidem
846 5364 1004 5447 codd.
1035 5362 1288 5421 Laurent.
1317 5374 1374 5420 et
1397 5365 1520 5420 Vat.
1555 5364 1692 5418 1277
1710 5406 1725 5433 ,
1754 5373 2013 5419 auctorem
2051 5367 2122 5438 ﬁ-

545 5434 1076 5574 ἀεξέὲῗέιῗρῆιέιειίηε,
1107 5510 1304 5558 scutum
1329 5505 1482 5574 fidei.
1511 5515 1559 5559 et
1582 5505 1783 5559 timoris
1814 5502 1931 5559 Dei.
2069 5464 2071 5466 η

611 5583 639 5655 ξι
667 5573 803 5655 _C_od.
829 5573 984 5655 495}.
1021 5572 1330 5655 Quis‘enim:

612 5643 812 5700 °.ldem
840 5644 959 5700 cod.
992 5645 1269 5715 sequitur:
1304 5642 1573 5699 Habuistis
1601 5661 1715 5700 cum
1743 5661 1804 5699 eo
1832 5644 2084 5700 medicum
2104 5685 2119 5710 ,

539 5717 719 5772 secto
767 5717 999 5788 lapsum,
1027 5732 1141 5772 cum
1163 5729 1262 5787 quo
1288 5715 1486 5770 sanitas
1526 5715 1658 5784 ﬁnes
1695 5724 1891 5772 uestros
1933 5716 1989 5771 in
2034 5732 2123 5789 spe

2215 4744 2455 4797 alienum
2483 4758 2568 4796 ma

2221 4481 2226 4486 ‘
2302 4472 2331 4500 ιι
2359 4462 2542 4517 Codex
2579 4461 2825 4518 Vatican.
2878 4461 3040 4530 4951,
3091 4462 3244 4517 Nihil
3293 4463 3547 4519 hominem
3595 4465 3827 4520 aliorum

2231 4531 2592 4587 blandimentis
2614 4533 2948 4588 damnatione
2987 4535 3172 4587 mentis
3201 4535 3540 4588 consentiens.
3577 4533 3725 4588 Tunc
3769 4538 3823 4589 in

2229 4604 2336 4675 alia
2364 4611 2512 4675 parte
2535 4619 2598 4656 ea
2625 4619 2739 4675 qua;
2767 4611 3064 4675 aperuerat,
3097 4603 3374 4657 salubriter
3397 4603 3676 4675 gaudebat.
3706 4603 3826 4669 Quo

2229 4671 2412 4727 ordine
2441 4672 2549 4727 hac
2571 4671 2834 4796 [aciebaﬁ
2854 4673 3126 4726 claudebat
3152 4675 3325 4745 utique
3349 4671 3436 4727 eos
3457 4674 3693 4729 docendo
3713 4714 3729 4734 ,
3762 4691 3829 4728 ne

2229 4744 2455 4796 alienum
2483 4758 2568 4796 ma
2590 4758 2677 4795 um
2704 4741 2952 4796 viderent.
2984 4758 3048 4796 ne
3090 4743 3164 4796 eis
3188 4759 3269 4796 res
3296 4744 3466 4796 aliena
3495 4746 3829 4796 concupisci-

2590 4758 2677 4795 um
2704 4741 2967 4815 viderent,
2984 4758 3048 4815 ne
3090 4743 3164 4796 eis
3179 4741 3269 4815 res
3296 4744 3466 4796 aliena
3495 4746 3829 4815 concupisci-

2229 4812 2346 4866 bilis
2374 4821 2667 4882 appareret,
2699 4827 2764 4864 ne
2786 4813 3074 4882 exterioris
3105 4812 3256 4882 culpa
3285 4812 3677 4877 transmitteret,
3708 4831 3830 4882 qua:

2227 4881 2418 4938 veneno
2461 4883 2657 4952 peccati
2705 4881 2931 4952 animum
2947 4881 3230 4952 'inﬁceret,
3256 4899 3340 4952 ne
3368 4883 3434 4934 ad
3463 4899 3551 4935 cor
3594 4881 3830 4939 tenebrte

2226 4967 2320 5022 per
2333 4949 2470 5006 viam
2486 4952 2639 5022 lucis,
2663 4958 2769 5005 etc.
2797 4949 2930 5022 Cod.
2948 4949 3226 5017 UrbeveL,
3245 4950 3398 5005 Nihil
3413 4951 3681 5006 hominum
3707 4972 3833 5008 ma-

2231 5022 2393 5092 lgrum
2444 5020 2807 5092 blandimentis
2837 5021 3202 5092 depravatione
3227 5023 3828 5092 mentisconsentiebat.

2231 5087 2396 5172 .Tunq‘
2393 5092 2445 5143 in
2466 5090 2745 5172 aliaoparte
2760 5107 2844 5172 ea,
2865 5087 2978 5172 qua:
2996 5102 3269 5172 generat
3286 5090 3591 5172 salubritate
3609 5093 3831 5172 claude-

2227 5157 2332 5232 bat.
2353 5157 2660 5232 Quo‘ordine
2675 5161 2771 5232 hoc
2781 5157 3323 5232 faciebat?'Claudebat
3336 5163 3508 5232 utique
3527 5177 3613 5216 eos
3628 5162 3832 5217 docen-

2225 5229 2315 5296 do,
2339 5245 2404 5282 ne
2421 5228 2645 5284 alienum
2665 5228 2859 5285 malum
2881 5231 3126 5296 viderent,
3149 5247 3215 5284 ne
3233 5231 3306 5284 eis
3328 5248 3409 5284 res
3425 5228 3608 5284 aliena
3628 5247 3832 5285 concu-

2226 5298 2474 5371 piscibilis
2484 5307 2784 5371 appareret;
2808 5311 2870 5353 ne
2889 5300 2963 5354 eis
2983 5301 3175 5371 conjua;
3189 5311 3438 5354 extranea
3449 5301 3667 5370 pulchra
3685 5311 3828 5355 esset

2225 5369 2279 5422 in
2300 5369 2495 5438 peccati
2514 5369 2780 5436 venenum,
2801 5378 2851 5423 et
2869 5386 2960 5436 per
2979 5369 3218 5439 affectum
3239 5371 3470 5424 animum
3492 5379 3824 5439 penetraret,

2225 5454 2289 5492 ne
2332 5440 2565 5492 interiori
2593 5439 2790 5494 homini
2828 5440 3083 5493 maculam
3125 5441 3397 5494 exterioris
3427 5441 3580 5510 culpa
3625 5447 3830 5495 trans-

2225 5510 2465 5563 mitteret.

2296 5589 2325 5650 γ
2361 5578 2507 5650 ldem
2535 5577 2653 5650 cod.
2689 5577 2964 5650 ‘Laurent.
3011 5579 3254 5650 sequitur
3285 5597 3299 5632 :
3329 5596 3428 5649 quo
3475 5579 3660 5632 ordine
3707 5581 3832 5636 hare

2227 5647 2468 5720 faciebat,
2497 5646 2767 5720 claudebat
2792 5651 2966 5718 utique
2984 5646 3246 5720 docendo,
3277 5646 3352 5703 ne
3367 5650 3592 5705 alienum
3611 5652 3831 5706 malum

2224 5716 2469 5776 viderent.
2500 5716 2635 5776 Cod.
2668 5717 2738 5772 12
2761 5735 2859 5786 pro
2884 5716 2964 5776 eis
2985 5719 3114 5784 legit
3141 5719 3448 5776 hominibus.
