4054 6190
192 309 270 365 iii

1506 302 1789 358 HOMILIA
1828 302 2059 359 LXXIX.

3284 272 3285 275 η
3322 313 3428 367 ηρ

188 433 233 487 in
260 441 565 500 unoquoque
590 425 902 495 prophetica
930 424 1019 478 illa
1048 418 1409 476 interminatio
1433 420 1734 487 complere—
1760 422 1806 479 Α
1838 431 2141 485 possumus,
2175 417 2414 485 vestigiis
2441 418 2749 475 insistamus
2774 437 2786 473 :
2811 419 3026 489 quibus,
3050 435 3146 490 per
3166 422 3310 476 illam
3341 426 3421 478 ni-

184 537 259 579 tur
295 542 306 576 :
337 522 498 587 Mors,
527 520 719 587 inquit,
750 518 959 572 intravit
994 533 1084 585 per
1106 517 1355 586 fenestras
1384 520 1581 565 vestras
1622 509 1734 580 (Je-

186 632 291 670 rem.
322 613 435 683 lx);
466 609 759 664 ministeria
799 607 941 661 enim
972 605 1203 667 aurium,
1236 611 1291 657 et
1319 602 1618 664 oculorum,
1650 600 1733 654 fe-

186 713 361 759 nestra!
379 715 496 755 esse
522 699 819 769 probantur
837 697 1164 759 animarum;
1189 692 1402 762 quando
1431 691 1574 746 enim
1597 706 1733 760 ope-

186 794 310 850 ribus
348 790 582 845 auditum
614 787 753 842 mala
782 794 836 840 et
878 786 1057 854 iniqua
1094 782 1461 852 loquentibus,
1494 797 1557 837 ac
1585 780 1737 835 dam-

184 884 407 941 nabiliter
442 878 886 943 obtrectantibus,
926 887 981 931 et
1022 891 1141 945 qua:
1170 875 1281 929 Deo
1306 881 1431 928 sunt
1462 871 1733 927 contraria

183 971 524 1034 suadentibus,
556 983 704 1023 mors
731 967 896 1020 intrat
923 981 1019 1034 per
1048 963 1310 1019 fenestras
1339 971 1571 1027 nostras,
1609 962 1737 1015 hor-

183 1079 260 1118 τοι·
284 1058 561 1115 mortifera:
604 1057 775 1111 noctis
815 1055 1082 1124 irrumpit,
1114 1071 1211 1124 per
1237 1069 1370 1123 quas
1410 1053 1491 1107 sol
1512 1052 1735 1121 justitizn

182 1154 360 1206 intrare
386 1150 648 1203 debuerat
672 1165 684 1199 :
713 1146 929 1215 quando
950 1147 1050 1200 iste
1079 1146 1285 1215 peccati
1314 1144 1562 1199 fenestra:
1587 1159 1738 1213 aper-

181 1250 239 1297 tte
280 1248 395 1295 sunt
417 1280 432 1304 ,
480 1238 644 1308 janua
675 1237 864 1291 salutis
898 1245 953 1290 et
979 1236 1101 1289 vitae
1130 1276 1145 1301 ,
1193 1250 1271 1289 ac
1304 1243 1474 1304 portae
1504 1233 1737 1304 paradisi

179 1334 352 1389 clausa:
378 1337 518 1386 sunt.
552 1329 660 1384 llas
688 1330 788 1383 iste
816 1329 900 1382 vir
926 1327 1118 1382 beatus
1147 1326 1409 1382 fenestras
1437 1327 1619 1381 multis
1646 1341 1734 1381 se-

179 1423 241 1477 ris
263 1422 416 1476 divini
447 1420 655 1475 timoris
699 1408 984 1474 obstruxit.
1018 1416 1095 1472 De
1127 1425 1454 1487 quantorum
1499 1427 1523 1453 α
1555 1416 1736 1472 cordi-

180 1517 280 1582 bus,
305 1528 434 1584 quos
460 1512 745 1567 inhonesta
775 1510 1029 1577 iniquitas
1053 1517 1108 1563 et
1135 1509 1378 1578 impietas
1406 1508 1734 1578 possidebat,

180 1604 354 1673 fugavit
378 1601 667 1667 luxuriam,
696 1599 891 1670 dejecit
912 1599 1065 1664 iram,
1093 1607 1150 1653 et
1176 1600 1433 1653 exstinxit
1458 1599 1734 1663 invidiam,

180 1706 225 1750 et
246 1694 381 1750 velut
404 1692 474 1749 de
503 1692 723 1762 antiqua
750 1690 933 1754 domo,
964 1689 1208 1744 barbaris
1236 1688 1263 1728 δ
1289 1690 1585 1758 hospitibus
1613 1705 1730 1759 per-

1835 508 1938 561 mis
1963 515 2167 562 arctam
2207 507 2348 561 viam
2380 508 2445 562 ad
2475 510 2595 564 cteli
2636 511 2814 581 ampla
2856 510 3136 576 festinans,
3167 526 3273 582 qua
3303 529 3428 568 eum

1834 612 2184 666 sequeremur
2210 599 2464 654 ostendit.
2682 656 2687 661 ,

2048 703 2403 743 εκλακεκτωι
2441 706 2507 743 ex
2537 706 2723 745 conice
2752 706 3015 746 VATICANO
3043 690 3202 745 4951.

1905 777 2031 833 Ideo
2054 780 2196 834 enim
2218 780 2365 834 illum
2387 780 2474 834 hic
2494 781 2547 834 in
2570 777 2711 835 terra
2736 791 2919 836 nostra
2941 760 3121 853 posuit
3143 784 3424 853 Dominus,

1836 878 1895 923 ut
1919 869 2061 923 illius
2089 870 2338 939 exemplo
2368 868 2434 923 ad
2461 871 2600 924 bene
2630 871 2897 939 agendum
2926 872 3340 928 informaremur
3368 882 3427 929 et

1836 958 2135 1011 animarum
2184 968 2491 1013 nostrarum
2538 959 2727 1027 facies,
2775 961 2844 1015 ad
2897 977 3022 1016 eum
3079 964 3429 1033 respicientes

1838 1058 2092 1118 tanquam
2120 1050 2187 1104 ad
2214 1050 2520 1119 speculum,
2551 1050 2969 1122 componamus,
3002 1063 3058 1109 et
3102 1057 3255 1126 quasi
3299 1058 3427 1112 boni

1839 1138 1964 1205 filii,
1995 1141 2595 1211 similitudinempatris
2623 1143 2675 1196 in
2712 1144 2868 1198 nobis
2893 1146 3221 1201 excolantus.
3256 1149 3421 1220 254

1837 1230 1989 1287 Sicut
2017 1241 2196 1287 autem
2226 1234 2417 1302 aliquis
2447 1249 2674 1303 magnus
2697 1235 3077 1305 paterfamilias
3103 1239 3427 1309 Splendidis-

1836 1326 1971 1380 sime
1994 1326 2218 1404 cupiens
2247 1328 2467 1395 pingere
2499 1328 2715 1382 domum
2745 1344 2899 1384 suam
2928 1333 3194 1401 perquirit
3224 1334 3426 1389 formas

1835 1431 2073 1487 quasque
2103 1426 2157 1471 et
2195 1417 2451 1485 imagines
2468 1460 2483 1485 ,
2507 1433 2641 1486 quas
2667 1426 2792 1473 ante
2815 1421 3039 1476 studiosi
3062 1423 3283 1491 pictoris
3305 1440 3427 1493 pro-

1836 1517 2002 1577 ponat
2030 1515 2278 1577 aspectus
2308 1508 2360 1561 in
2405 1508 2534 1561 artis
2563 1523 2670 1561 suae
2699 1511 2914 1577 merito,
2958 1512 3223 1567 sollicitus
3251 1515 3427 1584 rapiat

1836 1613 1972 1668 opus
1991 1599 2253 1666 alienum,
2284 1606 2339 1653 et
2373 1598 2486 1667 jam
2522 1598 2679 1653 docta
2709 1616 2869 1653 manu
2897 1603 3189 1657 transferat
3231 1605 3284 1658 in
3327 1621 3425 1674 pa-

1837 1692 2029 1745 rietum
2064 1689 2253 1746 faciem
2284 1706 2637 1761 personarum
2664 1692 2954 1747 viventium
2985 1693 3331 1762 dignitatem;
3356 1697 3426 1754 ita

181 1787 399 1854 turbatis,
420 1784 729 1841 revocando
749 1784 875 1839 illuc
902 1782 1084 1851 fidem,
1108 1783 1430 1848 castitatem,
1452 1782 1735 1852 justitiam,
1768 1779 1815 1839 B
1844 1798 2000 1837 verus
2033 1782 2122 1837 ille
2154 1781 2539 1851 paterfamilias
2567 1782 2708 1837 Deus
2748 1782 2814 1836 ad
2842 1784 3167 1853 pingendam
3209 1785 3429 1841 domum

182 1875 605 1941 misericordiam,
651 1874 989 1930 habitatores
1016 1874 1270 1944 pacificos
1298 1874 1608 1939 intromisit,
1640 1888 1739 1943 per

181 1984 293 2037 quos
317 1968 367 2022 in
390 1952 726 2022 demicilium
766 1964 965 2019 mentis
993 1970 1155 2034 caput
1187 1975 1209 2003 ε
1252 1963 1445 2018 horum
1471 1963 1738 2019 bonorum

181 2060 392 2114 Christus
419 2059 668 2122 intraret,
701 2065 757 2112 et
783 2057 1043 2127 appositis
1069 2056 1403 2125 poenitentiae
1438 2057 1596 2128 253
1625 2073 1740 2113 me-

181 2150 464 2206 dicamentis
488 2188 506 2213 ,
554 2149 703 2204 velut
728 2147 1145 2218 quatriduanum
1181 2145 1460 2211 fetentem,
1497 2149 1740 2219 increpa-

183 2242 359 2297 tiouum
383 2240 409 2279 δ
436 2241 624 2296 sonitu
651 2238 973 2304 suscitabat,
1002 2244 1058 2292 et
1085 2237 1462 2293 emendatione
1490 2248 1739 2310 suscepta

180 2332 235 2387 de
266 2331 442 2387 mediis
483 2331 681 2386 mortis
709 2327 953 2383 faucibus
987 2335 1173 2384 erutos
1202 2330 1527 2399 temporaria
1554 2342 1739 2386 resur-

179 2428 389 2483 rectione
424 2427 557 2482 vitae
600 2426 934 2482 restituebat.
966 2425 1095 2484 Ητεο
1124 2428 1328 2498 itaque,
1358 2436 1520 2498 atque
1548 2427 1736 2495 hujus-

180 2518 304 2573 tnodi
331 2529 354 2557 ο
396 2518 558 2590 plura
587 2530 803 2586 gerens,
834 2533 951 2589 quae
976 2518 1219 2587 proferre
1246 2533 1345 2589 per
1372 2525 1546 2583 natos,
1578 2524 1740 2586 atque

179 2608 400 2679 expedire
416 2650 431 2675 ,
462 2617 531 2664 ut
556 2608 774 2677 dignum
801 2616 913 2675 est,
958 2624 1069 2664 non
1096 2616 1278 2679 potest
1305 2623 1484 2664 sermo
1510 2622 1740 2678 pauper-

180 2701 326 2766 culus,
355 2700 548 2755 melius
579 2700 736 2754 vobis
766 2697 786 2737 ί
821 2713 886 2753 ea
915 2706 1095 2754 vester
1120 2698 1266 2754 dicet
1303 2697 1562 2764 affectus;
1594 2712 1740 2752 sum-

180 2805 261 2843 ma:
294 2790 427 2844 enim
468 2789 774 2845 alacritatis
802 2788 1058 2843 instantia
1099 2787 1198 2843 fuit
1238 2788 1432 2854 cultor,
1465 2795 1521 2843 et
1556 2794 1740 2843 custos

180 2883 466 2950 animarum,
500 2880 826 2951 cupiditates
865 2896 1116 2936 resecans
1139 2922 1154 2948 ,
1200 2880 1308 2935 iras
1336 2881 1696 2951 comprimens
1720 2920 1737 2947 ,

182 2974 383 3029 malitias
406 2974 739 3049 exstirpans.
776 2982 800 3020 8
831 2972 926 3027 His
960 2974 1124 3027 etiam
1162 2974 1333 3041 magis
1360 2974 1442 3027 vir
1466 2974 1567 3028 iste
1600 2980 1739 3027 tem-

180 3065 368 3135 poribus
390 3063 734 3120 uecessarius
752 3063 872 3127 fuit,
897 3063 1092 3131 quibus
1118 3070 1268 3117 tanta
1296 3062 1569 3131 iniquitas,
1592 3078 1738 3141 supi-

1840 1890 2013 1940 suam,
2046 1874 2099 1929 id
2128 1882 2229 1939 est,
2255 1872 2319 1928 ad
2342 1874 2678 1929 exornandas
2707 1874 2912 1930 animas
2934 1884 3146 1931 nostras
3171 1876 3225 1930 in
3251 1875 3436 1932 Eccle-

1838 1968 1919 2023 sia
1947 1984 2062 2034 sua,
2095 1967 2307 2022 videtur
2346 1967 2592 2036 quaedam
2619 1966 2829 2022 vivendi
2881 1975 3137 2036 tanquam
3176 1970 3429 2037 pingendi

1837 2060 2186 2129 exemplaria,
2218 2059 2318 2113 viri
2369 2058 2523 2112 istius
2569 2066 2719 2125 gesta
2748 2074 2813 2113 ac
2863 2043 3057 2113 merita
3113 2061 3428 2128 protulisse,

1838 2162 1893 2208 et
1936 2152 2334 2211 demonstrasse
2376 2150 2721 2205 interioribus
2750 2150 2920 2205 oculis
2970 2151 3162 2204 animte
3209 2159 3425 2206 nostrzc.

1838 2240 2144 2296 Secundum
2197 2240 2313 2295 hazc
2342 2253 2472 2308 ergo
2522 2239 2818 2293 animarum
2849 2249 3152 2293 nostrarum
3195 2240 3428 2294 vultibus

1838 2332 1993 2386 istius
2017 2330 2117 2384 viri
2135 2330 2498 2400 unusquisque
2512 2329 2741 2383 virtutes
2763 2328 2915 2397 quasi
2936 2329 3204 2399 pretiosos
3232 2346 3424 2400 super-

1835 2422 2152 2477 inducamus
2196 2421 2430 2477 colores.
2462 2419 2656 2490 Rapiat
2682 2418 2785 2474 sibi
2825 2419 2892 2474 de
2932 2435 2998 2475 eo
3026 2420 3167 2475 alter
3193 2422 3424 2489 gratiam

1838 2513 2284 2584 compunctionis,
2308 2512 2446 2566 alter
2473 2511 2789 2565 munditiam
2833 2512 3114 2577 castitatis,
3144 2512 3234 2567 ille
3263 2512 3428 2567 robur

1838 2604 2193 2670 abstinentiae,
2224 2603 2326 2658 iste
2378 2600 2740 2668 verecundiae;
2785 2601 2877 2656 ille
2916 2601 3193 2657 ardentem
3244 2603 3300 2657 in
3328 2602 3427 2658 Dei

1837 2697 2000 2752 rebus
2054 2693 2241 2763 fidem,
2272 2695 2374 2749 iste
2412 2690 2692 2764 patientia:
2744 2692 3043 2747 lenitatem.
3097 2691 3275 2763 Atque
3324 2694 3429 2749 hoc

1811 2822 1819 2829 -
1839 2788 2001 2844 modo
2026 2789 2079 2842 in
2102 2786 2261 2856 hujus
2283 2787 2383 2841 viri
2407 2785 2819 2841 conversatione
2845 2786 3103 2841 habentes
3122 2788 3427 2857 exemplum

1838 2888 1986 2935 recte
2013 2877 2257 2944 vivendi,
2281 2876 2504 2931 diversis
2532 2875 2819 2951 virtutibus
2840 2890 3162 2931 exornemus
3187 2885 3426 2932 nostram

1838 2972 2090 3036 domum,
2132 2971 2185 3024 id
2212 2977 2297 3025 est
2325 2970 2626 3023 universam
2658 2968 2940 3037 pingamus
2969 2966 3265 3022 Eeclesiam
3296 2968 3423 3033 Dei;

1839 3071 1895 3117 et
1921 3062 2105 3118 videns
2131 3078 2231 3118 nos
2255 3060 2338 3116 vel
2357 3060 2423 3115 de
2442 3060 2634 3116 aeterni
2664 3060 2855 3114 timore
2887 3057 3072 3126 judicii
3089 3098 3104 3123 ,
3128 3059 3214 3114 vel
3241 3057 3422 3113 futura

180 3155 266 3224 ptis
288 3155 549 3224 quotidie,
576 3154 863 3209 deficiente
894 3153 1130 3222 justitia,
1156 3154 1358 3209 viribus
1385 3154 1733 3211 convalescit.
1764 3150 1809 3213 C
1839 3154 2167 3216 beatitudine
2181 3154 2499 3220 cogitantes,
2517 3154 2618 3207 iste
2639 3161 2899 3221 patronus
2911 3151 3251 3206 nosterillam
3269 3166 3428 3207 evan~

181 3246 237 3300 Et
276 3248 481 3318 quidem
530 3248 621 3303 ille
646 3248 702 3302 in
745 3248 848 3302 hac
886 3247 1317 3317 peregrinatione
1357 3247 1475 3302 solo
1513 3260 1744 3315 corpore

182 3340 471 3394 witstitutus
516 3338 845 3406 cogitatione
890 3346 948 3393 et
993 3338 1249 3393 aviditate
1306 3337 1362 3392 in
1408 3338 1498 3391 illa
1538 3345 1739 3391 aeterna

179 3431 326 3498 patria
355 3428 379 3468 δ
410 3436 771 3491 conversatus
809 3436 894 3484 est
919 3470 933 3495 ,
966 3437 1023 3484 et
1062 3428 1216 3498 quasi
1243 3428 1419 3483 bonus
1447 3427 1739 3483 ratiocina-

180 3530 266 3583 tor,
291 3524 431 3578 velut
474 3524 551 3579 ad
578 3522 891 3592 centuplum
933 3536 1153 3576 manum
1199 3520 1480 3591 porrigens
1526 3534 1741 3590 semper

177 3611 232 3667 de
262 3614 467 3670 sinistra
502 3614 798 3670 transmisit
826 3613 893 3667 ad
922 3612 1219 3678 dexteram,
1250 3619 1305 3667 et
1338 3612 1392 3666 in
1422 3612 1559 3669 cte’lo
1586 3627 1741 3681 rep0-.

180 3703 269 3756 suit
289 3704 506 3761 sudores
529 3720 689 3770 suos;
716 3719 841 3758 nam
868 3703 971 3757 etsi
1008 3703 1097 3758 hic
1124 3717 1290 3773 opera
1328 3702 1444 3771 ejus
1470 3702 1735 3767 videntur,

183 3790 285 3851 illuc
302 3810 523 3867 operum
551 3795 749 3851 merita
770 3794 1116 3849 transierunt.
1156 3793 1367 3860 iIllius,
1397 3794 1451 3848 in
1480 3802 1739 3864 quantum

1839 3246 2065 3315 gelicant
2091 3244 2291 3300 Christi
2309 3258 2499 3298 vocem
2528 3244 2701 3312 possit
2726 3257 3000 3297 assumere
3023 3260 3036 3293 :
3064 3241 3249 3308 Pater,
3276 3260 3426 3315 rogo,

1839 3346 1895 3388 ut
1920 3336 2008 3389 ubi
2035 3352 2129 3406 ego
2150 3350 2283 3396 sum,
2308 3333 2409 3403 ipsi
2437 3334 2541 3386 sint
2570 3349 2768 3386 mecum
2795 3332 2977 3401 (Joan.
3010 3333 3156 3404 nx);
3181 3334 3425 3405 quando-

1842 3440 1948 3494 que.
1977 3441 2047 3480 ex
2074 3426 2178 3479 hoc
2223 3424 2422 3479 steculo
2451 3424 2776 3491 migraturos
2804 3424 2858 3477 in
2883 3423 3068 3478 sedem
3096 3439 3248 3478 suam
3269 3434 3325 3480 et
3349 3427 3425 3480 si-

1841 3535 1971 3573 num
2000 3533 2155 3572 suum
2184 3515 2332 3571 velut
2360 3515 2631 3569 Abraham
2661 3530 2759 3569 nos
2778 3515 3079 3583 peculiares
3098 3515 3350 3584 accipiat,
3370 3526 3427 3571 et

1844 3612 1896 3665 in
1929 3610 2016 3664 illa
2051 3608 2138 3662 die
2166 3607 2449 3663 incolumis
2478 3621 2627 3670 oves,
2659 3606 2811 3674 quasi
2844 3605 2998 3659 hctus
3026 3613 3210 3675 pastor
3248 3620 3419 3674 agno-

1841 3710 1977 3768 scat,
2007 3701 2122 3770 ipso
2145 3698 2433 3768 adjuvante
2461 3697 2551 3766 qui
2580 3696 2712 3750 vivit
2733 3704 2787 3751 et
2806 3703 2995 3767 regnat
3023 3696 3164 3752 Deus
3190 3711 3289 3766 per
3309 3711 3427 3752 oni--

1845 3794 1932 3849 nia
1953 3792 2147 3848 saecula
2176 3790 2515 3846 saeculorum.
2543 3788 2733 3844 Amen.

1450 3905 1794 3967 HOMILIA
1838 3903 2135 3967 LXXIX.

1141 4004 1207 4060 In
1235 4006 1401 4060 natali
1446 4007 1507 4062 S.
1536 4006 1783 4079 Cypriani
1810 4007 2035 4077 episcopi
2062 4013 2111 4059 et
2138 4003 2381 4067 martyris
2414 4002 2489 4059 1.’

1581 4097 1972 4154 ADMONITIO.

238 4187 387 4268 255

412 4186 472 4243 S.
496 4180 792 4241 Maximum
830 4174 1055 4255 hujusce
1077 4186 1204 4243 item
1230 4187 1467 4241 homiliaz
1492 4196 1764 4242 auctorem
1814 4186 1979 4243 fuisse
2009 4194 2239 4243 testatur
2267 4184 2593 4240 Gennadius.
2625 4185 2938 4242 Consonant
2967 4189 3016 4244 ei
3042 4191 3257 4247 Codices
3285 4190 3427 4247 San-

182 4254 423 4322 galTensis,
456 4256 675 4312 Sanctae
692 4255 880 4311 Crucis
910 4254 963 4310 in
988 4254 1287 4313 Jerusalem
1316 4256 1383 4310 90
1406 4267 1461 4311 et
1484 4256 1572 4323 99,
1603 4258 1988 4312 Ambrosianus
2010 4257 2050 4311 C
2075 4256 2166 4324 97,
2199 4256 2521 4310 Veronensis
2552 4255 2641 4321 75,
2669 4256 2960 4312 Vaticanus
2990 4258 3128 4311 1269
3148 4298 3162 4321 ,
3197 4262 3429 4324 Angien-

183 4327 243 4396 sis
266 4343 369 4394 χιι,
400 4326 813 4396 Ratisponensis
839 4324 1021 4396 Sancti
1070 4326 1414 4393 Emmerami,
1446 4325 1841 4381 Laurentianus
1864 4344 1898 4381 χ
1936 4327 2076 4381 Plut;
2108 4344 2196 4380 xw
2215 4369 2228 4391 ,
2259 4325 2544 4393 metropol.
2590 4325 3001 4396 Mediolanensis
3029 4329 3128 4394 sig.
3174 4329 3215 4381 F
3256 4330 3343 4383 55.
3374 4331 3429 4383 In

182 4394 347 4469 horum
389 4394 714 4469 quibusdam
756 4395 1144 4469 homili_te_ha§c
1182 4406 1264 4453 est
1286 4398 1568 4469 inscriptio
1599 4415 1610 4449 :
1643 4396 1708 4451 In
1752 4398 1919 4469 natali
1949 4398 2011 4451 S.
2058 4396 2339 4469 Qypriani,
2384 4395 2437 4447 in
2465 4397 2675 4469 ceteris
2708 4414 2735 4469 :_
2752 4394 2829 4449 De
2842 4398 3036 4469 _nat_ali_
3047 4396 3107 4469 _S.
3139 4396 3428 4469 Cypriani:

184 4463 452 4537 uisionum
477 4466 720 4534 excipias
747 4466 868 4521 cod.
892 4463 960 4519 90
986 4464 1043 4537 S.
1076 4466 1342 4537 Crucisin
1364 4463 1694 4537 Jerusalem,
1716 4468 1807 4537 qui
1838 4467 2037 4521 habet:
2074 4463 2266 4537 Incipit
2298 4465 2361 4537 de
2390 4464 2578 4537 natali
2600 4465 2659 4519 S.
2695 4464 2963 4537 Cypriani.
2998 4463 3249 4534 Ejusdétii
3280 4468 3423 4537 enim

183 4531 231 4587 S.
262 4534 483 4607 _Maximi
513 4531 697 4607 plures
717 4536 1141 4607 suntorationes
1167 4537 1233 4591 de
1260 4536 1317 4591 S.
1349 4536 1621 4607 Cypriane
1670 4531 1808 4591 inter
1834 4552 2114 4591 sermones
2161 4531 2400 4591 edendze.
2432 4533 2540 4589 Sed
2567 4534 2671 4589 hoc
2712 4531 2834 4607 loco
2860 4531 3191 4605 peculiarem
3212 4536 3429 4607 codicis

182 4605 361 4675 grchivi
390 4604 686 4675 itnperialis
714 4606 947 4660 basilice
984 4604 1409 4661 Mediolanensis'
1432 4604 1764 4661 mentionem
1791 4607 2213 4669 reservavimus;
2246 4620 2369 4660 cum
2411 4619 2682 4675 nunquam
2711 4606 2843 4675 satis
2865 4604 3145 4661 ’canonico
3192 4606 3427 4659 Antonio

183 4669 446 4745 Francisco
468 4669 653 4730 'Frisio
677 4691 707 4729 a
731 4677 885 4739 nobis
912 4675 1131 4745 agendae
1157 4685 1284 4731 sunt
1310 4684 1513 4744 grates,
1536 4676 1679 4745 quod
1706 4692 1813 4731 non
1845 4686 1953 4730 tam
1984 4675 2291 4731 testimonia
2314 4690 2383 4728 ex
2410 4669 2689 4730 codicibus
2718 4674 3203 4730 lilediolancnsibus
3231 4690 3431 4742 suppe-

182 4740 369 4812 ditavit,
399 4747 495 4800 setl
526 4754 583 4799 et
608 4746 923 4815 prazclarum
952 4740 1507 4815 fragmentum'hujus
1526 4740 1758 4801 b'omilize
1797 4761 1864 4800 ex
1886 4754 2185 4801 memorato
2227 4744 2414 4799 codice
2461 4752 2773 4814 pervetusto
2794 4746 2998 4867 Σεκουιί
3025 4745 3167 4799 enim
3194 4760 3245 4797 ιχ
3274 4740 3432 4799 notas

183 4806 343 4867 habet]
366 4816 592 4867 emerit.
622 4816 881 4867 nobisque
909 4817 1403 4867 communicaverit.
1436 4815 1547 4867 Nec
1575 4816 1735 4867 silere
1761 4830 1972 4867 mnuum
2000 4824 2084 4867 est
2111 4816 2166 4867 in
2192 4813 2466 4867 codicibus
2497 4813 2756 4867 Vaticano
2827 4812 2951 4867 269.
2982 4821 3039 4867 et
3065 4814 3120 4867 S.
3151 4810 3338 4867 Crucis
3378 4814 3432 4867 in

183 4806 881 4885 habeti'erueritfnobisque
909 4806 1547 4872 comfnunicaverithec
1575 4816 1735 4872 silere
1761 4830 1972 4886 tequum
2000 4824 2084 4872 est
2111 4816 2166 4870 in
2192 4806 2477 4870 codicibus
2497 4813 2756 4869 Vaticano

2827 4812 2951 4882 269,
2982 4821 3039 4869 et
3065 4814 3120 4869 S.
3151 4810 3338 4868 Crucis
3378 4814 3432 4869 in

233 5040 257 5066 ³¹
281 5032 450 5109 ῼοόό.
484 5035 739 5091 Laurent.
772 5044 826 5091 et
850 5036 971 5091 Vat.
1001 5034 1162 5105 4951,
1200 5036 1279 5092 De
1308 5046 1616 5109 quantorum
1660 5039 1748 5093 ille
1776 5018 1829 5079 Ῑ)
1869 5106 1894 5109 ι
1927 5034 2148 5109 (codd.
2176 5037 2312 5092 1277
2338 5045 2393 5093 et
2426 5038 2700 5102 Urbevet.,
2739 5056 2799 5093 ea
2828 5037 3133 5109 mensdicet
3178 5037 3393 5109 aﬂ’ectus
3423 5059 3442 5097 :

178 5103 416 5158 cordibus.

244 5170 266 5208 ¹³
293 5172 426 5242 Cod.
451 5175 693 5242 Martin.,
726 5174 959 5230 barbaris
986 5176 1235 5231 hostibus.

243 5251 265 5277 ε
292 5241 427 5299 Cod.
459 5245 675 5300 Martin.
704 5262 810 5300 non
840 5246 1003 5299 habet
1030 5246 1236 5300 horum.

239 5307 438 5393 fidem
460 5315 588 5393 eod.
620 5315 822 5393 _Lanr.,
874 5314 943 5367 12
975 5316 1257 5393 _S._Crueis
1298 5317 1352 5371 in
1397 5316 1533 5386 Jer.,
1574 5316 1747 5372 Vatic.

179 5376 297 5432 4951
332 5392 386 5436 et
417 5383 576 5446 1277,
610 5376 823 5446 fremitu
851 5384 1153 5440 suscitabat.

242 5450 431 5523 fidem
460 5455 583 5510 cod.
609 5450 799 5521 Laur.,
828 5455 948 5509 Vat.
977 5454 1136 5523 4951,
1161 5465 1216 5512 et
1245 5457 1496 5512 Urbevet.
1528 5456 1748 5521 habent,

180 5516 460 5597 hujusmodi
475 5524 697 5593 plurima
713 5516 913 5597 gerens,
930 5542 1043 5597 qua:
1056 5516 1211 5582 etiam
1226 5530 1325 5597 ipsi
1346 5529 1546 5596 plenius
1569 5529 1721 5579 menti
1737 5516 1753 5568 ξ

181 5590 319 5643 nistis
336 5633 352 5656 ,
383 5590 503 5663 qua:
527 5598 643 5664 quia
665 5590 905 5668 proferre
932 5590 1023 5666 per
1046 5614 1168 5668 nos,
1211 5590 1363 5668 atque
1390 5598 1752 5665 expedire'di-

181 5670 324 5737 guunt
358 5671 459 5729 est,
509 5674 613 5719 etc.
654 5665 826 5720 Codd.
872 5665 1002 5720 vero
1045 5666 1111 5721 12
1135 5669 1225 5723 cit.
1257 5665 1313 5722 et
1358 5668 1493 5719 1277
1542 5668 1750 5737 legunt.

182 5731 391 5798 gerebat,
424 5749 637 5808 qucque
662 5738 896 5808 proferre
920 5754 1011 5807 per
1038 5754 1131 5793 nos
1149 5779 1164 5805 ,
1196 5748 1364 5806 atque,
1396 5747 1500 5793 etc.

1855 5106 1990 5163 Cod.
2022 5104 2259 5175 Martin.,
2290 5110 2470 5163 melius
2515 5109 2661 5164 nobis
2689 5126 2750 5162 ea
2775 5117 2937 5162 vester
2958 5108 3090 5160 dicet
3128 5104 3363 5175 affectus.

1929 5189 1954 5249 tt
1985 5176 2154 5249 Codd.
2193 5178 2352 5240 4911,
2385 5189 2441 5233 et
2477 5178 2713 5249 Μειιίιίη⁸2
2749 5177 2847 5249 His
2874 5178 3041 5249 magis
3067 5178 3144 5231 vir
3169 5180 3294 5240 iste,
3331 5186 3436 5234 etc.

1925 5246 1953 5285 ιι
1983 5247 2128 5302 Idem
2158 5249 2277 5303 cod.
2328 5249 2581 5302 Laurent.
2630 5248 2794 5302 habet
2820 5248 2893 5301 ita
2934 5246 3304 5301 {conversatus
3332 5258 3434 5313 est;

1854 5320 1939 5390 qui
1959 5318 2085 5390 huic
2112 5320 2302 5390 mundo
2331 5319 2609 5390 cruci/imus
2638 5327 2977 5390 acrmortuns,
3009 5317 3257 5390 quidquid
3294 5315 3441 5390 labos

1854 5387 1987 5441 ravit
2013 5388 2077 5441 de
2106 5388 2200 5440 hac
2230 5390 2351 5451 vita,
2385 5387 2453 5440 ad
2494 5389 2639 5441 illam
2669 5389 2823 5441 vitam
2871 5388 3153 5449 transtulit,
3188 5396 3249 5456 _e_t
3296 5388 3441 5456 quasi

1861 5458 2021 5512 bonus
2047 5460 2402 5522 ratiocinator,
2426 5464 2530 5512 etc.
2558 5456 2689 5511 ltem
2712 5459 2832 5512 cod.
2864 5458 2967 5511 Vat
2995 5456 3152 5509 4951.
3187 5454 3439 5509 Urbevet.

1861 5536 2039 5599 autem
2068 5529 2229 5581 habet
2256 5528 2535 5599 cruciﬁxus
2565 5544 2625 5579 ac
2657 5526 3152 5599 mortttustptidqnitl
3194 5524 3438 5579 laboravit

1861 5597 1924 5649 de
1946 5598 2041 5651 hac
2070 5600 2188 5660 vita,
2222 5598 2291 5650 ad
2318 5598 2462 5650 illaut
2490 5600 2645 5651 vitam
2678 5597 2959 5663 transtulit,
2990 5608 3094 5651 etc.

1941 5666 1954 5703 ί
1989 5667 2119 5726 Cod.
2158 5668 2407 5723 Laurent.
2461 5668 2585 5736 legit
2625 5666 2777 5725 Illius
2828 5684 2948 5738 ergo
2976 5676 3219 5737 quantum
3258 5677 3439 5732 possu-

1860 5752 1992 5789 mus.
