4054 6190
534 317 642 372 41³5

1736 295 1792 350 S.
1834 285 2078 346 MAXIM]
2117 274 2568 338 TAURINENSIS

3693 263 3796 316 4‘25

537 425 646 481 Ier.
677 422 748 476 99
775 419 1076 492 hujusmodi
1107 410 1387 484 fragmenti
1423 409 1633 463 initium
1672 403 1918 474 reperiri.
1953 398 2245 471 Gymnicus
2273 392 2516 472 eamdem
2546 386 2820 442 homiliam
2851 383 3014 439 edidit
3049 393 3172 462 pag.
3205 377 3302 431 ΞΗ
3334 392 3458 434 cum
3492 375 3644 428 titulo
3682 393 3693 426 :
3730 373 3793 427 In

1097 489 1107 492 ·
1205 486 1216 492 ·
1346 483 1357 492 ·
1419 490 1425 492 ~
1578 489 1588 492 -
1659 476 1671 487 ·
1737 475 1750 492 ι
1984 471 2151 492 μ-έω-
2197 463 2558 492 “Palam-nnc
2584 469 2686 492 mar
2735 453 2838 492 “:9.
2857 462 2907 492 οι
2939 451 3196 492 ηιιηπιιιις
3224 456 3356 492 ιοηι,
3384 445 3449 492 1v
3471 458 3572 492 “ag
3595 443 3720 492 774,
3744 456 3793 492 ει

542 495 704 550 natali
731 483 1112 562 divi-Cypriani
1124 483 1358 562 _episcop_i
1379 490 1426 533 et
1453 483 1670 560 martyri

543 563 870 635 Raynaudus
892 555 1253 635 pag._?85_,_et

1673 492 1697 528 ε
1729 461 1951 528 ltomilia
1981 461 2171 540 prima,
2195 461 2562 540 ειρεμεείηίυξ

1655 512 2248 618 ί
2267 512 2338 586 ill
2347 512 2496 618 :p—ag.
2526 512 2616 581 59'.
2647 512 3010 592 Quamobrem
3054 527 3260 575 temere
3299 512 3528 571 relatam
3552 512 3726 569 fuisse.
3746 513 3800 568 in

2584 469 2706 526 pag.
2735 453 2838 507 162
2856 462 2914 526 et
2939 443 3196 507 Cunidfus
3224 445 3449 526 tom._lV
3471 458 3580 526 pag
3595 443 3721 524 ΤΗ,
3744 456 3799 524 et

1087 600 1444 690 Eaitf'PEi-ié,”
1446 600 1585 670 175769
1613 623 1669 670 et
1697 613 1853 667 Rom.
1882 609 2022 663 £570
2049 600 2464 663 existimandum
2493 607 2596 652 est.

544 697 1401 817 έέεᾼιιθυῃεατως-βαιὶεεηι
1417 722 2117 817 “Dominiil‘eqtt‘o—Eirip‘tttrﬁ
2143 722 2196 782 Α
2217 713 2553 817 Christianus
2594 706 2843 778 populus.
2871 702 3089 803 Iudaeus
3132 699 3278 756 enim
3306 698 3453 768 prior
3492 704 3602 760 cst,
3641 697 3800 750 Ebri-

612 790 1269 886 ἦῖιξξίᾶῗῆᾇίλτίάήιίαίεες
1304 803 1600 886 passicrtum
1635 790 1925 886 martyrum
1966 790 2118 870 docet

615 864 690 939 'S'.’
703 864 1006 942 Mammas;
1036 864 1626 947 etqaoniamﬂhristus
1672 864 1921 947 prmclara
1949 864 2121 947 omni:

616 933 878 1007 {trisdedit
907 933 1141 1017 exentpla
1167 941 1458 1017 patientice,
1506 954 1564 991 eo
1595 933 2122 1017 laudabiliore‘s_‘sunt

616 999 1027 1092 ἶπῖἇνέῇγῖξξξξᾷιὶὸ
1054 999 1221 1084 'mag'is
1267 999 1798 1078 divini'prwceptoris
1836 999 2123 1054 imitatores

618 1109 674 1145 se
701 1089 1044 1160 prwbuerunt.

621 1159 806 1236 Sancti
829 1174 1083 1247 Cypriani
1110 1169 1477 1234 festivitatem,
1500 1167 1637 1220 sicut
1664 1159 1910 1216 omnibus
1936 1164 2125 1212 notum

552 1263 656 1339 est,
686 1271 850 1324 hodie
887 1267 1242 1328 celebramus,
1269 1268 1326 1316 et
1355 1268 1380 1297 ι
1408 1257 1594 1320 natali,
1623 1254 1762 1308 sicut
1790 1251 1992 1314 dicunt,
2021 1247 2125 1302 im-

553 1363 791 1416 minente
809 1355 1074 1410 vindemia
1096 1351 1329 1404 natalem
1349 1345 1465 1415 ejus
1480 1341 1723 1413 martyrii
1744 1351 2124 1410 procuramus;

554 1453 882 1510 conveniunt
909 1449 1069 1515 igitur
1095 1451 1221 1498 vota
1246 1449 1429 1495 nostra
1459 1444 1513 1493 et
1531 1433 1736 1489 mundi.
1765 1429 1992 1485 Mundus
2016 1428 2132 1482 vin-

555 1545 853 1602 demiarum
882 1540 1127 1593 ubertate
1156 1535 1396 1596 laetatur;
1418 1543 1519 1583 nos
1539 1533 1850 1581 sanctorum
1877 1520 2129 1590 passione

557 1635 878 1705 gaudemus;
899 1641 1018 1698 qua:
1039 1623 1252 1693 quidem
1269 1619 1450 1692 passio
1470 1613 1753 1670 vindemiis
1769 1606 2130 1680 comparanda

557 1733 670 1789 est;
698 1721 838 1775 sicut
856 1717 1000 1772 enim
1027 1727 1252 1768 uvarum
1279 1706 1627 1778 expressione
1649 1702 1832 1758 vinum
1861 1698 2128 1760 funditur,

559 1816 631 1868 ita
659 1821 715 1866 et
738 1815 1046 1864 sanctorum
1093 1799 1352 1871 martyrio
1376 1797 1486 1852 vini
1512 1795 1631 1850 vice
1658 1790 1877 1860 sanguis
1901 1786 2132 1842 ell‘undi-

559 1915 678 1969 tur;
707 1902 811 1956 nisi
851 1896 997 1968 quod
1045 1893 1073 1933 δ
1120 1906 1222 1947 uva
1267 1887 1594 1958 temporales
1639 1883 1844 1938 fructus
1890 1884 2128 1950 prastat,
2169 1902 2193 1924 ο

560 1967 738 2067 passio
759 1967 1132 2058 sempiternos.
1166 1981 1332 2035 Recte
1356 1992 1483 2046 ergo
1511 1973 1826 2045 martyrium
1853 1967 2134 2025 vindemiis

2224 812 2366 861 stum
2397 801 2449 855 in
2475 801 2593 868 lege
2617 805 2816 867 portat,
2842 802 2898 848 et
2922 793 3117 853 nescit,
3141 799 3196 846 et
3223 798 3519 844 retrorsum
3546 803 3668 841 eum
3697 800 3800 856 po—
3851 831 3854 833 λ

2225 909 2359 950 nens
2384 890 2618 961 quadam
2663 887 2810 942 dorsi
2857 885 3138 940 aversione
3181 881 3511 944 contemnit;
3541 879 3683 934 unde
3725 880 3801 934 ait

2224 972 2490 1057 propheta
2523 999 2535 1033 :
2569 979 2919 1034 Obscurentur
2961 975 3097 1030 oculi
3145 989 3352 1035 eorum,
3383 987 3448 1024 ne
3473 971 3682 1024 videant
3703 987 3724 1025 :
3752 979 3802 1023 et

2225 1077 2435 1132 dorsum
2462 1088 2638 1127 eorum
2661 1085 2860 1140 semper
2886 1068 3098 1121 incurva
3118 1064 3292 1136 (Psal.
3321 1061 3523 1130 vam).
3552 1061 3802 1116 Christia-

2225 1183 2327 1222 nus
2353 1179 2484 1220 vero
2537 1176 2768 1232 sequens
2795 1158 3024 1229 populus
3059 1155 3334 1210 Christum
3380 1167 3596 1222 semper
3635 1152 3807 1206 oculis

2225 1257 2434 1327 aspicit,
2466 1265 2682 1322 semper
2709 1248 2946 1304 custodit
2972 1245 3264 1308 obtutibus,
3288 1254 3344 1300 et
3368 1244 3598 1312 quadam
3622 1240 3640 1279 ί
3683 1255 3807 1309 gra-

2225 1349 2392 1404 duum
2410 1343 2686 1400 vicinitate
2713 1336 3126 1408 complectitur;
3154 1342 3209 1390 et
3232 1341 3435 1402 quanto
3461 1347 3582 1386 eum
3609 1332 3697 1385 ille
3716 1346 3809 1399 po-

2227 1438 2384 1509 pulus
2428 1447 2597 1505 pravo
2625 1430 2817 1485 itinere
2852 1433 2977 1498 post
3013 1440 3072 1481 se
3113 1424 3396 1492 relinquit,
3423 1430 3631 1476 tantum
3678 1437 3805 1476 eum

2227 1528 2331 1582 iste
2351 1525 2554 1580 directo
2576 1535 2733 1576 cursu
2753 1517 2971 1573 festinat
3003 1515 3268 1582 attingere
3301 1523 3347 1566 ι.

2229 1646 2585 1692 FBAGHENTUI
2612 1639 2965 1683 DEPROIPTUII
2995 1639 3064 1678 EX
3091 1638 3276 1678 CODICE
3307 1635 3515 1676 ARCHIV'I
3553 1633 3806 1674 ΒΑειιιωι

2485 1711 2780 1755 ιιιρεειιλιιε
2805 1711 2849 1751 8.
2877 1709 3116 1750 AlBROSII
3145 1705 3574 1747 IEDIOLANENSIS.

2297 1791 2551 1860 Ideoque,
2567 1788 2780 1854 fratres,
2796 1786 2957 1842 istius.
2969 1782 3264 1840 beatissimi
3284 1782 3534 1853 martyris
3559 1779 3810 1851 Cypriani

2230 1892 2499 1940 sectemur
2524 1879 2768 1947 vestigia,
2789 1877 2880 1947 qui
2905 1885 3055 1932 recto
3073 1873 3288 1929 tramite
3313 1872 3581 1928 Christum
3599 1877 3813 1926 secutus

2231 1984 2331 2039 est,
2364 1981 2527 2042 atque
2551 1971 2616 2026 ad
2645 1971 2879 2040 palmam
2915 1967 3158 2039 martyrii
3187 1963 3668 2021 maturesmntibus
3695 1963 3814 2018 uvis

560 2053 919 2154 comparatur,
947 2077 1111 2132 habet
1139 2074 1281 2128 enim
1319 2079 1374 2126 et
1401 2069 1718 2124 ebrietatem
1753 2078 1926 2154 suam,
1952 2061 2132 2154 habet
2163 2084 2208 2144 Β
2235 2065 2504 2138 pervenit,
2532 2064 2752 2119 Necnon
2779 2068 2837 2117 et
2857 2069 3066 2130 tempus
3092 2058 3324 2114 instabat
3351 2055 3650 2112 vindemia,
3676 2053 3811 2120 Quia

563 2185 618 2234 et
644 2150 866 2230 calicem
893 2182 1076 2232 suum;
1105 2164 1173 2220 de
1211 2177 1318 2232 quo
1347 2161 1478 2216 dicit
1503 2157 1768 2228 propheta
1801 2151 1990 2207 David.
2029 2150 2133 2204 Ca-

564 2269 638 2323 lix
668 2275 782 2318 tuus
821 2257 1080 2315 inebrians
1098 2293 1113 2320 ,
1145 2269 1298 2326 quam
1324 2249 1602 2323 prteclarus
1623 2255 1700 2300 est
1739 2242 1928 2316 (Psal.
1967 2241 2132 2309 xm).

565 2356 633 2411 Et
663 2356 777 2426 ipse
803 2350 1062 2407 Dominus
1108 2346 1162 2401 in
1189 2329 1456 2415 passionis
1503 2354 1614 2396 sua:
1641 2337 1790 2393 exitu
1817 2333 2140 2390 constitutus

566 2447 642 2501 ait
672 2425 695 2497 τί
715 2443 896 2504 Pater,
927 2440 973 2494 si
1000 2435 1240 2506 possibile
1285 2442 1380 2499 est,
1411 2435 1642 2486 transeat
1687 2425 1823 2481 calix
1869 2425 1969 2479 iste
2001 2439 2034 2475 a
2059 2437 2141 2476 me

569 2534 790 2608 (Matth.
821 2529 1000 2601 xxvr).
1025 2527 1094 2581 Et
1118 2527 1312 2580 iterum
1351 2520 1618 2591 propheta
1650 2535 1664 2570 :
1690 2516 1916 2570 Calicem
1942 2513 2142 2567 saluta-

568 2630 642 2683 ris
680 2624 955 2694 accipiam,
1005 2627 1052 2674 et
1084 2632 1269 2671 nomen
1298 2612 1512 2667 Domini
1549 2607 1795 2664 invocabo
1818 2606 1996 2677 (Psal.
2027 2602 2140 2672 xv).

571 2717 760 2785 Recte,
791 2693 1032 2785 inquam,
1053 2709 1194 2764 calix
1219 2704 1480 2776 martyrio
1498 2706 1871 2773 comparatur;
1899 2697 2023 2766 quia
2065 2693 2146 2750 sic

571 2818 632 2863 ut
658 2807 799 2862 calix
839 2818 962 2859 cum
998 2800 1220 2865 bibitur,
1246 2795 1421 2852 omnis
1447 2795 1642 2847 humor
1663 2790 1858 2846 noxius
1893 2787 2004 2842 vini
2049 2800 2144 2841 ca-

573 2901 690 2955 lore
718 2895 1060 2965 decoquitur;
1087 2892 1161 2946 ita
1191 2897 1245 2947 et
1281 2886 1523 2958 martyrii
1570 2883 1824 2954 poculum
1861 2895 1985 2936 cum
2011 2879 2147 2933 hanc

573 2990 711 3044 ritur
740 2997 765 3026 ι
797 2999 982 3040 omnes
1009 2979 1309 3051 peccatoris
1336 2978 1492 3032 faeces
1518 2973 1782 3044 passionis
1807 2972 1978 3040 gloria
2007 2978 2145 3024 tem-

574 3082 848 3150 perantur.
879 3071 907 3110 ἀ
934 3071 1129 3127 Vinum
1167 3081 1297 3136 ergo
1335 3065 1600 3136 quoddam
1636 3063 1873 3118 salutare
1907 3057 2150 3130 martyrii

577 3147 695 3232 est,
726 3163 870 3235 quod
920 3161 1070 3216 cordi
1123 3158 1364 3213 laetitiam
1409 3161 1630 3226 praestat
1653 3195 1669 3222 ,
1719 3153 1955 3208 calorem
2000 3147 2147 3216 ﬁdei,

2234 2160 2377 2216 enim
2396 2159 2503 2213 hoc
2519 2155 2909 2212 vindemiarum
2934 2160 3181 2223 tempore
3207 2164 3394 2220 passus
3422 2157 3533 2213 est,
3559 2155 3814 2216 tanquam

2233 2266 2334 2307 nos
2351 2249 2420 2306 de
2446 2248 2715 2304 vindemia
2738 2247 2923 2302 dulces
2949 2252 3006 2300 et
3039 2243 3220 2299 varios
3246 2243 3450 2297 fructus
3461 2255 3529 2296 ex
3553 2240 3669 2308 ejus
3690 2253 3817 2309 pas-

2235 2342 2389 2398 sione
2433 2338 2764 2408 collegimus.
2812 2333 3167 2407 lnminguavit
3214 2330 3356 2388 enim
3399 2345 3529 2397 nos,
3560 2336 3616 2384 et
3640 2325 3817 2391 reﬁcit

2237 2439 2417 2489 musto
2444 2429 2689 2501 martyrii
2714 2428 2819 2483 sui.
2848 2425 2945 2482 Est
2988 2425 3134 2481 enim
3177 2429 3430 2487 mustum,
3459 2418 3605 2489 quod
3643 2417 3820 2472 reiicit

2239 2532 2298 2581 et
2325 2522 2555 2578 inebriat
2583 2518 2975 2581 Christianum;
3001 2514 3096 2572 sed
3140 2514 3374 2569 ebrietas
3416 2512 3506 2566 illa
3535 2509 3701 2578 magis
3726 2523 3819 2563 so-

2241 2617 2418 2671 brium
2445 2613 2590 2669 facit.
2622 2611 2725 2678 Qui
2765 2609 2907 2665 enim
2936 2605 3227 2662 inebriatur
3258 2603 3465 2660 emlesti
3506 2602 3692 2671 gratia,
3723 2615 3818 2654 θι-

2242 2707 2514 2762 sobriatur
2551 2702 2762 2758 sarcina
2807 2705 3178 2771 peccatorum.
3207 2694 3324 2750 Hoc
3372 2707 3602 2763 namque
3637 2699 3820 2745 "musto

2243 2797 2436 2868 repleti
2463 2794 2638 2851 sancti
2667 2791 2922 2862 apostoli,
2970 2790 3110 2844 sicut
3137 2788 3213 2841 ait
3257 2785 3530 2855 Scriptura
3561 2783 3695 2853 (Act.
3735 2785 3822 2847 ιι),

2245 2889 2434 2944 alienis
2460 2886 2655 2955 linguis
2670 2883 2764 2939 Dei
2792 2880 3059 2950 magnalia
3082 2878 3457 2947 loquebantur.
3469 2873 3528 2929 In
3547 2889 3654 2943 quo
3680 2871 3824 2941 facto

2244 2981 2448 3053 pariter
2474 2976 2609 3033 ebrii
2637 2989 2758 3031 esse
2801 2972 3121 3028 videbantur
3169 2976 3226 3024 et
3263 2966 3450 3022 sobrii.
3493 2964 3640 3043 Ebrii
3679 2962 3826 3017 enim

2246 3069 2592 3143 putabantur,
2614 3064 2757 3136 quod
2776 3065 2832 3119 in
2851 3064 2934 3118 bis
2951 3060 3166 3130 loquela
3187 3065 3378 3129 praeter
3395 3063 3641 3111 naturam
3656 3054 3828 3107 altera

2248 3159 2603 3232 personabat;
2636 3154 2802 3211 sobrii
2831 3159 3008 3221 erant,
3035 3150 3181 3221 quod
3204 3148 3360 3218 juxta
3383 3143 3830 3202 consuetudinem

577 3230 769 3312 animae
795 3253 1101 3325 puritatem.
1137 3249 1335 3304 Vinum
1363 3247 1526 3317 plane
1551 3252 1637 3300 est
1665 3253 1690 3284 ο
1720 3241 2015 3312 spiritualis
2058 3239 2147 3295 illa

2249 3230 2533 3308 Dominum
2561 3246 2758 3302 mentis
2777 3243 3069 3305 devotione
3095 3238 3406 3295 laudabant.
3429 3234 3584 3302 Quod
3611 3230 3832 3303 quidem

577 3361 700 3412 uva,
723 3323 842 3416 qua:
867 3357 968 3413 pro
987 3340 1160 3396 salute
1185 3337 1425 3394 omnium
1449 3333 1708 3406 pependit
1729 3333 1785 3387 in
1811 3333 1976 3401 ligno.
1999 3330 2147 3386 Sicut

2254 3359 2363 3401 non
2409 3341 2645 3397 elatione
2686 3337 2887 3407 aliqua,
2914 3340 3009 3389 aut
3030 3329 3345 3402 impotentia
3365 3327 3611 3395 contigit,
3641 3335 3702 3379 ut
3733 3323 3834 3377 viri

578 3435 721 3491 enim
740 3413 929 3489 botrus
953 3428 1252 3485 redditurus
1273 3426 1476 3492 vinum,
1495 3423 1644 3493 prius
1661 3421 1717 3474 in
1739 3421 1898 3475 vinea
1918 3418 2150 3489 quadam
2177 3436 2224 3500 ρ
2253 3433 2425 3491 sancti
2443 3429 2728 3502 peregrino
2751 3439 3002 3481 sermone
3024 3423 3407 3491 loqueremur;
3432 3416 3527 3472 sed
3552 3413 3836 3485 provide“.

579 3533 780 3580 natura:
817 3528 935 3576 arte
970 3517 1330 3588 suspenditur,
1363 3513 1382 3552 ί
1419 3514 1494 3569 ita
1520 3512 1764 3568 Christus
1803 3511 2043 3566 editurus
2067 3510 2151 3563 vi-
2256 3526 2330 3581 tia
2350 3519 2654 3579 omnium
2682 3517 2878 3572 factum
2906 3521 3010 3580 est,
3040 3520 3103 3568 ιιι
3138 3510 3266 3581 quia
3286 3510 3354 3565 ad
3383 3504 3834 3577 magniﬁcam“

581 3630 708 3672 num
735 3611 1011 3684 spirituale
1039 3607 1277 3680 martyrii
1322 3607 1376 3662 in
1399 3619 1575 3671 cruce,
1605 3602 1835 3672 quadam
1862 3601 2153 3671 providen-

583 3706 658 3761 tia
684 3702 1007 3768 Divinitatis,
1039 3709 1273 3771 aptatur.
1303 3697 1423 3768 Ipse
1450 3703 1532 3752 est
1558 3696 1719 3766 plane
1741 3695 1960 3759 botrus,
1993 3707 2155 3762 quem

583 3797 692 3852 duo
718 3794 1087 3863 exploratores
1114 3791 1210 3852 illi,
1239 3789 1345 3843 hoc
1366 3795 1448 3842 est
1473 3785 1600 3840 Iesu
1627 3786 1773 3840 Nave
1789 3825 1806 3851 ,
1831 3791 1887 3840 et
1911 3780 2070 3838 Calef
2090 3779 2158 3834 ll-

586 3885 692 3940 lius
719 3893 744 3930 ις
771 3881 1015 3951 Jephone
1053 3879 1108 3932 in
1149 3877 1417 3946 phalanga
1444 3873 1511 3928 ad
1540 3873 1677 3928 ﬁlios
1719 3872 1880 3927 Israel
1924 3870 2158 3942 propriis

585 3971 824 4028 humeris
866 3967 1172 4023 detulerunt
1212 3962 1398 4034 (Num.
1430 3961 1578 4031 xm);
1618 3961 1764 4031 quod
1810 3959 2032 4030 quidem
2078 3959 2158 4012 fa-

586 4069 736 4116 ctum
757 4058 869 4128 jam
888 4063 1015 4110 tunc
1029 4051 1402 4124 prmﬁgurabat
1421 4049 1706 4106 adventum
1736 4049 1948 4105 Domini
1969 4045 2157 4103 Salva-

589 4149 742 4206 toris.
783 4146 918 4202 Nam
943 4147 1131 4201 botrus
1177 4144 1232 4199 in
1278 4143 1543 4213 phalanga
1588 4156 1879 4212 suspensus
1920 4140 1974 4194 in
1999 4141 2160 4195 cruce

590 4240 837 4298 Christus
880 4251 1146 4309 appensus
1192 4233 1520 4299 ostenditur;
1559 4231 1668 4286 duo
1693 4239 1874 4286 autem
1924 4230 1977 4284 in
2023 4230 2159 4299 pha-

591 4332 746 4400 langa
773 4335 1050 4400 portantes
1075 4339 1258 4390 uvam,
1281 4323 1387 4378 duo
1408 4322 1592 4393 populi
1616 4320 2159 4376 demonstrabantur:

593 4422 927 4479 Christianus
952 4418 1156 4486 utique,
1187 4424 1242 4471 et
1267 4413 1509 4480 Iudaeus;
1540 4421 1596 4468 et
1621 4413 1762 4467 sicut
1786 4425 1905 4467 mos
1924 4417 2008 4464 est
2035 4425 2162 4480 por-

593 4511 850 4578 tantium,
871 4523 1008 4562 unus
1032 4503 1359 4576 prmcedens,
1381 4503 1516 4557 alter
1535 4501 1894 4568 subsequens;
1920 4499 1994 4553 ita
2015 4499 2163 4568 prior

591 4600 900 4656 Iudaeorum
925 4596 1232 4664 designatur
1253 4592 1502 4663 populus,
1530 4590 1954 4645 Christianorum
1979 4606 2167 4646 secun-

591 4691 710 4746 dus.
739 4687 808 4743 Et
831 4688 971 4743 sicut
1015 4683 1358 4747 antecedens,
1380 4681 1524 4752 quod
1547 4687 1749 4751 portat,
1787 4696 1892 4735 non
1916 4679 2080 4744 videt,
2105 4687 2164 4735 et

2253 3617 2424 3672 Deum
2473 3627 2580 3668 una
2627 3609 2842 3679 loquela
2890 3623 3000 3662 non
3026 3605 3254 3674 sufﬁcit,
3281 3619 3379 3674 per
3411 3601 3596 3672 plures
3628 3599 3838 3667 linguas

2255 3704 2454 3761 mentis
2498 3701 2718 3758 devotio
2755 3699 3073 3754 solveretur.
3125 3693 3410 3750 Jucundati
3457 3705 3588 3759 ergo
3627 3703 3834 3752 sumus,

2255 3796 2379 3864 quia
2407 3793 2476 3848 de
2501 3792 2659 3846 vinea
2707 3788 2920 3845 Domini
2965 3786 3202 3842 Sabaoth
3249 3784 3480 3840 fructum
3529 3777 3839 3836 refectionis

2257 3882 2582 3952 accepimus.
2611 3879 2783 3934 Vinea
2809 3884 2985 3932 autem
3001 3875 3212 3930 Domini
3238 3872 3497 3939 Sabaoth,
3523 3870 3670 3925 sicut
3706 3866 3839 3922 dicit

2257 3971 2521 4042 propheta
2551 3967 2708 4038 (Isai.
2736 3984 2792 4033 v,
2814 3965 2907 4035 7),
2930 3972 3012 4020 est
3033 3964 3225 4028 Israel;
3255 3977 3373 4032 qua:
3397 3961 3590 4015 domus
3618 3973 3719 4013 nos
3734 3971 3837 4010 'su—

2259 4077 2418 4126 mus;
2461 4058 2754 4114 secundum
2807 4057 2950 4112 enim
2993 4055 3151 4110 fidem
3193 4053 3450 4108 Israelita:
3495 4066 3595 4104 nos
3633 4064 3838 4104 sumus.

2265 4151 2415 4208 Unde
2443 4151 2574 4207 dicit
2596 4148 2884 4220 Apostolus
2915 4164 2928 4199 :
2962 4143 3097 4209 Quia
3143 4145 3230 4214 qui
3274 4158 3340 4196 ea:
3385 4140 3491 4212 [ide
3520 4141 3574 4194 hi
3601 4149 3720 4193 sunt
3740 4138 3842 4207 ﬁlii

2257 4241 2484 4296 Abrahae
2513 4238 2656 4310 (Gal.
2685 4239 2766 4309 v).
2812 4237 3077 4304 Quoniam
3125 4234 3286 4303 igitur
3310 4248 3412 4287 nos
3447 4245 3634 4285 sumus
3654 4228 3844 4296 Israel,

2260 4331 2427 4386 vinea.
2454 4327 2682 4384 .Domini
2729 4342 2932 4382 sumus.
2980 4324 3270 4381 Videamus
3319 4323 3604 4392 diligenter
3660 4335 3730 4374 ne
3772 4336 3844 4373 es

2260 4421 2482 4493 palmite
2521 4419 2698 4490 operis
2745 4417 2917 4472 nostri
2963 4425 3216 4472 nascatur
3256 4413 3555 4469 dulcedinis
3582 4427 3683 4467 uva
3703 4454 3718 4478 ,
3747 4409 3846 4463 sed

2261 4492 2422 4578 fellis,
2451 4523 2553 4563 nec
2579 4507 2787 4562 dicatur
2812 4507 2990 4575 nobis,
3019 4504 3162 4578 quod
3189 4492 3386 4560 Judzeis
3412 4503 3615 4558 dictum
3638 4508 3719 4556 est
3746 4515 3847 4569 per

2263 4602 2579 4672 prophetam
2621 4600 2924 4668 :Sustinui,
2950 4607 3008 4653 ut
3053 4600 3247 4670 faceret
3288 4614 3462 4665 uuam,
3509 4597 3631 4667 fecit
3673 4601 3849 4647 autem

2263 4695 2444 4760 spinas
2474 4690 2642 4764 (Isai.
2687 4691 2767 4762 v).
2800 4690 2972 4757 Quam
3010 4689 3145 4744 dura
3172 4688 3445 4756 conditio,
3461 4695 3523 4741 ut
3550 4685 3848 4756 possessio,

593 4789 888 4878 ι’ξεῑνοΐευῐη
903 4775 930 4812 ¹¹
952 4774 1096 4876 ίάεξω
1115 4787 1328 4873 scalpe"
1347 4771 1570 4836 habens,
1593 4770 1822 4840 quadam
1843 4769 1986 4826 (ιοτδί
2007 4785 2161 4826 3V6!"
2186 4791 2238 4850 ι)
2262 4797 2381 4852 qua:
2411 4781 2630 4836 domino
2667 4795 2764 4834 suo
2793 4777 3073 4834 suavitatis
3102 4778 3263 4848 258
3288 4775 3492 4830 fructus
3520 4773 3710 4829 afferre
3743 4771 3851 4825 de-

593 4868 744 4923 sione
771 4865 1099 4929 contemnit;
1129 4863 1220 4932 qui
1240 4869 1418 4917 autem
1445 4862 1686 4930 sequitur
1712 4876 1928 4931 semper
1952 4861 2006 4916 id
2033 4877 2147 4917 ocu-

2257 4873 2401 4940 buit,
2455 4873 2731 4941 spinarum
2777 4869 2925 4924 illum
2979 4867 3269 4938 asperitate
3307 4864 3703 4936 compunxerit.
3727 4859 3852 4914 Hoc

595 4956 660 5010 lis
687 4957 957 5026 perspicit,
988 4969 1204 5026 semper
1221 4952 1454 5010 custodit
1477 4953 1770 5018 obtutibus,
1799 4968 2016 5023 semper
2041 4970 2147 5009 cor-

2269 4969 2352 5016 est
2373 4976 2496 5016 cum
2533 4958 2702 5014 Judaei
2729 4959 3066 5014 Salvatorem
3095 4956 3379 5012 debuerint
3398 4964 3514 5010 tota
3535 4954 3657 5009 fidei
3684 4952 3846 5006 devo-

596 5047 743 5114 Ροτίδ
783 5047 1056 5101 Viduitate
1110 5043 1345 5115 Ροιίιιπὲ
1369 5042 1527 5114 257
1559 5041 1634 5096 ita
1672 5055 1801 5110 ergo
1849 5041 2085 5100 Judznus.
2110 5052 2169 5100 et
2272 5050 2422 5106 tione
2451 5049 2745 5119 suscipere,
2795 5035 3074 5119 spinarum
3122 5061 3245 5102 eum
3300 5045 3680 5102 coronaverint
3719 5056 3856 5112 pas-

668 5205 694 5278 ιξ
723 5194 783 5249 In
811 5202 1036 5264 utroque
1061 5194 1180 5250 cod.
1227 5194 1286 5250 S.
1315 5192 1499 5250 Crucis
1538 5193 1594 5247 in
1619 5191 1727 5250 Jer.
1759 5193 1914 5250 deest
1933 5212 2041 5252 vox
2068 5213 2164 5253 na-
2270 5200 2505 5271 spiritale
2531 5199 2632 5254 Dei
2653 5200 2747 5254 illa
2773 5216 2894 5267 uva,
2924 5207 3030 5256 etc.

599 5266 712 5320 tals.
2341 5268 2361 5307 τ
2394 5267 2630 5323 Uterque
2676 5270 2797 5323 cod.
2847 5285 3007 5323 sunra
3045 5267 3268 5323 laudat..
3315 5276 3372 5323 et
3418 5269 3642 5323 Veron“
3689 5270 3709 5323 i.

669 5267 692 5290 l'
2297 5267 2307 5271 _

669 5283 854 5386 i-cod.
876 5330 1000 5386 Vat.
1028 5329 1184 5396 4269,
1206 5333 1310 5413 ηίεξ
1331 5331 1466 5404 quod
1487 5332 1652 5413 υίηεαε,
2265 5267 3017 5393 οήξίὲξιξτίέὲῇαξὲξιὶὶἓᾚῖ
3045 5267 3268 5392 ligat.
3315 5276 3372 5324 et
3418 5269 3642 5334 Veron.,
3689 5270 3755 5324 ea
3797 5273 3858 5320 ει

671 5415 695 5443 °
725 5400 857 5455 COd-
906 5399 1128 5455 veronu
1172 5417 1337 5453 omnis
1383 5411 1661 5455 peccatoris
1709 5402 1890 5455 faeces:
1937 5411 2163 5455 uterune
2341 5417 2367 5455 8
2393 5407 2526 5455 Cod-
2556 5407 2624 5455 90
2645 5407 2703 5455 S.
2734 5407 2921 5455 Crucis.
2942 5409 2993 5455 in
3020 5357 3129 5455 ger-
3160 5407 3324 5455 habet
3341 5405 3631 5455 Jenlmnisrr.

671 5415 695 5443 ο
725 5400 857 5455 Cod.
906 5399 1128 5481 Veron,
1172 5399 1354 5453 omnis
1382 5402 1661 5470 peccatoris
1707 5402 1890 5472 faeces;
1937 5411 2163 5475 uterque
2341 5417 2367 5456 ε
2393 5407 2526 5462 Cod.
2556 5407 2624 5460 90
2645 5407 2703 5462 S.
2734 5407 2921 5463 Crucis
2942 5409 2993 5463 in
3020 5399 3129 5463 ller.
3160 5407 3324 5462 habet
3341 5405 3631 5477 Jephaniw.

599 5473 720 5528 cod.
747 5470 805 5524 S.
833 5469 1019 5524 Crucns
1046 5485 1100 5522 In
1124 5467 1231 5522 Jer.
1264 5468 1428 5523 habet
1453 5480 1794 5528 peccatorum.
2341 5473 2370 5515 ιι
2399 5476 2532 5528 Cod.
2563 5475 2631 5528 90
2651 5477 2771 5528 cit..
2794 5487 2843 5528 et
2871 5487 3148 5528 retrorsum
3171 5478 3261 5528 sed
3282 5493 3480 5528 semner
3507 5476 3631 5528 abici

1453 5480 1794 5546 peccatorum.
2075 5473 2093 5475 ⁷
2341 5473 2370 5546 1}
2399 5476 2532 5546 Cod.
2563 5475 2631 5530 90
2651 5477 2771 5541 cit.,
2794 5487 2843 5546 et
2871 5487 3148 5546 retrorsum
3171 5478 3261 5546 sed
3282 5473 3480 5546 semper
3507 5476 3695 5546 abiens.

2346 5545 2363 5622 ξ
2390 5545 2636 5622 _Uterque
2656 5546 2777 5601 cod.
2818 5545 2875 5601 S.
2907 5545 3092 5604 Crucis
3117 5547 3171 5600 in
3207 5545 3342 5613 Jer.,
3370 5543 3427 5600 et
3468 5549 3586 5601 cod.
3620 5543 3867 5608 Verum,

2035 5621 2165 5681 sunt
2270 5616 2522 5688 graduum
2547 5631 2776 5688 suorum.

944 5677 1037 5734 illa
1075 5693 1192 5732 uva.
1223 5674 1502 5733 Galesinus
1530 5674 1656 5743 legit
1690 5678 1860 5735 uinum
1891 5674 2062 5745 plane
2089 5693 2167 5738 est
2270 5674 2295 5688 ⁷
2345 5685 2358 5736 i
2397 5683 2530 5741 Cod.
2561 5684 2761 5741 Veron.
2790 5684 2876 5739 hic
2905 5683 3176 5741 concludit
3199 5685 3500 5741 homiliam.

669 5541 698 5578 ἀ
730 5539 963 5618 Illerque
985 5539 1104 5618 cod:
1136 5535 1480 5618 S.._Cru‘c'isin
1503 5539 1634 5607 Jer.,
1668 5539 1853 5618 Vinum
1877 5557 2017 5618 ergo.

673 5620 697 5649 ο
730 5605 964 5733 Uterjge
1003 5607 1122 5662 cod.
1165 5607 1280 5669 cit.,
1326 5605 1630 5675 Veronen.,
1680 5617 1736 5664 et
1785 5605 1955 5666 Vatic:
1983 5612 2032 5666 lc

599 5679 832 5747 spiritale
944 5677 1037 5734 illa
1075 5693 1192 5732 uva.
1223 5674 1502 5733 Galesinus
1530 5678 1656 5743 legit
1690 5678 1860 5735 uinum
1891 5682 2032 5745 plant
