4054 6190
231 367 322 421 ηδ
1575 355 1858 413 IIOMILIA
1897 354 2082 409 LXXX

3384 354 3485 409 4‘36

225 483 379 537 sione.
410 477 538 543 Quae
560 491 760 532 corona
784 474 997 544 quidem
1026 481 1177 529 tanta
1207 472 1405 528 Judmis
1433 482 1549 527 erat
1570 470 1791 540 injuria-
1822 471 1870 531 Α
1896 484 2011 539 qua:
2038 477 2156 522 sunt
2203 466 2403 531 mundi,
2436 466 2686 535 quomodo
2716 466 2918 533 placeat
2960 463 3111 517 uxori
3144 462 3201 531 (Ι
3245 461 3362 518 Cor.
3388 468 3484 538 vi).

226 584 334 625 rum
373 566 719 634 contumelia,
751 572 950 635 quanta
984 565 1037 619 in
1073 564 1300 618 Domino
1320 571 1437 619 erat
1462 577 1663 617 corona
1694 561 1801 615 vir-

226 666 409 713 tutum.
441 655 819 725 Compungunt
864 668 993 723 ergo
1019 653 1188 708 Judazi
1215 653 1530 718 Dominum,
1555 650 1681 706 dum
1711 665 1803 704 co-

229 756 429 809 ronant,
454 752 839 816 compungunt,
863 744 987 799 dum
1008 743 1348 812 erucillgunt.
1380 741 1530 797 Unde
1550 742 1625 795 ait
1652 739 1801 795 Scri-

233 850 372 913 ptura
401 845 620 893 sancta:
653 836 913 891 Videbunt
931 838 982 890 in
1004 854 1150 908 quem
1178 841 1587 905 compunxerunt
1616 831 1801 903 (Zach.

232 947 312 994 xu,
342 928 442 994 10;
489 927 650 982 Joan.
680 942 791 991 xxx,
822 926 936 995 55).
968 926 1152 994 Igitur,
1195 924 1415 989 fratres,
1444 923 1624 977 videte
1651 937 1718 977 ne
1746 931 1801 975 et

229 1018 367 1073 vobis
397 1018 607 1072 dicatur
638 1033 652 1068 :
690 1015 928 1070 Sustinui
966 1025 1021 1068 ut
1050 1018 1240 1086 faceret
1265 1030 1449 1079 uram,
1482 1014 1603 1083 fecit
1634 1021 1803 1065 autem

227 1112 415 1180 spinas.
449 1108 561 1163 Hoc
578 1115 661 1162 est
690 1123 758 1162 ne
785 1108 990 1177 spinas,
1021 1122 1153 1177 quas
1173 1107 1400 1161 Domino
1416 1104 1581 1160 Judaei
1609 1119 1801 1159 cruen«

226 1204 286 1258 tis
313 1203 686 1270 imposuerunt
706 1200 974 1267 manibus,
1007 1215 1106 1255 nos
1136 1199 1331 1267 iniquis
1360 1198 1607 1253 sensibus
1634 1210 1803 1266 appo-

225 1308 425 1355 namus,
454 1302 509 1346 et
547 1304 970 1362 compungamus
991 1306 1147 1357 eum,
1197 1306 1306 1345 non
1345 1289 1636 1360 asperitate
1679 1302 1801 1342 seu-

223 1400 385 1447 suum,
420 1382 514 1437 sed
540 1398 767 1452 operum
797 1382 1085 1451 pravitate.
1118 1379 1196 1434 De
1224 1380 1417 1450 quibus
1456 1378 1701 1433 meminit
1747 1378 1802 1432 in

223 1472 505 1540 Eva‘ngelio
533 1471 805 1535 Salvator,
834 1472 1018 1526 dicens
1048 1490 1060 1524 :
1094 1472 1418 1525 Seminatum
1444 1487 1616 1524 semen
1665 1470 1799 1522 ceci-

222 1564 349 1617 disse
377 1564 513 1617 inter
531 1565 728 1634 spinas,
747 1573 795 1616 et
814 1563 1053 1629 cretisse,
1086 1578 1146 1615 ac
1165 1562 1448 1630 suﬁccasse
1467 1562 1602 1633 quod
1624 1571 1802 1613 natum

220 1664 289 1709 est
313 1652 465 1725 (Luc.
509 1656 642 1723 vui).
668 1653 797 1720 Qua:
826 1660 1011 1708 autem
1037 1651 1205 1723 spina:
1240 1654 1347 1707 sint
1377 1654 1489 1723 ipse
1516 1652 1801 1722 prosequi-

221 1754 315 1798 tur.
360 1744 503 1799 Dicit
544 1746 731 1814 utique
769 1744 1156 1799 sollicitudines
1184 1760 1303 1799 esse
1332 1742 1653 1810 mundanas,
1682 1758 1800 1812 qua:

1908 559 2070 627 Ergo,
2104 557 2316 624 fratres,
2347 557 2521 611 videte
2551 572 2617 612 ne
2634 557 2791 610 vinea
2812 564 2989 610 vestra
3018 571 3125 609 non
3154 571 3283 610 uvas
3310 557 3487 619 faciat.

1906 650 1999 705 sed
2029 648 2239 717 spinas;
2273 662 2341 701 ne
2390 647 2544 701 vinea
2586 655 2761 700 vestra
2802 662 2909 701 non
2938 647 3118 701 vinum
3157 647 3368 714 afferat,
3394 650 3488 702 sed

1907 749 2141 795 acetum.
2175 738 2425 807 Quisquis
2452 738 2597 793 enim
2627 738 2949 793 vindemiam
2978 738 3125 806 legit,
3157 747 3210 793 et
3237 742 3483 810 pauperi-

1905 833 2005 888 bus
2051 848 2160 885 uon
2209 831 2448 899 largitur,
2482 832 2569 885 ille
2606 840 2816 885 acetum
2855 832 3087 899 colligit,
3132 849 3238 887 non
3283 835 3485 887 vinum.

1906 924 2157 994 Quisquis
2198 940 2398 980 messes
2429 923 2693 988 recondit,
2727 932 2781 978 et
2808 924 3164 992 indigentibus
3194 941 3298 979 non
3331 927 3489 980 mini-

1906 1024 2065 1083 strat,
2095 1016 2194 1070 iste
2234 1032 2341 1069 non
2374 1016 2640 1069 alimonite
2669 1014 2874 1070 fructus
2910 1018 3166 1085 reposuit,
3198 1017 3289 1072 sed
3322 1019 3489 1074 tribu-

1910 1106 1992 1161 los
2015 1107 2252 1161 avaritia:
2281 1107 2645 1173 congregavit.
2669 1105 2802 1160 Nam
2819 1117 3102 1177 propterea
3122 1110 3193 1163 ait
3213 1109 3488 1181 Scriptura

1904 1197 1972 1251 de
2000 1206 2141 1251 terra
2166 1204 2367 1259 nostra,
2395 1196 2589 1266 Spinas
2612 1205 2659 1249 et
2681 1196 2894 1251 tribulos
2911 1198 3213 1267 germinabit
3232 1201 3317 1253 tibi
3333 1199 3487 1271 (lien.

1905 1303 1981 1353 ιιι,
2014 1287 2125 1357 18).
2158 1286 2340 1355 Igitur,
2374 1286 2589 1347 fratres.
2620 1287 2664 1340 si
2693 1287 2855 1341 vultis
2894 1296 2951 1341 ut
2983 1303 3137 1356 seges
3173 1300 3351 1344 vestra
3382 1307 3487 1346 non

1905 1377 2060 1431 vobis
2084 1378 2266 1445 spinas
2295 1377 2478 1443 gignat
2507 1385 2561 1430 et
2594 1377 2841 1443 tribulos,
2871 1377 2964 1431 sed
2996 1377 3197 1433 fructus
3224 1394 3360 1449 quos
3395 1397 3493 1452 op-

1908 1468 2033 1522 tatis
2059 1468 2359 1522 uberrimos
2395 1466 2667 1536 proferat,
2715 1468 3067 1534 indigentium
3103 1484 3317 1539 quoque
3366 1486 3492 1527 esu-

1905 1558 2036 1611 riem
2067 1565 2183 1612 toto
2213 1558 2497 1612 conamine
2538 1557 2733 1611 mentis
2763 1572 2830 1611 ex
2854 1557 3114 1613 fructibus
3148 1562 3345 1627 segetis
3372 1562 3492 1617 reli-

1905 1649 2038 1714 cite;
2072 1655 2127 1703 et
2155 1655 2211 1701 ut
2249 1648 2517 1701 vindemia
2544 1654 2719 1701 vestra
2764 1664 2870 1701 non
2901 1649 3054 1702 vobis
3102 1659 3345 1716 acetum,
3395 1655 3489 1708 sed

1905 1740 2089 1794 vinum
2115 1738 2303 1794 afferat
2324 1740 2764 1809 pulcherrimum,
2790 1740 3005 1807 ignitam
3028 1757 3320 1812 pauperum
3350 1744 3497 1799 sitim

222 1850 333 1889 cum
393 1844 645 1890 crescunt
693 1836 746 1889 in
795 1834 958 1890 corde
1002 1834 1266 1901 hominis,
1322 1834 1573 1888 mandata
1632 1834 1685 1887 in
1731 1849 1797 1889 eo
1829 1837 1874 1896 Β
1906 1833 2017 1886 vini
2049 1833 2257 1901 liquore
2286 1832 2632 1901 exstinguite,
2656 1840 2717 1884 ut
2759 1846 2864 1885 non
2896 1847 3018 1886 cum
3050 1832 3231 1901 iniquo
3260 1850 3491 1904 evange-

220 1924 506 1982 Salvatoris
551 1926 836 1983 suﬂ‘ocant.
895 1925 1025 1994 Quis
1071 1928 1213 1981 enim
1253 1943 1485 1997 unquam
1538 1927 1798 1983 sollicitus

221 2016 279 2071 de
321 2017 527 2071 mundo
564 2019 743 2087 potuit
787 2017 927 2073 bene
972 2017 1232 2073 sollicitus
1272 2033 1393 2073 esse
1438 2019 1505 2073 de
1546 2018 1799 2074 Christo?

220 2104 337 2172 Quis
367 2107 498 2161 dum
539 2108 702 2163 lucris
731 2107 923 2163 domus
952 2123 1061 2163 sum
1088 2107 1349 2178 providit,
1380 2109 1663 2163 utilitatem
1694 2109 1794 2165 Ec-

219 2199 383 2253 clesia:
431 2200 609 2269 potuit
654 2200 975 2270 providere?
1019 2198 1167 2255 Unde
1197 2202 1271 2255 ait
1314 2200 1649 2271 Apostolus:
1696 2201 1797 2266 Qui

218 2291 317 2345 sine
342 2307 509 2347 uxore
530 2301 628 2361 est,
666 2294 920 2348 sollicitus
944 2302 1039 2360 est,
1084 2310 1199 2365 qua:
1242 2304 1363 2348 sunt
1391 2293 1509 2358 Dei,
1542 2296 1797 2366 quomodo

219 2383 410 2451 placeat
454 2383 569 2438 Deo
592 2400 610 2437 :
640 2385 725 2455 qui
754 2395 925 2438 autem
952 2402 1066 2439 cum
1094 2400 1262 2439 uxore
1291 2392 1388 2451 est,
1419 2385 1672 2439 sollicitus
1696 2396 1792 2450 est,

1905 1924 2016 1979 lico
2039 1924 2204 1979 divite
2227 1925 2280 1978 in
2313 1924 2594 1977 tormentis
2636 1924 2813 1993 posito
2842 1923 2995 1980 famis
3033 1926 3256 1995 sitisque
3284 1930 3491 1983 crucia-

1902 2024 1990 2071 tus
2034 2016 2345 2085 patiamini,
2374 2015 2471 2070 sed
2520 2031 2640 2071 cum
2691 2015 2895 2072 Lazaro
2935 2019 3183 2074 mendico
3229 2028 3283 2075 et
3332 2021 3490 2076 beato

1903 2106 2071 2163 Tobia
2098 2110 2566 2179 eleemosynarum
2594 2108 2850 2177 largitore
2878 2110 2929 2163 in
2952 2120 3210 2180 perpetua
3239 2112 3493 2169 felicitate

1900 2202 2133 2267 gaudere
2174 2200 2519 2265 mereamini;
2562 2200 2823 2268 largiente
2864 2201 3095 2257 Domino
3138 2214 3327 2259 nostro
3364 2205 3491 2261 Jesu

1900 2292 2136 2352 Christo,
2169 2293 2253 2345 cui
2296 2300 2380 2345 est
2407 2291 2600 2354 honor,
2644 2291 2811 2358 gloria
2843 2291 2893 2345 in
2922 2293 3116 2347 saecula
3147 2296 3483 2354 smculornm.

1903 2386 2091 2440 Amen.
2500 2392 2505 2401 '

1524 2499 1866 2561 HOMILIA
1912 2500 2177 2559 LXXX.

1558 2597 1636 2652 De
1664 2599 1841 2651 eodem
1874 2598 2040 2652 natali
2074 2596 2157 2649 II.

1658 2682 2049 2744 ADMONITIO.

470 2781 528 2858 In
546 2783 825 2841 codicibus
838 2800 967 2858 mss:
986 2785 1223 2858 quinque
1252 2785 1367 2858 htec
1387 2780 1685 2858 heminas.
1702 2780 1932 2858 Maximo
1958 2779 2185 2858 ascripta
2207 2780 2547 2858 subsequitur
2561 2780 2913 2848 superiorem.
2938 2780 3074 2834 Sunt
3094 2783 3336 2858 autem_ii
3352 2783 3491 2838 San-

214 2848 480 2921 gallens'is,
505 2854 798 2909 Vaticanus
831 2848 1359 2921 1273,'Ver'onensis
1387 2852 1476 2919 75,
1510 2852 1940 2921 Ratisponensis,
1972 2848 2254 2922 Augiensis
2280 2848 2401 2922 _19,’
2418 2849 2611 2918 quibus
2642 2859 2788 2903 certe
2836 2866 2944 2905 non
2977 2859 3058 2905 est
3087 2866 3188 2922 cur
3207 2853 3487 2922 quisquam

216 2925 580 2977 auctoritatem
605 2940 723 2979 esse
766 2940 828 2979 ac
857 2924 1014 2979 Iidem
1043 2925 1409 2993 denegandam
1444 2920 1763 2987 arbitretur;
1796 2921 2236 2993 cumprzesertim
2280 2920 2394 2993 haec
2421 2928 2630 2993 nostra,
2662 2929 2719 2993 ut
2742 2922 2909 2993 cuivis
2940 2922 3135 2993 legenti
3164 2920 3319 2977 facile
3347 2920 3482 2979 con-

216 2994 389 3065 stabit,
422 3002 531 3047 tam
559 2995 631 3049 sit
659 2997 867 3050 caneris
895 2996 1127 3052 bomiliis
1156 2990 1373 3051 Maximi
1400 2995 1523 3065 styli
1562 2995 1772 3065 ratione
1802 2991 2018 3065 similis,
2048 2991 2182 3065 nihil
2216 2998 2275 3044 ut
2308 2990 2433 3065 tingi
2464 2992 2905 3065 possitsimilius.
2934 2992 3141 3065 itaque
3171 2993 3407 3065 codices,
3436 2997 3482 3050 ir

250 3064 404 3119 uibus
430 3066 619 3134 eadem
645 3066 759 3121 hate
781 3077 967 3121 nostra
989 3065 1209 3121 homilia
1231 3066 1429 3122 omissa
1451 3059 1552 3131 est,
1576 3064 1707 3134 nihil
1730 3078 1932 3134 moror.
1956 3059 2124 3134 Hujus
2145 3068 2324 3134 autem
2353 3062 2407 3115 in
2429 3061 2615 3134 codice
2646 3059 3151 3134 Yaticanohtecest
3172 3059 3449 3134 inscriptio
3475 3085 3487 3119 :

247 3151 274 3185 η
296 3134 461 3187 natali
488 3136 549 3189 S.
573 3132 836 3205 Cypriani.
869 3136 927 3189 In
957 3137 1185 3191 aliorum
1209 3129 1572 3205 quibusdam:
1608 3133 1684 3187 De
1730 3132 2140 3205 eodem__natali.
2184 3129 2239 3183 In
2273 3130 2569 3205 Veronensi
2604 3150 2630 3205 ελ
2652 3130 2785 3184 Item
2816 3132 2955 3205 unde
2980 3150 3166 3205 _s_upra.
3212 3129 3489 3205 Editorum

219 3199 317 3275 fuit
344 3220 510 3275 nemo
552 3198 658 3275 qu'i'
674 3206 809 3260 hanc
840 3208 1009 3275 ipsam
1038 3198 1310 3261 homiliam
1342 3201 2013 3275 przetermittendamsibi‘
2031 3216 2162 3275 esse
2189 3198 2738 3275 putarit._gymnicns
2760 3216 2884 3275 pag».
2928 3202 3033 3254 245
3053 3198 3191 3275 'eam
3219 3204 3365 3259 dedit
3389 3206 3493 3261 hoc

217 3272 362 3347 titulo
397 3292 427 3347 :7
446 3269 680 3347 Hornilia
708 3269 937 3330 securi-da
956 3278 1093 3331 unde
1119 3294 1309 3347 supra;
1338 3269 1639 3347 Calesinius
1669 3286 1798 3347 pag._

1903 3272 1943 3334 5,
1965 3269 2231 3347 Cumdius
2263 3279 2393 3324 tom.
2420 3269 2638 3339 IV'pag.
2674 3269 2805 3335 774,
2843 3272 3166 3343 ltaynaudus
3207 3288 3329 3344 pag.
3360 3275 3484 3340 255,

216 3340 541 3412 Hargarinus
562 3346 617 3400 in
644 3345 781 3401 Bibl.
816 3347 957 3401 Max.
992 3362 1114 3417 pag.
1147 3340 1236 3412 40,
1269 3340 1371 3402 hac
1399 3340 1691 3416 epigraphe
1726 3340 1851 3396 :De
1877 3342 2055 3397 eodem
2083 3344 2233 3411 (esto.

218 3486 363 3568 360
379 3486 766 3568 Acarnanica.
785 3515 855 3568 -Σ
880 3486 1008 3568 lure
1031 3505 1092 3568 ac
1107 3489 1287 3568 merito
1306 3496 1407 3568 totp
1432 3488 1486 3541 in
1511 3487 1632 3541 orbe
1654 3485 1795 3541 Chri-
1822 3486 1864 3545 C
1899 3490 2070 3538 caelus
2093 3491 2147 3535 ct
2170 3498 2264 3536 sua
2286 3481 2454 3536 factus
2471 3488 2571 3545 est,
2604 3486 2660 3533 et
2687 3480 2914 3533 aliorum
2944 3489 3117 3534 morte
3139 3484 3491 3551 conspicuus?

279 3557 447 3630 stimto
486 3557 552 3609 de
598 3558 764 3630 gloria
812 3557 873 3611 S.
916 3559 1160 3630 Cypriani
1201 3560 1479 3630 lwtandum
1514 3569 1609 3630 est,
1646 3573 1796 3630 quem

278 3629 527 3680 sanctitas
559 3629 898 3708 sacerdotem,
939 3629 1126 3697 peritia
1174 3628 1466 3693 doctorem,
1501 3627 1632 3698 ﬁdes
1659 3627 1804 3683 ’πιαν-

280 3707 440 3766 tyrem
468 3707 800 3752 consecravit.

278 3842 331 3898 In
358 3846 618 3916 martyrio
644 3845 939 3901 beatissimi
970 3845 1221 3919 Cypriani
1254 3848 1499 3903 universa
1523 3850 1800 3904 nobiscum

220 3936 402 3992 Christi
429 3938 663 3992 exsultat
693 3938 955 4008 Ecclesia,
986 3955 1145 4009 quam
1172 3942 1224 3995 in
1248 3957 1409 3996 omne
1438 3941 1714 4010 gaudium,
1746 3951 1802 3997 et

220 4028 446 4083 cmlestis
496 4028 798 4084 eruditione
844 4032 1108 4085 sermonis
1158 4032 1431 4097 instruxit,
1481 4042 1536 4088 et
1580 4050 1800 4089 munere

225 4118 554 4189 triumphalis
574 4121 847 4189 sanguinis
876 4121 1180 4188 decoravit;
1211 4122 1311 4176 fuit
1339 4125 1479 4178 enim
1513 4124 1564 4178 in
1594 4139 1690 4189 eo,
1724 4124 1799 4179 si-

220 4219 301 4263 cut
326 4218 665 4281 cotnpertum
715 4212 1007 4278 habemus,
1041 4223 1096 4268 et
1137 4222 1325 4269 contra
1357 4229 1572 4269 errores
1600 4214 1799 4270 diaboli

221 4301 467 4369 spiritalis
513 4302 793 4372 sapientia:
832 4303 1141 4372 plenitudo,
1174 4312 1229 4359 et
1258 4304 1515 4359 adversus
1542 4320 1798 4375 perseeu-

218 4392 390 4449 tiones
419 4394 599 4449 mundi
641 4394 933 4450 Christiani
964 4396 1203 4467 pectoris
1233 4396 1512 4467 infatigata
1544 4407 1798 4453 constan-

218 4483 308 4538 tia.
331 4484 460 4550 Quis
490 4501 596 4539 non
625 4484 934 4554 hujusmodi
957 4487 1130 4541 virum
1175 4489 1392 4557 quantis
1422 4488 1565 4543 valet
1591 4505 1797 4559 pneco-

220 4573 319 4626 niis
342 4585 717 4644 prosequatur,
741 4576 893 4645 cujus
921 4577 1227 4648 eloquentia
1257 4578 1513 4649 inspirata
1542 4580 1797 4637 divinitus

222 4671 274 4715 et
300 4663 563 4720 Ecclesias
586 4667 787 4731 docuit,
822 4677 877 4723 et
898 4669 1151 4724 saacnlum
1181 4670 1513 4725 confutavit?
1542 4670 1681 4726 Vere
1709 4673 1796 4727 hic

228 4753 475 4811 mirabilis
513 4767 675 4825 atque
705 4758 945 4813 omnium
977 4759 1174 4827 ubique
1204 4761 1391 4815 studiis
1419 4762 1791 4825 celebrandus,

1903 3574 2203 3631 Justissime
2233 3575 2318 3629 hic
2340 3589 2460 3629 cum
2482 3572 2783 3643 patriarcha
2805 3570 2969 3625 David
3001 3575 3235 3628 cantavit
3262 3574 3489 3632 Domino

1902 3664 2012 3720 Deo
2042 3682 2139 3719 suo
2166 3665 2349 3719 dicens
2375 3682 2387 3717 :
2414 3661 2515 3717 Cor
2535 3679 2700 3716 meum
2728 3671 2777 3715 et
2814 3678 2936 3716 caro
2966 3678 3077 3716 mea
3105 3664 3489 3721 exsultaverunt

1902 3759 1953 3818 in
1977 3756 2086 3811 Deo
2116 3758 2224 3810 viro
2249 3755 2421 3827 (Psal.
2447 3754 2693 3824 Lxxxut).
2722 3754 3023 3809 Exsultavit
3052 3755 3231 3825 itaque
3250 3773 3346 3813 cor
3372 3758 3490 3828 ejus

1903 3849 1954 3902 in
1986 3848 2096 3903 Deo
2118 3849 2259 3913 vivo,
2292 3864 2434 3912 cum,
2465 3848 2744 3903 morientis
2773 3862 2835 3902 ac
2861 3847 3106 3901 morituri
3128 3850 3308 3904 szeculi
3337 3852 3491 3906 vani-

1904 3950 2013 3995 tate
2033 3940 2308 4010 despecta,
2342 3947 2515 3993 totum
2541 3954 2599 3994 se
2627 3938 2819 3993 divinis
2840 3940 3167 4010 mancipavit
3190 3941 3487 4011 obsequiis;

1902 4032 2187 4087 exsultavit
2232 4038 2287 4085 et
2331 4046 2458 4085 caro
2506 4029 2620 4101 ejus
2671 4030 2723 4084 in
2752 4030 2894 4095 Deo,
2921 4047 3039 4102 qua:
3067 4032 3135 4088 de
3163 4033 3265 4089 hoc
3291 4035 3489 4093 mundo

1902 4140 2008 4178 non
2055 4123 2236 4178 miseri
2264 4123 2608 4193 corruptione
2634 4123 2937 4193 languoris,
2967 4125 3061 4180 sed
3099 4126 3202 4195 piis
3237 4144 3335 4197 pro
3366 4130 3492 4185 reli-

1900 4216 2058 4284 gione
2086 4215 2360 4285 suppliciis
2380 4223 2689 4269 consecrata
2714 4215 2981 4283 migravit.
2996 4215 3093 4270 Hic
3113 4226 3195 4271 est
3216 4218 3305 4273 ille
3324 4236 3492 4276 evan-

1899 4307 2101 4376 gelicus
2129 4306 2514 4377 paterfamilias
2542 4305 2820 4375 proferens
2844 4306 2911 4361 de
2941 4307 3197 4364 thesauro
3223 4326 3323 4366 suo
3350 4330 3490 4368 nova

1900 4407 1955 4453 et
2000 4407 2187 4453 vetera
2220 4396 2452 4468 (Matth.
2486 4396 2597 4467 ut);
2636 4396 2726 4465 qui
2770 4396 2979 4451 Veteris
3025 4398 3266 4470 Novique
3297 4400 3487 4456 Testa-

1898 4488 2065 4543 menti
2112 4503 2277 4542 unum
2307 4494 2468 4556 atque
2523 4485 2575 4540 id
2617 4486 2789 4556 ipsum
2824 4487 3139 4557 mysterium
3168 4489 3484 4559 prtedicans,

1899 4576 2169 4634 Ecclesias
2196 4577 2394 4633 Christi
2426 4576 2841 4646 locupletissima
2891 4575 3253 4647 diSputatione
3278 4578 3486 4635 ditavit.

1899 4669 2325 4739 lncorruptibilis
2352 4677 2516 4736 atque
2544 4666 2843 4723 indefessus
2873 4668 3014 4723 illius
3042 4676 3127 4723 est
3173 4669 3332 4725 hodie
3371 4672 3492 4727 the-

1897 4775 2105 4823 saurus,
2139 4760 2230 4829 qui
2260 4761 2541 4829 pecuniam
2586 4759 2789 4815 domini
2817 4760 2899 4815 sui
2932 4761 3300 4815 nummulariis
3344 4763 3491 4819 fene-

227 4858 385 4912 quem
421 4849 679 4902 sanctitas
714 4849 1073 4915 sacerdotem,
1099 4851 1293 4919 peritia
1328 4851 1628 4921 doctorem,
1666 4852 1796 4907 ﬁdes
1822 4854 1875 4913 D
1901 4868 2030 4907 rans
2055 4852 2295 4922 quotidie
2342 4852 2397 4906 in
2448 4851 2610 4907 corde
2658 4851 2889 4907 fidelium
2936 4851 3139 4906 cmlesti
3186 4852 3490 4910 divitiarum

226 4945 506 5008 martyrem
530 4941 887 4995 consecravit.
920 4940 1174 5006 Pretiosa,
1200 4942 1371 5011 inquit
1394 4943 1581 5010 David,
1605 4945 1659 4997 in
1680 4961 1802 4998 con-

224 5038 393 5096 spectu
411 5029 613 5084 Domini
631 5049 769 5084 mors
792 5042 1089 5085 sanctorum
1109 5033 1220 5102 ejus
1235 5032 1407 5103 (Psal.
1423 5033 1567 5104 cxv).
1588 5034 1797 5098 Videte,

224 5120 497 5182 carissimi,
514 5123 569 5176 in
584 5131 841 5191 quantam
858 5124 1179 5178 venerabilis
1194 5122 1491 5195 Cyprianus
1505 5126 1663 5179 etiam
1677 5142 1801 5195 pro-

220 5211 484 5280 pheticam
529 5215 803 5284 ingressus
828 5223 911 5269 est
940 5216 1185 5282 laudem,
1213 5216 1367 5285 cujus
1413 5217 1467 5271 in
1505 5227 1800 5287 conspectu

222 5301 427 5359 Domini
447 5323 552 5362 non
575 5308 750 5362 solum
776 5322 944 5373 mors,
974 5308 1067 5363 sed
1097 5317 1152 5363 et
1177 5308 1285 5362 vita
1308 5310 1513 5365 exstitit
1539 5310 1796 5380 pretiosa;

221 5396 497 5453 moriendo
525 5415 759 5471 namque
794 5400 1071 5470 proprium
1112 5398 1330 5456 Christo
1358 5401 1669 5471 sanguinem
1699 5401 1796 5455 de-

222 5484 340 5549 dit;
386 5490 606 5545 vivendo
660 5491 1009 5547 nihilominus
1063 5492 1441 5548 cohortatione
1508 5492 1796 5547 fortissima

221 5578 523 5637 innumeros
550 5584 689 5640 coelo
722 5594 985 5658 martyres
1013 5587 1314 5657 acquisivit.
1348 5585 1489 5652 Quid
1535 5586 1639 5640 hoc
1682 5585 1796 5639 cla-

222 5669 335 5733 |’ius
354 5674 642 5740 sacerdote,
674 5676 765 5743 qui
795 5676 938 5732 inter
956 5678 1233 5733 hominum
1262 5679 1446 5733 turbas
1483 5678 1653 5747 gloria
1679 5693 1793 5733 ete-

222 5762 371 5817 lestis
393 5768 819 5823 conversationis
861 5771 1099 5839 emicuit,
1150 5780 1312 5839 atque
1344 5772 1486 5827 inter
1523 5772 1795 5842 angelicos

457 5863 729 5920 Ρλτιιοι..
776 5862 961 5926 LVII.

1909 4954 2150 5001 sanctam
2181 4944 2450 5013 conquirit
2479 4959 2696 4998 usuram
2725 4942 2938 5014 (Matth.
2977 4942 3122 5012 xxv).
3154 4942 3291 5010 Quid
3311 4946 3491 5015 igitur,

1907 5040 2121 5103 fratres,
2156 5046 2309 5093 tanto
2338 5036 2633 5107 speciosius
2663 5036 2796 5099 viro,
2840 5036 2995 5103 cujus
3039 5035 3155 5089 inec
3199 5044 3283 5091 est
3309 5039 3491 5107 regula

1906 5140 1962 5186 et
1987 5146 2237 5185 mensura
2267 5128 2553 5195 sermonis,
2582 5136 2642 5181 ut
2684 5127 2823 5180 inter
2851 5126 3025 5181 varias
3053 5126 3327 5182 hominum
3361 5147 3492 5186 cau-

1904 5238 2013 5290 sas,
2045 5230 2329 5292 motusque
2358 5222 2617 5283 diversos,
2650 5234 2791 5273 nunc
2815 5217 3097 5274 affectione
3124 5221 3322 5290 patris,
3353 5239 3495 5280 nunc

1907 5316 2229 5370 auctoritate
2284 5313 2519 5368 doctoris
2570 5309 2884 5394 consoletur,
2924 5310 3181 5377 humiles,
3232 5314 3495 5382 superbos

1900 5405 2239 5477 comprimat,
2286 5403 2619 5472 negligentes
2665 5408 2874 5470 arguat,
2927 5401 3161 5471 increpet
3214 5404 3495 5462 inﬁdeles?

1901 5507 2158 5565 tantoque
2182 5478 2411 5564 denique
2433 5492 2629 5547 decore
2651 5492 3008 5548 sacerdotium
3038 5494 3309 5564 vitamque
3337 5510 3489 5552 suam

1903 5589 1983 5643 vir
2013 5585 2351 5642 ﬁdelissimus
2375 5582 2678 5646 adornavit,
2709 5590 2767 5637 ut
2799 5582 3096 5637 doctrinam
3123 5600 3274 5640 suam
3305 5585 3502 5640 subse-

1902 5679 2191 5748 quentibus
2238 5674 2581 5731 confirmaret
2629 5675 2920 5745 operibus,
2969 5674 3292 5730 dominicam
3343 5675 3485 5728 illam

1895 5768 2218 5825 sententiam
2271 5776 2456 5821 tenens
2490 5784 2499 5816 :
2537 5762 2633 5829 Qui
2663 5766 2891 5819 docuerit
2926 5774 2973 5818 et
3008 5765 3216 5834 fecerit,
3260 5764 3340 5815 hic
3369 5779 3488 5813 mu-

3194 5850 3265 5909 ιι
