4054 6190
338 344 443 398 ηε)

1689 337 1969 394 IlOMILIA
2009 338 2259 392 LXXXII.
3496 337 3599 390 450

335 471 526 511 eorum
553 453 789 525 propriis
822 453 1044 517 meritis,
1076 459 1311 507 attamen
1340 451 1579 507 eonsocii
1607 451 1911 504 sanctitate.
1947 468 1985 519 Α
2017 449 2221 503 ccelesti
2253 446 2515 501 medicina
2542 455 2593 501 ct
2633 446 2840 516 captiva
2878 446 3055 499 anima
3089 447 3155 501 de
3179 446 3376 501 diaboli
3396 448 3601 519 laqueis

335 546 429 600 Ait
455 545 597 599 enim
627 543 887 598 Dominus
916 542 1104 598 Petro:
1140 542 1215 597 Tu
1233 560 1287 597 es
1314 542 1518 607 Petrus,
1540 550 1588 595 et
1612 557 1764 609 super
1779 542 1913 593 hanc

332 644 532 705 petram
552 631 824 703 tediﬁcabo
843 632 1130 687 Ecclesium
1152 649 1350 698 meam;
1373 640 1420 686 et
1444 639 1607 701 porta:
1627 631 1783 701 inferi
1804 645 1909 683 non

335 734 362 763 ⁸
385 724 732 797 ρηεισαιεὺιιηι
751 726 796 778 ei
821 723 899 795 (11
904 726 1033 778 atth.
1051 724 1182 796 xvr).
1198 724 1254 779 Si
1275 738 1405 792 ergo
1426 724 1674 794 apostolo
1697 730 1752 777 et
1773 736 1914 776 mar-

335 816 440 886 tyri
462 814 625 871 Petro
670 816 862 870 inferni
907 824 1060 885 porta
1109 832 1215 871 non
1244 816 1530 886 prtevalet,
1560 814 1799 883 quisquis
1825 828 1914 867 so-

332 906 510 961 ciatur
539 906 761 977 martyri
803 913 1006 961 tartaro
1047 923 1152 962 non
1198 914 1427 962 tenetur.
1478 905 1735 976 Martyres
1772 903 1915 958 enim

332 995 527 1051 inferni
571 1005 728 1066 porta
771 1012 878 1051 non
926 997 1196 1067 possidet,
1238 998 1493 1067 quoniam
1538 1011 1633 1050 eos
1679 993 1910 1064 paradisi

332 1087 362 1127 δ
391 1101 556 1155 regna
584 1088 901 1157 suscipiunt.
936 1088 1095 1159 264
1124 1088 1256 1143 Nam
1285 1087 1527 1142 videmus
1570 1102 1665 1141 eos
1694 1086 1781 1140 hic
1811 1085 1915 1140 uti-

332 1194 440 1248 que
480 1179 592 1248 jam
639 1193 895 1247 regnare;
940 1180 1209 1235 cernimus
1236 1179 1380 1233 enim
1413 1189 1434 1217 ο
1465 1178 1532 1233 ab
1559 1178 1635 1232 eis
1663 1178 1914 1231 obsessos

332 1268 771 1326 immundissimis
814 1270 1146 1326 dmmonibus
1189 1270 1434 1325 homines
1468 1268 1714 1331 liberari;
1748 1268 1821 1321 ita
1851 1276 1912 1321 ut

2015 548 2256 606 eruatur,
2280 546 2335 592 et
2356 538 2469 606 ipse
2496 537 2737 591 diabolus
2765 537 2988 592 vinculis
3012 538 3182 607 igneis
3206 539 3453 607 alligatus
3477 556 3602 611 pro-

2016 631 2242 686 ducatur
2253 631 2319 684 de
2333 646 2426 685 sua
2441 630 2750 699 captivitate
2762 630 3029 700 captivus;
3048 638 3105 685 ut
3123 632 3213 700 qui
3231 631 3462 701 prscdam
3478 648 3599 703 pau-

2016 722 2070 777 lo
2092 730 2218 777 ante
2237 730 2473 792 ceperat,
2498 722 2533 790 ix
2553 738 2609 776 se
2626 721 2880 778 subdatur
2902 723 2953 776 in
2975 720 2998 757 ἀ
3018 738 3251 793 ptenam.
3277 721 3401 777 Ilaec
3422 732 3478 778 et
3498 724 3600 779 alia

2016 812 2226 881 potiora
2243 811 2503 865 mirabilia
2530 826 2625 882 per
2648 822 2861 867 sanctos
2884 812 2997 867 ﬁeri
3019 815 3266 869 omnibus
3288 822 3471 869 notum
3496 825 3596 873 est.

2017 902 2084 957 Et
2120 902 2261 967 ideo,
2284 901 2498 968 fratres,
2521 918 2837 957 veneremur
2861 918 2955 957 eos
2977 905 3030 957 in
3063 913 3085 941 ε
3116 905 3310 959 εωουιο
3348 919 3482 973 quos
3502 906 3598 959 de-

2018 993 2259 1047 fensores
2282 993 2481 1047 habere
2498 991 2515 1030 τ
2534 1009 2811 1062 possumus
2842 994 2893 1047 in
2924 992 3128 1058 futuro;
3152 995 3445 1050 etsicuteis
3465 997 3600 1051 ossi.

2019 1087 2119 1140 bus
2140 1094 2418 1155 parentum
2449 1085 3053 1154 nostrorumjungimur,
3080 1086 3151 1140 ita
3164 1088 3310 1142 eteis
3332 1087 3453 1141 ﬁdei
3484 1087 3600 1141 imi-

2018 1176 2545 1245 tationejungamur;
2566 1177 2616 1229 in
2636 1176 2779 1230 nullo
2792 1177 2933 1230 enim
2955 1177 3022 1231 ab
3045 1178 3172 1247 ipsis
3197 1178 3432 1247 separari
3447 1186 3597 1247 poto-

2016 1267 2201 1333 rimus,
2226 1268 2271 1325 si
2290 1268 2557 1323 sociemur
2576 1269 2678 1323 illis
2692 1277 2799 1322 tam
2822 1269 3077 1335 religione
3105 1285 3261 1338 quam
3293 1285 3517 1340 corpore
3549 1279 3594 1323 ι.

1612 1381 1957 1442 HOMILIA
2002 1382 2326 1441 LXXXII.

1624 1482 1701 1536 De
1738 1484 1931 1536 sanctis
1962 1483 2288 1551 martyribus.

1765 1571 2153 1625 ADMONITIO.

403 1662 677 1737 Monuisse
722 1667 1147 1737 meﬂaliquando
1186 1669 1403 1722 memini
1446 1668 1784 1722 homiliarnm
1826 1683 2241 1737 sermonumque
2275 1666 2457 1721 titulos
2500 1667 2829 1735 compositos
2877 1667 3143 1722 interdum
3173 1667 3335 1723 fuisse
3378 1669 3600 1726 arbitrio

330 1735 759 1807 amanuensium.
796 1736 874 1807 Id
914 1735 1045 1807 vero
1083 1738 1389 1792 conﬁrmari
1430 1738 1691 1807 majorem
1731 1739 1783 1791 in
1813 1738 2029 1791 modum
2072 1738 2136 1791 iis
2157 1735 2435 1792 codicibus
2464 1738 2842 1806 manuscriplis
2862 1744 3080 1807 potest,
3109 1754 3337 1807 quorum
3367 1740 3601 1795 subsidio

331 1802 450 1877 lucc
474 1805 633 1859 nobis
661 1806 1136 1877 homilia_Maximi
1179 1817 1388 1864 servata
1419 1802 1531 1864 est:
1572 1808 1704 1862 Nam
1751 1808 1843 1877 qui
1882 1822 2009 1877 eam
2057 1808 2108 1861 in
2150 1807 2391 1877 codicem
2436 1802 2751 1877 Vaticanum
2784 1802 2916 1877 1629
2948 1802 3236 1875 transtulit,
3258 1809 3401 1863 hunc
3429 1809 3603 1864 eidem

331 1874 804 1950 titulum_pr;eﬁxit
831 1894 841 1927 :
878 1875 942 1929 In
973 1876 1140 1931 natali
1165 1879 1501 1950 phtrimorum
1530 1874 1841 1950 martyrum.
1864 1876 1966 1942 Qui
1992 1878 2043 1930 in
2068 1879 2293 1950 alterum
2316 1876 2630 1950 Vaticanum
2656 1876 2829 1950 1275;
2884 1875 2949 1930 In
2972 1878 3141 1950 natali
3165 1874 3314 1950 unius
3339 1882 3601 1950 martyris.

332 1942 436 2009 Qui
458 1944 511 1996 in
534 1943 980 2013 Ratisponensem
1001 1942 1174 2001 saneti
1194 1947 1518 2002 Emmerami
1540 1967 1552 2001 :
1574 1942 1871 2001 De'sanctis
1896 1946 2227 2014 martyribus.
2252 1947 2349 2012 Qui
2374 1948 2425 2000 in
2451 1947 2770 2002 Casinenses
2786 1946 2940 2013 duos,
2966 1947 3065 2001 119
3087 1956 3140 2002 et
3164 1948 3254 2000 'Ill
3294 1968 3305 2001 :
3333 1948 3397 2002 In
3421 1942 3604 2004 ndtivi-

333 2023 439 2087 tate
457 2023 754 2087 sanctorum
775 2027 1079 2087 martyrum.
1102 2018 1204 2083 Qui
1227 2018 1456 2087 denique
1489 2019 1540 2071 in
1576 2018 1954 2071 Martineusem
1981 2035 1993 2069 :
2034 2017 2098 2070 In
2128 2018 2292 2071 natali
2331 2027 2624 2071 sanctorum
2653 2025 2937 2086 martyrum
2962 2017 3354 2072 Taurinensium
3386 2016 3603 2084 Octarii,

333 2084 535 2157 Aventii
580 2094 643 2157 et
677 2084 953 2140 Solutoris.
998 2088 1054 2141 In
1092 2084 1574 2143 Breviaritrvetere
1603 2087 1957 2157 Strigoniensi
1986 2087 2175 2141 eadem
2206 2087 2422 2157 homilia
2452 2088 2591 2142 hanc
2619 2084 2832 2157 praefert
2860 2088 3260 2156 inscriptionem
3287 2107 3298 2140 :
3334 2087 3439 2142 Pro
3468 2106 3603 2143 com-

332 2156 478 2227 gnuni
508 2156 843 2227 plurimorum
870 2166 1156 2227 martyrum
1196 2158 1407 2211 homilia
1455 2160 1621 2211 sancti
1661 2155 1884 2210 Maximi
1910 2157 2167 2227 episcopi._
2210 2156 2317 2210 Nec
2346 2158 2542 2227 minor
2585 2155 2667 2212 eSt
2694 2155 2821 2227 fere
2847 2155 3110 2227 editorum
3143 2158 3193 2210 in
3224 2158 3375 2211 titulo
3406 2157 3606 2213 descri-

335 2222 523 2298 bendo
545 2226 799 2280 varietas.
850 2222 1389 2298 Apud'Gymnicum,
1440 2227 1766 2282 Galesinium
1817 2238 1871 2280 et
1916 2222 2263 2298 Itaynaudum
2309 2226 2594 2298 sichabet
2624 2244 2660 2298 :H
2686 2225 2938 2298 Ejusdem
2975 2226 3036 2298 de
3076 2230 3427 2298 martyribus:
3468 2229 3605 2297 apud

332 2292 621 2349 Cumdium
660 2310 789 2349 vero
836 2292 1289 2366 etMarga'rinum
1327 2315 1339 2349 :
1372 2292 1451 2350 De
1490 2299 1683 2351 sanctis
1721 2292 2053 2365 martyribus.
2105 2295 2262 2349 Ilisce
2292 2295 2526 2359 duobus,
2556 2292 2750 2365 quibus
2787 2294 3039 2365 sullragio
3068 2304 3193 2351 sunt
3215 2292 3426 2353 codices
3452 2292 3606 2353 casi-

329 2378 567 2439 genses,
598 2365 800 2439 assensi
829 2382 1033 2422 sumus.
1057 2365 1069 2439 ξ
1091 2367 1233 2439 Nihil
1261 2368 1405 2439 enim
1434 2368 1487 2421 in
1510 2368 1610 2422 hac
1638 2366 1852 2420 Maximi
1882 2366 2100 2439 homilia
2129 2374 2210 2420 est
2228 2408 2242 2431 ,
2272 2365 2417 2434 quod
2443 2378 2550 2439 tam
2579 2366 2852 2439 proprium
2885 2367 2953 2419 sit
2980 2374 3286 2439 sanctorum
3302 2375 3607 2439 martyrum

329 2432 783 2507 Taurinensium,
822 2445 882 2489 ut
905 2446 1028 2507 apte
1058 2436 1109 2490 in
1153 2438 1289 2491 alios
1318 2438 1605 2507 plerosque
1632 2445 1897 2507 martyres
1925 2436 2118 2490 cadere
2144 2452 2251 2507 non
2282 2432 2438 2505 posse
2466 2432 2728 2507 videatur.
2765 2435 2897 2507 Cum
2928 2452 3091 2504 porro
3123 2437 3355 2507 insignis,
3371 2438 3440 2492 sit
3455 2432 3608 2507 'codi~

327 2504 858 2575 cumreditorumque
908 2504 960 2559 in
1010 2515 1229 2562 auctore
1279 2504 1922 2562 Maximo—constituendo
1948 2506 2268 2575 constantia,
2316 2521 2415 2558 nec
2454 2505 2743 2575 quidquam
2771 2506 2823 2557 in
2858 2506 3075 2559 homilia
3120 2507 3189 2561 sit
3217 2504 3361 2575 quod
3391 2523 3419 2560 a
3449 2506 3608 2565 ductu

326 2574 807 2647 orationissancti
843 2574 1082 2647 ejusdem
1119 2577 1371 2633 antistitis
1400 2577 1665 2647 discrepet
1684 2620 1698 2643 ,
1730 2576 2010 2647 pendenda
2046 2574 2286 2645 profecto
2315 2575 2465 2647 nihili
2496 2584 2579 2647 est
2606 2574 2857 2647 editionis
2886 2591 3109 2647 operum
3143 2574 3316 2631 sancti
3345 2577 3609 2633 Ambrosii

326 2640 655 2701 Parisiensis
683 2640 949 2715 primm—ac
972 2646 1226 2701 Romanae
1253 2656 1563 2703 curatorum
1577 2640 1883 2702 auctoritas
1903 2689 1917 2713 ,
1949 2640 2067 2700 ean]
2097 2654 2285 2701 sancto
2313 2644 2486 2700 eidem
2517 2644 2799 2700 Ambrosio
2828 2640 3228 2701 ascribentium.

328 2753 732 2827 Ancivusxrun.
768 2788 838 2798 -—
868 2754 996 2810 Cum
1036 2760 1341 2827 martyrium
1383 2760 1533 2811 totius
1568 2758 1643 2827 sit
1667 2766 1918 2810 anteactis
1950 2761 1993 2819 Β
2016 2762 2334 2824 ‘cooptatur;
2369 2754 2435 2808 de
2462 2769 2568 2823 qua
2595 2754 2723 2807 mihi
2754 2753 2963 2808 videtur
2992 2753 3240 2809 Salvator
3266 2753 3445 2808 dicere
3471 2772 3481 2806 :
3510 2752 3610 2817 Qui

409 2826 528 2878 vita:
554 2828 799 2897 perfectio
828 2836 877 2879 et
908 2844 1125 2891 corona,
1164 2825 1417 2882 universae
1449 2829 1573 2899 legis
1609 2825 1920 2881 Christiana:

406 2906 609 2963 oportet
647 2907 923 2969 martyrem
962 2906 1246 2952 amatorem
1283 2901 1659 2969 perfectumque
1691 2906 1921 2951 servato-

408 2981 519 3018 rem
547 2983 602 3019 se
638 2965 934 3039 prmbuisse.
985 2969 1033 3039 A7
1069 2965 1344 3022 sanctitate
1370 2965 1515 3039 ergo,
1539 2965 1747 3037 praptcr
1770 2982 1923 3037 quam

413 3045 665 3107 martyres
696 3037 920 3107 victoriw
948 3038 1175 3107 palmam
1209 3037 1519 3103 meruerunt,
1552 3055 1638 3091 eos
1661 3054 1922 3090 commen-

409 3106 503 3158 dat
531 3095 590 3159 ε’.
616 3106 811 3159 doctor.
849 3095 1051 3160 Deinde
1078 3118 1259 3161 contra
1281 3095 1553 3162 avaritiam
1586 3107 1860 3169 declamat,
1893 3123 1924 3159 a

407 3192 509 3247 quo
534 3176 655 3230 vitio
682 3178 834 3247 pauci
864 3176 1145 3231 admodum
1180 3180 1443 3248 sapientes
1477 3195 1589 3233 sese
1620 3176 1920 3248 defendunt.

409 3285 669 3342 Suﬂicere
681 3288 836 3342 nobis
848 3287 1107 3343 deberent
1121 3289 1188 3343 ad
1204 3288 1502 3360 profectum
1518 3288 1705 3343 salutis
1726 3294 1925 3340 nostra;

322 3385 637 3448 martyrum
663 3379 904 3448 exempla
933 3388 1260 3443 sanctorum,
1278 3380 1369 3448 qui
1387 3386 1607 3449 propter
1628 3377 1926 3447 adipiscen-

327 3466 466 3522 dam
494 3467 766 3522 cmlestem
781 3483 1037 3523 coronam
1060 3469 1309 3523 omnibus
1332 3484 1390 3523 se
1410 3467 1677 3522 mandatis
1696 3465 1926 3523 domini-

332 3558 425 3613 cis
448 3558 834 3624 subdiderunt;
858 3566 913 3612 et
940 3558 1010 3612 ita
1031 3559 1238 3613 cunctis
1257 3559 1616 3627 devinxerunt
1642 3573 1701 3612 se
1723 3557 1929 3625 legibus

331 3648 673 3715 Salvatoris,
715 3658 773 3703 ut
818 3659 1040 3720 propter
1065 3658 1366 3706 anteactam
1394 3652 1559 3705 vitam
1590 3658 1929 3705 mererentur

334 3739 413 3793 ad
436 3740 574 3793 hanc
593 3741 830 3811 martyrii
851 3741 1074 3808 gloriam
1096 3741 1399 3810 pervenire.
1430 3741 1545 3795 Non
1569 3744 1712 3795 enim
1744 3740 1835 3795 illo
1858 3741 1926 3795 'iu

332 3840 593 3899 tempore
619 3838 823 3885 tantum
853 3831 1194 3901 perfecerunt
1222 3842 1545 3903 prteceptum
1567 3833 1797 3897 Domini,
1820 3847 1927 3901 quo

336 3919 699 3977 confessionis
726 3922 1040 3991 supplicium
1071 3923 1435 3992 pertulerunt;
1468 3922 1562 3978 sed
1592 3937 1810 3978 necesse
1846 3930 1929 3976 est

338 4012 473 4067 illos
494 4012 641 4083 prius
668 4013 959 4067 secundum
995 4012 1339 4079 Evangelium
1374 4014 1572 4068 vixisse
1600 4013 1837 4079 Christi,
1870 4022 1928 4066 ut

2026 2846 2130 2898 vult
2173 2846 2341 2897 venire
2367 2854 2481 2914 post
2508 2861 2618 2908 me,
2665 2845 2811 2898 tollat
2856 2862 3053 2898 crucem
3103 2862 3247 2898 suam
3286 2854 3334 2897 et
3371 2853 3610 2915 sequatur

2026 2952 2105 2989 me
2129 2934 2280 3004 (Luc.
2307 2934 2404 3005 ιχ).
2448 2932 2471 2971 ιι
2520 2935 2767 3005 Nunquid
2794 2951 2981 2990 omnes
3008 2944 3289 3006 martyres,
3320 2936 3410 3004 qui
3440 2936 3611 2990 secuti

2027 3035 2152 3080 sunt
2181 3026 2488 3089 Dominum,
2518 3027 2757 3081 cruciﬁxi
2786 3033 2912 3081 sunt
2942 3025 2996 3080 1?
3026 3025 3274 3095 Nunquid
3296 3042 3484 3082 omnes
3512 3027 3607 3082 vir~

2027 3119 2208 3187 gines,
2241 3119 2332 3187 qui
2370 3119 2521 3187 juxta
2566 3120 2942 3190 Apocalypsim
2977 3118 3124 3190 (Cap.
3158 3120 3266 3189 xlv)
3315 3129 3611 3190 sequuntur

2028 3208 2236 3275 Agnum
2280 3209 2393 3272 Dei,
2428 3211 2667 3265 cruciﬁxi
2711 3218 2853 3275 sunt,
2886 3220 2945 3265 ut
2990 3213 3319 3281 sequantur?
3364 3211 3611 3283 Nunquid

2028 3298 2225 3354 Paulus
2254 3301 2528 3369 apostolus
2568 3301 2854 3356 cruciﬁxus
2882 3302 3070 3366 fuerat,
3106 3318 3225 3355 cum
3253 3302 3379 3356 dicit
3424 3321 3436 3356 :
3480 3303 3610 3358 Mihi

2029 3400 2199 3444 autem
2226 3391 2359 3444 absit
2394 3392 2623 3462 gloriari,
2656 3394 2755 3445 nisi
2794 3394 2847 3445 in
2883 3409 3030 3445 cruce
3058 3391 3266 3446 Domini
3302 3396 3464 3447 nostri
3488 3395 3610 3450 Jesu

2029 3482 2238 3548 Christi,
2264 3500 2355 3553 per
2373 3500 2522 3551 quem
2561 3484 2684 3537 mihi
2727 3485 2945 3537 mundus
2986 3486 3265 3555 cruciﬁxus
3300 3496 3403 3552 est,
3448 3500 3496 3541 et
3518 3507 3611 3559 eyo

2030 3572 2220 3626 mundo
2249 3571 2391 3642 (Cal.
2420 3589 2501 3637 vi,
2534 3573 2677 3641 M)?
2706 3572 2818 3627 Hoc
2846 3582 3023 3627 autem
3067 3574 3228 3639 dicit,
3261 3584 3317 3628 ut
3349 3577 3609 3646 intelligas

2029 3679 2238 3719 crucem
2264 3680 2368 3717 non
2399 3664 2524 3731 ligni
2547 3679 2661 3717 esse
2682 3664 2996 3733 patibulum,
3021 3664 3114 3718 sed
3142 3666 3264 3719 vita:
3295 3666 3610 3737 virtutisque

2029 3755 2382 3825 propositum.
2436 3753 2570 3807 Tota
2619 3754 2777 3821 igitur
2804 3754 2911 3808 vita
2943 3755 3228 3811 Christiani
3269 3758 3533 3825 hominis,
3565 3762 3608 3815 si

2029 3846 2331 3901 secundum
2367 3845 2714 3913 Evangelium
2741 3846 2917 3911 vivat,
2948 3863 3080 3902 crux
3107 3858 3188 3904 est
3216 3858 3379 3920 atque
3404 3862 3609 3927 marty-

2029 3937 2186 3989 rium.
2220 3935 2330 3991 Sed
2368 3936 2473 3990 hoc
2501 3943 2582 3989 est
2601 3977 2614 3999 ,
2647 3937 2790 4005 quod
2822 3938 2873 3991 in
2902 3939 3057 3993 nobis
3082 3939 3297 3996 dilﬁcile
3325 3946 3609 4013 reperitur,

2032 4034 2089 4079 ut
2116 4041 2302 4079 omnes
2324 4035 2474 4080 actus
2496 4027 2661 4079 nostri
2692 4026 2981 4081 secundum
3010 4026 3352 4097 Evangelium
3381 4032 3612 4103 dirigan-

340 4102 547 4193 Christi
591 4102 923 4193 passionibus
944 4104 1262 4193 potirentur.
1287 4103 1513 4157 Necesse
1530 4113 1611 4158 est
1632 4102 1659 4140 ιι
1681 4106 1842 4169 enim,
1869 4113 1926 4157 ut
1955 4132 2000 4193 ρ
2031 4122 2144 4175 tur;
2176 4120 2337 4183 atque
2365 4115 2516 4179 ideo,
2546 4116 2969 4183 quotiescunque
3001 4117 3361 4189 voluptatibus
3399 4102 3610 4180 voluta-

340 4192 501 4246 iztitia
521 4192 661 4247 bona
682 4192 907 4259 fuerint,
932 4210 1157 4263 quorum
1182 4192 1301 4248 ﬁnis
1322 4202 1405 4247 est
1424 4194 1658 4262 optimus
1680 4196 1927 4249 subsecu-

337 4290 469 4349 tus;
493 4291 546 4336 et
564 4292 827 4354 martyres
847 4298 941 4338 eos
963 4300 1067 4338 non
1089 4285 1263 4338 solum
1280 4284 1441 4339 fuisse
1462 4300 1581 4339 cum
1610 4286 1751 4354 passi
1780 4294 1924 4351 sunt,

340 4372 512 4442 265
536 4372 628 4426 sed
648 4373 809 4426 etiam
834 4382 1093 4444 martyres
1114 4373 1310 4429 Christi
1336 4374 1498 4429 fuisse
1517 4391 1636 4429 cum
1661 4377 1923 4429 viverent.

343 4460 551 4531 Martyr
578 4463 717 4517 enim
766 4463 955 4519 Latine
1002 4466 1151 4519 testis
1178 4466 1402 4531 dicitur;
1445 4465 1456 4503 ί
1493 4483 1557 4521 ac
1583 4469 1928 4537 quotiescun-

342 4565 457 4618 que
485 4552 638 4605 bouis
666 4554 872 4608 actibus
899 4555 1206 4609 mandatum
1249 4555 1447 4610 Christi
1488 4557 1735 4621 facimus,
1768 4559 1927 4613 toties

344 4642 563 4696 Christo
592 4645 951 4698 testimonium
982 4647 1321 4715 perhibemus
1376 4646 1525 4703 Unde
1555 4658 1610 4703 et
1646 4667 1774 4705 crux
1819 4651 1925 4705 Do-

346 4734 482 4787 mini
513 4748 617 4788 non
665 4735 755 4788 illa
797 4743 1001 4789 tantum
1028 4736 1223 4791 dicitur
1247 4753 1365 4806 qua:
1394 4740 1655 4808 passionis
1685 4748 1927 4809 tempore

345 4826 482 4895 ligni
522 4827 771 4883 afﬁxione
799 4830 1155 4895 construitur,
1206 4831 1219 4880 i
1259 4831 1353 4885 sed
1400 4840 1455 4885 et
1502 4832 1590 4885 illa
1618 4848 1736 4901 quin
1766 4835 1928 4887 totius

346 4920 473 4973 vitm
519 4921 782 4975 curriculo
830 4928 1143 4975 cunctarum
1192 4922 1595 4991 disciplinarum
1644 4925 1928 4989 virtutibus

423 5068 449 5094 ι
490 5057 656 5113 Codd.
701 5056 979 5126 Urbevct.,
1017 5056 1265 5112 Casineu.
1298 5067 1353 5111 et
1384 5056 1661 5125 Lateran.,
1687 5060 1926 5114 adversus

343 5146 462 5183 eam
472 5168 485 5180 .

423 5199 448 5235 δ
488 5195 619 5268 Cod.
647 5196 855 5265 Casin.,
884 5199 1115 5268 paradisi
1139 5215 1348 5267 regnum
1381 5200 1620 5268 suscepit.
1668 5193 1675 5199 ’

424 5280 446 5307 ε
492 5266 726 5335 Uterque
754 5266 959 5323 cod.‘S.
987 5269 1173 5322 Crucis
1198 5266 1254 5321 in
1292 5268 1425 5335 Jer.,
1454 5278 1509 5322 et
1528 5266 1700 5323 etiam
1740 5270 1918 5324 Casin.

342 5336 609 5409 legitiab
629 5336 708 5391 his
740 5342 1028 5409 frequenter
1048 5338 1296 5409 obsessos,
1327 5348 1431 5393 etc.

416 5405 444 5445 δ
491 5405 724 5477 Uterque
741 5405 871 5463 cod.
901 5409 1017 5475 cit.,
1042 5408 1290 5462 subdatur
1317 5411 1369 5462 in
1401 5409 1650 5477 prwdam.

420 5489 445 5516 ο
486 5478 543 5531 In
572 5478 692 5532 cod.
720 5477 968 5532 Urbevet.
994 5490 1048 5532 ct
1076 5478 1279 5543 Casin.,
1308 5496 1393 5533 eos
1423 5480 1472 5531 in
1496 5481 1590 5534 hoc
1618 5482 1823 5533 stmulo.

420 5548 439 5587 ί
486 5548 655 5603 Codd.
689 5548 893 5613 Casin.,
924 5547 1173 5602 Urbevet.
1205 5558 1255 5603 el
1287 5548 1559 5615 Lateran.,
1581 5551 1834 5618 possimus
1857 5552 1909 5603 in

344 5626 549 5693 (ururo;
578 5628 627 5693 et
648 5619 779 5693 sicut
800 5635 915 5671 cum
936 5619 1012 5693 eis
1033 5619 1229 5672 ossibus
1250 5629 1543 5693 parentum,
1572 5628 1676 5674 etc.

414 5703 440 5737 κ
480 5689 649 5745 Codd.
677 5687 925 5743 Urbevet.
948 5730 963 5752 ,
994 5686 1275 5753 Lati-ram,
1306 5690 1563 5743 Vallicell.
1606 5706 1691 5744 xIx
1722 5698 1777 5744 et
1813 5691 1911 5745 Ca-

339 5764 473 5827 εἰη,
503 5759 638 5831 quod
664 5762 773 5831 ipse
800 5769 1055 5827 prarstare
1084 5759 1338 5831 dignetur,
1382 5762 1464 5830 qui
1514 5761 1628 5813 vit'it
1656 5770 1703 5815 et
1734 5771 1913 5832 regnat

1944 5513 1994 5572 D

2033 4222 2170 4267 mur,
2197 4220 2407 4260 crucem
2434 4204 2727 4260 Salvatoris
2756 4208 3063 4260 amittimus.
3091 4208 3333 4265 Christus
3362 4215 3503 4268 enim
3532 4226 3613 4271 est

2033 4296 2269 4361 castitas,
2300 4311 2423 4365 pax,
2456 4296 2681 4357 veritas,
2734 4299 3109 4352 mansuetudo.
3156 4299 3435 4365 Quomodo
3482 4322 3611 4374 ergo

2032 4396 2212 4456 potest
2265 4386 2496 4440 castitati
2550 4388 2913 4442 testimonium
2961 4390 3243 4457 perhibere
3290 4400 3611 4463 corruptus?

2034 4478 2138 4530 Aut
2166 4476 2436 4544 quomodo
2466 4485 2643 4545 potest
2672 4493 2858 4547 pacem
2888 4479 3196 4549 ptmdicare,
3223 4482 3373 4550 cujus
3402 4487 3611 4539 animus

2033 4583 2245 4637 semper
2290 4569 2339 4621 in
2370 4568 2461 4622 lite
2490 4571 2609 4623 est?
2638 4569 2756 4635 Quo
2798 4580 2956 4640 pacto
2984 4572 3145 4628 etiam
3184 4575 3484 4641 veritatem,
3520 4589 3613 4631 aut

2034 4661 2492 4715 mansuetudinem
2537 4665 2766 4731 qualiter
2810 4666 3043 4719 servabit
3090 4668 3427 4721 inconstans?
3469 4668 3613 4735 Quo-

2034 4749 2215 4811 modo,
2242 4750 2789 4831 inquam,_possumus
2810 4754 2874 4807 ad
2905 4757 3145 4826 martyrii
3172 4756 3395 4825 gloriam
3426 4773 3612 4827 pervc-

2036 4841 2179 4900 nire,
2203 4857 2340 4909 lcum
2381 4842 2525 4896 dicat
2571 4843 2827 4899 Dominus
2871 4864 2882 4898 :
2928 4844 3105 4899 Nolite
3131 4847 3392 4914 possidere
3431 4867 3612 4905 aurum

2035 4928 2247 5000 (Matth.
2280 4932 2362 5001 χ).
2401 4943 2436 4967 τη
2462 4932 2574 4987 lIcc
2616 4942 2793 4989 autem
2841 4936 3158 4989 habentibus
3195 4937 3353 5005 dicit;
3400 4942 3537 4996 unde
3569 4944 3612 4997 si

2032 5062 2083 5115 in
2114 5064 2303 5116 scecula
2332 5064 2652 5118 swculorum.
2678 5066 2858 5119 Amen.

2103 5130 2129 5205 ξι
2154 5133 2286 5205 Cod.
2319 5133 2556 5205 Marum.
2589 5134 2809 5189 Necesse
2831 5145 2924 5197 est,
2953 5138 3178 5205 inquam.

2108 5202 2122 5239 ί
2157 5204 2290 5275 Cod.
2320 5204 2531 5275 Martia.
2564 5222 2670 5259 non
2696 5208 2851 5258 habet
2884 5202 3199 5275 particulam
3227 5225 3305 5261 ac.

2103 5276 2116 5322 1
2152 5273 2284 5329 Cod.
2317 5274 2527 5328 Martin.
2559 5276 2729 5341 rejicit
2756 5276 2864 5327 scd.

2098 5341 2122 5381 ¹ι
2152 5343 2284 5399 Cod.
2310 5343 2522 5398 Martin.
2550 5346 2747 5399 omittit
2770 5347 2907 5401 hanc
2928 5347 3402 5415 interrogationem
3425 5370 3436 5403 :
3460 5350 3608 5406 Nun-

2023 5415 2163 5483 quid,
2187 5424 2290 5469 etc.

2102 5483 2117 5522 ι
2153 5484 2284 5539 Cod.
2317 5484 2495 5539 Casin.
2526 5501 2607 5548 Ill,
2640 5487 2873 5548 cruciﬁxi
2904 5496 3022 5540 sunt
3052 5504 3167 5541 cum
3198 5486 3463 5544 Domino?

2090 5565 2129 5591 m
2159 5554 2292 5610 Cod.
2325 5556 2501 5610 Casia.
2533 5555 2677 5611 addit
2701 5575 2712 5610 :
2749 5554 2861 5611 Nos
2889 5559 3045 5611 etiam
3067 5559 3181 5610 auri
3209 5558 3401 5612 talenta
3422 5576 3603 5615 recon-

2020 5625 2204 5679 dimus.
2250 5624 2447 5683 Nolite.
2476 5626 2665 5695 inquit,
2695 5629 2957 5697 possidere
3000 5645 3203 5682 aurum.
3252 5627 3366 5684 Hoc
3394 5646 3598 5688 aurum,

2021 5704 2126 5750 CIC.
