4054 6190
495 322 589 373 451

1735 317 1792 372 S.
1833 316 2078 372 MAXlMl
2117 317 2571 378 TAURINENSIS

3661 324 3762 378 £52

497 433 812 488 habentibus
835 449 1021 488 aurum
1046 431 1322 503 possidere
1338 431 1606 500 prohibet,
1635 444 1736 482 non
1762 429 2076 483 habentium
2108 434 2153 492 Α
2187 439 2211 466 ο
2241 431 2533 495 notionem,
2580 431 2710 486 nihil
2756 446 2822 486 ex
2871 446 2938 486 eo
2984 431 3318 502 proferentes
3364 431 3653 504 aliquando
3696 436 3760 488 ad

494 523 837 594 cupiditatem
863 534 888 561 ι
915 538 1033 592 qum
1060 538 1219 592 poena
1244 521 1598 576 condemnat?
1615 519 1739 574 Etsi
1755 519 1845 588 qui
1861 519 2078 590 propria

496 621 578 668 ret
601 624 740 676 neut
775 614 1022 668 amittere
1053 613 1338 681 iubentur,
1383 611 1456 666 illi
1485 611 1576 679 qui
1611 611 1786 665 aliena
1827 610 2082 680 diripiunt

494 721 654 775 quam
676 705 906 774 graviter
929 705 1229 759 feriuntur?
1258 702 1396 758 Sunt
1416 704 1558 758 enim
1580 703 1841 773 plerique,
1868 703 2077 767 fratres,

495 796 584 864 qui
615 811 734 851 cum
757 796 944 850 humili
964 795 1084 851 loco
1114 793 1280 865 geniti
1307 794 1523 860 fuerint,
1552 802 1607 850 et
1635 794 1807 848 nullas
1836 810 1864 847 a
1889 809 2082 863 paren-

498 887 638 941 tibus
665 886 878 941 divitias
897 887 1172 942 consecuti
1193 895 1335 951 sunt,
1360 893 1508 939 tanta
1532 884 1768 939 avaritias
1790 885 2082 954 cupiditate

493 978 782 1047 iactantur,
814 987 872 1032 ut
900 986 1088 1048 putent
1115 994 1174 1032 se
1201 978 1318 1032 sine
1341 992 1501 1033 causa
1539 986 1726 1043 natos,
1760 977 1861 1031 nisi
1891 991 2080 1031 aurum

493 1083 710 1138 quoquo
741 1077 897 1139 pacto
928 1069 1289 1139 possederint;
1336 1068 1708 1124 existimantes
1748 1068 1912 1131 enim,
1943 1067 2082 1122 sicut

495 1161 569 1214 ait
592 1163 852 1230 propheta
877 1161 1030 1230 (Sap.
1056 1161 1189 1228 xv),
1221 1160 1386 1214 vitam
1417 1159 1696 1214 hominum
1725 1158 2080 1228 compositam

495 1251 560 1304 ad
584 1251 809 1313 lucrum,
838 1265 942 1303 non
975 1249 1223 1303 dubitant
1247 1249 1620 1318 undecunque,
1647 1249 1809 1303 etiam
1826 1263 1891 1302 ex
1916 1248 2078 1312 malo,

495 1341 808 1410 acquirere;
839 1347 1001 1407 atque
1031 1337 1058 1376 ι)
1089 1338 1162 1391 ita
1193 1337 1498 1407 huiusmodi
1539 1338 1817 1403 lintnines,
1847 1337 1974 1390 dum
2002 1336 2085 1390 lu-

494 1447 642 1485 crum
665 1431 778 1483 auri
801 1437 1064 1497 qumrunt,
1085 1429 1339 1481 damnum
1361 1427 1546 1482 salutis
1569 1427 1864 1482 inveniunt.
1884 1427 2084 1495 Requi-

495 1536 693 1584 ramus,
728 1521 938 1583 fratres,
963 1519 1127 1590 268
1163 1517 1587 1586 quotusquisque
1615 1525 1700 1572 est
1729 1519 1820 1587 qui
1847 1518 1951 1572 hoc
1975 1531 2085 1572 non

497 1613 568 1667 sit
597 1611 874 1666 imbutus?
903 1609 1065 1664 Pauci
1094 1608 1379 1663 admodum
1406 1609 1676 1678 sapientes
1695 1609 1763 1662 ab
1791 1608 1893 1662 hac
1915 1607 2084 1677 pesti-

495 1704 657 1758 lentia
680 1719 740 1757 se
765 1701 1076 1757 defendunt.
1101 1699 1158 1755 Si
1182 1700 1571 1770 negotiatorem
1596 1699 1832 1767 cogites;
1863 1706 2086 1768 propter

2186 537 2374 589 usum,
2427 538 2494 576 ne
2541 523 2749 592 apertio
2797 523 3121 578 latebrarum
3161 522 3232 576 sit
3275 538 3438 578 causa
3481 523 3756 593 prodendi.

2182 608 2410 664 Servant
2430 619 2608 666 autem
2631 611 2757 666 illud
2784 620 2838 667 et
2869 627 2976 668 non
3001 620 3241 677 utuntur,
3263 621 3504 678 servant,
3529 614 3758 683 inquam;

2181 703 2431 758 custodes
2459 718 2586 772 ergo
2631 704 2858 759 dixerim
2902 704 3036 759 istos
3079 717 3231 766 esse,
3264 720 3373 760 non
3413 704 3680 770 douiinos,
3708 715 3761 760 et

2183 794 2416 849 alienum
2460 794 2738 849 attendere
2777 794 3075 863 diligenter,
3109 809 3214 848 non
3261 794 3540 864 proprium
3569 809 3762 849 conve-

2183 883 2395 938 nienter
2443 882 2768 953 expendere.
2812 883 2948 950 Quid
2985 896 3135 951 ergo,
3167 881 3378 948 fratres,
3421 883 3620 954 putatis
3667 884 3758 937 ha-

2183 977 2313 1030 bere
2339 991 2528 1030 aurum
2558 990 2677 1031 esse
2709 975 2956 1029 divitias?
2989 974 3098 1044 Ego
3126 975 3354 1030 dixerim
3388 973 3624 1043 majores
3649 988 3763 1028 esse

2182 1069 2396 1124 divitias
2432 1083 2621 1123 aurum
2659 1084 2765 1122 non
2811 1069 3009 1122 habere
3049 1068 3384 1137 :pretiosior
3430 1067 3574 1122 enim
3616 1081 3762 1121 mens

2191 1161 2210 1199 ί
2254 1159 2401 1228 ejus,
2450 1175 2569 1230 quae
2598 1174 2785 1213 aurum
2825 1158 3051 1228 despicit
3095 1173 3255 1228 quam
3297 1172 3416 1227 qua:
3464 1171 3653 1224 aurum
3681 1171 3760 1211 re-

2184 1251 2387 1320 quirit,
2454 1250 2686 1318 majores
2739 1250 2900 1320 plane
2951 1257 3076 1303 sunt
3134 1249 3333 1303 divitizc
3405 1263 3512 1302 non
3568 1249 3760 1303 habere

2185 1355 2396 1408 aurum,
2447 1341 2539 1396 sed
2587 1356 2776 1394 aurum
2827 1340 3147 1395 habentibus
3186 1341 3444 1395 eminere.
3496 1339 3598 1406 Qui
3625 1341 3760 1395 enim

2185 1433 2417 1503 propriis
2444 1431 2677 1486 abundat
2706 1431 2860 1485 bonis
2878 1472 2892 1497 ,
2933 1431 3112 1485 szeculi
3141 1430 3423 1485 thesauros
3451 1445 3559 1485 non
3586 1431 3759 1499 requi-

2185 1524 2286 1590 rit;
2317 1524 2458 1579 bona
2490 1533 2515 1569 8
2545 1523 2688 1577 enim
2734 1529 2858 1576 sunt
2896 1521 3135 1591 propria,
3167 1522 3442 1586 honestas,
3485 1521 3757 1584 sobrietas,

2185 1613 2579 1678 misericordia,
2610 1614 2830 1668 castitas
2863 1631 2876 1665 :
2908 1628 3028 1682 quas
3056 1613 3197 1667 bona
3236 1613 3415 1667 omnia
3446 1627 3579 1666 auro
3603 1612 3760 1680 magis

2185 1714 2309 1759 sunt
2355 1698 2624 1774 pretiosa';
2675 1713 2733 1758 ut
2780 1703 2962 1759 sciatis
3001 1705 3094 1772 qui
3141 1704 3224 1758 his
3268 1704 3342 1757 ita
3373 1701 3400 1739 ιι
3433 1703 3619 1758 viliora
3646 1712 3761 1757 sunt

494 1795 773 1850 avaritiam
804 1794 1006 1864 primus
1044 1792 1097 1846 in
1127 1791 1282 1861 culpa
1313 1799 1412 1845 est.
1449 1802 1471 1830 ε
1504 1789 1561 1845 Si
1591 1790 1836 1844 militiam
1877 1799 2083 1845 tantum
2117 1808 2161 1868 Β
2186 1796 2399 1851 metalla
2426 1815 2437 1849 ε
2463 1798 2577 1850 auri
2604 1795 2804 1850 talenta
2830 1796 2934 1850 emi
2957 1804 3182 1865 possunt
3206 1813 3218 1848 :
3245 1795 3452 1865 argenti
3480 1810 3604 1849 vasa
3624 1809 3764 1850 com-

493 1885 780 1955 respicias;
813 1883 1078 1953 cupiditas
1107 1890 1219 1937 tota
1242 1890 1326 1936 est
1347 1881 1420 1935 illi
1443 1896 1604 1937 causa
1634 1881 1838 1936 militia:
1889 1879 1946 1935 Si
1973 1881 2088 1936 ofli-

494 1978 577 2032 cia
607 1975 810 2045 singula
841 1974 1214 2045 perscruteris,
1245 1973 1486 2027 invenies
1511 1973 1758 2027 homines
1787 1988 1896 2028 non
1915 1972 2088 2027 hone-

495 2076 640 2122 state
682 2066 873 2121 adduci
913 2063 980 2118 ad
1005 2064 1342 2134 obsequium.
1375 2064 1470 2119 sed
1499 2064 1676 2135 panda
1711 2064 1877 2119 veluti
1899 2063 1965 2119 ad
1994 2079 2088 2119 ne-

494 2161 701 2227 gotium
730 2158 1034 2230 provocari.
1077 2155 1277 2211 Omnes
1318 2157 1479 2225 igitur
1507 2172 1644 2226 pene
1685 2156 1848 2211 lucris
1888 2171 1952 2211 ac
1989 2171 2086 2211 ne-

495 2253 655 2321 gotiis
683 2250 933 2316 student;
965 2259 1020 2304 et
1058 2263 1180 2304 cum
1218 2249 1392 2319 primo
1431 2255 1656 2316 surgunt
1681 2247 1934 2312 diluculo,
1979 2262 2086 2302 non

493 2343 732 2410 cogitant
761 2340 862 2394 nisi
893 2348 951 2394 ut
977 2338 1177 2408 aliquid
1199 2337 1555 2408 undecunque
1584 2337 1900 2408 percipiant.
1930 2336 2086 2403 Quoa

493 2432 538 2487 si
571 2439 664 2486 aut
709 2430 965 2484 honestas
991 2429 1317 2491 convicerit,
1368 2437 1462 2482 aut
1499 2427 1760 2483 retuderit
1797 2427 2088 2496 judicantis

493 2522 802 2587 auctoritas,
835 2535 955 2574 cum
981 2535 1068 2574 res
1102 2519 1306 2575 alienas
1331 2506 1602 2588 diripiant,
1643 2521 1897 2574 damnum
1922 2535 1982 2574 se
2011 2518 2087 2574 fe-

491 2614 629 2670 cisse
674 2619 990 2682 queruntur.
1040 2609 1169 2665 Sine
1213 2625 1396 2674 causa,
1442 2609 1721 2678 inquiunt,
1771 2609 2081 2673 militamus,

490 2708 609 2762 sine
657 2719 818 2762 causa
869 2704 1204 2770 laboramus;
1252 2703 1413 2758 hodie
1459 2702 1678 2757 domum
1714 2700 1918 2756 referre
1953 2702 2084 2756 nihil

492 2797 664 2868 potui,
697 2795 949 2864 iniquitas
975 2793 1170 2864 judicis
1191 2793 1334 2848 male
1361 2808 1447 2847 me
1483 2791 1660 2847 facere
1685 2807 1793 2846 non
1818 2792 2078 2862 permisit.

491 2891 730 2944 Cunctos
759 2887 920 2956 igitur
947 2901 1085 2956 pene
1114 2886 1360 2940 homines
1387 2885 1555 2952 agitat
1583 2883 1838 2946 avaritia,
1874 2882 2084 2938 nullum

494 2981 667 3035 dehis
693 2979 934 3050 quietum
965 2992 1082 3032 esse
1118 2976 1399 3046 permittit.
1433 2975 1499 3029 lii
1521 2975 1666 3030 enim
1707 2974 1799 3043 qui
1827 2974 1955 3028 nihil
1983 2975 2082 3029 ha-

496 3075 626 3127 bent
669 3069 963 3140 cupiditate
1003 3076 1353 3139 torquentur;
1405 3069 1480 3123 illi
1520 3068 1613 3138 qui
1651 3067 1865 3123 divitias
1909 3069 2083 3139 possi-

2187 1887 2364 1958 parari
2386 1895 2635 1957 possunt;
2660 1887 2914 1942 honestas
2938 1886 3080 1941 enim
3106 1903 3214 1942 non
3234 1887 3448 1950 emitur,
3472 1886 3565 1940 sed
3588 1886 3761 1954 aequi-

2184 1978 2350 2043 ritur;
2380 1979 2506 2047 quia
2528 1994 2636 2032 nou
2662 1985 2876 2032 constat
2899 1979 3092 2048 pretio,
3122 1977 3216 2032 sed
3239 1977 3453 2032 virtute.
3485 1977 3566 2031 Tu
3589 1976 3762 2044 igitur,

2185 2070 2278 2139 qui
2308 2085 2499 2124 aurum
2526 2069 2790 2140 possides,
2813 2070 2857 2124 si
2887 2069 3083 2139 placet,
3107 2069 3246 2123 bona
3277 2069 3504 2123 invicem
3532 2066 3766 2122 contem-

2186 2177 2326 2216 mus.
2352 2159 2431 2214 Tu
2451 2175 2572 2215 cum
2595 2173 2820 2229 peregre
2840 2159 3212 2231 proficisceris,
3238 2158 3470 2212 thesauri
3496 2157 3572 2212 tui
3595 2170 3767 2212 neces—

2185 2255 2330 2310 sario
2353 2254 2510 2326 287
2531 2253 2678 2308 domi
2698 2261 2996 2318 remanent,
3024 2252 3222 2334 quibus
3241 2252 3399 2320 longe
3422 2266 3452 2304 a
3479 2259 3530 2305 te
3556 2249 3763 2320 positis,

2185 2362 2401 2417 semper
2430 2346 2687 2417 trepidus,
2718 2342 2932 2415 kmper
2956 2345 3193 2399 incertus
3213 2359 3290 2406 es,
3315 2358 3382 2398 ne
3402 2358 3525 2398 cum
3551 2342 3766 2397 domum

2185 2439 2430 2507 redieris,
2461 2454 2569 2494 non
2596 2438 2798 2493 habeas
2825 2436 2969 2506 quod
3013 2436 3268 2491 habebas.
3301 2434 3379 2489 lta
3407 2435 3533 2488 dum
3563 2447 3771 2502 semper

2185 2530 2531 2585 amissionem
2571 2543 2758 2584 eorum
2786 2527 3003 2593 metuis,
3035 2526 3178 2598 apud
3217 2524 3600 2580 conscientiam
3629 2528 3769 2576 tuam

2187 2622 2358 2676 nudus
2403 2629 2459 2676 et
2502 2635 2711 2691 pauper
2752 2632 2830 2674 es.
2874 2617 2988 2687 Ego
3033 2625 3212 2672 autem
3258 2629 3584 2686 quocunque
3626 2615 3766 2674 iero,

2184 2727 2319 2767 meae
2345 2711 2542 2766 divitia:
2571 2725 2657 2765 me
2701 2718 3018 2779 sequuntur,
3049 2723 3150 2765 nec
3191 2707 3432 2778 separari
3477 2715 3706 2777 possunt
3732 2720 3760 2758 ει

2185 2819 2273 2859 me
2291 2795 2465 2869 bona,
2495 2803 2752 2873 quoniam
2781 2818 2890 2857 non
2920 2810 3137 2858 terreno
3183 2816 3374 2872 specu,
3421 2799 3515 2855 sed
3543 2797 3772 2869 pectoris

2191 2896 2446 2950 thesauro
2474 2895 2794 2950 retinentur.
2828 2893 2907 2948 Tu
2935 2894 3096 2965 268
3115 2905 3235 2948 cum
3264 2890 3469 2946 recedis
3508 2904 3539 2943 a
3581 2887 3773 2944 stmulo

2185 2984 2555 3054 relinquendo,
2582 2992 2702 3039 tuas
2721 2983 2936 3039 divitias
2962 2982 3268 3054 perdidisti;
3294 2995 3394 3049 ego
3424 2988 3626 3041 autem,
3653 2992 3774 3033 cum

2184 3076 2316 3130 mihi
2338 3075 2404 3130 de
2425 3075 2530 3130 hoc
2560 3074 2576 3112 ί
2604 3075 2805 3130 mundo
2828 3075 3059 3143 migrare
3081 3073 3360 3140 contingit,
3388 3068 3603 3125 divitias
3629 3082 3775 3122 meas

495 3166 626 3219 dent
673 3161 1034 3218 sollicitudine
1071 3161 1407 3226 cruciantur;
1447 3175 1547 3215 nec
1586 3161 1716 3231 ipsis
1751 3158 1778 3197 ά
1817 3159 1955 3216 bene
2003 3170 2086 3216 est
2111 3177 2157 3239 ο
2189 3181 2400 3221 mecum
2419 3164 2484 3219 ad
2505 3165 2809 3235 paradisum
2832 3165 3133 3228 veho;tuas
3147 3163 3361 3217 divitias
3382 3168 3502 3230 post
3525 3167 3772 3220 mortem,

491 3255 581 3324 qui
613 3253 890 3311 recondito
928 3267 1060 3307 auro
1095 3251 1352 3306 incubant
1372 3290 1388 3315 ,
1427 3252 1534 3306 imo
1565 3250 1696 3321 ipsis
1723 3259 1808 3306 est
1845 3251 2080 3319 gravius.

489 3346 716 3416 Semper
742 3345 882 3400 enim
912 3352 1038 3398 sunt
1064 3342 1226 3407 anxii,
1268 3343 1466 3406 mmsti,
1495 3343 1708 3398 solliciti
1738 3358 1806 3399 ne
1835 3343 1942 3399 hoc
1969 3359 2082 3399 ser-

495 3454 590 3495 vus
619 3440 855 3503 auferat,
899 3455 966 3494 ne
1006 3437 1089 3494 fur
1133 3437 1380 3504 eﬂodiat;
1409 3447 1572 3509 atque
1599 3438 1722 3494 ideo
1745 3440 2085 3496 retrudentes

488 3534 623 3591 illud
654 3534 890 3590 tenebris
917 3533 989 3588 ita
1018 3533 1376 3601 abscondunt,
1402 3540 1458 3588 ut
1477 3533 1716 3588 omnium
1736 3533 2090 3603 subterfugiat

568 3661 591 3686 ⁸
620 3649 753 3704 Cod.
784 3649 962 3719 Casini.
995 3665 1073 3716 Ill,
1103 3664 1200 3719 qua
1232 3663 1380 3716 paena
1414 3645 1761 3702 condemnat?

571 3719 597 3757 ι’
624 3719 758 3773 Cod.
792 3718 1005 3771 Martia.
1038 3718 1240 3772 omittit
1266 3719 1358 3770 ita.

569 3800 590 3827 ε
622 3788 753 3842 Cod.
785 3787 1020 3847 Martin.,
1046 3787 1106 3840 Si
1128 3787 1429 3851 militantes,
1453 3787 1648 3842 deinde
1668 3798 1745 3840 est
1770 3788 1878 3842 illis
1897 3803 2076 3842 causa.

564 3858 589 3895 ά
622 3855 754 3912 Cod.
783 3856 989 3918 Casin.,
1014 3871 1107 3908 nec
1129 3856 1257 3922 ipsis
1285 3856 1423 3907 enim
1452 3853 1595 3908 bene.

2187 3257 2438 3328 exemplo
2474 3256 2614 3312 illius
2638 3257 2913 3327 purpurati
2938 3256 3136 3321 divitis,
3155 3255 3290 3324 ignis
3312 3261 3369 3308 et
3391 3252 3628 3308 tenebrat
3644 3251 3772 3306 sub-

2191 3358 2521 3418 sequentur;
2567 3363 2717 3403 meas
2766 3348 3010 3415 divitias,
3061 3346 3312 3418 exemplo
3364 3344 3582 3407 Lazari,
3629 3343 3773 3398 sinus

2195 3441 2420 3497 Abraha:
2454 3449 2508 3495 et
2534 3440 2811 3496 beatitudo
2839 3440 3114 3510 suscipiet.

2274 3645 2292 3684 ί
2326 3643 2458 3703 Cod.
2491 3645 2727 3711 Martin.,
2759 3647 3032 3716 pretiosior
3052 3647 3189 3700 enim
3218 3662 3358 3700 mens
3387 3656 3483 3713 est,
3513 3661 3633 3714 qua,
3664 3653 3766 3699 etc.

2261 3725 2288 3764 ε
2318 3717 2451 3772 Cod.
2485 3716 2696 3771 Martia.
2730 3717 2929 3771 omittit
2955 3718 3110 3771 enim.

2263 3785 2286 3823 ¹³
2318 3787 2453 3856 Cod.
2485 3787 2723 3850 Martim,
2747 3787 2963 3840 meliora
2987 3802 3086 3856 pro
3113 3786 3316 3841 viliora.

2263 3857 2279 3895 ί
2313 3855 2448 3912 Cod.
2479 3856 2688 3911 Martin.
2719 3857 2918 3912 omittit
2938 3854 3161 3922 mando;
3184 3855 3383 3913 omittit
3402 3854 3563 3910 etiam
3585 3866 3771 3909 vocent

568 3940 591 3963 υ
621 3925 754 3980 Cod.
791 3924 1023 3986 Martin.,
1068 3923 1407 3993 subterfugiat
1451 3924 1718 3990 notitiam,
1769 3925 1900 3979 nihil
1942 3927 2081 3980 enim
2183 3942 2346 3980 meas.

487 4013 560 4052 ραι
590 4012 667 4050 εο.

1439 4166 2062 4276 CLASSIS
2145 4147 2849 4296 QVARTA.

1306 4338 1933 4424 HOMILI/E
2007 4342 2186 4425 DE
2256 4339 2966 4425 DIVERSIS.

1755 4619 2100 4682 HOMILIA
2145 4621 2500 4683 LXXXIII.

1797 4721 1878 4776 De
1914 4722 2190 4778 traditione
2228 4723 2482 4793 Symboli.

1865 4844 1883 4864 .
1943 4810 2329 4866 ADMONITIO.

568 4905 830 4960 Pneclare
855 4903 1104 4960 meritum
1133 4899 1200 4955 de
1220 4898 1457 4974 Ecclesia
1479 4899 1847 4974 jan_t_diximus
1873 4909 2117 4974 sanetum
2143 4900 2453 4974 Maximum,
2477 4903 2623 4974 quod
2655 4903 2914 4974 imprimis
2942 4919 3049 4959 non
3079 4919 3213 4960 voce
3241 4912 3469 4966 tantum,
3492 4908 3584 4960 sed
3605 4907 3776 4962 etiam

495 4975 710 5043 scriptis
748 4976 857 5029 suis
890 4975 1106 5044 puriora
1143 4968 1870 5044 sanctioraque_Chr_istianze
1915 4972 2188 5040 religionis
2227 4972 2481 5041 dogmata
2496 4968 2747 5044 ediderit
2776 4989 2840 5028 ac
2885 4975 3281 5044 propagaverit.
3335 4975 3534 5030 Praeter
3578 4978 3780 5042 multa,

489 5039 693 5125 quibus
718 5039 946 5125 homiti'ae
974 5053 1324 5125 etnsermoones
1352 5040 1470 5125 ejus
1496 5039 1884 5125 abundamus“
1911 5051 2246 5125 argumento‘
2257 5039 2776 5125 commendatissima
2806 5039 3034 5125 symbol}
3061 5039 3349 5114 expositio,
3381 5045 3640 5125 qu_am__S.
3662 5039 3782 5125 an?-

494 5110 652 5168 tistes
680 5112 732 5184 in
761 5112 861 5184 hac
880 5113 1095 5167 homilia
1124 5113 1393 5184 sapienter
1417 5118 1578 5184 atque
1605 5110 2183 5184 eleganter‘przestitit,
2207 5110 2545 5184 Enumeratis
2572 5115 2805 5184 primum
2832 5110 3105 5184 codicibus
3135 5110 3285 5178 inss.,
3313 5110 3413 5183 qui
3432 5116 3500 5171 de
3534 5115 3786 5173 Maximo

503 5184 660 5238 Iidem
689 5181 909 5254 faciunt,
930 5184 1141 5254 _v_a_riam
1173 5179 1312 5254 tituli
1342 5180 1744 5254 insctjptionem
1769 5179 2121 5254 proferemus.
2154 5179 2845 5254 _lgitur_c‘odices:Yaticani
2876 5193 2984 5238 tres
3009 5183 3065 5238 S.
3095 5183 3312 5239 Maximi
3332 5179 3550 5240 inomen
3580 5187 3785 5254 praefe-

499 5262 643 5316 runt,
664 5249 1027 5323 _n_e_mpegl_278
1047 5267 1169 5323 pag.
1204 5249 1499 5323 126,_64_52
1525 5249 1971 5323 ρίιεη78ζνεῃίοτ
1998 5249 2270 5323 Palatinus
2294 5249 2399 5323 532
2425 5267 2546 5323 pag.
2573 5252 2696 5317 520,
2721 5269 2786 5309 ac
2813 5263 3073 5323 pmterea
3101 5255 3313 5310 codices
3341 5249 3683 5310 Novariensis
3707 5256 3783 5310 27

500 5337 622 5394 pag.
654 5321 776 5394 240,
801 5319 1385 5394 Brixiensis_p_a_g._j2lt_),
1412 5319 1694 5394 Augiensis
1714 5336 1821 5394 xry,
1854 5319 2258 5394 Ratisponensis
2286 5319 2469 5394 sancti
2495 5319 2830 5394 Emmerami
2847 5337 2967 5394 pag.
2993 5323 3080 5387 42,
3114 5340 3176 5380 ac
3205 5325 3420 5378 tandem
3451 5324 3786 5380 Laurentia-

495 5389 636 5462 itusi
668 5391 806 5462 Plut.
832 5407 918 5462 xiv
947 5405 1067 5462 pag.
1095 5389 1214 5443 {43.
1241 5391 1424 5462 Nullus
1451 5392 1586 5462 alius
1613 5391 1921 5462 mssr._liber,
1948 5389 2042 5462 aut
2068 5391 2237 5462 codex
2267 5391 2420 5462 nobis
2448 5393 2701 5454 occurrit,
2730 5394 2821 5462 qui
2848 5389 2990 5449 hanc
3012 5395 3286 5448 homiliam
3309 5395 3415 5449 alio
3434 5397 3534 5450 sub
3556 5396 3792 5452 nomine

499 5461 716 5535 referat.
746 5460 853 5514 Sed
879 5460 1125 5535 magnam
1155 5475 1274 5535 esse
1301 5461 1355 5514 in
1382 5461 1654 5535 codicibus
1679 5460 1837 5535 video
1864 5461 2001 5535 tituli
2029 5461 2375 5535 varietatem._
2398 5460 2669 5535 ln‘codice
2704 5460 3084 5535 Ratisponensi
3111 5465 3193 5535 his
3228 5465 3372 5519 notis
3395 5465 3739 5535 exprimitur
3769 5485 3787 5522 :

501 5531 733 5602 ﬂaim’lia
761 5530 926 5602 sancti
955 5528 1177 5602 Maximi
1208 5530 1260 5582 in
1291 5530 1565 5602 traditione
1606 5531 1856 5602 symboli,
1889 5531 1953 5584 de
1979 5531 2297 5602 expositione
2324 5530 2748 5602 ejusdem_._ldem
2779 5528 2965 5588 titulus
3003 5534 3185 5588 existit
3225 5535 3277 5588 in
3307 5528 3496 5589 codicé
3527 5534 3790 5590 Lauren-

497 5605 679 5678 tiano;
710 5601 1008 5678 breviorem
1036 5600 1197 5678 habet
1232 5597 1411 5678 codex‘
1431 5597 1739 5678 ngiensis,
1788 5615 1981 5678 nempe
2014 5597 2052 5652 :'
2075 5597 2510 5678 {familiasancti
2539 5600 2761 5678 dfaximi
2790 5603 3154 5678 in__traditi_one
3180 5602 3429 5678 symboli;
3461 5615 3515 5659 et
3541 5605 3795 5678 similem

499 5673 785 5742 przeferunt
811 5669 1028 5748 codices
1051 5669 1348 5748 Vaticanus.
1374 5667 1542 5748 halat.
1575 5679 1631 5724 et
1665 5667 2022 5748 _No_variensis.
2063 5668 2981 5748 .Codexualtei:vatieanustilszuz
3015 5673 3105 5748 _De
3145 5667 3745 5748 expositione‘sypilgoti
3773 5693 3792 5728 :

491 5737 664 5800 strato
687 5743 854 5798 sancti
879 5737 1102 5797 Maximi
1126 5738 1368 5808 episcopi.
1401 5737 1508 5791 Sed
1531 5741 1826 5805 speciosior
1853 5751 1936 5798 est
1959 5739 2145 5796 titulus
2173 5741 2376 5797 codicis
2397 5740 2633 5796 Vaticani
2669 5743 2825 5805 1278.
2858 5737 3064 5799 scilicet
3095 5758 3108 5794 :
3135 5737 3365 5798 sabbato
3395 5755 3516 5798 ante
3538 5737 3788 5801 Palma;
