4054 6190
516 397 625 452 455

1758 402 1815 458 S.
1856 402 2099 458 MAXIMI
2138 402 2587 462 TAURINENSIS

3690 412 3786 469 436

514 513 740 568 consilio
787 512 986 569 idcirco
1031 516 1267 584 suscepit
1305 514 1596 581 hominem,
1632 525 1689 571 ut
1730 533 1830 587 pro
1872 518 2092 572 homine
2122 521 2168 577 A
2196 521 2571 587 resurrexisse,
2600 522 2665 575 ad
2694 521 2845 592 cujus
2871 531 3197 594 praeceptum
3218 523 3287 579 de
3314 525 3520 581 tumulo
3546 528 3784 596 sepultus

511 613 697 676 posset
723 605 911 661 occidi.
939 604 1267 677 Supplicium
1296 616 1476 662 autem
1508 609 1682 664 crucis
1712 609 1896 679 elegit,
1927 617 1989 663 ut
2014 624 2103 663 su-

511 694 812 751 blimiorem
851 694 1128 750 victoriam
1176 704 1393 766 pareret
1433 712 1595 767 pmna
1623 697 1888 764 deterior;
1920 706 1977 754 et
2008 698 2102 768 qui

512 794 540 822 ⁸
566 771 932 839 universitatis
974 784 1119 840 bono
1158 787 1482 856 patiebatur,
1514 788 1671 858 quasi
1710 787 1764 841 in
1810 798 2103 860 conspectu

509 877 695 934 mundi
722 878 776 933 in
805 875 973 932 altum
993 877 1019 917 δ
1042 879 1352 934 sublevatus
1372 881 1530 952 271
1558 880 1921 947 occumberet,
1943 880 2101 935 simul

509 982 572 1029 ut
598 974 692 1044 qui
717 971 1031 1031 cruciﬁxum
1058 971 1328 1035 videbant,
1359 972 1623 1026 mirabilia
1654 981 1941 1028 cernerent
1977 987 2101 1028 cru-

507 1064 674 1120 ciﬁxi.
703 1064 838 1119 Nam
873 1064 1006 1119 satis
1041 1062 1360 1131 abundeque
1382 1062 1606 1130 gloriam
1637 1062 1890 1132 patientis
1916 1070 2100 1119 osten-

506 1157 643 1213 dunt
682 1157 964 1228 repentina
1010 1155 1141 1211 solis
1195 1155 1512 1218 obscuritas,
1560 1161 1766 1209 tremor
1811 1163 2093 1219 terrarum,

505 1264 761 1305 saxorum
791 1247 1007 1315 divisio,
1034 1246 1357 1302 resurrectio
1387 1252 1739 1303 mortuorum.
1765 1244 1897 1298 lllud
1918 1252 2098 1299 autem

505 1341 695 1410 quanti
733 1350 816 1396 est
844 1337 1158 1403 testimonii,
1201 1336 1347 1407 quod
1382 1336 1543 1390 etiam
1583 1335 1787 1405 pariter
1812 1333 2098 1390 cruciﬁxus

505 1430 647 1486 latro
671 1430 989 1486 memoriam
1016 1428 1100 1483 sui
1128 1428 1184 1481 in
1211 1427 1418 1482 caelesti
1445 1439 1614 1495 regno
1642 1424 1759 1480 fieri
1786 1441 1817 1480 a
1845 1432 2097 1481 consorte

506 1523 750 1594 supplicii
780 1521 1136 1592 precabatur?
1164 1517 1302 1573 Hinc
1343 1525 1445 1583 est,
1488 1517 1770 1585 carissimi,
1797 1516 1942 1586 quod
1969 1516 2093 1572 illu—

502 1614 687 1670 siones
712 1621 769 1669 et
794 1612 991 1683 probra
1024 1624 1144 1680 qua:
1170 1608 1390 1680 pertulit
1422 1594 1686 1672 Christus,
1712 1622 1924 1663 crucem
1948 1622 2095 1662 mor-

501 1713 720 1776 temque
756 1703 873 1773 ejus
911 1717 1018 1758 non
1063 1700 1307 1772 suspiriis
1348 1699 1765 1767 ingemiscimus,
1794 1698 1889 1754 sed
1915 1699 2092 1755 conti-

502 1796 624 1851 nuis
662 1795 906 1849 laudibus
942 1792 1298 1848 celebramus.
1329 1790 1584 1861 Sepultus
1610 1798 1695 1846 est
1729 1797 1932 1859 autem,
1964 1791 2090 1860 quia

2202 612 2455 667 emersit?
2481 612 2733 669 Ascendit
2773 615 2827 669 in
2874 614 3090 669 ctelum.
3140 614 3393 682 Decebat,
3426 615 3637 681 fratres,
3671 618 3786 673 talis

2201 700 2371 768 gloria
2399 702 2670 758 hominem
2695 703 2785 772 qui
2819 703 2886 758 de
2914 704 3119 771 virgine
3145 706 3495 772 nascebatur;
3537 721 3641 762 nec
3685 708 3782 762 im-

2200 790 2454 859 possibile
2484 792 2535 846 ei
2560 791 2660 846 fuit
2687 793 2881 848 caelum
2916 792 3229 858 ascendere,
3263 795 3349 849 cui
3386 795 3645 865 possibile
3688 797 3782 851 fuit

2199 879 2402 937 inferos
2446 882 2797 953 triumphare.
2836 881 2904 937 Et
2936 898 3155 938 necesse
3183 891 3301 938 crat
3331 892 3390 939 ut
3416 885 3505 953 qui
3542 885 3610 940 ad
3637 903 3779 941 mor-

2200 977 2308 1026 tem
2336 970 2405 1026 de
2430 984 2597 1040 regno
2643 980 2887 1039 venerat,
2920 980 3041 1042 post
3068 980 3297 1027 mortem
3346 972 3548 1029 rediret
3591 973 3659 1028 ad
3696 990 3777 1029 re-

2196 1077 2378 1133 gnum.
2411 1063 2535 1118 Fuit
2554 1064 2608 1118 in
2636 1064 2759 1127 hoc,
2801 1065 3083 1133 carissimi,
3113 1065 3365 1122 salutaris
3392 1076 3448 1121 et
3484 1067 3778 1138 incompre-

2197 1154 2366 1209 hensa
2424 1154 2694 1209 mentibus
2739 1155 2987 1209 humanis
3041 1154 3180 1209 inter
3234 1156 3428 1210 coelum
3478 1164 3777 1227 terramque

2196 1246 2504 1300 communio
2538 1263 2551 1298 :
2583 1242 2607 1282 δ
2633 1252 2687 1300 ει
2714 1245 2851 1299 sicut
2880 1253 3021 1300 terra
3053 1244 3149 1300 Dei
3176 1244 3368 1301 Filium
3400 1260 3460 1301 se
3487 1247 3776 1317 suscepisse

2197 1334 2372 1389 laetata
2418 1344 2521 1400 εει,
2561 1335 2635 1389 ita
2675 1335 2870 1390 emtum
2911 1334 3105 1391 Filium
3148 1335 3382 1391 hominis
3420 1352 3481 1392 se
3511 1337 3775 1408 accepisse

2195 1425 2473 1493 gauderet,
2502 1432 2561 1479 ut
2587 1434 2861 1480 cantatum
2892 1433 2976 1480 est
3005 1431 3100 1495 per
3128 1427 3446 1497 prophetam
3477 1444 3491 1480 :
3520 1426 3773 1500 Latentur

2194 1516 2304 1570 caeli
2332 1524 2382 1571 et
2413 1515 2632 1570 exsultet
2660 1525 2797 1569 terra
2820 1514 2993 1586 (Psal.
3033 1516 3176 1585 xcv).
3216 1514 3350 1570 Nam
3379 1517 3521 1571 sicut
3558 1516 3772 1571 manife-

2192 1613 2335 1661 stum
2362 1613 2445 1660 est
2473 1614 2670 1660 terram
2699 1606 2970 1661 exsultare
2998 1607 3157 1677 272
3180 1605 3248 1660 de
3281 1605 3412 1671 Deo,
3455 1606 3531 1660 ita
3560 1605 3770 1661 dubium

2192 1711 2301 1751 non
2330 1704 2413 1750 est
2453 1695 2647 1751 coelum
2675 1695 2910 1763 gaudere
2946 1695 3014 1750 de
3041 1695 3277 1751 homine.
3306 1695 3473 1751 Sedet
3498 1696 3565 1752 ad
3593 1696 3770 1752 dexte-

2191 1803 2308 1842 ram
2354 1787 2549 1842 Patris.
2592 1786 2747 1854 Quod
2790 1786 2944 1843 sedet
2983 1785 3251 1855 Christus,
3283 1796 3308 1825 θ
3341 1787 3563 1843 victoris
3587 1803 3769 1843 munus

501 1900 839 1955 consequens
861 1891 981 1940 erat
1007 1891 1065 1938 ut
1087 1883 1177 1952 qui
1220 1890 1462 1937 mortuus
1495 1880 1669 1937 fuerat
1705 1881 1974 1952 acciperet
2005 1897 2091 1938 se-
2123 1875 2169 1936 B
2194 1885 2277 1933 est
2299 1896 2312 1931 :
2338 1878 2481 1949 quod
2509 1878 2576 1932 ad
2612 1877 2890 1933 dexteram
2933 1876 3108 1933 Patris
3154 1878 3324 1944 sedet,
3369 1877 3667 1934 Divinitatis
3694 1888 3768 1934 est

500 1977 788 2049 pulturam.
817 1975 1070 2046 Sepultus
1095 1981 1178 2028 est
1204 1973 1461 2029 Dominus
1488 1981 1549 2029 ut
1570 1973 1638 2028 ad
1665 1973 2086 2030 consolationem

499 2067 834 2138 sepultorum
859 2065 1291 2120 benedictionem
1330 2064 1573 2134 corporis
1598 2062 1715 2133 ejus
1741 2071 1797 2118 et
1826 2071 1966 2118 terra
1994 2079 2087 2118 su-

498 2158 748 2230 sciperet.
781 2154 1034 2226 Sepultus
1062 2163 1145 2209 est
1180 2161 1238 2208 ut
1273 2154 1366 2225 qui
1405 2169 1533 2209 vere
1559 2142 1804 2209 mortuus
1831 2154 2091 2210 cerneba-

499 2257 612 2317 tur,
642 2261 770 2302 vere
805 2246 1030 2302 rediisse
1058 2259 1089 2298 a
1117 2244 1343 2300 mortuis
1380 2244 1707 2300 crederetur.
1752 2244 1954 2313 Tertia,
2002 2245 2088 2300 in-

497 2341 636 2411 quit,
663 2339 754 2396 die
776 2337 1069 2394 resurrexit
1086 2350 1119 2391 a
1139 2337 1390 2392 mortuis.
1412 2336 1470 2391 Si
1496 2336 1769 2393 credidisti
1788 2336 1856 2392 de
1875 2335 2090 2393 Christo

496 2429 641 2504 quod
667 2428 947 2484 dedecoris
981 2438 1084 2497 est,
1115 2428 1276 2485 crede
1304 2428 1447 2497 quod
1486 2428 1669 2496 gloriae
1697 2435 1811 2483 est:
1842 2428 1889 2482 si
1916 2427 2092 2484 credi—

496 2523 621 2580 disti
641 2523 786 2594 quod
807 2522 998 2578 mortis
1025 2528 1131 2588 est,
1154 2518 1314 2574 crede
1335 2517 1481 2587 quod
1502 2518 1623 2572 vita:
1649 2525 1749 2572 est.
1775 2516 1927 2573 Sicut
1945 2519 2087 2574 enim

497 2614 553 2669 in
579 2613 830 2684 passione
856 2610 1169 2684 mysterium
1198 2609 1412 2680 pietatis
1437 2616 1539 2674 est,
1564 2608 1637 2662 ita
1662 2608 1714 2662 in
1741 2610 2090 2664 resurrectio-

495 2719 565 2760 ne
584 2704 829 2776 operatio
853 2703 1135 2774 potestatis
1157 2712 1203 2769 ο,
1226 2709 1286 2756 ιιι
1305 2701 1380 2755 ait
1405 2701 1520 2770 ipse
1545 2718 1558 2754 :
1586 2699 1899 2755 Potestatem
1926 2700 2088 2755 habeo

495 2794 719 2866 ponendi
738 2794 965 2848 animam
988 2809 1175 2857 meam,
1206 2800 1256 2846 et
1283 2799 1588 2861 potestatem
1613 2790 1775 2845 habeo
1796 2792 1979 2844 iterum
2000 2807 2089 2844 stt-

496 2886 673 2940 mendi
699 2902 816 2939 eam
845 2885 1026 2953 (Joan.
1070 2883 1148 2953 x).
1179 2882 1460 2950 Quomodo
1490 2882 1672 2953 itaque
1705 2900 1812 2938 non
1849 2883 1924 2938 illi
1955 2899 2086 2953 sup-

495 2976 716 3047 petebat
744 2976 849 3031 vita
870 2983 996 3046 post
1015 2982 1266 3042 mortem,
1294 2975 1381 3030 cui
1406 2975 1542 3029 mori
1565 2991 1671 3029 non
1702 2974 1802 3030 fuit
1825 2977 2084 3042 conditio,

496 3064 593 3123 sed
619 3066 891 3137 potestas?
911 3065 1021 3120 Nec
1048 3078 1298 3134 magnum
1322 3079 1452 3118 sane
1477 3071 1578 3132 est,
1606 3064 1652 3119 si
1681 3065 1958 3121 dicamus:
1983 3065 2089 3121 Ρο-

497 3158 604 3214 tuit
646 3156 890 3213 Christus
932 3169 1233 3224 resurgere,
1276 3172 1398 3211 cum
1447 3156 1778 3228 impossibile
1829 3158 1987 3214 fuerit
2026 3168 2086 3214 ut

2188 1971 2523 2041 privilegium
2571 1978 2628 2026 et
2675 1970 2978 2026 indiscreta:
3022 1970 3356 2026 consortium
3410 1970 3669 2027 caritatis.
3703 1970 3768 2026 Et

2188 2059 2326 2116 bene
2353 2060 2421 2116 ad
2450 2060 2728 2116 dexteram
2756 2058 2932 2115 Patris
2968 2058 3315 2114 annuntiatur
3350 2058 3562 2125 sedere,
3593 2059 3646 2113 in
3667 2073 3767 2129 quo

2189 2152 2320 2207 nihil
2347 2150 2364 2190 ί
2390 2151 2682 2207 voluntatis
2707 2166 2820 2205 sua:
2844 2149 3110 2217 diabolus,
3139 2148 3231 2218 qui
3262 2156 3405 2204 totus
3430 2156 3516 2205 est
3540 2148 3769 2216 sinister,

2190 2243 2412 2299 invenit.
2442 2241 2573 2303 lude
2596 2249 2857 2297 venturus
2885 2251 2910 2289 ε
2943 2240 3188 2312 judicare
3227 2240 3378 2295 vivos
3415 2247 3471 2294 et
3514 2248 3764 2295 mortuos.

2189 2333 2416 2390 Necesse
2439 2340 2542 2400 est,
2572 2331 2784 2401 fratres,
2824 2339 2885 2386 ut
2909 2331 3186 2386 hominum
3221 2345 3388 2400 genus
3410 2330 3500 2386 ille
3526 2330 3769 2386 discutiat

2188 2426 2281 2496 qui
2306 2426 2542 2492 creavit,
2573 2433 2629 2481 et
2660 2424 2773 2495 ipse
2803 2424 3009 2495 judicet
3050 2424 3144 2494 qui
3170 2423 3398 2480 redemit
3428 2443 3440 2479 :
3467 2424 3768 2494 justutnquo

2188 2527 2271 2575 est
2296 2528 2354 2574 ut
2392 2520 2734 2589 omnipotens
2759 2517 3017 2574 Dominus
3062 2517 3319 2573 mortales
3350 2532 3501 2586 suos,
3529 2533 3665 2589 quos
3689 2519 3765 2573 di-

2187 2611 2423 2666 vinitatis
2450 2611 2648 2666 virtute
2674 2608 2943 2676 formavit,
2975 2608 3149 2664 Patris
3175 2597 3379 2678 pietate
3410 2610 3655 2677 salvavit,
3680 2609 3765 2679 ju-

2187 2703 2320 2759 dicis
2357 2703 2755 2759 examinatione
2786 2701 3077 2757 discernat.
3126 2700 3259 2755 Nam
3294 2700 3425 2770 quid
3454 2716 3575 2757 esse
3599 2710 3766 2772 potest

2185 2797 2388 2865 mquius
2416 2794 2558 2865 apud
2582 2794 2774 2863 Deum,
2803 2808 2967 2863 quam
2992 2800 3053 2848 ut
3078 2807 3306 2863 quorum
3349 2793 3404 2847 in
3447 2793 3644 2849 saeculo
3674 2792 3765 2848 fuit

2186 2887 2296 2941 vita
2324 2884 2557 2951 diversa,
2579 2898 2768 2938 eorum
2806 2890 2930 2952 post
2967 2881 3075 2937 hoc
3099 2881 3350 2937 szeculum
3374 2882 3565 2938 merita
3587 2882 3764 2938 distin-

2184 2976 2446 3046 guantur?
2468 2973 2495 3013 ¹¹
2511 2975 2630 3031 Vivi
2658 2982 2836 3030 autem
2859 2974 3134 3044 judicandi
3161 2973 3466 3030 referuntur
3490 2990 3556 3030 ac
3577 2976 3764 3031 mortui

2185 3076 2246 3125 ut
2265 3069 2503 3123 omnium
2527 3067 2808 3122 hominum
2837 3082 2956 3122 esse
2985 3066 3136 3137 apud
3159 3066 3326 3121 Deum
3351 3082 3479 3123 cura
3503 3068 3764 3124 credatur.

2185 3159 2254 3214 Et
2278 3160 2330 3214 in
2352 3158 2609 3231 Spiritum
2633 3166 2898 3213 sanctum.
2928 3156 3054 3213 Htec
3081 3166 3186 3226 est,
3208 3159 3490 3225 carissimi,
3517 3159 3765 3215 inoffensa

495 3259 687 3309 auctor
713 3251 836 3306 vitm
866 3267 973 3306 non
1003 3250 1199 3305 rediret
1228 3249 1296 3305 ad
1330 3250 1521 3317 vitam;
1556 3260 1650 3306 aut
1682 3252 1954 3321 quomodo
1982 3269 2083 3322 ρο·-
2111 3240 2157 3301 C
2187 3253 2371 3322 regula
2404 3251 2420 3290 ί
2452 3251 2714 3317 veritatis,
2743 3258 2802 3305 ut
2829 3265 3057 3320 quorum
3089 3265 3255 3306 unum
3294 3266 3491 3307 nomen
3529 3260 3632 3321 cst,
3666 3267 3765 3308 non

495 3349 636 3398 terat
663 3340 854 3397 inferni
884 3340 1091 3410 legibus
1119 3340 1347 3395 detineri
1381 3342 1470 3410 qui
1494 3342 1693 3397 idcirco
1728 3351 1812 3399 est
1839 3354 2085 3400 mortuus

497 3440 556 3488 ut
578 3449 725 3490 mors
744 3433 1017 3489 amitteret
1035 3435 1393 3504 potestatem?
1414 3432 1554 3488 Nihil
1575 3448 1705 3504 ergo
1726 3436 1863 3491 ultra
1880 3435 1948 3492 de
1969 3437 2085 3508 ejus

494 3525 834 3595 passionihus
861 3523 1272 3591 confundamur,
1302 3524 1433 3579 nihil
1460 3523 1528 3581 de
1564 3524 1680 3595 ejus
1707 3533 1882 3583 morte
1916 3530 2082 3600 trepi-

493 3616 705 3685 demus,
743 3616 830 3673 cui
876 3625 931 3673 et
975 3615 1289 3686 resurgentli
1333 3624 1575 3686 potestas
1620 3625 1759 3687 erat,
1800 3627 1854 3673 et
1892 3628 2083 3676 natura

493 3706 728 3764 vivendi.
749 3705 1118 3774 Cujusautem
1141 3706 1425 3763 dementia:
1457 3716 1542 3763 est
1566 3709 1715 3764 illum
1735 3726 1841 3767 non
1864 3712 2085 3768 credere

567 3896 595 3927 ἰ
628 3886 761 3942 Cod.
795 3886 1053 3951 Brixien.,
1083 3894 1133 3940 et
1160 3888 1247 3958 qui
1266 3902 1360 3957 pro
1386 3888 1733 3941 universitatis
1761 3892 1893 3944 bona
1914 3893 2080 3961 patie-

493 3957 797 4080 lmiimled.
822 4026 944 4082 Vat.
968 4024 1107 4079 6452
1129 4032 1183 4080 ει
1204 4024 1465 4092 Brixien.,
1488 4023 1717 4081 sublatus
1740 4027 2072 4084 occumberet.

564 4108 587 4167 ξ
627 4094 760 4167 Cod.
790 4096 909 4167 Vat.
932 4093 1089 4167 6452,
1122 4097 1353 4164 Operatio
1381 4097 1650 4167 potestatis
1676 4107 1773 4151 est.

559 4162 587 4204 τι
608 4164 758 4238 Cod.
789 4165 909 4221 Vat.
938 4165 1097 4235 1278,
1119 4162 1176 4220 ut
1198 4175 1249 4221 et
1268 4162 1418 4234 sicut,
1446 4175 1553 4223 etc.
1574 4166 1709 4224 Cod.
1736 4168 1991 4224 Vallicell.
2018 4187 2075 4238 ιι,

488 4246 545 4291 ut
571 4237 721 4301 sicut,
742 4246 847 4293 etc.

563 4317 587 4345 θ
625 4306 788 4362 Iidem
826 4306 982 4364 codd.
1013 4306 1132 4363 Vat.
1166 4305 1322 4373 64322,
1355 4306 1612 4363 Valliccll.
1643 4324 1700 4375 ιι,
1732 4316 1787 4364 ει
1812 4308 2072 4377 Brixien.,

485 4378 716 4433 uictoria:
739 4395 923 4432 munus
951 4387 1047 4431 est.

2188 3346 2259 3401 sit
2298 3359 2486 3400 eorum
2516 3342 2727 3398 diversa
2765 3340 3055 3408 confessio,
3085 3349 3143 3397 et
3163 3341 3257 3411 qui
3292 3341 3345 3396 in
3373 3342 3513 3398 emlo
3539 3343 3679 3414 apud
3711 3358 3767 3399 se

2189 3451 2352 3491 unum
2390 3440 2535 3497 sunt,
2567 3448 2599 3487 a
2633 3431 2790 3487 nobis
2830 3446 2938 3486 non
2972 3438 3292 3502 separentur
3327 3431 3382 3487 in
3423 3432 3601 3487 terris.
3641 3432 3765 3488 Nam

2188 3529 2327 3584 sicut
2361 3524 2639 3580 Divinitati
2668 3523 2800 3579 nihil
2825 3523 2893 3579 de
2934 3523 3196 3579 creaturis
3228 3524 3431 3594 aequari
3469 3532 3666 3597 potest,
3695 3525 3764 3581 ita

2188 3633 2403 3675 omnem
2430 3615 2747 3672 divisionem
2767 3622 2823 3669 et
2850 3614 3268 3684 inaequalitatem
3295 3623 3486 3671 natura
3513 3615 3763 3672 Divinita-

2189 3712 2259 3767 tis
2290 3709 2304 3761 ἱ
2336 3706 2589 3765 excludit.
2621 3706 2637 3738 ⁸
2667 3703 2976 3761 Secundum
3016 3704 3158 3760 enim
3191 3705 3552 3775 evangelicam
3571 3707 3760 3764 verita-

2264 3888 2282 3928 ί
2327 3888 2469 3944 Idem
2497 3885 2619 3957 cod.
2642 3886 2812 3957 Vat.,
2827 3885 2959 3957 nihil
2980 3885 3271 3957 uoluptatis.
3443 3947 3454 3954 ,

2257 3969 2283 4030 β
2320 3958 2466 4030 idem
2480 3955 2610 4030 _c_od.
2640 3956 2765 4030 Vat.
2789 3954 2949 4030 6452,
2982 3954 3116 4030 I_nd_e
3140 3966 3381 4030 venturus
3412 3967 3490 4030 est
3509 3958 3759 4030 judicare.

2253 4027 2279 4067 ¹¹
2319 4028 2452 4100 Cod.
2480 4027 2602 4082 Vat.
2636 4024 2965 4100 12787habet
2993 4024 3125 4081 Inde
3149 4036 3323 4082 autem
3335 4024 3613 4099 judicandi
3638 4030 3761 4100 refe-

2180 4110 2364 4154 runtur
2390 4099 2487 4153 vivi
2516 4114 2578 4151 ac
2604 4099 2813 4152 mortui.

2258 4170 2272 4209 ί
2319 4168 2453 4226 Cod.
2484 4168 2607 4223 Vat.
2639 4166 2796 4234 1278,
2827 4167 2958 4223 Htec
2980 4176 3077 4236 est,
3105 4168 3381 4235 carissimi,
3411 4168 3667 4239 inoffensa
3691 4184 3760 4223 re-

2179 4241 2548 4313 θυίανρεξίιιξξν
2578 4248 2660 4313 ατε
2678 4245 2793 4313 9&9

2252 4312 2268 4361 i
2315 4309 2450 4366 Cod.
2482 4308 2606 4363 Vat.
2639 4306 2797 4373 1278,
2828 4308 3066 4363 exclusit.

558 4518 571 4546 ¹
613 4513 908 4569 Secundum
957 4514 1305 4584 evangelicum
1344 4513 1609 4584 veritatem
1646 4514 1781 4567 sicut
1823 4511 1992 4584 Filius
2037 4530 2070 4567 a
2103 4517 2149 4578 ο
2174 4508 2764 4584 steutimidentitatem
2801 4508 3048 4584 ostendit
3082 4516 3287 4565 natura:
3331 4525 3453 4566 cum
3498 4510 3678 4584 Patre,
3702 4520 3760 4584 et

480 4584 644 4640 Patre
662 4586 838 4651 exivit,
859 4586 940 4653 ita
959 4591 1009 4636 et
1038 4581 1266 4653 Spiritus
1305 4598 1338 4635 a
1374 4581 1538 4653 Patre
1569 4584 1826 4653 procedit;
1859 4593 1908 4637 et
1940 4583 2069 4639 Uni-

478 4657 683 4726 genitus
724 4650 856 4709 sicut
895 4650 1196 4726 Filius'Dei
1221 4663 1338 4726 gest,
1364 4652 1440 4706 ita
1486 4662 1537 4726 et
1569 4650 1821 4726 ’δρὶνὶιηε
1858 4662 2069 4726 sanctus

478 4721 580 4779 Dei
607 4735 711 4791 est;
730 4735 781 4779 et
807 4726 941 4779 sicut
966 4721 1127 4777 Pater
1150 4723 1233 4777 cui
1254 4724 1361 4777 vult
1382 4725 1594 4788 revelat,
1618 4721 1693 4778 ita
1712 4726 1869 4779 etiam
1897 4724 2071 4794 Spiri-

476 4804 559 4848 tus
587 4804 637 4868 et
680 4796 940 4868 inspirare
975 4795 1179 4865 legitur,
1216 4801 1367 4868 prout
1396 4796 1520 4868 vult,
1545 4802 1597 4849 et
1622 4795 1763 4850 dona
1790 4796 2069 4868 caelestium

476 4864 775 4937 gratiarum
785 4864 1037 4937 dividere,
1054 4873 1207 4937 prout
1226 4864 1350 4937 vult.
1372 4894 1444 4937 τ·
1466 4864 1766 4936 Antequam
1788 4866 2069 4937 aggrediar

478 4933 869 5005 expositionem
907 4933 1117 5005 articuli
1155 4936 1221 4990 de
1257 4933 1457 5005 Spiritu
1494 4933 1701 4995 sancio.
1734 4933 2067 5005 praiiitonere

472 5000 738 5075 optimum
767 5019 963 5061 censeo
994 5004 1281 5062 Maximum
1299 5000 1413 5060 hac
1440 5006 1496 5060 in
1527 5000 2067 5075 homilia'rexplanare

473 5070 849 5145 apostolorum
890 5075 1218 5143 symbolum,
1249 5076 1392 5145 quod
1425 5090 1612 5131 omnes
1639 5070 2066 5130 Christi'lideles

476 5138 537 5194 ut
547 5138 678 5216 _tldei
703 5138 941 5216 regulam
957 5145 1102 5216 _scire
1121 5138 1404 5216 tenentur,
1430 5154 1594 5216 atque
1624 5145 1859 5214 appellat
1886 5145 2066 5216 signa-

475 5210 656 5267 culum
695 5208 803 5278 quo
842 5208 1134 5266 Christiani
1162 5216 1229 5270 ab
1257 5208 1557 5272 infidelibus
1587 5208 1960 5271 secernuntur:
2004 5214 2063 5271 lu

476 5278 786 5351 apostolico
823 5278 985 5351 igitur
1019 5284 1263 5351 symbolo
1303 5294 1358 5341 et
1397 5288 1447 5341 in
1497 5285 1711 5341 Nicazno
1750 5285 2065 5351 simpliciter

476 5348 670 5425 dicitur
700 5367 713 5402 :
746 5348 909 5404 Credo
946 5348 1297 5425 in_Spiritum
1322 5366 1575 5411 sanctum.
1608 5354 1818 5425 Scopus
1845 5348 2061 5425 Maximi

475 5421 613 5475 alius
642 5436 750 5492 non
770 5428 906 5492 erat,
932 5420 1115 5492 nisiut
1141 5422 1535 5482 demonstraret
1558 5420 1879 5481 credendam
1900 5423 2063 5492 Spiri-

477 5498 563 5559 tus
585 5490 754 5546 sancti
781 5489 1135 5557 divinitatem,
1152 5493 1295 5559 quod
1317 5497 1486 5552 tribus
1505 5496 1803 5552 rationibus
1823 5489 2057 5549 coniicit.

476 5558 710 5634 Primam
731 5561 960 5634 desumit
982 5561 1421 5634 ab_9_r_igine,gqua
1443 5568 1662 5634 aequalis
1683 5574 1765 5621 est
1789 5564 1881 5620 Dei
1900 5563 2056 5628 Filio,

477 5632 706 5707 ideoque
732 5630 809 5684 ait
832 5630 1017 5707 :__Sict_tt
1036 5629 1206 5684 Filius
1227 5647 1259 5684 a
1291 5629 1450 5707 Plztre
1467 5629 1641 5707 emisit,
1665 5637 1739 5690 ita
1772 5635 1998 5707 Spiritus
2029 5652 2061 5688 a

481 5701 640 5784 Patre
669 5701 919 5784 procedit.
951 5701 1100 5784 Cum_
1114 5710 1292 5784 autem
1320 5701 1491 5784 Filius
1513 5706 1579 5759 ab
1606 5701 1871 5784 mterno'a
1901 5704 2060 5784 Patre

476 5771 726 5845 cxiverit,
757 5772 947 5828 eodem
977 5771 1138 5845 modo
1159 5780 1497 5845 _mtcrna__e_s_t
1528 5777 1802 5845 processio
1829 5774 2058 5845 Spiritus

483 5855 513 5893 ει
541 5840 727 5916 Patre;
750 5852 804 5900 et
820 5841 1265 5918 quemadmodum
1296 5840 1350 5895 in
1378 5840 1511 5895 Filio
1532 5840 1629 5897 Dei
1652 5840 1923 5901 aeternitas
1942 5846 2057 5901 exi-

2175 4582 2451 4654 generatio
2473 4580 2687 4654 Filiiex
2715 4579 2832 4654 ipso
2853 4578 3308 4654 Pat_re_importat,
3333 4588 3392 4634 ut
3410 4595 3481 4635 ex
3500 4582 3617 4651 ejus
3634 4578 3757 4638 sub-

2172 4649 2369 4708 stantia
2397 4653 2465 4708 sit
2493 4649 2743 4723 genitus;
2765 4650 2838 4723 ita
2859 4649 2905 4705 si
2932 4649 3163 4723 Spiritus
3183 4650 3478 4723 abgzeterno
3502 4649 3756 4722 processit

2171 4738 2203 4778 a
2231 4723 2410 4788 Patre,
2433 4720 2515 4778 ab‘
2530 4722 2647 4792 ipso
2675 4720 2891 4792 prodire
2929 4720 3187 4792 nequivit,
3218 4720 3320 4792 nisi
3348 4720 3567 4792 habens
3606 4729 3757 4778 natu-

2169 4810 2284 4849 ram
2308 4789 2659 4860 eamdemque
2680 4789 3054 4860 substantiam.
3077 4789 3326 4860 Secundo
3347 4791 3467 4846 loco
3487 4792 3566 4846 ait
3592 4792 3755 4848 Maxi-

2169 4879 2324 4918 mus:
2356 4863 2424 4916 Et
2462 4858 2935 4932 Unigenitus__sicut_
2966 4858 3016 4912 F
3018 4861 3137 4932 ilius
3167 4859 3266 4915 Dei
3291 4870 3388 4932 est,
3418 4862 3492 4915 ita
3509 4872 3562 4917 et
3597 4861 3756 4932 Spiri-

2171 4942 2484 5012 y§s_sanctus
2513 4929 2606 5012 L'éi
2633 4940 2727 5012 est.
2764 4929 2857 5012 liis
2894 4930 3199 5012 signiﬁcem
3225 4930 3414 5012 voluit,
3440 4932 3584 5002 quod
3619 4929 3754 5012 sicut

2173 5001 2491 5073 Unigenitus
2513 5000 2609 5054 Dei
2634 4998 2808 5055 Patris
2834 5000 2887 5054 in
2914 4998 3022 5073 vim
3050 5001 3413 5073 geperalionis
3442 4998 3551 5073 no_n
3580 5011 3756 5073 potest

2165 5069 2303 5137 esse,
2334 5072 2437 5126 nisi
2467 5071 2636 5135 Deus;
2662 5085 2802 5134 nam,
2830 5078 2892 5125 ut
2917 5069 3077 5125 docet
3103 5070 3159 5125 S.
3193 5069 3423 5125 Basilius
3449 5088 3462 5123 :
3490 5069 3656 5126 Pater
3675 5074 3756 5126 in-

2166 5142 2440 5213 telligendo
2460 5141 2684 5213 seipsum
2717 5139 3248 5213 progduc_it_rVerbum;
3283 5140 3523 5213 ejusdem
3556 5151 3756 5213 naturae

2165 5209 2512 5281 ejusdemque
2540 5209 3064 5281 'substantizeAFilius
3103 5218 3338 5281 paternae
3379 5210 3755 5268 intellectionis

2165 5279 2247 5337 est
2262 5279 2539 5344 terminus;
2558 5281 2671 5350 pari
2693 5280 2852 5350 modo
2872 5279 3362 5349 Spiritus‘sanctus,
3375 5281 3468 5350 qui
3486 5296 3556 5336 ex
3571 5298 3753 5337 amore

2163 5352 2408 5423 procedit
2435 5359 2491 5423 et
2528 5349 2611 5405 est
2657 5349 2915 5423 terminus
2942 5350 3108 5423 divini
3150 5350 3371 5423 amoris,
3396 5349 3633 5423 Spiritus
3659 5352 3752 5407 Dei

2163 5419 2278 5488 est;
2309 5422 2489 5477 omnia
2518 5435 2637 5490 quae
2660 5419 2911 5491 Deisunt
2944 5428 3003 5491 et
3039 5421 3154 5491 ipse
3174 5420 3362 5491 habet.
3395 5419 3546 5477 Hanc
3573 5431 3751 5478 autem

2161 5494 2445 5548 veritatem
2470 5497 2620 5546 tanto
2640 5489 2810 5559 magis
2830 5489 3109 5545 confirmat
3139 5490 3419 5557 Maximus,
3450 5493 3612 5547 tertio
3633 5507 3749 5546 eam

2161 5578 2391 5640 arguens
2419 5559 2822 5640 egazqualitate
2850 5563 3103 5640 potentiae
3126 5560 3375 5640 similiter
3398 5564 3676 5640 operantis
3696 5562 3747 5640 in

2162 5627 2340 5697 Pa'tre,
2368 5633 2420 5686 in
2451 5627 2594 5685 Filio
2615 5637 2670 5683 et
2695 5628 2755 5698 in
2770 5627 2972 5698 Spiritu
3006 5640 3214 5686 sancto.
3241 5630 3309 5684 Et
3327 5627 3459 5685 sicut
3492 5631 3652 5685 Pater
3670 5633 3747 5685 cui

2160 5704 2265 5756 vult
2302 5704 2586 5764 miseretur,
2616 5708 2667 5753 et
2710 5697 2760 5751 F
2762 5700 2883 5753 ilius
2922 5701 3004 5754 cui
3044 5701 3149 5755 uult
3189 5701 3399 5755 Patrem
3429 5705 3645 5760 ret-elat:
3675 5701 3751 5754 im

2158 5773 2315 5827 etiam
2347 5771 2573 5840 Spiritus
2610 5777 2658 5823 et
2692 5770 2949 5841 inspirare
2985 5770 3173 5841 legitur
3207 5782 3357 5841 prout
3389 5772 3510 5841 uult,
3535 5782 3585 5841 et
3612 5774 3751 5826 dona

2161 5839 2435 5899 caelestium
2461 5840 2751 5909 gratiarum
2780 5840 3003 5895 dividere
3030 5839 3183 5909 prout
3209 5839 3347 5896 rult.
3390 5839 3743 5908 Quotiescun-
