4054 6190
269 374 339 429 :57
1564 369 1843 428 llOMlLlA
1883 372 2151 429 LXXXIII.

3418 373 3541 426 438‘

237 498 362 555 tem,
395 488 534 543 sicut
562 488 727 543 Filius
754 504 786 542 ι
806 487 965 542 Patre
985 486 1168 551 exivit,
1194 487 1264 539 ita
1286 493 1339 540 et
1361 485 1590 555 Spiritus
1619 501 1648 539 a
1670 484 1828 540 Patre
1857 509 1896 557 Α
1930 497 2276 557 peccatorum
2306 487 2568 551 remissio,
2607 490 2731 556 quia
2760 487 2862 542 hoc
2902 498 3067 540 unum
3106 493 3189 539 est
3226 485 3553 549 remedium-

235 580 510 650 procedit;
541 591 566 617 ι
608 589 664 636 et
693 578 1030 648 Unigenitus,
1066 579 1202 633 sicut
1228 577 1395 632 Filius
1425 578 1516 632 Dei
1541 585 1646 645 est,
1678 578 1748 630 ita
1777 585 1832 632 et
1931 577 2076 646 quod
2113 577 2388 631 hominum
2431 592 2598 645 genus
2646 593 2675 632 a
2717 577 2982 632 sententia
3023 583 3293 645 perpetuze
3331 576 3520 629 mortis

233 673 466 743 Spiritus
494 680 714 727 sanctus
752 671 845 725 Dei
879 679 991 736 est;
1019 677 1074 724 et
1112 669 1250 723 sicut
1279 667 1440 722 Pater
1467 669 1553 723 cui
1582 669 1695 723 vult
1724 669 1826 722 mi-

231 771 460 828 seretur,
504 771 559 818 et
588 763 750 818 Filius
787 763 872 818 cui
909 761 1024 816 vult
1050 759 1263 814 Patrem
1301 761 1522 825 revelat,
1555 760 1628 814 ita
1657 762 1822 814 etiam

233 855 465 926 Spiritus
493 863 546 910 et
577 855 836 924 inspirare
865 853 1058 921 legitur
1085 859 1247 922 prout
1283 851 1415 918 vult,
1451 859 1507 906 et
1536 851 1677 906 dona
1706 866 1820 906 caa-

232 947 446 1002 lestium
467 947 760 1015 gratiarum
780 943 1019 998 dividere
1048 951 1207 1012 prout
1233 942 1364 996 vult.
1393 941 1676 1008 Quomodo
1696 953 1826 1008 ergo

234 1053 338 1093 non
369 1053 538 1091 unum
587 1051 708 1091 esse
753 1050 874 1089 cum
924 1032 1080 1088 Patre
1122 1032 1362 1100 Filioque
1403 1031 1701 1086 credendus
1742 1038 1825 1086 est

232 1127 481 1200 Spiritus,
513 1127 599 1182 cui
621 1140 771 1194 :eque
799 1123 1008 1192 adjacct
1035 1137 1194 1192 posse
1233 1121 1376 1190 quod
1401 1121 1545 1174 vult?
1571 1119 1822 1175 Sanctam

231 1217 548 1273 Ecclesium.
587 1215 726 1270 Vere
771 1220 954 1269 saneta
989 1221 1072 1267 est
1109 1211 1348 1267 Ecclesia
1377 1210 1700 1275 confitenda,
1727 1226 1826 1281 per

230 1325 390 1379 quam
411 1317 467 1363 et
494 1306 846 1362 sanctificatio
867 1314 949 1360 est
968 1305 1090 1358 data
1111 1305 1428 1359 mortalibus
1449 1311 1523 1366 et,
1548 1315 1825 1359 crescente

227 1397 561 1453 credentium
590 1411 834 1459 numero,
860 1394 1096 1449 omnium
1120 1409 1258 1463 pene
1287 1394 1480 1462 linguis
1506 1394 1559 1448 in
1586 1394 1681 1448 Dei
1707 1395 1823 1448 lau-

227 1492 320 1546 des
363 1489 606 1546 sanctior
645 1487 872 1542 mundus
918 1487 1170 1540 exsultat.
1219 1485 1413 1541 Sancta
1442 1495 1525 1542 est
1561 1487 1818 1553 Ecclesia,

225 1595 364 1649 qum,
390 1579 645 1650 baptismi
665 1586 1004 1634 sacramento
1024 1586 1368 1648 peccatorum
1397 1579 1718 1647 contagione
1739 1580 1827 1634 de-

223 1682 387 1739 tersa,
422 1681 686 1728 terrarum
709 1669 910 1726 incolas
937 1669 1251 1724 transmittit
1279 1668 1346 1723 ad
1373 1670 1587 1724 cmlum.
1613 1669 1822 1724 Remis-

223 1767 433 1824 sionem
457 1772 826 1838 peccatorum.
857 1762 1136 1818 Crcdenda
1163 1771 1247 1817 est
1284 1763 1572 1832 praecipue,
1603 1761 1815 1826 fratres,

294 1886 321 1914 ι
359 1876 499 1932 Cod.
529 1875 650 1930 Vat.
681 1873 838 1937 I278,
863 1872 1026 1937 6552,
1049 1880 1102 1927 ct
1122 1872 1374 1927 Laurent.
1407 1872 1661 1943 leguntet
1687 1873 1816 1926 sicut
1855 1879 1896 1938 Β

232 1945 544 2016 Unigem'tus
573 1945 741 1998 Filius
774 1943 868 1997 Dei
897 1952 990 1996 est.

288 2017 318 2056 δ
354 2016 470 2056 Cnd
526 2015 626 2056 Val,
681 2013 816 2056 19.78
868 2023 990 2056 mnf.

354 2016 493 2071 Cod.
526 2015 646 2070 Vat.
681 2013 838 2081 i278,
868 2022 1136 2068 contentus
1166 2021 1245 2066 est
1281 2027 1450 2066 cruce.

361 2085 498 2140 Cod.
532 2084 792 2149 Brixien.,
823 2079 934 2138 sine
961 2083 1108 2135 venia
1137 2099 1241 2136 non
1281 2099 1435 2151 pom
1462 2083 1673 2136 salvari.

223 2192 323 2246 que
351 2177 515 2246 igitur
539 2174 888 2246 confiteamur
916 2174 968 2228 in
997 2172 1199 2242 Spiritu
1232 2181 1421 2246 sancto
1450 2173 1816 2228 omnimodam

223 2243 314 2302 sua
343 2243 852 2316 largiendiimunera
881 2251 1224 2316 potestatem,
1251 2259 1370 2314 quae
1390 2243 1528 2316 dona
1548 2251 1818 2316 suntgra-

223 2320 303 2371 tia:
331 2325 391 2372 et
429 2313 896 2380 sanetificationis,
934 2329 1042 2368 non
1084 2313 1365 2367 minus’ae
1399 2313 1652 2367 tribuitur
1679 2313 1814 2368 Filio

222 2388 526 2468 divinorum
573 2385 951 2468 mysteriorum
999 2383 1290 2447 revelatio,
1322 2391 1451 2468 et__a
1490 2383 1649 2438 Patre
1694 2383 1815 2468 fons

224 2457 553 2512 inexhausta:
580 2452 958 2510 misericordize
1001 2468 1322 2522 promanare
1350 2452 1572 2518 dicitur;
1603 2461 1815 2508 constat

225 2527 488 2597 Spiritum
509 2535 750 2581 sanctum
771 2539 888 2580 esse
912 2521 1100 2597 Deum,
1119 2531 1176 2597 ut
1196 2531 1280 2577 est
1300 2521 1443 2597 Deus
1465 2523 1648 2597 Filius,
1672 2524 1814 2597 Deus

227 2593 415 2662 Pater;
447 2613 556 2650 non
586 2604 762 2650 tamen
792 2603 900 2648 tres
929 2594 1022 2658 dii,
1058 2593 1154 2647 sed
1180 2609 1318 2647 unus
1345 2593 1504 2647 Deus.
1536 2593 1815 2648 Mirabilnr

223 2683 376 2721 nemo
430 2666 717 2720 Maximum
764 2665 964 2720 dixisse
1002 2663 1259 2733 Spiritum
1299 2673 1540 2718 sanctum
1583 2680 1612 2717 a
1655 2664 1814 2718 Patre

262 2737 536 2804 recedere,
566 2749 741 2805 neque
772 2734 1046 2805 addidisse
1068 2749 1188 2805 eum
1216 2749 1430 2805 quoque
1459 2734 1752 2805 procedere
1781 2750 1812 2789 a

262 2753 536 2804 "OCBOCI'B,
566 2753 741 2805 neque
772 2753 1038 2788 audiuisse
1068 2753 1188 2787 Clllll
1216 2753 1430 2803 quoque
1459 2753 1752 2802 procedere
1781 2753 1812 2789 ἱὶ

223 2753 352 2861 Filio
385 2825 398 2860 :
430 2807 483 2861 id
513 2806 655 2861 enim
683 2805 793 2874 egit
828 2819 948 2874 cum
983 2803 1100 2857 aliis
1131 2801 1398 2874 Patribus,
1430 2804 1521 2873 qui
1553 2803 1670 2859 illos
1699 2805 1812 2857 hze-

225 2879 417 2932 retices
437 2872 838 2946 oppugnarunt,
857 2873 1110 2946 facientes
1129 2872 1387 2946 Spiritum
1406 2872 1654 2946 sanctum
1677 2874 1813 2929 Filio

226 2942 560 3010 inferiorem;
594 2942 713 3000 nam
747 2944 1038 2997 Eunouiius
1065 2942 1184 3014 eum
1211 2944 1361 3014 jussu
1393 2942 1594 3014 Patris,
1625 2961 1812 3014 opera-

225 3019 354 3071 tione
377 3027 430 3070 ει
449 3014 832 3088 potentiaFilii
849 3015 1129 3088 procedere
1143 3011 1374 3088 docebat.
1392 3011 1665 3088 Pnncipue
1683 3028 1813 3081 ergo

226 3098 343 3140 tunc
374 3083 638 3156 temporis
665 3083 908 3156 doctrina
934 3083 1199 3156 catholica
1221 3084 1362 3139 circa
1407 3083 1812 3156 processionem

225 3157 452 3225 Spiritus
472 3153 642 3212 sancti
671 3171 700 3210 a
730 3153 887 3208 Patre
918 3154 1248 3225 versabatur,
1274 3163 1328 3207 et
1348 3154 1652 3225 explicitum
1683 3170 1814 3225 con-

227 3223 512 3281 fessionem
561 3243 682 3280 eum
723 3239 937 3295 quoque
975 3239 1004 3277 a
1048 3223 1182 3295 Filio
1234 3223 1527 3295 procedere
1559 3223 1811 3295 Ecclesia

227 3314 324 3351 non
367 3297 685 3365 requirebat
715 3292 884 3348 {nam
921 3295 1054 3365 satis
1084 3293 1157 3347 illi
1186 3292 1303 3365 erat
1344 3302 1403 3347 ut
1429 3292 1658 3365 Spiritus
1683 3310 1810 3348 san-

227 3376 334 3421 rtus
367 3363 534 3421 verus
563 3366 704 3421 Deus
727 3365 796 3420 ab
821 3364 1067 3419 omnibus
1104 3364 1414 3418 crederetur
1437 3375 1494 3417 et
1519 3363 1806 3418 coleretur.

230 3435 417 3492 Postea
443 3451 574 3491 vero
593 3451 752 3504 quam
773 3451 841 3489 ex
869 3435 1139 3504 cineribus
1171 3433 1469 3488 Macedonii
1505 3441 1663 3502 atque
1701 3434 1807 3489 Ne-

225 3507 365 3562 storii
418 3522 448 3560 a
489 3503 690 3560 Graecis
739 3505 1000 3574 excitatus
1051 3503 1149 3558 fuit
1188 3519 1354 3574 ierror
1391 3519 1499 3572 quo
1544 3504 1811 3574 negabant

224 3576 482 3645 Spiritum
512 3585 754 3631 sanctum
783 3591 812 3628 a
843 3573 978 3628 Filio
1005 3573 1407 3645 procedentem,
1436 3581 1566 3645 tunc
1590 3573 1699 3628 visa
1728 3583 1811 3630 est

223 3644 482 3726 Ecclesiie
500 3644 1627 3726 necessar‘ia‘obortag.hreresisrpcoscriptio,

223 3725 274 3770 et
316 3719 384 3772 ab
428 3724 680 3784 utroque,
726 3713 891 3784 Patre,
925 3713 1132 3768 scilicet
1161 3721 1218 3784 et
1254 3713 1412 3777 Filio,
1452 3713 1810 3782 processionis

225 3785 510 3841 confessio.
533 3783 768 3838 Primum
803 3785 852 3838 in
883 3783 1132 3853 llispania
1162 3783 1249 3836 illa
1278 3791 1497 3852 accepta
1520 3784 1806 3850 invenitur,

223 3857 506 3912 celebratis
527 3857 629 3911 hac
651 3855 717 3908 de
737 3870 895 3909 causa
916 3854 1156 3924 pluribus
1156 3854 1436 3924 conciliis,
1467 3861 1522 3907 et
1547 3855 1808 3923 particula

227 3925 459 4000 P'ilicqug
487 3926 554 3979 ad
569 3925 882 4000 symbolum
897 3923 1129 4000 _addita.‘
1153 3923 1284 4000 Tres
1326 3924 1545 4000 insuper
1569 3924 1686 3979 alite
1718 3943 1809 3996 sy-

224 3993 380 4059 nodi,
415 3993 865 4059 Gentiliacensis,
897 3993 1278 4061 Forojuliensis
1316 4002 1371 4048 et
1412 3993 1808 4064 Aquisgranen-

223 4069 287 4120 sis
312 4065 627 4122 Gr:ecorum
657 4066 901 4119 haeresim
929 4064 1246 4118 damnantes
1275 4078 1392 4116 eam
1423 4064 1734 4122 probarunt.

286 4135 491 4191 Horum
515 4136 864 4190 conciliorum
888 4133 1251 4204 definitionem
1268 4141 1321 4186 et
1341 4133 1666 4204 additionem
1688 4143 1811 4204 post

223 4206 604 4261 Crumenicam
632 4204 1039 4274 Lugdunensem
1069 4202 1165 4258 SS.
1194 4203 1479 4274 synodum,
1503 4202 1702 4272 majori
1721 4221 1811 4260 ce-

224 4274 461 4332 lcbritate
494 4275 821 4343 Patrumqne
845 4273 1139 4342 frequentia
1176 4273 1298 4326 eum
1328 4273 1659 4338 Latinorum,
1696 4285 1805 4330 tum

223 4344 526 4400 Gnecorum
567 4343 906 4400 confirmavit
951 4343 1257 4398 Florentina
1305 4343 1431 4398 item
1477 4346 1808 4400 mcumenica

222 4417 310 4470 sub
337 4416 585 4485 Eugenio
623 4414 978 4485 lV_poutitice
1018 4415 1271 4485 maximo,
1305 4414 1488 4485 inqua
1521 4415 1808 4485 (praesente

223 4483 667 4565 quide'm'ioanne
696 4483 1012 4565 Palaeolo'go.
1035 4483 1381 4565 imperatore)
1429 4483 1553 4538 nisi"
1576 4486 1809 4565 auctori-

225 4562 325 4610 tate
361 4555 782 4625 Scriptnrarum,
833 4554 1227 4625 traditioncque
1263 4554 1526 4625 majorum
1566 4555 1618 4608 vi
1661 4563 1806 4610 tanta

223 4627 475 4697 orationis
489 4623 566 4680 'de
587 4625 816 4697 Spiritus
836 4625 1006 4697 sancti
1035 4623 1290 4697 ex_Pa_tre
1320 4623 1560 4697 Filioque
1590 4640 1808 4697 proces-

221 4696 362 4750 sione
376 4692 666 4750 Joannesa
688 4695 868 4749 Monte
889 4694 1068 4761 Nigro,
1093 4694 1345 4748 Andr-mas
1363 4692 1626 4760 Rhodius,
1649 4693 1810 4751 Joan-

223 4780 311 4820 nes
336 4781 366 4820 a
398 4767 809 4821 Turrecremata
841 4763 1193 4831 Dominicaui,
1225 4772 1278 4817 et
1317 4763 1558 4818 Julianus
1583 4765 1805 4820 C:esari-

223 4835 332 4904 nius
358 4844 563 4891 sancte
598 4835 851 4889 Romanm
891 4833 1139 4888 Eeclesim
1166 4815 1450 4889 cardinalis
1473 4845 1716 4904 egerunt,
1749 4844 1810 4891 ut
1833 4815 1883 4874 Ῑ)

224 4901 377 4977 Marci
427 4905 664 4977 Ephesii
691 4905 1027 4977 sophismata
1060 4921 1167 4958 non
1209 4904 1468 4959 solverint
1504 4901 1684 4970 modo,
1715 4907 1809 4960 sed

223 4974 375 5030 etiam
411 4974 578 5046 plane
619 4975 954 5046 obtriverint.
984 4974 1100 5046 Non
1129 4981 1210 5046 est
1240 4984 1422 5046 autem
1442 4990 1577 5044 opus
1601 4984 1657 5029 ut
1688 4992 1809 5030 mo-

223 5043 470 5100 numenta
501 5046 588 5100 hic
630 5045 878 5112 colligam
916 5045 1110 5114 quibus
1143 5043 1198 5098 id
1230 5043 1593 5099 orthodoxum
1614 5045 1807 5114 dogma

222 5116 426 5170 ostendi
452 5115 735 5183 evincique
757 5113 946 5184 possit.
972 5113 1160 5185 Euncti
1179 5113 1288 5178 jam
1312 5115 1412 5185 hoc
1438 5131 1660 5170 munere
1680 5113 1812 5185 prte-

221 5185 356 5255 clare
385 5185 605 5255 fuerunt
628 5181 957 5255 Nicephorus
981 5181 1296 5255 Bleuimida,
1318 5183 1554 5255 Joannes
1581 5181 1804 5250 Veccus,

220 5252 496 5324 Georgius,
534 5252 1005 5324 Protosyucellus,
1063 5252 1324 5321 Georgius
1377 5253 1803 5322 Trapezuntius,

219 5320 449 5395 Joannes
478 5320 888 5395 Plussiadenus,
905 5323 1016 5389 alii,
1045 5320 1271 5394 quorum
1301 5340 1463 5395 opera
1489 5320 1804 5395 Complexus

220 5403 296 5446 est
323 5394 436 5450 Leo
468 5395 693 5450 Allatius
721 5411 817 5449 sua
848 5394 1048 5448 Grazcia
1063 5393 1379 5449 orthodoxa.
1413 5393 1689 5450 Eodem‘in
1712 5411 1802 5450 ar-

221 5474 474 5535 gnmeuto
503 5463 880 5535 pertractando
909 5465 1104 5535 versati
1141 5465 1354 5535 egregie
1396 5462 1545 5518 fuere
1591 5464 1807 5520 Emma-

220 5533 337 5588 nuel
364 5532 593 5590 Caleéas
621 5534 824 5589 ordinis
843 5532 1288 5599 Prmdicatorum,’
1305 5534 1584 5589 Bessarion
1608 5544 1807 5590 sanctze

223 5599 474 5658 Romana:
504 5603 753 5660 Ecclesia:
781 5604 1086 5667 cardinalis,
1122 5614 1178 5658 et
1212 5606 1517 5660 recentiore
1545 5607 1803 5660 memoria

223 5669 504 5745 Dionysius
531 5673 898 5745 Petaviuslib.
927 5691 995 5729 vn
1022 5675 1090 5728 de
1115 5673 1330 5738 Trinit.,
1359 5672 1470 5728 Leo
1499 5674 1724 5730 Allatius
1754 5677 1805 5730 in

221 5754 283 5829 cc
306 5743 571 5829 ppusculo
591 5761 752 5816 quem
771 5744 838 5799 de
864 5743 1218 5829 Processione
1242 5745 1486 5829 Spiritus
1501 5745 1808 5829 sancti‘pec-

221 5813 430 5885 scripsit
456 5813 709 5872 sermone
729 5815 1015 5872 vernaculo
1043 5813 1372 5882 Gmcbrum,
1398 5824 1451 5869 et
1474 5815 1526 5870 in
1549 5813 1806 5871 Vindiciis

1930 669 2177 722 absolvit.
2201 667 2406 722 Idcirco
2428 667 2744 737 Unigenitus
2764 668 3018 723 Altissimi
3039 682 3252 722 sumere
3273 665 3522 736 dignatus

1929 764 2011 812 cst
2039 773 2275 822 carnem,
2308 756 2336 796 δ
2367 759 2680 828 complexus
2707 767 2789 813 est
2817 773 3050 822 crucem,
3087 765 3146 813 ut
3183 764 3258 822 te,
3289 757 3380 827 qui
3409 758 3518 811 cri-

1927 848 2070 901 mina
2103 857 2191 902 tua
2221 847 2451 903 evadere
2481 857 2536 903 et
2577 856 2798 918 peccata
2836 865 2944 903 non
2977 857 3215 918 poteras,
3249 849 3408 920 273
3438 848 3518 901 in-

1924 941 2198 1008 dnlgentia
2221 941 2422 997 faceret
2448 942 2810 997 innocentem.
2836 941 2960 997 Ideo
2982 942 3354 996 immaculatus
3373 940 3518 996 occi-

1924 1050 2016 1090 sus
2040 1043 2122 1090 est
2157 1035 2338 1104 Agnus
2369 1043 2428 1089 ut
2455 1035 2571 1104 ejus
2597 1051 2788 1090 cruore
2821 1035 3036 1089 humani
3066 1033 3276 1102 generis
3305 1033 3515 1088 macula

1926 1133 2241 1194 tergeretur.
2292 1125 2502 1191 Videte,
2547 1125 2758 1190 fratres,
2801 1123 3218 1194 profunditatem
3252 1123 3513 1192 mysterii,

1926 1215 2102 1270 videte
2134 1215 2468 1270 altitudinem
2507 1215 2828 1271 sacramenti
2854 1232 2867 1266 :
2894 1214 2982 1268 ubi
3004 1229 3150 1268 mors
3175 1213 3405 1268 reddidit
3431 1214 3513 1266 vi-

1926 1314 2053 1370 tam,
2085 1315 2141 1360 et
2167 1306 2502 1376 peccantium
2532 1305 2719 1360 sordes
2747 1305 3004 1374 sanguine
3049 1311 3173 1358 sunt
3216 1303 3516 1358 innocentis

1922 1395 2136 1451 ablutas.
2172 1396 2296 1451 Haec
2323 1406 2502 1452 autem
2532 1397 2778 1452 remissio
2804 1413 2910 1450 non
2939 1405 2992 1451 te
3020 1395 3086 1450 ad
3111 1403 3389 1466 peccatum
3419 1411 3517 1447 nu-

1924 1489 2036 1553 trit,
2059 1489 2155 1544 sed
2182 1488 2439 1544 admonet
2464 1497 2522 1542 ut
2549 1504 2776 1558 peccare
2791 1488 2902 1557 jam
2923 1497 3150 1553 metuas,
3175 1489 3265 1556 qui
3290 1496 3340 1542 te
3363 1487 3518 1541 intel-

1921 1579 2040 1649 ligis
2077 1580 2195 1636 sine
2233 1579 2390 1634 venia
2421 1595 2528 1634 non
2559 1589 2582 1617 ε
2611 1579 2849 1648 potuisse
2877 1577 3093 1633 salvari.
3122 1577 3342 1632 Bonitas
3369 1577 3535 1631 cnim-

1922 1668 1947 1706 ἀ
1981 1671 2075 1725 Dei
2107 1670 2444 1740 indulgentia:
2471 1685 2583 1726 sua:
2602 1685 2824 1724 munere
2853 1684 2962 1723 non
2991 1684 3091 1724 nos
3119 1675 3292 1722 armat
3316 1669 3386 1722 ad
3403 1667 3515 1721 cul-

1919 1777 2064 1832 pam,
2087 1761 2184 1818 sed
2209 1772 2232 1800 ο
2249 1762 2415 1816 abluit
2435 1761 2502 1816 ad
2523 1761 2766 1831 gloriam.
2789 1763 2803 1793 ³
2832 1761 3021 1817 Carnis
3040 1760 3511 1817 resurrectionem.

1991 1871 2018 1908 ἀ
2057 1871 2190 1926 Cod.
2222 1871 2342 1924 Vat.
2377 1869 2518 1925 6452
2547 1869 2748 1924 omittit
2773 1869 2892 1925 Dei.

1999 1951 2024 1978 ο
2061 1940 2232 1995 Codd.
2268 1941 2412 2003 Vat.,
2444 1941 2632 1997 Vallie.
2665 1957 2722 1997 ιι.
2764 1948 2820 1998 et
2867 1939 3138 2008 Brixien.,_
3163 1940 3256 1993 sed
3299 1938 3536 1995 absolvitr

1926 2011 1994 2064 ad
2019 2012 2261 2082 gloriam.

1919 2173 2442 2255 ξγιιρόίλζνιιςιεὶιιω,
2479 2182 2536 2229 et
2561 2174 2773 2255 erilli;
2814 2173 3040 2255 Michael
3072 2169 3510 2255 Lequi'eniuspr-

1915 2241 2055 2297 diuis
2103 2241 2520 2299 Praedicatorum
2565 2241 2624 2299 in'
2665 2244 2923 2314 Panoplia
2967 2241 3510 2298 contra'Nectarium

1915 2315 2274 2386 patriarcham
2320 2314 2885 2386 llicrosolymjtanum,
2929 2321 3095 2386 utque
3140 2321 3384 2386 czeteros,
3423 2328 3504 2386 _ne

1915 2382 2014 2438 sim
2044 2384 2255 2452 longus,
2278 2382 2614 2453 pneteream,
2643 2384 2946 2439 Ludovicus
2972 2383 3205 2453 Vallatus
3231 2382 3511 2453 bibliothe-

1915 2470 1992 2508 ραι
2019 2451 2309 2508 Parisiensi
2340 2455 2552 2509 Sanctae
2579 2453 2869 2524 Genovefa:
2911 2451 3190 2524 prmfectus
3226 2451 3506 2524 inﬁdisser-

1917 2525 2149 2594 tatione,
2198 2541 2356 2594 quam
2413 2541 2543 2594 sane
2587 2523 2801 2594 doctam
2848 2521 3193 2594 conscripsit,
3239 2521 3508 2594 ediditqne

1917 2593 2134 2648 Parisiis
2168 2592 2312 2648 anno
2352 2593 2508 2648 1722.
2554 2593 2704 2648 Nunc
2743 2593 2810 2647 de
2849 2593 3020 2647 sancti
3058 2592 3272 2647 Maximi
3309 2592 3412 2646 hoc
3440 2595 3507 2645 de

1915 2664 2167 2731 dogmate
2195 2665 2439 2719 doctrina
2469 2678 2641 2732 agam,
2674 2671 2732 2718 ut
2774 2672 2966 2733 potero
3005 2663 3257 2730 breviter.
3297 2661 3347 2715 Is
3377 2677 3506 2733 prn-

1914 2735 2176 2790 ceSsionis
2203 2735 2418 2803 quidem
2447 2735 2678 2804 Spiritus
2713 2732 2883 2788 sancti
2921 2748 2988 2789 ex
3033 2732 3502 2804 Patre__meminit,

1914 2819 1980 2857 ex
2031 2804 2173 2876 Filio
2210 2802 2390 2860 autem
2441 2802 2707 2876 eiplicate
2731 2821 2842 2876 non
2874 2804 3133 2876 meminit.
3173 2802 3358 2871 Neque
3388 2810 3506 2856 erat

1913 2889 2049 2946 opus
2077 2875 2216 2946 utin
2247 2873 2780 2946 tradendo—symbolo
2807 2873 2965 2942 hujus
2993 2873 3310 2946 explicatam
3352 2887 3504 2925 met:-

1913 2945 2114 2997 tionem
2144 2942 2363 3006 faceret,
2395 2961 2517 3001 cum
2547 2942 2689 2998 nulla
2721 2955 2848 3000 tunc
2881 2960 2911 2998 a
2943 2942 3290 2998 novatoribns
3315 2950 3504 2996 contra

1913 3015 2237 3086 catholicum
2283 3015 2475 3086 dogma
2517 3016 2749 3069 excitata
2789 3023 2932 3070 esset
2972 3015 3267 3086 contentio,
3306 3019 3503 3086 etum:

1913 3085 2150 3139 omnium
2197 3081 2615 3141 Occidcntalinm
2659 3086 2952 3155 praesertim
2998 3093 3140 3139 esset
3186 3081 3502 3155 de_Sp_iritu

1911 3162 2100 3209 sancto
2139 3155 2302 3210 etiam
2333 3172 2396 3210 ex
2428 3156 2562 3210 Filio
2601 3151 2928 3226 procedente
2957 3155 3224 3226 doctrina.
3255 3151 3503 3226 Profecto

1911 3233 2129 3278 sanctus
2171 3226 2520 3291 Augustinus,
2551 3222 2618 3280 δι’
2644 3234 2840 3292 pneter
2879 3234 3162 3280 tractatum
3195 3223 3264 3278 de
3294 3222 3427 3292 Fide
3448 3231 3503 3275 it

1912 3294 2189 3364 Symbolo,
2221 3309 2337 3363 cap.
2371 3295 2423 3354 8,
2458 3311 2603 3348 num.
2638 3291 2704 3348 l9
2750 3311 2890 3364 seq.,
2933 3303 3062 3348 tom.
3097 3295 3164 3348 Vl
3204 3309 3330 3364 opp.
3365 3291 3498 3364 e_dit.

1913 3361 2172 3434 Antuerp.
2203 3361 2477 3432 ain—1700,
2507 3379 2630 3434 pag.
2665 3365 2764 3417 H7
2791 3361 2929 3433 seq.,
2960 3373 3017 3419 et
3039 3381 3202 3434 serui.
3231 3361 3254 3416 1
3275 3362 3350 3434 de
3371 3361 3502 3414 Tra-

1915 3433 2122 3489 ditione
2141 3434 2377 3503 Symboli
2406 3432 2551 3488 nuni.
2581 3435 2631 3499 1,
2661 3443 2793 3489 tom.
2821 3432 2884 3499 ν,
2906 3449 3028 3503 pag.
3052 3433 3175 3498 652,
3199 3444 3254 3487 et
3273 3432 3327 3497 '5,
3351 3448 3497 3486 num.

1913 3504 1967 3563 6.
2005 3518 2127 3573 pag.
2174 3504 2299 3569 655,
2327 3513 2384 3560 et
2412 3506 2464 3566 5,
2496 3521 2642 3558 num.
2688 3504 2772 3568 l0,
2803 3519 2925 3573 pag.
2968 3504 3090 3567 660,
3123 3504 3211 3558 ubi
3239 3504 3311 3556 ita
3342 3517 3498 3570 pror-

1912 3589 2024 3638 sus,
2048 3583 2107 3628 ut
2127 3574 2390 3629 Maximus
2410 3575 2642 3638 disserit,
2666 3583 3034 3642 memoratque
3050 3589 3117 3628 ex
3138 3573 3297 3626 Patre
3317 3586 3502 3642 procc~

1911 3644 2126 3698 dentem
2155 3643 2433 3713 Spiritum,
2457 3646 2761 3713 omittitque
2791 3641 3110 3713 expliCatam
3141 3641 3503 3713 processionis

1911 3713 2150 3780 ejusdem
2179 3713 2407 3785 Spiritus
2435 3731 2504 3770 ex
2530 3714 2666 3769 Filio
2695 3715 3058 3785 mentionem;
3095 3715 3158 3785 si
3181 3717 3377 3782 praeter
3403 3726 3501 3785 ees

1915 3791 2192 3849 tractatus,
2220 3781 2476 3854 _inquam,
2509 3785 2684 3838 nullos
2711 3785 2778 3839 de
2806 3783 3068 3838 Trinitate
3095 3781 3230 3838 alios
3265 3781 3498 3854 perscri-

1912 3853 2121 3922 psisset,
2155 3851 2388 3924 indeque
2421 3856 2702 3923 quisquam
2743 3854 3114 3916 conclusisset,
3148 3851 3499 3924 Augustinum

1913 3940 2019 3996 non
2058 3923 2391 3996 concessisse
2425 3926 2656 3996 Spiritus
2699 3925 3096 3996 processionem
3134 3940 3200 3979 ex
3225 3923 3384 3996 Filio,
3416 3937 3500 3996 ua:

1912 3993 1957 4047 is
1985 3995 2269 4051 conclusor
2298 3991 2646 4050 vehementer
2671 3991 2923 4050 errasset.
2967 3993 3098 4048 Nam
3138 3993 3238 4049 etsi
3273 3994 3324 4048 in
3355 3991 3498 4046 indi-

1911 4065 2048 4118 catis
2094 4066 2410 4120 tractatibus
2456 4066 2677 4134 hujusce
2719 4081 2786 4120 cx
2829 4065 2964 4119 Filio
3003 4063 3362 4133 processionis
3391 4078 3498 4116 non

1911 4135 2175 4204 meminit,
2202 4136 2426 4190 credidit
2449 4144 2626 4190 tamen
2657 4137 2832 4203 reipsa
2869 4136 3125 4204 Spiritum
3156 4142 3400 4188 sanctum
3431 4147 3494 4185 ex

1912 4203 2047 4258 Filio
2075 4206 2201 4259 item
2232 4205 2544 4274 procedere,
2571 4213 2631 4259 ut
2658 4221 2724 4258 ex
2756 4205 2846 4258 lib.
2879 4203 2922 4259 ιι
2941 4213 3128 4259 contra
3151 4205 3494 4274 Maximinum

1910 4289 2029 4343 cap.
2066 4274 2150 4338 14,
2179 4273 2298 4343 pag.
2323 4275 2445 4336 498,
2479 4282 2612 4329 tom.
2644 4273 2775 4340 Vlll,
2806 4290 2978 4341 exque
3007 4274 3122 4342 ejus
3143 4275 3210 4328 de
3236 4273 3498 4343 Trinitate

1911 4342 2002 4398 lib.
2028 4361 2116 4407 xv,
2144 4342 2262 4414 cap.
2291 4344 2380 4411 27,
2405 4360 2548 4398 num.
2575 4344 2641 4396 48
2663 4344 2790 4397 edit.
2809 4344 3047 4412 ejusdem
3069 4350 3294 4414 constat.
3319 4342 3494 4414 Quare
3524 4375 3531 4381 -

1910 4415 1954 4468 si
1984 4411 2246 4469 Maximus
2276 4423 2534 4469 tractatus
2558 4414 2812 4469 edidisset
2838 4411 2904 4468 de
2932 4414 3094 4484 276
3114 4413 3411 4484 r'l‘rinitate,
3441 4411 3528 4484 in-

1910 4500 2136 4555 camque
2177 4485 2445 4540 incidisset
2465 4486 2834 4552 qumstionem,
2865 4480 2981 4538 non
2998 4480 3185 4555 dubito
3211 4483 3340 4555 quin
3369 4480 3494 4549 Spi-

1909 4550 2070 4608 ritum
2101 4564 2344 4610 sanctum
2368 4572 2430 4609 ex
2463 4550 2621 4610 Patre
2647 4550 2886 4624 Filioque
2916 4550 3531 4624 procedereaﬂirmas-s

1910 4634 2009 4678 set.
2044 4625 2307 4680 Cieternm
2351 4641 2470 4694 quae
2499 4626 2762 4681 Maximus
2801 4621 2854 4681 in
2902 4621 3004 4680 hac
3045 4623 3259 4679 homilia
3290 4621 3357 4676 de
3386 4635 3494 4674 uno

1909 4696 2145 4759 nomine,
2178 4696 2244 4750 de
2274 4711 2376 4749 una
2418 4696 2770 4760 confessione,
2803 4696 2871 4751 de
2906 4696 3210 4764 :equalitate
3238 4705 3494 4764 persona-

1909 4780 2025 4818 rum
2054 4766 2351 4819 divinarum
2395 4766 2484 4835 (de
2515 4765 2716 4836 Spiritu
2755 4775 2944 4822 saneto
2971 4763 3155 4836 agens)
3184 4763 3404 4836 scribitL
3423 4763 3492 4836 ita
3529 4795 3532 4798 -

1910 4842 2218 4904 comparata
2249 4830 2481 4901 sunt,'nt
2509 4830 2980 4891 Ainbrosianorum
3011 4830 3263 4904 librorum
3287 4830 3495 4904 chp‘i-

1910 4901 2246 4976 ritn'sancto
2292 4905 2527 4974 epitome
2566 4908 2806 4976 quaadam
2853 4920 2971 4976 esse
3012 4903 3312 4976 videantur.
3362 4901 3495 4956 Vide
3530 4936 3535 4941 -

1911 4975 2093 5028 Ambr.
2128 4975 2218 5028 lib.
2253 4993 2292 5044 ι,
2330 4973 2456 5044 cap.
2491 4976 2558 5028 15
2583 4973 2739 5044 ἐρα.,
2774 4984 2829 5031 et
2868 4975 2958 5028 lib.
2993 4991 3048 5035 ιι,
3081 4988 3199 5042 cap.
3240 4973 3276 5026 2
3316 4987 3506 5042 seqq,

1911 4991 2093 5028 munr.
2129 4991 2218 5028 nn.
2253 4993 2292 5044 ι,
2336 4991 2396 5030 ca
2443 5016 2456 5028 .
2491 4991 2558 5028 ia
2599 4994 2739 5044 seq.,
2774 4991 2829 5031 et
2869 4991 2958 5028 nn.
2993 4991 3048 5035 ιι,
3081 4991 3199 5042 cap.
3240 4991 3276 5026 z
3316 4991 3506 5042 seqq,

1911 5055 1964 5116 et
1995 5045 2085 5098 lib.
2119 5062 2192 5109 ιιι,
2224 5063 2344 5116 cap.
2393 4991 2435 5098 λ,
2464 5062 2611 5115 seqq.
2651 5046 2803 5113 Quod
2843 5046 2904 5116 si,
2927 5044 3092 5099 tacuit
3121 5044 3534 5116 processioncnr

1912 5115 2139 5184 Spiritus
2168 5114 2333 5170 sancti
2362 5135 2428 5170 ex
2456 5114 2620 5188 Filio,
2637 5115 2948 5188 quodperbo
2983 5114 3191 5168 tacitum
3219 5114 3281 5188 ub
3311 5131 3368 5188 eo
3397 5123 3495 5176 est,

1909 5201 2206 5258 expressum
2235 5196 2308 5242 est
2337 5188 2456 5258 ﬁde,
2488 5195 2544 5241 ut
2576 5184 2712 5240 idem
2741 5185 2846 5239 alio
2860 5194 3125 5258 spectans
3147 5184 3493 5258 animadvec-

1913 5253 1984 5308 tit
2006 5253 2347 5322 Ambrosius,
2371 5258 2495 5311 ibid.
2523 5258 2614 5310 lib.
2639 5273 2673 5318 ι,
2703 5271 2823 5326 cap.
2859 5253 2922 5326 5,
2944 5272 3089 5326 ιιιιιιι.
3132 5255 3222 5320 45,
3254 5270 3373 5324 pag.
3394 5253 3490 5326 15,

1910 5333 2042 5380 tom.
2068 5326 2133 5380 lV
2156 5329 2433 5398 cpptedit.
2459 5327 2671 5398 vciieue
2692 5324 2782 5378 an.
2805 5325 2957 5398 175l.
2978 5324 3186 5395 Alioqui
3211 5327 3313 5379 hoc
3333 5325 3512 5398 etiam-

1912 5405 2160 5462 restaret,
2192 5395 2246 5452 ui
2275 5397 2460 5451 Patres
2487 5397 3093 5467 Constantinopolitanre
3116 5413 3131 5450 ι
3153 5395 3494 5452 meumenicm

1910 5467 2120 5536 synodi,
2158 5469 2300 5535 quod
2343 5467 2573 5536 Spiritus
2601 5469 2770 5521 sancti
2806 5465 2874 5521 ex
2910 5465 3069 5521 Patre
3098 5467 3494 5536 processionem

1913 5535 2260 5619 memorariu‘t
2288 5538 2338 5592 in
2366 5535 2633 5619 symbols),
2666 5539 2931 5619 tacuerint
2958 5545 3144 5619 τάνηςιξ
3183 5535 3506 5619 Filioicoue

1912 5603 1993 5660 fer
2015 5615 2144 5660 tom.
2172 5625 2189 5662 ι
2215 5603 2503 5663 Concilior.
2537 5608 2603 5661 ad
2627 5625 2716 5662 an.
2749 5608 2874 5676 581,
2899 5620 3021 5676 pag.
3042 5607 3146 5661 8M
3167 5606 3298 5660 edit.
3326 5605 3493 5676 Paris.

1912 5690 2000 5729 an.
2036 5677 2216 5746 1714),
2260 5678 2313 5732 in
2355 5687 2560 5745 negate
2597 5679 2957 5747 proccssionis
3003 5693 3067 5730 ex
3116 5676 3252 5730 Filio
3291 5675 3494 5730 crimen

1911 5755 2250 5821 vocacentur,
2275 5763 2385 5818 quo
2414 5749 2540 5818 quid
2563 5748 2664 5804 dici
2688 5755 2864 5821 potest
2887 5747 3152 5821 iniquius?
3361 5811 3386 5821 η
3433 5811 3442 5821 .

1986 5818 2001 5848 ¹
2043 5815 2229 5873 Carnis
2259 5811 2702 5876 resurrectionem.-
2728 5817 2828 5872 [fit
2858 5811 3120 5886 religionis
3142 5822 3330 5868 nostra!
3350 5811 3488 5880 linis.
