  <div class='ocr_page' id='page_1' title='image "/cluster/home/n/w/nwhite01/storage/ocr_20150623/57/hvd.32044054758669/236.png"; bbox 0 0 4054 6190; ppageno 0'>
   <div class='ocr_carea' id='block_1_1' title="bbox 342 382 3609 445">
    <p class='ocr_par' dir='ltr' id='par_1_1' title="bbox 342 382 3609 445">
     <span class='ocr_line' id='line_1_1' title="bbox 342 382 3609 445; baseline -0.002 -2"><span class='ocrx_word' id='word_1_1' title='bbox 342 391 432 443; x_wconf 80' lang='lat' dir='ltr'><strong>ttt</strong></span> <span class='ocrx_word' id='word_1_2' title='bbox 1682 382 1962 437; x_wconf 68' lang='lat' dir='ltr'><strong>ilOMlLtA</strong></span> <span class='ocrx_word' id='word_1_3' title='bbox 2003 384 2279 441; x_wconf 72' lang='lat' dir='ltr'><strong>LXXXIV.</strong></span> <span class='ocrx_word' id='word_1_4' title='bbox 2582 412 2587 417; x_wconf 97' lang='lat'><strong><em>-</em></strong></span> <span class='ocrx_word' id='word_1_5' title='bbox 3505 394 3536 445; x_wconf 71' lang='grc' dir='ltr'><strong>,ι</strong></span> <span class='ocrx_word' id='word_1_6' title='bbox 3553 394 3609 444; x_wconf 65' lang='grc' dir='ltr'><strong>με</strong></span> 
     </span>
    </p>
   </div>
   <div class='ocr_carea' id='block_1_2' title="bbox 334 493 3607 576">
    <p class='ocr_par' dir='ltr' id='par_1_2' title="bbox 334 493 3607 576">
     <span class='ocr_line' id='line_1_2' title="bbox 334 493 3607 576; baseline 0.004 -25"><span class='ocrx_word' id='word_1_7' title='bbox 334 498 538 576; x_wconf 82' lang='lat' dir='ltr'><strong>pientis</strong></span> <span class='ocrx_word' id='word_1_8' title='bbox 567 496 940 576; x_wconf 51' lang='lat' dir='ltr'><strong>:&quot;Videamus,</strong></span> <span class='ocrx_word' id='word_1_9' title='bbox 976 504 1047 576; x_wconf 35' lang='lat' dir='ltr'><strong>et.</strong></span> <span class='ocrx_word' id='word_1_10' title='bbox 1075 494 1396 576; x_wconf 80' lang='lat' dir='ltr'><strong>desinentis,</strong></span> <span class='ocrx_word' id='word_1_11' title='bbox 1441 493 1570 547; x_wconf 70' lang='lat' dir='ltr'><strong>&quot;(ec</strong></span> <span class='ocrx_word' id='word_1_12' title='bbox 1614 496 1857 576; x_wconf 54' lang='lat' dir='ltr'><strong>omnium</strong></span> <span class='ocrx_word' id='word_1_13' title='bbox 1876 495 2096 551; x_wconf 84' lang='lat' dir='ltr'><strong>salutem</strong></span> <span class='ocrx_word' id='word_1_14' title='bbox 2139 498 2313 576; x_wconf 76' lang='lat' dir='ltr'><strong>citius_</strong></span> <span class='ocrx_word' id='word_1_15' title='bbox 2338 500 2636 576; x_wconf 50' lang='lat' dir='ltr'><strong>suscitavit;</strong></span> <span class='ocrx_word' id='word_1_16' title='bbox 2667 505 3048 576; x_wconf 16' lang='lat' dir='ltr'><strong>»cum_codicis</strong></span> <span class='ocrx_word' id='word_1_17' title='bbox 3093 504 3451 574; x_wconf 85' lang='lat' dir='ltr'><strong>Sangallensis</strong></span> <span class='ocrx_word' id='word_1_18' title='bbox 3478 524 3607 576; x_wconf 90' lang='lat' dir='ltr'><strong>pars</strong></span> 
     </span>
    </p>
   </div>
   <div class='ocr_carea' id='block_1_3' title="bbox 334 564 3605 686">
    <p class='ocr_par' dir='ltr' id='par_1_3' title="bbox 334 564 3605 686">
     <span class='ocr_line' id='line_1_3' title="bbox 334 564 3605 686; baseline 0.003 -64"><span class='ocrx_word' id='word_1_19' title='bbox 334 564 506 623; x_wconf 80' lang='lat' dir='ltr'><strong>altera</strong></span> <span class='ocrx_word' id='word_1_20' title='bbox 539 585 551 619; x_wconf 90' lang='lat'><strong>:</strong></span> <span class='ocrx_word' id='word_1_21' title='bbox 588 566 835 620; x_wconf 82' lang='lat' dir='ltr'><strong>Fortasse</strong></span> <span class='ocrx_word' id='word_1_22' title='bbox 857 568 967 636; x_wconf 87' lang='lat' dir='ltr'><strong>quis</strong></span> <span class='ocrx_word' id='word_1_23' title='bbox 996 565 1156 633; x_wconf 88' lang='lat' dir='ltr'><strong>dicat,</strong></span> <span class='ocrx_word' id='word_1_24' title='bbox 1183 573 1311 627; x_wconf 88' lang='lat' dir='ltr'><strong>etc.,</strong></span> <span class='ocrx_word' id='word_1_25' title='bbox 1343 573 1397 618; x_wconf 93' lang='lat' dir='ltr'><strong>et</strong></span> <span class='ocrx_word' id='word_1_26' title='bbox 1418 580 1538 633; x_wconf 74' lang='lat' dir='ltr'><strong>qua:</strong></span> <span class='ocrx_word' id='word_1_27' title='bbox 1565 574 1648 617; x_wconf 89' lang='lat' dir='ltr'><strong>est</strong></span> <span class='ocrx_word' id='word_1_28' title='bbox 1674 564 1815 686; x_wconf 68' lang='lat' dir='ltr'><strong>apud</strong></span> <span class='ocrx_word' id='word_1_29' title='bbox 1846 566 2017 632; x_wconf 73' lang='lat' dir='ltr'><strong>ipsum</strong></span> <span class='ocrx_word' id='word_1_30' title='bbox 2051 584 2173 622; x_wconf 89' lang='lat' dir='ltr'><strong>cum</strong></span> <span class='ocrx_word' id='word_1_31' title='bbox 2198 568 2353 622; x_wconf 92' lang='lat' dir='ltr'><strong>titulo</strong></span> <span class='ocrx_word' id='word_1_32' title='bbox 2380 587 2392 620; x_wconf 91' lang='lat'><strong>:</strong></span> <span class='ocrx_word' id='word_1_33' title='bbox 2427 569 2505 622; x_wconf 86' lang='lat' dir='ltr'><strong>De</strong></span> <span class='ocrx_word' id='word_1_34' title='bbox 2530 564 2764 641; x_wconf 82' lang='lat' dir='ltr'><strong>sepulcro</strong></span> <span class='ocrx_word' id='word_1_35' title='bbox 2794 574 3007 642; x_wconf 88' lang='lat' dir='ltr'><strong>Christi,</strong></span> <span class='ocrx_word' id='word_1_36' title='bbox 3035 577 3086 630; x_wconf 86' lang='lat' dir='ltr'><strong>in</strong></span> <span class='ocrx_word' id='word_1_37' title='bbox 3117 564 3369 631; x_wconf 73' lang='lat' dir='ltr'><strong>ominibus</strong></span> <span class='ocrx_word' id='word_1_38' title='bbox 3400 564 3605 632; x_wconf 48' lang='lat' dir='ltr'><strong>editio?</strong></span> 
     </span>
     <span class='ocr_line' id='line_1_4' title="bbox 334 635 3604 686; baseline 0 0"><span class='ocrx_word' id='word_1_39' title='bbox 334 640 494 686; x_wconf 73' lang='lat' dir='ltr'><strong>llihllS</strong></span> <span class='ocrx_word' id='word_1_40' title='bbox 522 638 736 686; x_wconf 64' lang='lat' dir='ltr'><strong>vulgata</strong></span> <span class='ocrx_word' id='word_1_41' title='bbox 768 636 866 686; x_wconf 81' lang='lat' dir='ltr'><strong>insi</strong></span> <span class='ocrx_word' id='word_1_42' title='bbox 898 636 1277 686; x_wconf 85' lang='lat' dir='ltr'><strong>innotesceret.</strong></span> <span class='ocrx_word' id='word_1_43' title='bbox 1304 635 1565 686; x_wconf 68' lang='lat' dir='ltr'><strong>lutearam</strong></span> <span class='ocrx_word' id='word_1_44' title='bbox 1591 650 1689 686; x_wconf 88' lang='lat' dir='ltr'><strong>nos</strong></span> <span class='ocrx_word' id='word_1_45' title='bbox 1750 637 1982 686; x_wconf 87' lang='lat' dir='ltr'><strong>omiliam</strong></span> <span class='ocrx_word' id='word_1_46' title='bbox 2012 638 2376 686; x_wconf 76' lang='lat' dir='ltr'><strong>nrmlttcimus.</strong></span> <span class='ocrx_word' id='word_1_47' title='bbox 2402 655 2561 686; x_wconf 83' lang='lat' dir='ltr'><strong>mmm</strong></span> <span class='ocrx_word' id='word_1_48' title='bbox 2595 642 2793 686; x_wconf 50' lang='lat' dir='ltr'><strong>dixicap</strong></span> <span class='ocrx_word' id='word_1_49' title='bbox 2826 644 3108 686; x_wconf 64' lang='lat' dir='ltr'><strong>“aviinunl</strong></span> <span class='ocrx_word' id='word_1_50' title='bbox 3146 646 3195 686; x_wconf 83' lang='lat' dir='ltr'><strong>in</strong></span> <span class='ocrx_word' id='word_1_51' title='bbox 3229 647 3460 686; x_wconf 75' lang='grc' dir='ltr'><strong>ρηηιιίιῖη</strong></span> <span class='ocrx_word' id='word_1_52' title='bbox 3493 646 3604 686; x_wconf 76' lang='grc' dir='ltr'><strong>Μρ-</strong></span> 
     </span>
    </p>
   </div>
   <div class='ocr_carea' id='block_1_4' title="bbox 332 635 3604 707">
    <p class='ocr_par' dir='ltr' id='par_1_4' title="bbox 332 635 3604 707">
     <span class='ocr_line' id='line_1_5' title="bbox 332 635 3604 707; baseline 0.003 -15"><span class='ocrx_word' id='word_1_53' title='bbox 332 640 494 692; x_wconf 86' lang='lat' dir='ltr'><strong>nibus</strong></span> <span class='ocrx_word' id='word_1_54' title='bbox 522 638 736 704; x_wconf 86' lang='lat' dir='ltr'><strong>vulgata</strong></span> <span class='ocrx_word' id='word_1_55' title='bbox 768 635 1283 707; x_wconf 80' lang='lat' dir='ltr'><strong>ipsi_innotesceret.</strong></span> <span class='ocrx_word' id='word_1_56' title='bbox 1304 635 1565 707; x_wconf 76' lang='lat' dir='ltr'><strong>[ntegrum</strong></span> <span class='ocrx_word' id='word_1_57' title='bbox 1591 650 1689 707; x_wconf 81' lang='lat' dir='ltr'><strong>nos</strong></span> <span class='ocrx_word' id='word_1_58' title='bbox 1710 635 2376 707; x_wconf 21' lang='lat' dir='ltr'><strong>homiliamiprmlucitnus,</strong></span> <span class='ocrx_word' id='word_1_59' title='bbox 2402 655 2561 707; x_wconf 88' lang='lat' dir='ltr'><strong>quam</strong></span> <span class='ocrx_word' id='word_1_60' title='bbox 2586 635 2793 697; x_wconf 76' lang='lat' dir='ltr'><strong>dixisse</strong></span> <span class='ocrx_word' id='word_1_61' title='bbox 2824 635 3110 699; x_wconf 77' lang='lat' dir='ltr'><strong>Maximum</strong></span> <span class='ocrx_word' id='word_1_62' title='bbox 3146 646 3195 699; x_wconf 90' lang='lat' dir='ltr'><strong>in</strong></span> <span class='ocrx_word' id='word_1_63' title='bbox 3229 647 3460 701; x_wconf 89' lang='lat' dir='ltr'><strong>concilio</strong></span> <span class='ocrx_word' id='word_1_64' title='bbox 3492 646 3604 701; x_wconf 85' lang='lat' dir='ltr'><strong>Me-</strong></span> 
     </span>
    </p>
   </div>
   <div class='ocr_carea' id='block_1_5' title="bbox 329 704 3594 781">
    <p class='ocr_par' dir='ltr' id='par_1_5' title="bbox 329 704 3594 781">
     <span class='ocr_line' id='line_1_6' title="bbox 329 704 3594 781; baseline 0.003 -19"><span class='ocrx_word' id='word_1_65' title='bbox 329 708 633 781; x_wconf 80' lang='lat' dir='ltr'><strong>diolanensi</strong></span> <span class='ocrx_word' id='word_1_66' title='bbox 650 709 759 781; x_wconf 75' lang='lat' dir='ltr'><strong>._sub</strong></span> <span class='ocrx_word' id='word_1_67' title='bbox 877 704 1104 759; x_wconf 75' lang='lat' dir='ltr'><strong>Eusebio</strong></span> <span class='ocrx_word' id='word_1_68' title='bbox 1128 705 1585 781; x_wconf 60' lang='lat' dir='ltr'><strong>verisimillimutn</strong></span> <span class='ocrx_word' id='word_1_69' title='bbox 1615 704 1955 781; x_wconf 69' lang='lat' dir='ltr'><strong>arbitramur.</strong></span> <span class='ocrx_word' id='word_1_70' title='bbox 1990 704 2267 781; x_wconf 67' lang='lat' dir='ltr'><strong>Vindicate</strong></span> <span class='ocrx_word' id='word_1_71' title='bbox 2299 704 2531 781; x_wconf 71' lang='lat' dir='ltr'><strong>humilia:</strong></span> <span class='ocrx_word' id='word_1_72' title='bbox 2581 713 2738 781; x_wconf 83' lang='lat' dir='ltr'><strong>hujus</strong></span> <span class='ocrx_word' id='word_1_73' title='bbox 2769 714 3095 781; x_wconf 68' lang='lat' dir='ltr'><strong>integritate,</strong></span> <span class='ocrx_word' id='word_1_74' title='bbox 3131 715 3505 770; x_wconf 86' lang='lat' dir='ltr'><strong>vindicandum</strong></span> <span class='ocrx_word' id='word_1_75' title='bbox 3536 716 3594 771; x_wconf 93' lang='lat' dir='ltr'><strong>S.</strong></span> 
     </span>
    </p>
   </div>
   <div class='ocr_carea' id='block_1_6' title="bbox 326 774 3601 853">
    <p class='ocr_par' dir='ltr' id='par_1_6' title="bbox 326 774 3601 853">
     <span class='ocr_line' id='line_1_7' title="bbox 326 774 3601 853; baseline 0.002 -21"><span class='ocrx_word' id='word_1_76' title='bbox 326 779 627 833; x_wconf 72' lang='lat' dir='ltr'><strong>antistitem</strong></span> <span class='ocrx_word' id='word_1_77' title='bbox 649 776 1029 853; x_wconf 64' lang='lat' dir='ltr'><strong>Taurinenseai</strong></span> <span class='ocrx_word' id='word_1_78' title='bbox 1059 775 1374 843; x_wconf 84' lang='lat' dir='ltr'><strong>suscipimus</strong></span> <span class='ocrx_word' id='word_1_79' title='bbox 1403 790 1433 826; x_wconf 89' lang='lat' dir='ltr'><strong>a</strong></span> <span class='ocrx_word' id='word_1_80' title='bbox 1467 774 1743 853; x_wconf 75' lang='lat' dir='ltr'><strong>codicibus</strong></span> <span class='ocrx_word' id='word_1_81' title='bbox 1782 777 1869 853; x_wconf 88' lang='lat' dir='ltr'><strong>qui</strong></span> <span class='ocrx_word' id='word_1_82' title='bbox 1904 775 2056 853; x_wconf 38' lang='lat' dir='ltr'><strong>illam.</strong></span> <span class='ocrx_word' id='word_1_83' title='bbox 2076 778 2278 853; x_wconf 80' lang='lat' dir='ltr'><strong>sanctis</strong></span> <span class='ocrx_word' id='word_1_84' title='bbox 2313 778 2621 853; x_wconf 42' lang='lat' dir='ltr'><strong>dlubrosio,</strong></span> <span class='ocrx_word' id='word_1_85' title='bbox 2651 774 2965 851; x_wconf 53' lang='lat' dir='ltr'><strong>&#39;Augustiiio</strong></span> <span class='ocrx_word' id='word_1_86' title='bbox 3008 796 3062 839; x_wconf 90' lang='lat' dir='ltr'><strong>et</strong></span> <span class='ocrx_word' id='word_1_87' title='bbox 3086 774 3372 851; x_wconf 41' lang='lat' dir='ltr'><strong>&#39;Gregorio</strong></span> <span class='ocrx_word' id='word_1_88' title='bbox 3403 786 3601 853; x_wconf 81' lang='lat' dir='ltr'><strong>Magno</strong></span> 
     </span>
    </p>
   </div>
   <div class='ocr_carea' id='block_1_7' title="bbox 326 844 3600 919">
    <p class='ocr_par' dir='ltr' id='par_1_7' title="bbox 326 844 3600 919">
     <span class='ocr_line' id='line_1_8' title="bbox 326 844 3600 919; baseline 0.003 -17"><span class='ocrx_word' id='word_1_89' title='bbox 326 863 689 919; x_wconf 68' lang='lat' dir='ltr'><strong>supposuere.</strong></span> <span class='ocrx_word' id='word_1_90' title='bbox 723 846 855 900; x_wconf 87' lang='lat' dir='ltr'><strong>Tres</strong></span> <span class='ocrx_word' id='word_1_91' title='bbox 878 846 1031 899; x_wconf 91' lang='lat' dir='ltr'><strong>nobis</strong></span> <span class='ocrx_word' id='word_1_92' title='bbox 1051 852 1402 919; x_wconf 81' lang='lat' dir='ltr'><strong>occurrerunt</strong></span> <span class='ocrx_word' id='word_1_93' title='bbox 1421 844 1640 919; x_wconf 81' lang='lat' dir='ltr'><strong>codices</strong></span> <span class='ocrx_word' id='word_1_94' title='bbox 1668 844 1911 919; x_wconf 33' lang='lat' dir='ltr'><strong>ea‘mde‘m</strong></span> <span class='ocrx_word' id='word_1_95' title='bbox 1940 845 2228 919; x_wconf 43' lang='lat' dir='ltr'><strong>glabrosip</strong></span> <span class='ocrx_word' id='word_1_96' title='bbox 2259 848 2579 918; x_wconf 90' lang='lat' dir='ltr'><strong>tribuentes,</strong></span> <span class='ocrx_word' id='word_1_97' title='bbox 2611 844 2819 907; x_wconf 66' lang='lat' dir='ltr'><strong>scilicet</strong></span> <span class='ocrx_word' id='word_1_98' title='bbox 2850 855 3137 909; x_wconf 81' lang='lat' dir='ltr'><strong>Vaticanus</strong></span> <span class='ocrx_word' id='word_1_99' title='bbox 3164 844 3329 919; x_wconf 56' lang='lat' dir='ltr'><strong>M59,</strong></span> <span class='ocrx_word' id='word_1_100' title='bbox 3362 844 3600 911; x_wconf 65' lang='lat' dir='ltr'><strong>Lauren-</strong></span> 
     </span>
    </p>
   </div>
   <div class='ocr_carea' id='block_1_8' title="bbox 325 912 3602 982">
    <p class='ocr_par' dir='ltr' id='par_1_8' title="bbox 325 912 3602 982">
     <span class='ocr_line' id='line_1_9' title="bbox 325 912 3602 982; baseline 0.002 -9"><span class='ocrx_word' id='word_1_101' title='bbox 325 912 566 973; x_wconf 56' lang='lat' dir='ltr'><strong>tia&#39;n&#39;usx</strong></span> <span class='ocrx_word' id='word_1_102' title='bbox 599 916 736 969; x_wconf 89' lang='lat' dir='ltr'><strong>Plut.</strong></span> <span class='ocrx_word' id='word_1_103' title='bbox 770 932 874 979; x_wconf 77' lang='lat' dir='ltr'><strong>xiv,</strong></span> <span class='ocrx_word' id='word_1_104' title='bbox 906 924 959 968; x_wconf 91' lang='lat' dir='ltr'><strong>et</strong></span> <span class='ocrx_word' id='word_1_105' title='bbox 986 914 1110 968; x_wconf 88' lang='lat' dir='ltr'><strong>cod.</strong></span> <span class='ocrx_word' id='word_1_106' title='bbox 1144 915 1161 965; x_wconf 90' lang='lat' dir='ltr'><strong>l</strong></span> <span class='ocrx_word' id='word_1_107' title='bbox 1200 923 1337 982; x_wconf 87' lang='lat' dir='ltr'><strong>part.</strong></span> <span class='ocrx_word' id='word_1_108' title='bbox 1390 915 1636 976; x_wconf 71' lang='lat' dir='ltr'><strong>sinislra),</strong></span> <span class='ocrx_word' id='word_1_109' title='bbox 1669 913 1795 965; x_wconf 91' lang='lat' dir='ltr'><strong>olim</strong></span> <span class='ocrx_word' id='word_1_110' title='bbox 1843 912 1899 966; x_wconf 99' lang='grc'><strong>8.</strong></span> <span class='ocrx_word' id='word_1_111' title='bbox 1932 912 2120 969; x_wconf 87' lang='lat' dir='ltr'><strong>Crucis</strong></span> <span class='ocrx_word' id='word_1_112' title='bbox 2166 916 2381 981; x_wconf 85' lang='lat' dir='ltr'><strong>Miuor.,</strong></span> <span class='ocrx_word' id='word_1_113' title='bbox 2418 912 2575 975; x_wconf 79' lang='lat' dir='ltr'><strong>nunc</strong></span> <span class='ocrx_word' id='word_1_114' title='bbox 2609 922 2661 975; x_wconf 92' lang='lat' dir='ltr'><strong>in</strong></span> <span class='ocrx_word' id='word_1_115' title='bbox 2710 921 3087 978; x_wconf 81' lang='lat' dir='ltr'><strong>Laurentiano.</strong></span> <span class='ocrx_word' id='word_1_116' title='bbox 3132 925 3237 979; x_wconf 97' lang='lat' dir='ltr'><strong>Sed</strong></span> <span class='ocrx_word' id='word_1_117' title='bbox 3266 912 3386 979; x_wconf 83' lang='lat' dir='ltr'><strong>cum</strong></span> <span class='ocrx_word' id='word_1_118' title='bbox 3430 926 3602 980; x_wconf 88' lang='lat' dir='ltr'><strong>Bene-</strong></span> 
     </span>
    </p>
   </div>
   <div class='ocr_carea' id='block_1_9' title="bbox 323 982 3600 1059">
    <p class='ocr_par' dir='ltr' id='par_1_9' title="bbox 323 982 3600 1059">
     <span class='ocr_line' id='line_1_10' title="bbox 323 982 3600 1059; baseline 0.002 -18"><span class='ocrx_word' id='word_1_119' title='bbox 323 990 520 1043; x_wconf 87' lang='lat' dir='ltr'><strong>dictiui</strong></span> <span class='ocrx_word' id='word_1_120' title='bbox 542 986 797 1059; x_wconf 81' lang='lat' dir='ltr'><strong>monachi</strong></span> <span class='ocrx_word' id='word_1_121' title='bbox 827 1000 1012 1059; x_wconf 85' lang='lat' dir='ltr'><strong>congr.</strong></span> <span class='ocrx_word' id='word_1_122' title='bbox 1045 984 1099 1039; x_wconf 91' lang='lat' dir='ltr'><strong>S.</strong></span> <span class='ocrx_word' id='word_1_123' title='bbox 1119 984 1302 1059; x_wconf 61' lang='lat' dir='ltr'><strong>ltlauri</strong></span> <span class='ocrx_word' id='word_1_124' title='bbox 1334 985 1386 1038; x_wconf 91' lang='lat' dir='ltr'><strong>in</strong></span> <span class='ocrx_word' id='word_1_125' title='bbox 1413 982 1559 1059; x_wconf 50' lang='lat' dir='ltr'><strong>praef.</strong></span> <span class='ocrx_word' id='word_1_126' title='bbox 1590 982 1962 1059; x_wconf 36' lang='lat' dir='ltr'><strong>adserm‘ones</strong></span> <span class='ocrx_word' id='word_1_127' title='bbox 1984 984 2047 1059; x_wconf 83' lang='lat' dir='ltr'><strong>_S.</strong></span> <span class='ocrx_word' id='word_1_128' title='bbox 2082 984 2354 1059; x_wconf 63' lang='lat' dir='ltr'><strong>Ambros,</strong></span> <span class='ocrx_word' id='word_1_129' title='bbox 2388 998 2519 1042; x_wconf 92' lang='lat' dir='ltr'><strong>tom.</strong></span> <span class='ocrx_word' id='word_1_130' title='bbox 2554 991 2597 1045; x_wconf 89' lang='lat' dir='ltr'><strong>ll</strong></span> <span class='ocrx_word' id='word_1_131' title='bbox 2627 992 2754 1045; x_wconf 86' lang='lat' dir='ltr'><strong>edit.</strong></span> <span class='ocrx_word' id='word_1_132' title='bbox 2803 992 2971 1048; x_wconf 83' lang='lat' dir='ltr'><strong>Paris.</strong></span> <span class='ocrx_word' id='word_1_133' title='bbox 3002 994 3152 1059; x_wconf 82' lang='grc'>1690,</span> <span class='ocrx_word' id='word_1_134' title='bbox 3179 1004 3600 1049; x_wconf 73' lang='lat' dir='ltr'><strong>eonunemmato</strong></span> 
     </span>
    </p>
   </div>
   <div class='ocr_carea' id='block_1_10' title="bbox 320 1051 3595 1133">
    <p class='ocr_par' dir='ltr' id='par_1_10' title="bbox 320 1051 3595 1133">
     <span class='ocr_line' id='line_1_11' title="bbox 320 1051 3595 1133; baseline 0.002 -21"><span class='ocrx_word' id='word_1_135' title='bbox 320 1058 597 1133; x_wconf 59' lang='lat' dir='ltr'><strong>genuadii</strong></span> <span class='ocrx_word' id='word_1_136' title='bbox 626 1051 954 1133; x_wconf 73' lang='lat' dir='ltr'><strong>testimonio,</strong></span> <span class='ocrx_word' id='word_1_137' title='bbox 980 1071 1087 1133; x_wconf 81' lang='lat' dir='ltr'><strong>quo</strong></span> <span class='ocrx_word' id='word_1_138' title='bbox 1117 1051 1493 1133; x_wconf 58' lang='lat' dir='ltr'><strong>Maaitmitnile</strong></span> <span class='ocrx_word' id='word_1_139' title='bbox 1524 1054 1771 1133; x_wconf 70' lang='lat' dir='ltr'><strong>sepulcro</strong></span> <span class='ocrx_word' id='word_1_140' title='bbox 1800 1051 1996 1107; x_wconf 83' lang='lat' dir='ltr'><strong>Christi</strong></span> <span class='ocrx_word' id='word_1_141' title='bbox 2019 1056 2297 1133; x_wconf 80' lang='lat' dir='ltr'><strong>scripsisse</strong></span> <span class='ocrx_word' id='word_1_142' title='bbox 2325 1069 2569 1133; x_wconf 71' lang='lat' dir='ltr'><strong>constat,</strong></span> <span class='ocrx_word' id='word_1_143' title='bbox 2615 1061 2887 1133; x_wconf 84' lang='lat' dir='ltr'><strong>homiliam</strong></span> <span class='ocrx_word' id='word_1_144' title='bbox 2920 1064 3085 1130; x_wconf 84' lang='lat' dir='ltr'><strong>illam,</strong></span> <span class='ocrx_word' id='word_1_145' title='bbox 3121 1051 3187 1117; x_wconf 84' lang='lat' dir='ltr'><strong>de</strong></span> <span class='ocrx_word' id='word_1_146' title='bbox 3214 1080 3281 1118; x_wconf 91' lang='lat' dir='ltr'><strong>eo</strong></span> <span class='ocrx_word' id='word_1_147' title='bbox 3325 1074 3595 1133; x_wconf 85' lang='lat' dir='ltr'><strong>agentem,</strong></span> 
     </span>
    </p>
   </div>
   <div class='ocr_carea' id='block_1_11' title="bbox 318 1124 3593 1200">
    <p class='ocr_par' dir='ltr' id='par_1_11' title="bbox 318 1124 3593 1200">
     <span class='ocr_line' id='line_1_12' title="bbox 318 1124 3593 1200; baseline 0.002 -20"><span class='ocrx_word' id='word_1_148' title='bbox 318 1129 714 1200; x_wconf 77' lang='lat' dir='ltr'><strong>Maximianam</strong></span> <span class='ocrx_word' id='word_1_149' title='bbox 738 1126 1115 1200; x_wconf 65' lang='lat' dir='ltr'><strong>iudicaverint,</strong></span> <span class='ocrx_word' id='word_1_150' title='bbox 1145 1124 1287 1177; x_wconf 86' lang='lat' dir='ltr'><strong>nulla</strong></span> <span class='ocrx_word' id='word_1_151' title='bbox 1320 1124 1621 1200; x_wconf 70' lang='lat' dir='ltr'><strong>liujusmodi</strong></span> <span class='ocrx_word' id='word_1_152' title='bbox 1650 1124 1866 1200; x_wconf 50' lang='lat' dir='ltr'><strong>condices</strong></span> <span class='ocrx_word' id='word_1_153' title='bbox 1898 1140 1996 1177; x_wconf 87' lang='lat' dir='ltr'><strong>nos</strong></span> <span class='ocrx_word' id='word_1_154' title='bbox 2043 1124 2737 1200; x_wconf 40' lang='lat' dir='ltr'><strong>molestiauafliciuut.»lpsi</strong></span> <span class='ocrx_word' id='word_1_155' title='bbox 2768 1133 2930 1186; x_wconf 88' lang='lat' dir='ltr'><strong>etiam</strong></span> <span class='ocrx_word' id='word_1_156' title='bbox 2963 1124 3297 1189; x_wconf 79' lang='lat' dir='ltr'><strong>Benedictini</strong></span> <span class='ocrx_word' id='word_1_157' title='bbox 3340 1124 3593 1189; x_wconf 76' lang='lat' dir='ltr'><strong>monachi</strong></span> 
     </span>
    </p>
   </div>
   <div class='ocr_carea' id='block_1_12' title="bbox 322 1192 3597 1271">
    <p class='ocr_par' dir='ltr' id='par_1_12' title="bbox 322 1192 3597 1271">
     <span class='ocr_line' id='line_1_13' title="bbox 322 1192 3597 1271; baseline 0.002 -19"><span class='ocrx_word' id='word_1_158' title='bbox 322 1215 455 1271; x_wconf 76' lang='lat' dir='ltr'><strong>eum</strong></span> <span class='ocrx_word' id='word_1_159' title='bbox 477 1192 1021 1271; x_wconf 31' lang='lat' dir='ltr'><strong>eamdemjhomiliam</strong></span> <span class='ocrx_word' id='word_1_160' title='bbox 1053 1196 1102 1247; x_wconf 93' lang='lat' dir='ltr'><strong>in</strong></span> <span class='ocrx_word' id='word_1_161' title='bbox 1127 1194 1659 1271; x_wconf 67' lang='lat' dir='ltr'><strong>appendicemserm.</strong></span> <span class='ocrx_word' id='word_1_162' title='bbox 1788 1193 2023 1271; x_wconf 46' lang='lat' dir='ltr'><strong>August.</strong></span> <span class='ocrx_word' id='word_1_163' title='bbox 2062 1212 2208 1249; x_wconf 91' lang='lat' dir='ltr'><strong>num.</strong></span> <span class='ocrx_word' id='word_1_164' title='bbox 2242 1196 2365 1260; x_wconf 68' lang='lat'><strong>9.48,</strong></span> <span class='ocrx_word' id='word_1_165' title='bbox 2401 1214 2521 1267; x_wconf 88' lang='lat' dir='ltr'><strong>pag.</strong></span> <span class='ocrx_word' id='word_1_166' title='bbox 2555 1192 2815 1255; x_wconf 58' lang='lat' dir='ltr'><strong>288&#39;edit.</strong></span> <span class='ocrx_word' id='word_1_167' title='bbox 2850 1202 3109 1271; x_wconf 83' lang='lat' dir='ltr'><strong>Antuerp.</strong></span> <span class='ocrx_word' id='word_1_168' title='bbox 3162 1220 3247 1257; x_wconf 89' lang='lat' dir='ltr'><strong>an.</strong></span> <span class='ocrx_word' id='word_1_169' title='bbox 3296 1204 3452 1270; x_wconf 82' lang='lat' dir='ltr'><strong>l700,</strong></span> <span class='ocrx_word' id='word_1_170' title='bbox 3487 1213 3597 1257; x_wconf 90' lang='lat' dir='ltr'><strong>tra-</strong></span> 
     </span>
    </p>
   </div>
   <div class='ocr_carea' id='block_1_13' title="bbox 316 1262 3599 1340">
    <p class='ocr_par' dir='ltr' id='par_1_13' title="bbox 316 1262 3599 1340">
     <span class='ocr_line' id='line_1_14' title="bbox 316 1262 3599 1340; baseline 0.003 -23"><span class='ocrx_word' id='word_1_171' title='bbox 316 1268 605 1340; x_wconf 62' lang='lat' dir='ltr'><strong>duxerint,</strong></span> <span class='ocrx_word' id='word_1_172' title='bbox 632 1267 944 1340; x_wconf 82' lang='lat' dir='ltr'><strong>variamque</strong></span> <span class='ocrx_word' id='word_1_173' title='bbox 974 1266 1039 1319; x_wconf 90' lang='lat' dir='ltr'><strong>de</strong></span> <span class='ocrx_word' id='word_1_174' title='bbox 1068 1280 1131 1340; x_wconf 76' lang='lat' dir='ltr'><strong>ea</strong></span> <span class='ocrx_word' id='word_1_175' title='bbox 1162 1265 1323 1317; x_wconf 79' lang='lat' dir='ltr'><strong>fuisse</strong></span> <span class='ocrx_word' id='word_1_176' title='bbox 1353 1264 1662 1340; x_wconf 68' lang='lat' dir='ltr'><strong>epinionem</strong></span> <span class='ocrx_word' id='word_1_177' title='bbox 1692 1262 2109 1340; x_wconf 78' lang='lat' dir='ltr'><strong>tleclaraveriut,</strong></span> <span class='ocrx_word' id='word_1_178' title='bbox 2133 1335 2143 1340; x_wconf 86' lang='lat'><strong>_</strong></span> <span class='ocrx_word' id='word_1_179' title='bbox 2165 1282 2330 1335; x_wconf 90' lang='lat' dir='ltr'><strong>seque</strong></span> <span class='ocrx_word' id='word_1_180' title='bbox 2364 1262 2740 1340; x_wconf 75' lang='lat' dir='ltr'><strong>propensiores</strong></span> <span class='ocrx_word' id='word_1_181' title='bbox 2771 1272 2822 1325; x_wconf 88' lang='lat' dir='ltr'><strong>in</strong></span> <span class='ocrx_word' id='word_1_182' title='bbox 2868 1262 3156 1325; x_wconf 64' lang='lat' dir='ltr'><strong>Maximum</strong></span> <span class='ocrx_word' id='word_1_183' title='bbox 3188 1288 3347 1340; x_wconf 89' lang='lat' dir='ltr'><strong>quam</strong></span> <span class='ocrx_word' id='word_1_184' title='bbox 3379 1262 3599 1329; x_wconf 47' lang='lat' dir='ltr'><strong>in&#39;alios</strong></span> 
     </span>
    </p>
   </div>
   <div class='ocr_carea' id='block_1_14' title="bbox 317 1332 3595 1410">
    <p class='ocr_par' dir='ltr' id='par_1_14' title="bbox 317 1332 3595 1410">
     <span class='ocr_line' id='line_1_15' title="bbox 317 1332 3595 1410; baseline 0.003 -22"><span class='ocrx_word' id='word_1_185' title='bbox 317 1336 522 1410; x_wconf 84' lang='lat' dir='ltr'><strong>Patres</strong></span> <span class='ocrx_word' id='word_1_186' title='bbox 548 1338 800 1410; x_wconf 78' lang='lat' dir='ltr'><strong>dixerint,</strong></span> <span class='ocrx_word' id='word_1_187' title='bbox 832 1332 1927 1410; x_wconf 28' lang='lat' dir='ltr'><strong>adversantium‘codiCum_auetoritatepi</strong></span> <span class='ocrx_word' id='word_1_188' title='bbox 1956 1335 2171 1410; x_wconf 29' lang='lat' dir='ltr'><strong>“everti.</strong></span> <span class='ocrx_word' id='word_1_189' title='bbox 2198 1332 2553 1410; x_wconf 12' lang='lat' dir='ltr'><strong>putanius,&#39;iiu</strong></span> <span class='ocrx_word' id='word_1_190' title='bbox 2598 1341 2792 1407; x_wconf 86' lang='lat' dir='ltr'><strong>quibus</strong></span> <span class='ocrx_word' id='word_1_191' title='bbox 2824 1357 3020 1396; x_wconf 84' lang='lat' dir='ltr'><strong>nomen</strong></span> <span class='ocrx_word' id='word_1_192' title='bbox 3069 1332 3346 1409; x_wconf 80' lang='lat' dir='ltr'><strong>Augustini</strong></span> <span class='ocrx_word' id='word_1_193' title='bbox 3381 1343 3595 1410; x_wconf 81' lang='lat' dir='ltr'><strong>legitur.</strong></span> 
     </span>
    </p>
   </div>
   <div class='ocr_carea' id='block_1_15' title="bbox 312 1400 3597 1482">
    <p class='ocr_par' dir='ltr' id='par_1_15' title="bbox 312 1400 3597 1482">
     <span class='ocr_line' id='line_1_16' title="bbox 312 1400 3597 1482; baseline 0.002 -21"><span class='ocrx_word' id='word_1_194' title='bbox 312 1408 484 1474; x_wconf 79' lang='lat' dir='ltr'><strong>Quod</strong></span> <span class='ocrx_word' id='word_1_195' title='bbox 516 1423 641 1462; x_wconf 87' lang='lat' dir='ltr'><strong>vero</strong></span> <span class='ocrx_word' id='word_1_196' title='bbox 672 1403 1473 1482; x_wconf 68' lang='lat' dir='ltr'><strong>in_ch._Vatieano__l_&#39;270pag.</strong></span> <span class='ocrx_word' id='word_1_197' title='bbox 1515 1402 1575 1456; x_wconf 79' lang='grc'>51</span> <span class='ocrx_word' id='word_1_198' title='bbox 1612 1412 1821 1482; x_wconf 47' lang='grc' dir='ltr'><strong>αηιᾳςει)</strong></span> <span class='ocrx_word' id='word_1_199' title='bbox 1861 1401 1917 1455; x_wconf 87' lang='grc'><strong>8.</strong></span> <span class='ocrx_word' id='word_1_200' title='bbox 1950 1400 2214 1482; x_wconf 74' lang='lat' dir='ltr'><strong>Gregorio</strong></span> <span class='ocrx_word' id='word_1_201' title='bbox 2232 1400 2700 1482; x_wconf 29' lang='lat' dir='ltr'><strong>_Magno&quot;hom_ilia</strong></span> <span class='ocrx_word' id='word_1_202' title='bbox 2748 1422 2964 1480; x_wconf 89' lang='lat' dir='ltr'><strong>accepta</strong></span> <span class='ocrx_word' id='word_1_203' title='bbox 2998 1400 3281 1475; x_wconf 65' lang='lat' dir='ltr'><strong>referatur,</strong></span> <span class='ocrx_word' id='word_1_204' title='bbox 3314 1400 3597 1468; x_wconf 73' lang='lat' dir='ltr'><strong>manifesta</strong></span> 
     </span>
    </p>
   </div>
   <div class='ocr_carea' id='block_1_16' title="bbox 309 1471 3598 1550">
    <p class='ocr_par' dir='ltr' id='par_1_16' title="bbox 309 1471 3598 1550">
     <span class='ocr_line' id='line_1_17' title="bbox 309 1471 3598 1550; baseline 0.002 -19"><span class='ocrx_word' id='word_1_205' title='bbox 309 1471 414 1531; x_wconf 57' lang='lat' dir='ltr'><strong>est</strong></span> <span class='ocrx_word' id='word_1_206' title='bbox 432 1479 773 1550; x_wconf 83' lang='lat' dir='ltr'><strong>amanuensis</strong></span> <span class='ocrx_word' id='word_1_207' title='bbox 804 1475 1011 1550; x_wconf 67' lang='lat' dir='ltr'><strong>fallacia</strong></span> <span class='ocrx_word' id='word_1_208' title='bbox 1048 1492 1059 1526; x_wconf 87' lang='lat'><strong>:</strong></span> <span class='ocrx_word' id='word_1_209' title='bbox 1094 1471 1417 1550; x_wconf 72' lang='lat' dir='ltr'><strong>nulliseziim</strong></span> <span class='ocrx_word' id='word_1_210' title='bbox 1460 1475 1508 1527; x_wconf 93' lang='lat' dir='ltr'><strong>in</strong></span> <span class='ocrx_word' id='word_1_211' title='bbox 1555 1471 1868 1550; x_wconf 69' lang='lat' dir='ltr'><strong>codicibus,</strong></span> <span class='ocrx_word' id='word_1_212' title='bbox 1902 1489 2001 1526; x_wconf 84' lang='lat' dir='ltr'><strong>nec</strong></span> <span class='ocrx_word' id='word_1_213' title='bbox 2034 1474 2276 1550; x_wconf 88' lang='lat' dir='ltr'><strong>in_editis</strong></span> <span class='ocrx_word' id='word_1_214' title='bbox 2329 1471 2481 1550; x_wconf 83' lang='lat' dir='ltr'><strong>libris</strong></span> <span class='ocrx_word' id='word_1_215' title='bbox 2527 1478 2811 1550; x_wconf 84' lang='lat' dir='ltr'><strong>quisquam</strong></span> <span class='ocrx_word' id='word_1_216' title='bbox 2847 1471 2997 1550; x_wconf 71' lang='lat' dir='ltr'><strong>alius</strong></span> <span class='ocrx_word' id='word_1_217' title='bbox 3044 1471 3285 1535; x_wconf 72' lang='lat' dir='ltr'><strong>humilia:</strong></span> <span class='ocrx_word' id='word_1_218' title='bbox 3308 1482 3469 1550; x_wconf 86' lang='lat' dir='ltr'><strong>hujus</strong></span> <span class='ocrx_word' id='word_1_219' title='bbox 3498 1498 3598 1536; x_wconf 87' lang='lat' dir='ltr'><strong>au-</strong></span> 
     </span>
    </p>
   </div>
   <div class='ocr_carea' id='block_1_17' title="bbox 307 1542 3598 1619">
    <p class='ocr_par' dir='ltr' id='par_1_17' title="bbox 307 1542 3598 1619">
     <span class='ocr_line' id='line_1_18' title="bbox 307 1542 3598 1619; baseline 0.001 -16"><span class='ocrx_word' id='word_1_220' title='bbox 307 1557 535 1619; x_wconf 76' lang='lat' dir='ltr'><strong>ctorem</strong></span> <span class='ocrx_word' id='word_1_221' title='bbox 565 1548 851 1601; x_wconf 84' lang='lat' dir='ltr'><strong>somniavit</strong></span> <span class='ocrx_word' id='word_1_222' title='bbox 889 1544 1205 1619; x_wconf 70' lang='lat' dir='ltr'><strong>Gregorium</strong></span> <span class='ocrx_word' id='word_1_223' title='bbox 1243 1542 1512 1619; x_wconf 70' lang='lat' dir='ltr'><strong>Magnum.</strong></span> <span class='ocrx_word' id='word_1_224' title='bbox 1556 1543 1662 1597; x_wconf 90' lang='lat' dir='ltr'><strong>Sed</strong></span> <span class='ocrx_word' id='word_1_225' title='bbox 1694 1559 1760 1597; x_wconf 90' lang='lat' dir='ltr'><strong>ue</strong></span> <span class='ocrx_word' id='word_1_226' title='bbox 1806 1543 1857 1596; x_wconf 89' lang='lat' dir='ltr'><strong>iu</strong></span> <span class='ocrx_word' id='word_1_227' title='bbox 1891 1558 1947 1619; x_wconf 71' lang='lat' dir='ltr'><strong>re</strong></span> <span class='ocrx_word' id='word_1_228' title='bbox 1977 1543 2111 1619; x_wconf 75' lang='lat' dir='ltr'><strong>tanti</strong></span> <span class='ocrx_word' id='word_1_229' title='bbox 2160 1546 2421 1619; x_wconf 73' lang='lat' dir='ltr'><strong>mpnienti</strong></span> <span class='ocrx_word' id='word_1_230' title='bbox 2469 1542 2798 1614; x_wconf 74' lang='lat' dir='ltr'><strong>conjeeiuris</strong></span> <span class='ocrx_word' id='word_1_231' title='bbox 2844 1548 3027 1619; x_wconf 78' lang='lat' dir='ltr'><strong>ludere</strong></span> <span class='ocrx_word' id='word_1_232' title='bbox 3075 1542 3598 1619; x_wconf 39' lang='lat' dir='ltr'><strong>videamurfpimsto</strong></span> 
     </span>
    </p>
   </div>
   <div class='ocr_carea' id='block_1_18' title="bbox 308 1612 3591 1684">
    <p class='ocr_par' dir='ltr' id='par_1_18' title="bbox 308 1612 3591 1684">
     <span class='ocr_line' id='line_1_19' title="bbox 308 1612 3591 1684; baseline 0.002 -15"><span class='ocrx_word' id='word_1_233' title='bbox 308 1617 483 1671; x_wconf 87' lang='lat' dir='ltr'><strong>nobis</strong></span> <span class='ocrx_word' id='word_1_234' title='bbox 512 1623 635 1671; x_wconf 89' lang='lat' dir='ltr'><strong>sunt</strong></span> <span class='ocrx_word' id='word_1_235' title='bbox 654 1624 885 1684; x_wconf 85' lang='lat' dir='ltr'><strong>quatuor</strong></span> <span class='ocrx_word' id='word_1_236' title='bbox 913 1616 1127 1669; x_wconf 86' lang='lat' dir='ltr'><strong>codices</strong></span> <span class='ocrx_word' id='word_1_237' title='bbox 1158 1614 1537 1683; x_wconf 86' lang='lat' dir='ltr'><strong>probatissimi,</strong></span> <span class='ocrx_word' id='word_1_238' title='bbox 1563 1628 1793 1683; x_wconf 89' lang='lat' dir='ltr'><strong>quorum</strong></span> <span class='ocrx_word' id='word_1_239' title='bbox 1823 1612 2149 1684; x_wconf 15' lang='lat' dir='ltr'><strong>sulft&#39;agiaiin</strong></span> <span class='ocrx_word' id='word_1_240' title='bbox 2181 1613 2468 1669; x_wconf 83' lang='lat' dir='ltr'><strong>Maximum</strong></span> <span class='ocrx_word' id='word_1_241' title='bbox 2491 1612 2835 1672; x_wconf 79' lang='lat' dir='ltr'><strong>conveniunt.</strong></span> <span class='ocrx_word' id='word_1_242' title='bbox 2870 1617 3080 1673; x_wconf 78' lang='lat' dir='ltr'><strong>Primus</strong></span> <span class='ocrx_word' id='word_1_243' title='bbox 3109 1628 3190 1672; x_wconf 88' lang='lat' dir='ltr'><strong>est</strong></span> <span class='ocrx_word' id='word_1_244' title='bbox 3222 1612 3591 1681; x_wconf 79' lang='lat' dir='ltr'><strong>Tauriiieusis.</strong></span> 
     </span>
    </p>
   </div>
   <div class='ocr_carea' id='block_1_19' title="bbox 302 1681 3592 1753">
    <p class='ocr_par' dir='ltr' id='par_1_19' title="bbox 302 1681 3592 1753">
     <span class='ocr_line' id='line_1_20' title="bbox 302 1681 3592 1753; baseline 0.002 -17"><span class='ocrx_word' id='word_1_245' title='bbox 302 1685 417 1753; x_wconf 85' lang='lat' dir='ltr'><strong>qui</strong></span> <span class='ocrx_word' id='word_1_246' title='bbox 444 1681 716 1753; x_wconf 74' lang='lat' dir='ltr'><strong>humilium</strong></span> <span class='ocrx_word' id='word_1_247' title='bbox 740 1684 950 1753; x_wconf 68' lang='lat' dir='ltr'><strong>duasin</strong></span> <span class='ocrx_word' id='word_1_248' title='bbox 972 1681 1492 1753; x_wconf 49' lang='lat' dir='ltr'><strong>concio&#39;nesdividit,</strong></span> <span class='ocrx_word' id='word_1_249' title='bbox 1526 1681 1836 1753; x_wconf 43' lang='lat' dir='ltr'><strong>tit—primam</strong></span> <span class='ocrx_word' id='word_1_250' title='bbox 1863 1681 2026 1753; x_wconf 80' lang='lat' dir='ltr'><strong>faciat</strong></span> <span class='ocrx_word' id='word_1_251' title='bbox 2056 1683 2203 1737; x_wconf 90' lang='lat' dir='ltr'><strong>illam</strong></span> <span class='ocrx_word' id='word_1_252' title='bbox 2240 1700 2360 1753; x_wconf 72' lang='lat' dir='ltr'><strong>qua:</strong></span> <span class='ocrx_word' id='word_1_253' title='bbox 2386 1685 2573 1753; x_wconf 82' lang='lat' dir='ltr'><strong>incipit</strong></span> <span class='ocrx_word' id='word_1_254' title='bbox 2598 1706 2609 1738; x_wconf 91' lang='lat'><strong>:</strong></span> <span class='ocrx_word' id='word_1_255' title='bbox 2635 1686 2886 1753; x_wconf 76' lang='lat' dir='ltr'><strong>Fortasse</strong></span> <span class='ocrx_word' id='word_1_256' title='bbox 2905 1690 3017 1745; x_wconf 68' lang='lat' dir='ltr'><strong>avis</strong></span> <span class='ocrx_word' id='word_1_257' title='bbox 3040 1689 3199 1742; x_wconf 81' lang='lat' dir='ltr'><strong>dicat.</strong></span> <span class='ocrx_word' id='word_1_258' title='bbox 3230 1697 3283 1740; x_wconf 90' lang='lat' dir='ltr'><strong>et</strong></span> <span class='ocrx_word' id='word_1_259' title='bbox 3305 1693 3592 1743; x_wconf 71' lang='lat' dir='ltr'><strong>secundum</strong></span> 
     </span>
    </p>
   </div>
   <div class='ocr_carea' id='block_1_20' title="bbox 310 1748 3589 1824">
    <p class='ocr_par' dir='ltr' id='par_1_20' title="bbox 310 1748 3589 1824">
     <span class='ocr_line' id='line_1_21' title="bbox 310 1748 3589 1824; baseline 0.001 -20"><span class='ocrx_word' id='word_1_260' title='bbox 310 1748 648 1824; x_wconf 72' lang='lat' dir='ltr'><strong>éxordiatur</strong></span> <span class='ocrx_word' id='word_1_261' title='bbox 689 1752 767 1824; x_wconf 79' lang='lat' dir='ltr'><strong>ab</strong></span> <span class='ocrx_word' id='word_1_262' title='bbox 823 1751 929 1824; x_wconf 91' lang='lat' dir='ltr'><strong>i_llis</strong></span> <span class='ocrx_word' id='word_1_263' title='bbox 963 1752 1142 1824; x_wconf 72' lang='lat' dir='ltr'><strong>verbis</strong></span> <span class='ocrx_word' id='word_1_264' title='bbox 1165 1768 1185 1824; x_wconf 63' lang='grc' dir='ltr'><strong><em>ς</em></strong></span> <span class='ocrx_word' id='word_1_265' title='bbox 1230 1748 1491 1824; x_wconf 79' lang='lat' dir='ltr'><strong>Hesterna</strong></span> <span class='ocrx_word' id='word_1_266' title='bbox 1525 1748 1768 1824; x_wconf 51' lang='lat' dir='ltr'><strong>die—salis</strong></span> <span class='ocrx_word' id='word_1_267' title='bbox 1792 1749 2003 1824; x_wconf 80' lang='lat' dir='ltr'><strong>gaudii,</strong></span> <span class='ocrx_word' id='word_1_268' title='bbox 2037 1760 2171 1811; x_wconf 86' lang='lat' dir='ltr'><strong>ete.,</strong></span> <span class='ocrx_word' id='word_1_269' title='bbox 2208 1748 2332 1803; x_wconf 79' lang='lat' dir='ltr'><strong>cum</strong></span> <span class='ocrx_word' id='word_1_270' title='bbox 2370 1748 2528 1824; x_wconf 74' lang='lat' dir='ltr'><strong>titulo</strong></span> <span class='ocrx_word' id='word_1_271' title='bbox 2563 1751 2618 1824; x_wconf 85' lang='lat' dir='ltr'><strong>in</strong></span> <span class='ocrx_word' id='word_1_272' title='bbox 2652 1751 2834 1824; x_wconf 83' lang='lat' dir='ltr'><strong>priore</strong></span> <span class='ocrx_word' id='word_1_273' title='bbox 2860 1770 2893 1824; x_wconf 80' lang='lat'><strong>:_</strong></span> <span class='ocrx_word' id='word_1_274' title='bbox 2918 1753 2993 1808; x_wconf 83' lang='lat' dir='ltr'><strong>De</strong></span> <span class='ocrx_word' id='word_1_275' title='bbox 3011 1754 3290 1824; x_wconf 84' lang='lat' dir='ltr'><strong>sepulchro</strong></span> <span class='ocrx_word' id='word_1_276' title='bbox 3327 1753 3589 1824; x_wconf 65' lang='lat' dir='ltr'><strong>Domini:</strong></span> 
     </span>
    </p>
   </div>
   <div class='ocr_carea' id='block_1_21' title="bbox 312 1818 3590 1885">
    <p class='ocr_par' dir='ltr' id='par_1_21' title="bbox 312 1818 3590 1885">
     <span class='ocr_line' id='line_1_22' title="bbox 312 1818 3590 1885; baseline 0.001 -12"><span class='ocrx_word' id='word_1_277' title='bbox 312 1830 384 1873; x_wconf 76' lang='lat' dir='ltr'><strong>rt</strong></span> <span class='ocrx_word' id='word_1_278' title='bbox 421 1819 472 1871; x_wconf 87' lang='lat' dir='ltr'><strong>in</strong></span> <span class='ocrx_word' id='word_1_279' title='bbox 502 1821 735 1875; x_wconf 87' lang='lat' dir='ltr'><strong>secunda</strong></span> <span class='ocrx_word' id='word_1_280' title='bbox 771 1838 783 1871; x_wconf 90' lang='lat'><strong>:</strong></span> <span class='ocrx_word' id='word_1_281' title='bbox 826 1819 955 1874; x_wconf 85' lang='lat' dir='ltr'><strong>Item</strong></span> <span class='ocrx_word' id='word_1_282' title='bbox 988 1821 1051 1873; x_wconf 79' lang='lat' dir='ltr'><strong>de</strong></span> <span class='ocrx_word' id='word_1_283' title='bbox 1080 1821 1279 1881; x_wconf 72' lang='lat' dir='ltr'><strong>eodem,</strong></span> <span class='ocrx_word' id='word_1_284' title='bbox 1316 1828 1369 1872; x_wconf 89' lang='lat' dir='ltr'><strong>et</strong></span> <span class='ocrx_word' id='word_1_285' title='bbox 1406 1819 1504 1871; x_wconf 92' lang='lat' dir='ltr'><strong>hoe</strong></span> <span class='ocrx_word' id='word_1_286' title='bbox 1528 1818 1745 1870; x_wconf 74' lang='lat' dir='ltr'><strong>inverso</strong></span> <span class='ocrx_word' id='word_1_287' title='bbox 1782 1820 1977 1871; x_wconf 82' lang='lat' dir='ltr'><strong>ordine</strong></span> <span class='ocrx_word' id='word_1_288' title='bbox 2014 1833 2077 1871; x_wconf 74' lang='lat' dir='ltr'><strong>ex</strong></span> <span class='ocrx_word' id='word_1_289' title='bbox 2114 1819 2468 1872; x_wconf 84' lang='lat' dir='ltr'><strong>amanuensis</strong></span> <span class='ocrx_word' id='word_1_290' title='bbox 2503 1818 2820 1875; x_wconf 85' lang='lat' dir='ltr'><strong>oscitaulia.</strong></span> <span class='ocrx_word' id='word_1_291' title='bbox 2855 1822 3034 1876; x_wconf 79' lang='lat' dir='ltr'><strong>Codex</strong></span> <span class='ocrx_word' id='word_1_292' title='bbox 3062 1818 3200 1877; x_wconf 82' lang='lat' dir='ltr'><strong>alter</strong></span> <span class='ocrx_word' id='word_1_293' title='bbox 3231 1833 3315 1876; x_wconf 85' lang='lat' dir='ltr'><strong>est</strong></span> <span class='ocrx_word' id='word_1_294' title='bbox 3355 1823 3590 1885; x_wconf 67' lang='lat' dir='ltr'><strong>Sangal&#39;</strong></span> 
     </span>
    </p>
   </div>
   <div class='ocr_carea' id='block_1_22' title="bbox 312 1886 3589 1959">
    <p class='ocr_par' dir='ltr' id='par_1_22' title="bbox 312 1886 3589 1959">
     <span class='ocr_line' id='line_1_23' title="bbox 312 1886 3589 1959; baseline 0.001 -16"><span class='ocrx_word' id='word_1_295' title='bbox 312 1889 500 1943; x_wconf 83' lang='lat' dir='ltr'><strong>leusis</strong></span> <span class='ocrx_word' id='word_1_296' title='bbox 520 1889 707 1944; x_wconf 89' lang='lat' dir='ltr'><strong>homil.</strong></span> <span class='ocrx_word' id='word_1_297' title='bbox 751 1888 819 1943; x_wconf 85' lang='lat'><strong>68</strong></span> <span class='ocrx_word' id='word_1_298' title='bbox 858 1890 1014 1944; x_wconf 77' lang='lat' dir='ltr'><strong>allixa</strong></span> <span class='ocrx_word' id='word_1_299' title='bbox 1047 1890 1404 1959; x_wconf 79' lang='lat' dir='ltr'><strong>inscriptione</strong></span> <span class='ocrx_word' id='word_1_300' title='bbox 1430 1907 1443 1942; x_wconf 88' lang='lat'><strong>:</strong></span> <span class='ocrx_word' id='word_1_301' title='bbox 1480 1887 1735 1955; x_wconf 73' lang='lat' dir='ltr'><strong>Prtrfatio</strong></span> <span class='ocrx_word' id='word_1_302' title='bbox 1765 1888 1828 1940; x_wconf 86' lang='lat' dir='ltr'><strong>de</strong></span> <span class='ocrx_word' id='word_1_303' title='bbox 1856 1903 2070 1955; x_wconf 87' lang='lat' dir='ltr'><strong>corpore</strong></span> <span class='ocrx_word' id='word_1_304' title='bbox 2101 1887 2321 1959; x_wconf 81' lang='lat' dir='ltr'><strong>Christi.</strong></span> <span class='ocrx_word' id='word_1_305' title='bbox 2355 1886 2572 1942; x_wconf 86' lang='lat' dir='ltr'><strong>Tertius</strong></span> <span class='ocrx_word' id='word_1_306' title='bbox 2595 1891 2762 1944; x_wconf 80' lang='lat' dir='ltr'><strong>codex</strong></span> <span class='ocrx_word' id='word_1_307' title='bbox 2792 1890 2861 1945; x_wconf 89' lang='lat'><strong>99</strong></span> <span class='ocrx_word' id='word_1_308' title='bbox 2888 1891 2944 1946; x_wconf 90' lang='grc'><strong>8.</strong></span> <span class='ocrx_word' id='word_1_309' title='bbox 2977 1892 3170 1947; x_wconf 86' lang='lat' dir='ltr'><strong>Crucis</strong></span> <span class='ocrx_word' id='word_1_310' title='bbox 3206 1893 3258 1946; x_wconf 92' lang='lat' dir='ltr'><strong>in</strong></span> <span class='ocrx_word' id='word_1_311' title='bbox 3286 1891 3589 1947; x_wconf 85' lang='lat' dir='ltr'><strong>Jerusalem</strong></span> 
     </span>
    </p>
   </div>
   <div class='ocr_carea' id='block_1_23' title="bbox 316 1958 3588 2026">
    <p class='ocr_par' dir='ltr' id='par_1_23' title="bbox 316 1958 3588 2026">
     <span class='ocr_line' id='line_1_24' title="bbox 316 1958 3588 2026; baseline 0.001 -15"><span class='ocrx_word' id='word_1_312' title='bbox 316 1974 487 2012; x_wconf 75' lang='lat' dir='ltr'><strong>rium.</strong></span> <span class='ocrx_word' id='word_1_313' title='bbox 525 1960 584 2013; x_wconf 84' lang='lat'><strong>5|</strong></span> <span class='ocrx_word' id='word_1_314' title='bbox 646 1960 881 2026; x_wconf 74' lang='lat' dir='ltr'><strong>priorem</strong></span> <span class='ocrx_word' id='word_1_315' title='bbox 939 1961 1098 2013; x_wconf 76' lang='lat' dir='ltr'><strong>habet</strong></span> <span class='ocrx_word' id='word_1_316' title='bbox 1160 1959 1400 2013; x_wconf 75' lang='lat' dir='ltr'><strong>humilia:</strong></span> <span class='ocrx_word' id='word_1_317' title='bbox 1454 1968 1663 2023; x_wconf 88' lang='lat' dir='ltr'><strong>partem</strong></span> <span class='ocrx_word' id='word_1_318' title='bbox 1725 1960 1828 2011; x_wconf 89' lang='lat' dir='ltr'><strong>sub</strong></span> <span class='ocrx_word' id='word_1_319' title='bbox 1857 1959 2015 2012; x_wconf 87' lang='lat' dir='ltr'><strong>titulo</strong></span> <span class='ocrx_word' id='word_1_320' title='bbox 2049 1976 2061 2012; x_wconf 91' lang='lat'>:</span> <span class='ocrx_word' id='word_1_321' title='bbox 2101 1958 2173 2011; x_wconf 87' lang='lat' dir='ltr'><strong>De</strong></span> <span class='ocrx_word' id='word_1_322' title='bbox 2203 1973 2423 2025; x_wconf 87' lang='lat' dir='ltr'><strong>corpore</strong></span> <span class='ocrx_word' id='word_1_323' title='bbox 2453 1959 2671 2024; x_wconf 78' lang='lat' dir='ltr'><strong>Christi,</strong></span> <span class='ocrx_word' id='word_1_324' title='bbox 2703 1970 2751 2011; x_wconf 88' lang='lat' dir='ltr'><strong>et</strong></span> <span class='ocrx_word' id='word_1_325' title='bbox 2779 1961 3007 2014; x_wconf 82' lang='lat' dir='ltr'><strong>alteram</strong></span> <span class='ocrx_word' id='word_1_326' title='bbox 3050 1962 3156 2016; x_wconf 87' lang='lat' dir='ltr'><strong>sub</strong></span> <span class='ocrx_word' id='word_1_327' title='bbox 3187 1962 3291 2016; x_wconf 85' lang='lat' dir='ltr'><strong>hoc</strong></span> <span class='ocrx_word' id='word_1_328' title='bbox 3320 1964 3429 2015; x_wconf 87' lang='lat' dir='ltr'><strong>alio</strong></span> <span class='ocrx_word' id='word_1_329' title='bbox 3459 1980 3474 2015; x_wconf 91' lang='lat'><strong>:</strong></span> <span class='ocrx_word' id='word_1_330' title='bbox 3511 1963 3588 2017; x_wconf 79' lang='lat' dir='ltr'><strong>De</strong></span> 
     </span>
    </p>
   </div>
   <div class='ocr_carea' id='block_1_24' title="bbox 312 2027 3592 2101">
    <p class='ocr_par' dir='ltr' id='par_1_24' title="bbox 312 2027 3592 2101">
     <span class='ocr_line' id='line_1_25' title="bbox 312 2027 3592 2101; baseline 0.001 -18"><span class='ocrx_word' id='word_1_331' title='bbox 312 2029 856 2101; x_wconf 66' lang='lat' dir='ltr'><strong>sepulchroDomiui</strong></span> <span class='ocrx_word' id='word_1_332' title='bbox 889 2029 1205 2101; x_wconf 56' lang='lat' dir='ltr'><strong>Saluatoris.</strong></span> <span class='ocrx_word' id='word_1_333' title='bbox 1238 2029 1484 2101; x_wconf 69' lang='lat' dir='ltr'><strong>Quartus</strong></span> <span class='ocrx_word' id='word_1_334' title='bbox 1528 2029 1741 2101; x_wconf 80' lang='lat' dir='ltr'><strong>tandem</strong></span> <span class='ocrx_word' id='word_1_335' title='bbox 1772 2040 1856 2081; x_wconf 90' lang='lat' dir='ltr'><strong>est</strong></span> <span class='ocrx_word' id='word_1_336' title='bbox 1886 2030 2051 2083; x_wconf 82' lang='lat' dir='ltr'><strong>codex</strong></span> <span class='ocrx_word' id='word_1_337' title='bbox 2088 2027 2473 2101; x_wconf 67' lang='lat' dir='ltr'><strong>Latet-ancusis</strong></span> <span class='ocrx_word' id='word_1_338' title='bbox 2528 2045 2649 2098; x_wconf 87' lang='lat' dir='ltr'><strong>pag.</strong></span> <span class='ocrx_word' id='word_1_339' title='bbox 2681 2028 2811 2101; x_wconf 70' lang='lat' dir='ltr'><strong>2l2,</strong></span> <span class='ocrx_word' id='word_1_340' title='bbox 2839 2031 2929 2095; x_wconf 85' lang='lat' dir='ltr'><strong>qui</strong></span> <span class='ocrx_word' id='word_1_341' title='bbox 2978 2032 3263 2101; x_wconf 83' lang='lat' dir='ltr'><strong>epigrapbi</strong></span> <span class='ocrx_word' id='word_1_342' title='bbox 3304 2049 3319 2085; x_wconf 90' lang='lat'><strong>:</strong></span> <span class='ocrx_word' id='word_1_343' title='bbox 3362 2032 3438 2085; x_wconf 81' lang='lat' dir='ltr'><strong>De</strong></span> <span class='ocrx_word' id='word_1_344' title='bbox 3466 2047 3592 2085; x_wconf 82' lang='lat' dir='ltr'><strong>cor-</strong></span> 
     </span>
    </p>
   </div>
   <div class='ocr_carea' id='block_1_25' title="bbox 314 2094 3591 2168">
    <p class='ocr_par' dir='ltr' id='par_1_25' title="bbox 314 2094 3591 2168">
     <span class='ocr_line' id='line_1_26' title="bbox 314 2094 3591 2168; baseline 0.001 -20"><span class='ocrx_word' id='word_1_345' title='bbox 314 2094 456 2168; x_wconf 77' lang='lat' dir='ltr'><strong>pore</strong></span> <span class='ocrx_word' id='word_1_346' title='bbox 504 2096 723 2155; x_wconf 79' lang='lat' dir='ltr'><strong>Christi.</strong></span> <span class='ocrx_word' id='word_1_347' title='bbox 755 2101 903 2151; x_wconf 84' lang='lat' dir='ltr'><strong>addit</strong></span> <span class='ocrx_word' id='word_1_348' title='bbox 938 2118 950 2153; x_wconf 84' lang='grc'>;</span> <span class='ocrx_word' id='word_1_349' title='bbox 989 2097 1174 2152; x_wconf 85' lang='lat' dir='ltr'><strong>Sermo</strong></span> <span class='ocrx_word' id='word_1_350' title='bbox 1226 2098 1285 2153; x_wconf 93' lang='lat' dir='ltr'><strong>S.</strong></span> <span class='ocrx_word' id='word_1_351' title='bbox 1321 2097 1550 2150; x_wconf 69' lang='lat' dir='ltr'><strong>Maximi</strong></span> <span class='ocrx_word' id='word_1_352' title='bbox 1608 2099 1857 2165; x_wconf 79' lang='lat' dir='ltr'><strong>episcopi,</strong></span> <span class='ocrx_word' id='word_1_353' title='bbox 1895 2111 2058 2167; x_wconf 87' lang='lat' dir='ltr'><strong>atque</strong></span> <span class='ocrx_word' id='word_1_354' title='bbox 2092 2100 2324 2168; x_wconf 85' lang='lat' dir='ltr'><strong>incipit:</strong></span> <span class='ocrx_word' id='word_1_355' title='bbox 2362 2094 2641 2150; x_wconf 70' lang='lat' dir='ltr'><strong>Videamus</strong></span> <span class='ocrx_word' id='word_1_356' title='bbox 2676 2098 2739 2152; x_wconf 84' lang='lat' dir='ltr'><strong>de</strong></span> <span class='ocrx_word' id='word_1_357' title='bbox 2782 2094 3269 2167; x_wconf 47' lang='lat' dir='ltr'><strong>Danuvii-corpore,</strong></span> <span class='ocrx_word' id='word_1_358' title='bbox 3311 2111 3416 2154; x_wconf 82' lang='lat' dir='ltr'><strong>ete.</strong></span> <span class='ocrx_word' id='word_1_359' title='bbox 3448 2101 3591 2168; x_wconf 38' lang='lat' dir='ltr'><strong>Crit}:</strong></span> 
     </span>
    </p>
   </div>
   <div class='ocr_carea' id='block_1_26' title="bbox 316 2166 3589 2237">
    <p class='ocr_par' dir='ltr' id='par_1_26' title="bbox 316 2166 3589 2237">
     <span class='ocr_line' id='line_1_27' title="bbox 316 2166 3589 2237; baseline 0 -15"><span class='ocrx_word' id='word_1_360' title='bbox 316 2166 469 2234; x_wconf 56' lang='lat' dir='ltr'><strong>ergo</strong></span> <span class='ocrx_word' id='word_1_361' title='bbox 518 2168 668 2223; x_wconf 88' lang='lat' dir='ltr'><strong>hisce</strong></span> <span class='ocrx_word' id='word_1_362' title='bbox 715 2171 1000 2237; x_wconf 80' lang='lat' dir='ltr'><strong>pra-cipuis</strong></span> <span class='ocrx_word' id='word_1_363' title='bbox 1053 2170 1257 2222; x_wconf 90' lang='lat' dir='ltr'><strong>nitatur</strong></span> <span class='ocrx_word' id='word_1_364' title='bbox 1286 2168 1524 2237; x_wconf 18' lang='lat' dir='ltr'><strong>rllOlllllla</strong></span> <span class='ocrx_word' id='word_1_365' title='bbox 1573 2170 1923 2231; x_wconf 84' lang='lat' dir='ltr'><strong>testimoniis,</strong></span> <span class='ocrx_word' id='word_1_366' title='bbox 1965 2166 2220 2237; x_wconf 62' lang='lat' dir='ltr'><strong>eumque</strong></span> <span class='ocrx_word' id='word_1_367' title='bbox 2246 2182 2342 2236; x_wconf 87' lang='lat' dir='ltr'><strong>pro</strong></span> <span class='ocrx_word' id='word_1_368' title='bbox 2385 2181 2457 2237; x_wconf 9' lang='lat' dir='ltr'><strong>ea,</strong></span> <span class='ocrx_word' id='word_1_369' title='bbox 2499 2168 2879 2231; x_wconf 76' lang='lat' dir='ltr'><strong>Mahillunius,</strong></span> <span class='ocrx_word' id='word_1_370' title='bbox 2931 2166 3213 2223; x_wconf 75' lang='lat' dir='ltr'><strong>Ceillerius</strong></span> <span class='ocrx_word' id='word_1_371' title='bbox 3265 2182 3397 2222; x_wconf 90' lang='lat' dir='ltr'><strong>tom.</strong></span> <span class='ocrx_word' id='word_1_372' title='bbox 3444 2166 3589 2235; x_wconf 71' lang='lat' dir='ltr'><strong>XIV,</strong></span> 
     </span>
    </p>
   </div>
   <div class='ocr_carea' id='block_1_27' title="bbox 315 2236 3592 2309">
    <p class='ocr_par' dir='ltr' id='par_1_27' title="bbox 315 2236 3592 2309">
     <span class='ocr_line' id='line_1_28' title="bbox 315 2236 3592 2309; baseline 0 -17"><span class='ocrx_word' id='word_1_373' title='bbox 315 2246 389 2292; x_wconf 82' lang='lat' dir='ltr'><strong>et.</strong></span> <span class='ocrx_word' id='word_1_374' title='bbox 421 2236 751 2293; x_wconf 78' lang='lat' dir='ltr'><strong>Benedictuii</strong></span> <span class='ocrx_word' id='word_1_375' title='bbox 786 2236 1066 2309; x_wconf 14' lang='grc' dir='ltr'><strong>ίιιιὺίιιίιειιί</strong></span> <span class='ocrx_word' id='word_1_376' title='bbox 1124 2240 1176 2291; x_wconf 89' lang='lat' dir='ltr'><strong>in</strong></span> <span class='ocrx_word' id='word_1_377' title='bbox 1233 2236 1572 2309; x_wconf 77' lang='lat' dir='ltr'><strong>editiunilius</strong></span> <span class='ocrx_word' id='word_1_378' title='bbox 1624 2252 1752 2307; x_wconf 88' lang='lat' dir='ltr'><strong>opp.</strong></span> <span class='ocrx_word' id='word_1_379' title='bbox 1787 2238 2064 2293; x_wconf 87' lang='lat' dir='ltr'><strong>Ambrosii</strong></span> <span class='ocrx_word' id='word_1_380' title='bbox 2089 2249 2141 2292; x_wconf 91' lang='lat' dir='ltr'><strong>et</strong></span> <span class='ocrx_word' id='word_1_381' title='bbox 2175 2236 2463 2307; x_wconf 75' lang='lat' dir='ltr'><strong>Augustini</strong></span> <span class='ocrx_word' id='word_1_382' title='bbox 2491 2237 2815 2291; x_wconf 65' lang='lat' dir='ltr'><strong>sententiam</strong></span> <span class='ocrx_word' id='word_1_383' title='bbox 2849 2239 3096 2305; x_wconf 82' lang='lat' dir='ltr'><strong>tulerint,</strong></span> <span class='ocrx_word' id='word_1_384' title='bbox 3140 2242 3346 2309; x_wconf 85' lang='lat' dir='ltr'><strong>justam</strong></span> <span class='ocrx_word' id='word_1_385' title='bbox 3377 2239 3592 2307; x_wconf 83' lang='lat' dir='ltr'><strong>egimus</strong></span> 
     </span>
    </p>
   </div>
   <div class='ocr_carea' id='block_1_28' title="bbox 317 2306 1483 2373">
    <p class='ocr_par' dir='ltr' id='par_1_28' title="bbox 317 2306 1483 2373">
     <span class='ocr_line' id='line_1_29' title="bbox 317 2306 1483 2373; baseline -0.002 -14"><span class='ocrx_word' id='word_1_386' title='bbox 317 2322 583 2373; x_wconf 80' lang='lat' dir='ltr'><strong>causam,</strong></span> <span class='ocrx_word' id='word_1_387' title='bbox 620 2324 740 2363; x_wconf 82' lang='lat' dir='ltr'><strong>eam</strong></span> <span class='ocrx_word' id='word_1_388' title='bbox 776 2308 833 2362; x_wconf 91' lang='lat' dir='ltr'><strong>S.</strong></span> <span class='ocrx_word' id='word_1_389' title='bbox 869 2308 1104 2360; x_wconf 74' lang='lat' dir='ltr'><strong>Maximo</strong></span> <span class='ocrx_word' id='word_1_390' title='bbox 1136 2306 1483 2359; x_wconf 86' lang='lat' dir='ltr'><strong>vindicando.</strong></span> 
     </span>
    </p>
   </div>
   <div class='ocr_carea' id='block_1_29' title="bbox 308 2392 3595 2470">
    <p class='ocr_par' dir='ltr' id='par_1_29' title="bbox 308 2392 3595 2470">
     <span class='ocr_line' id='line_1_30' title="bbox 308 2392 3595 2470; baseline 0.001 -19"><span class='ocrx_word' id='word_1_391' title='bbox 308 2399 488 2470; x_wconf 77' lang='lat'><strong>2&#39;79</strong></span> <span class='ocrx_word' id='word_1_392' title='bbox 539 2398 931 2470; x_wconf 58' lang='grc' dir='ltr'><strong>Αβθυκιςκτωί.</strong></span> <span class='ocrx_word' id='word_1_393' title='bbox 962 2427 1035 2437; x_wconf 89' lang='grc'><strong><em>-</em></strong></span> <span class='ocrx_word' id='word_1_394' title='bbox 1072 2395 1325 2470; x_wconf 77' lang='lat' dir='ltr'><strong>Pietatem</strong></span> <span class='ocrx_word' id='word_1_395' title='bbox 1361 2396 1554 2466; x_wconf 85' lang='lat' dir='ltr'><strong>Joseph</strong></span> <span class='ocrx_word' id='word_1_396' title='bbox 1603 2395 1667 2448; x_wconf 89' lang='lat' dir='ltr'><strong>ab</strong></span> <span class='ocrx_word' id='word_1_397' title='bbox 1702 2396 1901 2448; x_wconf 81' lang='lat' dir='ltr'><strong>Arima.</strong></span> <span class='ocrx_word' id='word_1_398' title='bbox 1929 2398 1973 2453; x_wconf 75' lang='grc' dir='ltr'><strong>Α</strong></span> <span class='ocrx_word' id='word_1_399' title='bbox 2006 2392 2099 2446; x_wconf 85' lang='lat' dir='ltr'><strong>tim</strong></span> <span class='ocrx_word' id='word_1_400' title='bbox 2135 2408 2252 2448; x_wconf 76' lang='lat' dir='ltr'><strong>sum</strong></span> <span class='ocrx_word' id='word_1_401' title='bbox 2278 2393 2467 2462; x_wconf 85' lang='lat' dir='ltr'><strong>juvare</strong></span> <span class='ocrx_word' id='word_1_402' title='bbox 2490 2411 2574 2449; x_wconf 88' lang='lat' dir='ltr'><strong>me</strong></span> <span class='ocrx_word' id='word_1_403' title='bbox 2600 2399 2771 2466; x_wconf 86' lang='lat' dir='ltr'><strong>possit</strong></span> <span class='ocrx_word' id='word_1_404' title='bbox 2800 2399 3081 2453; x_wconf 88' lang='lat' dir='ltr'><strong>beatorum</strong></span> <span class='ocrx_word' id='word_1_405' title='bbox 3132 2400 3340 2470; x_wconf 88' lang='lat' dir='ltr'><strong>insigne</strong></span> <span class='ocrx_word' id='word_1_406' title='bbox 3367 2416 3595 2455; x_wconf 81' lang='lat' dir='ltr'><strong>consor-</strong></span> 
     </span>
    </p>
   </div>
   <div class='ocr_carea' id='block_1_30' title="bbox 396 2468 1900 2547">
    <p class='ocr_par' dir='ltr' id='par_1_30' title="bbox 396 2468 1900 2547">
     <span class='ocr_line' id='line_1_31' title="bbox 396 2468 1900 2547; baseline -0.003 -26"><span class='ocrx_word' id='word_1_407' title='bbox 396 2469 545 2547; x_wconf 76' lang='lat' dir='ltr'><strong>thwa_</strong></span> <span class='ocrx_word' id='word_1_408' title='bbox 559 2468 1071 2547; x_wconf 53' lang='lat' dir='ltr'><strong>Christoscpalcrum</strong></span> <span class='ocrx_word' id='word_1_409' title='bbox 1112 2468 1351 2547; x_wconf 75' lang='lat' dir='ltr'><strong>parantis</strong></span> <span class='ocrx_word' id='word_1_410' title='bbox 1371 2536 1379 2547; x_wconf 44' lang='grc' dir='ltr'><strong>Ι</strong></span> <span class='ocrx_word' id='word_1_411' title='bbox 1398 2484 1717 2547; x_wconf 74' lang='lat' dir='ltr'><strong>smmuoperc</strong></span> <span class='ocrx_word' id='word_1_412' title='bbox 1760 2483 1900 2547; x_wconf 81' lang='lat' dir='ltr'><strong>com-</strong></span> 
     </span>
    </p>
   </div>
   <div class='ocr_carea' id='block_1_31' title="bbox 2004 2468 3594 2547">
    <p class='ocr_par' dir='ltr' id='par_1_31' title="bbox 2011 2468 3594 2547">
     <span class='ocr_line' id='line_1_32' title="bbox 2011 2468 3594 2547; baseline 0.004 -10"><span class='ocrx_word' id='word_1_413' title='bbox 2011 2486 2162 2539; x_wconf 90' lang='lat' dir='ltr'><strong>tium.</strong></span> <span class='ocrx_word' id='word_1_414' title='bbox 2197 2486 2253 2540; x_wconf 89' lang='lat' dir='ltr'><strong>Si</strong></span> <span class='ocrx_word' id='word_1_415' title='bbox 2280 2488 2423 2541; x_wconf 88' lang='lat' dir='ltr'><strong>enim</strong></span> <span class='ocrx_word' id='word_1_416' title='bbox 2453 2488 2619 2542; x_wconf 88' lang='lat' dir='ltr'><strong>David</strong></span> <span class='ocrx_word' id='word_1_417' title='bbox 2670 2490 2829 2545; x_wconf 89' lang='lat' dir='ltr'><strong>unius</strong></span> <span class='ocrx_word' id='word_1_418' title='bbox 2874 2492 3132 2546; x_wconf 84' lang='lat' dir='ltr'><strong>societate</strong></span> <span class='ocrx_word' id='word_1_419' title='bbox 3168 2468 3339 2547; x_wconf 79' lang='lat' dir='ltr'><strong>salicti</strong></span> <span class='ocrx_word' id='word_1_420' title='bbox 3368 2491 3594 2545; x_wconf 87' lang='lat' dir='ltr'><strong>alterum</strong></span> 
     </span>
    </p>
   </div>
   <div class='ocr_carea' id='block_1_32' title="bbox 393 2536 1904 2607">
    <p class='ocr_par' dir='ltr' id='par_1_32' title="bbox 393 2536 1904 2607">
     <span class='ocr_line' id='line_1_33' title="bbox 393 2536 1904 2607; baseline 0.001 -16"><span class='ocrx_word' id='word_1_421' title='bbox 393 2539 602 2591; x_wconf 83' lang='lat' dir='ltr'><strong>meudat</strong></span> <span class='ocrx_word' id='word_1_422' title='bbox 651 2537 708 2591; x_wconf 91' lang='lat' dir='ltr'><strong>S.</strong></span> <span class='ocrx_word' id='word_1_423' title='bbox 756 2536 1036 2601; x_wconf 65' lang='lat' dir='ltr'><strong>Maximus,</strong></span> <span class='ocrx_word' id='word_1_424' title='bbox 1070 2536 1317 2607; x_wconf 83' lang='lat' dir='ltr'><strong>pluraque</strong></span> <span class='ocrx_word' id='word_1_425' title='bbox 1347 2536 1409 2588; x_wconf 83' lang='lat' dir='ltr'><strong>de</strong></span> <span class='ocrx_word' id='word_1_426' title='bbox 1454 2536 1632 2589; x_wconf 83' lang='lat' dir='ltr'><strong>eodem</strong></span> <span class='ocrx_word' id='word_1_427' title='bbox 1671 2538 1904 2605; x_wconf 72' lang='lat' dir='ltr'><strong>sepulcro</strong></span> 
     </span>
    </p>
   </div>
   <div class='ocr_carea' id='block_1_33' title="bbox 391 2607 1908 2677">
    <p class='ocr_par' dir='ltr' id='par_1_33' title="bbox 391 2607 1908 2677">
     <span class='ocr_line' id='line_1_34' title="bbox 391 2607 1908 2677; baseline -0.002 -16"><span class='ocrx_word' id='word_1_428' title='bbox 391 2610 606 2677; x_wconf 75' lang='lat' dir='ltr'><strong>mystice</strong></span> <span class='ocrx_word' id='word_1_429' title='bbox 628 2609 769 2660; x_wconf 77' lang='lat' dir='ltr'><strong>dicta</strong></span> <span class='ocrx_word' id='word_1_430' title='bbox 792 2609 1069 2677; x_wconf 65' lang='lat' dir='ltr'><strong>explanat;</strong></span> <span class='ocrx_word' id='word_1_431' title='bbox 1093 2618 1447 2677; x_wconf 78' lang='lat' dir='ltr'><strong>postremoque</strong></span> <span class='ocrx_word' id='word_1_432' title='bbox 1470 2608 1533 2657; x_wconf 83' lang='lat' dir='ltr'><strong>de</strong></span> <span class='ocrx_word' id='word_1_433' title='bbox 1557 2607 1732 2660; x_wconf 80' lang='lat' dir='ltr'><strong>Maria</strong></span> <span class='ocrx_word' id='word_1_434' title='bbox 1763 2608 1908 2677; x_wconf 77' lang='lat' dir='ltr'><strong>Mag-</strong></span> 
     </span>
    </p>
   </div>
   <div class='ocr_carea' id='block_1_34' title="bbox 393 2676 1904 2750">
    <p class='ocr_par' dir='ltr' id='par_1_34' title="bbox 393 2676 1904 2750">
     <span class='ocr_line' id='line_1_35' title="bbox 393 2676 1904 2750; baseline 0.002 -19"><span class='ocrx_word' id='word_1_435' title='bbox 393 2676 581 2750; x_wconf 74' lang='lat' dir='ltr'><strong>dalena</strong></span> <span class='ocrx_word' id='word_1_436' title='bbox 615 2679 831 2732; x_wconf 83' lang='lat' dir='ltr'><strong>sollicite</strong></span> <span class='ocrx_word' id='word_1_437' title='bbox 859 2676 1126 2750; x_wconf 64' lang='lat' dir='ltr'><strong>quaerente</strong></span> <span class='ocrx_word' id='word_1_438' title='bbox 1165 2676 1443 2731; x_wconf 74' lang='lat' dir='ltr'><strong>Domitium</strong></span> <span class='ocrx_word' id='word_1_439' title='bbox 1491 2677 1543 2728; x_wconf 86' lang='lat' dir='ltr'><strong>in</strong></span> <span class='ocrx_word' id='word_1_440' title='bbox 1578 2676 1904 2734; x_wconf 81' lang='lat' dir='ltr'><strong>monumento</strong></span> 
     </span>
    </p>
   </div>
   <div class='ocr_carea' id='block_1_35' title="bbox 393 2748 616 2802">
    <p class='ocr_par' dir='ltr' id='par_1_35' title="bbox 393 2748 616 2802">
     <span class='ocr_line' id='line_1_36' title="bbox 393 2748 616 2802; baseline 0 -1"><span class='ocrx_word' id='word_1_441' title='bbox 393 2748 616 2802; x_wconf 81' lang='lat' dir='ltr'><strong>disserit.</strong></span> 
     </span>
    </p>
   </div>
   <div class='ocr_carea' id='block_1_36' title="bbox 394 2837 1903 2908">
    <p class='ocr_par' dir='ltr' id='par_1_36' title="bbox 394 2837 1903 2908">
     <span class='ocr_line' id='line_1_37' title="bbox 394 2837 1903 2908; baseline 0.001 -17"><span class='ocrx_word' id='word_1_442' title='bbox 394 2837 656 2893; x_wconf 79' lang='lat' dir='ltr'><strong>Hesterna</strong></span> <span class='ocrx_word' id='word_1_443' title='bbox 678 2838 764 2891; x_wconf 91' lang='lat' dir='ltr'><strong>die</strong></span> <span class='ocrx_word' id='word_1_444' title='bbox 790 2840 923 2894; x_wconf 75' lang='lat' dir='ltr'><strong>satis</strong></span> <span class='ocrx_word' id='word_1_445' title='bbox 944 2837 1121 2908; x_wconf 73' lang='lat' dir='ltr'><strong>gaudii</strong></span> <span class='ocrx_word' id='word_1_446' title='bbox 1153 2838 1423 2905; x_wconf 74' lang='lat' dir='ltr'><strong>accepisse</strong></span> <span class='ocrx_word' id='word_1_447' title='bbox 1452 2856 1549 2894; x_wconf 86' lang='lat' dir='ltr'><strong>vos</strong></span> <span class='ocrx_word' id='word_1_448' title='bbox 1575 2840 1757 2904; x_wconf 87' lang='lat' dir='ltr'><strong>credo,</strong></span> <span class='ocrx_word' id='word_1_449' title='bbox 1796 2839 1903 2893; x_wconf 85' lang='lat' dir='ltr'><strong>fra-</strong></span> 
     </span>
    </p>
   </div>
   <div class='ocr_carea' id='block_1_37' title="bbox 311 2928 1905 3005">
    <p class='ocr_par' dir='ltr' id='par_1_37' title="bbox 311 2928 1905 3005">
     <span class='ocr_line' id='line_1_38' title="bbox 311 2928 1905 3005; baseline 0.001 -23"><span class='ocrx_word' id='word_1_450' title='bbox 311 2940 434 2985; x_wconf 82' lang='lat' dir='ltr'><strong>trrs</strong></span> <span class='ocrx_word' id='word_1_451' title='bbox 462 2928 810 2993; x_wconf 86' lang='lat' dir='ltr'><strong>dilectissimi,</strong></span> <span class='ocrx_word' id='word_1_452' title='bbox 843 2937 897 2983; x_wconf 92' lang='lat' dir='ltr'><strong>et</strong></span> <span class='ocrx_word' id='word_1_453' title='bbox 935 2930 1253 2984; x_wconf 85' lang='lat' dir='ltr'><strong>tractatibus</strong></span> <span class='ocrx_word' id='word_1_454' title='bbox 1299 2929 1501 3005; x_wconf 78' lang='lat' dir='ltr'><strong>domipi</strong></span> <span class='ocrx_word' id='word_1_455' title='bbox 1547 2938 1601 2984; x_wconf 93' lang='lat' dir='ltr'><strong>et</strong></span> <span class='ocrx_word' id='word_1_456' title='bbox 1651 2940 1677 2967; x_wconf 73' lang='grc' dir='ltr'><strong>ει</strong></span> <span class='ocrx_word' id='word_1_457' title='bbox 1725 2930 1905 2987; x_wconf 87' lang='lat' dir='ltr'><strong>fratris</strong></span> 
     </span>
    </p>
   </div>
   <div class='ocr_carea' id='block_1_38' title="bbox 306 3021 1903 3092">
    <p class='ocr_par' dir='ltr' id='par_1_38' title="bbox 306 3021 1903 3092">
     <span class='ocr_line' id='line_1_39' title="bbox 306 3021 1903 3092; baseline 0.001 -17"><span class='ocrx_word' id='word_1_458' title='bbox 306 3021 491 3075; x_wconf 84' lang='lat' dir='ltr'><strong>nostri</strong></span> <span class='ocrx_word' id='word_1_459' title='bbox 522 3021 799 3092; x_wconf 72' lang='lat' dir='ltr'><strong>pnesentis</strong></span> <span class='ocrx_word' id='word_1_460' title='bbox 841 3021 1099 3090; x_wconf 86' lang='lat' dir='ltr'><strong>episcopi,</strong></span> <span class='ocrx_word' id='word_1_461' title='bbox 1122 3022 1212 3089; x_wconf 89' lang='lat' dir='ltr'><strong>qui</strong></span> <span class='ocrx_word' id='word_1_462' title='bbox 1259 3030 1405 3075; x_wconf 87' lang='lat' dir='ltr'><strong>tanta</strong></span> <span class='ocrx_word' id='word_1_463' title='bbox 1434 3021 1679 3077; x_wconf 81' lang='lat' dir='ltr'><strong>facundia</strong></span> <span class='ocrx_word' id='word_1_464' title='bbox 1709 3038 1796 3077; x_wconf 89' lang='lat' dir='ltr'><strong>res</strong></span> <span class='ocrx_word' id='word_1_465' title='bbox 1825 3024 1903 3077; x_wconf 90' lang='lat' dir='ltr'><strong>di-</strong></span> 
     </span>
    </p>
   </div>
   <div class='ocr_carea' id='block_1_39' title="bbox 307 3113 1897 3184">
    <p class='ocr_par' dir='ltr' id='par_1_39' title="bbox 307 3113 1897 3184">
     <span class='ocr_line' id='line_1_40' title="bbox 307 3113 1897 3184; baseline 0 -15"><span class='ocrx_word' id='word_1_466' title='bbox 307 3115 477 3169; x_wconf 81' lang='lat' dir='ltr'><strong>vinas</strong></span> <span class='ocrx_word' id='word_1_467' title='bbox 498 3114 767 3182; x_wconf 78' lang='lat' dir='ltr'><strong>disseruit,</strong></span> <span class='ocrx_word' id='word_1_468' title='bbox 799 3122 854 3168; x_wconf 91' lang='lat' dir='ltr'><strong>ut</strong></span> <span class='ocrx_word' id='word_1_469' title='bbox 877 3115 1182 3183; x_wconf 74' lang='lat' dir='ltr'><strong>przedicatio</strong></span> <span class='ocrx_word' id='word_1_470' title='bbox 1212 3113 1327 3182; x_wconf 78' lang='lat' dir='ltr'><strong>ejus</strong></span> <span class='ocrx_word' id='word_1_471' title='bbox 1356 3115 1513 3184; x_wconf 87' lang='lat' dir='ltr'><strong>plena</strong></span> <span class='ocrx_word' id='word_1_472' title='bbox 1535 3114 1692 3169; x_wconf 89' lang='lat' dir='ltr'><strong>fuerit</strong></span> <span class='ocrx_word' id='word_1_473' title='bbox 1719 3131 1897 3171; x_wconf 82' lang='lat' dir='ltr'><strong>sacer-</strong></span> 
     </span>
    </p>
   </div>
   <div class='ocr_carea' id='block_1_40' title="bbox 306 3206 1901 3275">
    <p class='ocr_par' dir='ltr' id='par_1_40' title="bbox 306 3206 1901 3275">
     <span class='ocr_line' id='line_1_41' title="bbox 306 3206 1901 3275; baseline 0.001 -15"><span class='ocrx_word' id='word_1_474' title='bbox 306 3206 453 3260; x_wconf 85' lang='lat' dir='ltr'><strong>dotii</strong></span> <span class='ocrx_word' id='word_1_475' title='bbox 475 3206 663 3275; x_wconf 87' lang='lat' dir='ltr'><strong>gratia,</strong></span> <span class='ocrx_word' id='word_1_476' title='bbox 696 3206 929 3260; x_wconf 88' lang='lat' dir='ltr'><strong>oratoris</strong></span> <span class='ocrx_word' id='word_1_477' title='bbox 979 3206 1303 3274; x_wconf 84' lang='lat' dir='ltr'><strong>eloquentia,</strong></span> <span class='ocrx_word' id='word_1_478' title='bbox 1348 3207 1685 3262; x_wconf 89' lang='lat' dir='ltr'><strong>institutione</strong></span> <span class='ocrx_word' id='word_1_479' title='bbox 1709 3208 1901 3262; x_wconf 90' lang='lat' dir='ltr'><strong>docto-</strong></span> 
     </span>
    </p>
   </div>
   <div class='ocr_carea' id='block_1_41' title="bbox 306 3296 1904 3367">
    <p class='ocr_par' dir='ltr' id='par_1_41' title="bbox 306 3296 1904 3367">
     <span class='ocr_line' id='line_1_42' title="bbox 306 3296 1904 3367; baseline 0 -14"><span class='ocrx_word' id='word_1_480' title='bbox 306 3298 413 3353; x_wconf 92' lang='lat' dir='ltr'><strong>ris.</strong></span> <span class='ocrx_word' id='word_1_481' title='bbox 451 3297 555 3351; x_wconf 87' lang='lat' dir='ltr'><strong>Nec</strong></span> <span class='ocrx_word' id='word_1_482' title='bbox 584 3298 773 3350; x_wconf 91' lang='lat' dir='ltr'><strong>mirum</strong></span> <span class='ocrx_word' id='word_1_483' title='bbox 806 3298 848 3353; x_wconf 90' lang='lat' dir='ltr'><strong>si</strong></span> <span class='ocrx_word' id='word_1_484' title='bbox 885 3298 928 3353; x_wconf 89' lang='lat' dir='ltr'><strong>is</strong></span> <span class='ocrx_word' id='word_1_485' title='bbox 975 3298 1063 3366; x_wconf 87' lang='lat' dir='ltr'><strong>qui</strong></span> <span class='ocrx_word' id='word_1_486' title='bbox 1096 3298 1147 3351; x_wconf 90' lang='lat' dir='ltr'><strong>iu</strong></span> <span class='ocrx_word' id='word_1_487' title='bbox 1196 3296 1474 3367; x_wconf 83' lang='lat' dir='ltr'><strong>pontificio</strong></span> <span class='ocrx_word' id='word_1_488' title='bbox 1518 3299 1778 3367; x_wconf 86' lang='lat' dir='ltr'><strong>primatus</strong></span> <span class='ocrx_word' id='word_1_489' title='bbox 1806 3299 1904 3353; x_wconf 90' lang='lat' dir='ltr'><strong>ho-</strong></span> 
     </span>
    </p>
   </div>
   <div class='ocr_carea' id='block_1_42' title="bbox 309 3388 1903 3459">
    <p class='ocr_par' dir='ltr' id='par_1_42' title="bbox 309 3388 1903 3459">
     <span class='ocr_line' id='line_1_43' title="bbox 309 3388 1903 3459; baseline 0.001 -16"><span class='ocrx_word' id='word_1_490' title='bbox 309 3406 507 3443; x_wconf 78' lang='lat' dir='ltr'><strong>norem</strong></span> <span class='ocrx_word' id='word_1_491' title='bbox 530 3390 755 3453; x_wconf 87' lang='lat' dir='ltr'><strong>obtinet,</strong></span> <span class='ocrx_word' id='word_1_492' title='bbox 788 3388 983 3443; x_wconf 89' lang='lat' dir='ltr'><strong>habeat</strong></span> <span class='ocrx_word' id='word_1_493' title='bbox 1008 3389 1169 3442; x_wconf 90' lang='lat' dir='ltr'><strong>etiam</strong></span> <span class='ocrx_word' id='word_1_494' title='bbox 1201 3389 1253 3442; x_wconf 93' lang='lat' dir='ltr'><strong>in</strong></span> <span class='ocrx_word' id='word_1_495' title='bbox 1274 3388 1614 3459; x_wconf 66' lang='lat' dir='ltr'><strong>prtedicando</strong></span> <span class='ocrx_word' id='word_1_496' title='bbox 1644 3389 1903 3459; x_wconf 89' lang='lat' dir='ltr'><strong>primatus</strong></span> 
     </span>
    </p>
   </div>
   <div class='ocr_carea' id='block_1_43' title="bbox 308 3481 1905 3551">
    <p class='ocr_par' dir='ltr' id='par_1_43' title="bbox 308 3481 1905 3551">
     <span class='ocr_line' id='line_1_44' title="bbox 308 3481 1905 3551; baseline 0.001 -15"><span class='ocrx_word' id='word_1_497' title='bbox 308 3481 590 3551; x_wconf 77' lang='lat' dir='ltr'><strong>eloquium</strong></span> <span class='ocrx_word' id='word_1_498' title='bbox 620 3500 631 3533; x_wconf 93' lang='lat'>:</span> <span class='ocrx_word' id='word_1_499' title='bbox 666 3489 725 3534; x_wconf 91' lang='lat' dir='ltr'><strong>ut</strong></span> <span class='ocrx_word' id='word_1_500' title='bbox 751 3481 979 3536; x_wconf 85' lang='lat' dir='ltr'><strong>virtutes</strong></span> <span class='ocrx_word' id='word_1_501' title='bbox 1020 3482 1134 3547; x_wconf 90' lang='lat' dir='ltr'><strong>Dei,</strong></span> <span class='ocrx_word' id='word_1_502' title='bbox 1168 3496 1302 3549; x_wconf 88' lang='lat' dir='ltr'><strong>quas</strong></span> <span class='ocrx_word' id='word_1_503' title='bbox 1348 3482 1519 3536; x_wconf 88' lang='lat' dir='ltr'><strong>sancti</strong></span> <span class='ocrx_word' id='word_1_504' title='bbox 1553 3484 1786 3551; x_wconf 88' lang='lat' dir='ltr'><strong>pectoris</strong></span> <span class='ocrx_word' id='word_1_505' title='bbox 1824 3500 1905 3537; x_wconf 89' lang='lat' dir='ltr'><strong>ar-</strong></span> 
     </span>
    </p>
   </div>
   <div class='ocr_carea' id='block_1_44' title="bbox 311 3570 1901 3640">
    <p class='ocr_par' dir='ltr' id='par_1_44' title="bbox 311 3570 1901 3640">
     <span class='ocr_line' id='line_1_45' title="bbox 311 3570 1901 3640; baseline 0.001 -14"><span class='ocrx_word' id='word_1_506' title='bbox 311 3587 465 3626; x_wconf 87' lang='lat' dir='ltr'><strong>cano</strong></span> <span class='ocrx_word' id='word_1_507' title='bbox 490 3571 772 3640; x_wconf 86' lang='lat' dir='ltr'><strong>depromit,</strong></span> <span class='ocrx_word' id='word_1_508' title='bbox 809 3570 1020 3625; x_wconf 84' lang='lat' dir='ltr'><strong>facundi</strong></span> <span class='ocrx_word' id='word_1_509' title='bbox 1052 3572 1320 3627; x_wconf 88' lang='lat' dir='ltr'><strong>sermonis</strong></span> <span class='ocrx_word' id='word_1_510' title='bbox 1350 3573 1593 3627; x_wconf 89' lang='lat' dir='ltr'><strong>oratione</strong></span> <span class='ocrx_word' id='word_1_511' title='bbox 1622 3588 1901 3628; x_wconf 82' lang='lat' dir='ltr'><strong>commen-</strong></span> 
     </span>
    </p>
   </div>
   <div class='ocr_carea' id='block_1_45' title="bbox 312 3663 1901 3734">
    <p class='ocr_par' dir='ltr' id='par_1_45' title="bbox 312 3663 1901 3734">
     <span class='ocr_line' id='line_1_46' title="bbox 312 3663 1901 3734; baseline 0.002 -15"><span class='ocrx_word' id='word_1_512' title='bbox 312 3673 432 3719; x_wconf 79' lang='lat' dir='ltr'><strong>det.</strong></span> <span class='ocrx_word' id='word_1_513' title='bbox 451 3664 620 3734; x_wconf 89' lang='lat' dir='ltr'><strong>Atque</strong></span> <span class='ocrx_word' id='word_1_514' title='bbox 647 3663 767 3718; x_wconf 90' lang='lat' dir='ltr'><strong>ideo</strong></span> <span class='ocrx_word' id='word_1_515' title='bbox 789 3664 1107 3733; x_wconf 85' lang='lat' dir='ltr'><strong>parvitatem</strong></span> <span class='ocrx_word' id='word_1_516' title='bbox 1132 3680 1306 3718; x_wconf 89' lang='lat' dir='ltr'><strong>meam</strong></span> <span class='ocrx_word' id='word_1_517' title='bbox 1328 3666 1441 3720; x_wconf 92' lang='lat' dir='ltr'><strong>scio</strong></span> <span class='ocrx_word' id='word_1_518' title='bbox 1464 3666 1683 3720; x_wconf 90' lang='lat' dir='ltr'><strong>auribus</strong></span> <span class='ocrx_word' id='word_1_519' title='bbox 1707 3668 1901 3723; x_wconf 80' lang='lat' dir='ltr'><strong>vestris</strong></span> 
     </span>
    </p>
   </div>
   <div class='ocr_carea' id='block_1_46' title="bbox 2007 2578 3596 2650">
    <p class='ocr_par' dir='ltr' id='par_1_46' title="bbox 2007 2578 3596 2650">
     <span class='ocr_line' id='line_1_47' title="bbox 2007 2578 3596 2650; baseline 0.004 -19"><span class='ocrx_word' id='word_1_520' title='bbox 2007 2587 2254 2632; x_wconf 89' lang='lat' dir='ltr'><strong>sanetum</strong></span> <span class='ocrx_word' id='word_1_521' title='bbox 2287 2578 2401 2633; x_wconf 86' lang='lat' dir='ltr'><strong>fieri</strong></span> <span class='ocrx_word' id='word_1_522' title='bbox 2434 2596 2593 2649; x_wconf 85' lang='lat' dir='ltr'><strong>posse</strong></span> <span class='ocrx_word' id='word_1_523' title='bbox 2622 2582 2940 2650; x_wconf 86' lang='lat' dir='ltr'><strong>proclamat,</strong></span> <span class='ocrx_word' id='word_1_524' title='bbox 2971 2584 3157 2637; x_wconf 90' lang='lat' dir='ltr'><strong>dicens</strong></span> <span class='ocrx_word' id='word_1_525' title='bbox 3206 2600 3219 2634; x_wconf 93' lang='lat'>:</span> <span class='ocrx_word' id='word_1_526' title='bbox 3258 2581 3384 2635; x_wconf 89' lang='lat' dir='ltr'><strong>Cum</strong></span> <span class='ocrx_word' id='word_1_527' title='bbox 3416 2594 3596 2638; x_wconf 83' lang='lat' dir='ltr'><strong>sancto</strong></span> 
     </span>
    </p>
   </div>
   <div class='ocr_carea' id='block_1_47' title="bbox 2007 2671 3594 2746">
    <p class='ocr_par' dir='ltr' id='par_1_47' title="bbox 2007 2671 3594 2746">
     <span class='ocr_line' id='line_1_48' title="bbox 2007 2671 3594 2746; baseline 0.006 -25"><span class='ocrx_word' id='word_1_528' title='bbox 2007 2678 2220 2724; x_wconf 88' lang='lat' dir='ltr'><strong>sanctus</strong></span> <span class='ocrx_word' id='word_1_529' title='bbox 2249 2673 2349 2725; x_wconf 89' lang='lat' dir='ltr'><strong>eris</strong></span> <span class='ocrx_word' id='word_1_530' title='bbox 2374 2671 2543 2743; x_wconf 84' lang='lat' dir='ltr'><strong>(Psal.</strong></span> <span class='ocrx_word' id='word_1_531' title='bbox 2597 2674 2726 2745; x_wconf 80' lang='lat' dir='ltr'><strong>xvii)</strong></span> <span class='ocrx_word' id='word_1_532' title='bbox 2764 2693 2775 2727; x_wconf 90' lang='lat'><strong>:</strong></span> <span class='ocrx_word' id='word_1_533' title='bbox 2815 2686 2837 2713; x_wconf 72' lang='grc' dir='ltr'><strong><em>ο</em></strong></span> <span class='ocrx_word' id='word_1_534' title='bbox 2869 2676 2990 2746; x_wconf 90' lang='lat' dir='ltr'><strong>quis</strong></span> <span class='ocrx_word' id='word_1_535' title='bbox 3031 2692 3159 2746; x_wconf 88' lang='lat' dir='ltr'><strong>ergo</strong></span> <span class='ocrx_word' id='word_1_536' title='bbox 3207 2692 3313 2740; x_wconf 89' lang='lat' dir='ltr'><strong>me,</strong></span> <span class='ocrx_word' id='word_1_537' title='bbox 3345 2677 3594 2745; x_wconf 84' lang='lat' dir='ltr'><strong>quamvis</strong></span> 
     </span>
    </p>
   </div>
   <div class='ocr_carea' id='block_1_48' title="bbox 2007 2761 3594 2837">
    <p class='ocr_par' dir='ltr' id='par_1_48' title="bbox 2007 2761 3594 2837">
     <span class='ocr_line' id='line_1_49' title="bbox 2007 2761 3594 2837; baseline 0.006 -23"><span class='ocrx_word' id='word_1_538' title='bbox 2007 2761 2336 2830; x_wconf 90' lang='lat' dir='ltr'><strong>imperitum,</strong></span> <span class='ocrx_word' id='word_1_539' title='bbox 2359 2766 2604 2833; x_wconf 87' lang='lat' dir='ltr'><strong>quamvis</strong></span> <span class='ocrx_word' id='word_1_540' title='bbox 2625 2766 2963 2835; x_wconf 81' lang='lat' dir='ltr'><strong>peceatorem</strong></span> <span class='ocrx_word' id='word_1_541' title='bbox 2987 2783 3097 2821; x_wconf 90' lang='lat' dir='ltr'><strong>non</strong></span> <span class='ocrx_word' id='word_1_542' title='bbox 3118 2775 3270 2837; x_wconf 88' lang='lat' dir='ltr'><strong>putet</strong></span> <span class='ocrx_word' id='word_1_543' title='bbox 3298 2767 3411 2822; x_wconf 83' lang='lat' dir='ltr'><strong>fieri</strong></span> <span class='ocrx_word' id='word_1_544' title='bbox 3435 2783 3594 2836; x_wconf 83' lang='lat' dir='ltr'><strong>posse</strong></span> 
     </span>
    </p>
   </div>
   <div class='ocr_carea' id='block_1_49' title="bbox 2006 2855 3594 2927">
    <p class='ocr_par' dir='ltr' id='par_1_49' title="bbox 2006 2855 3594 2927">
     <span class='ocr_line' id='line_1_50' title="bbox 2006 2855 3594 2927; baseline 0.005 -21"><span class='ocrx_word' id='word_1_545' title='bbox 2006 2855 2412 2922; x_wconf 70' lang='lat' dir='ltr'><strong>prmdicatorem</strong></span> <span class='ocrx_word' id='word_1_546' title='bbox 2465 2858 2665 2912; x_wconf 91' lang='lat' dir='ltr'><strong>virtute</strong></span> <span class='ocrx_word' id='word_1_547' title='bbox 2712 2857 2953 2927; x_wconf 91' lang='lat' dir='ltr'><strong>Domini,</strong></span> <span class='ocrx_word' id='word_1_548' title='bbox 2995 2867 3263 2913; x_wconf 88' lang='lat' dir='ltr'><strong>tantorum</strong></span> <span class='ocrx_word' id='word_1_549' title='bbox 3320 2860 3594 2915; x_wconf 88' lang='lat' dir='ltr'><strong>consortio</strong></span> 
     </span>
    </p>
   </div>
   <div class='ocr_carea' id='block_1_50' title="bbox 2006 2946 3593 3019">
    <p class='ocr_par' dir='ltr' id='par_1_50' title="bbox 2006 2946 3593 3019">
     <span class='ocr_line' id='line_1_51' title="bbox 2006 2946 3593 3019; baseline 0.002 -21"><span class='ocrx_word' id='word_1_550' title='bbox 2006 2946 2169 3016; x_wconf 73' lang='lat'><strong>280</strong></span> <span class='ocrx_word' id='word_1_551' title='bbox 2191 2948 2603 3014; x_wconf 83' lang='lat' dir='ltr'><strong>magistrorum?</strong></span> <span class='ocrx_word' id='word_1_552' title='bbox 2644 2949 2811 3018; x_wconf 85' lang='lat' dir='ltr'><strong>Igitur</strong></span> <span class='ocrx_word' id='word_1_553' title='bbox 2837 2950 3090 3019; x_wconf 89' lang='lat' dir='ltr'><strong>quoniam</strong></span> <span class='ocrx_word' id='word_1_554' title='bbox 3116 2949 3455 3004; x_wconf 89' lang='lat' dir='ltr'><strong>beatissimus</strong></span> <span class='ocrx_word' id='word_1_555' title='bbox 3483 2948 3593 3002; x_wconf 84' lang='lat' dir='ltr'><strong>fra-</strong></span> 
     </span>
    </p>
   </div>
   <div class='ocr_carea' id='block_1_51' title="bbox 2008 3041 3595 3110">
    <p class='ocr_par' dir='ltr' id='par_1_51' title="bbox 2008 3041 3595 3110">
     <span class='ocr_line' id='line_1_52' title="bbox 2008 3041 3595 3110; baseline 0.003 -20"><span class='ocrx_word' id='word_1_556' title='bbox 2008 3043 2089 3091; x_wconf 90' lang='lat' dir='ltr'><strong>ter</strong></span> <span class='ocrx_word' id='word_1_557' title='bbox 2112 3048 2296 3094; x_wconf 88' lang='lat' dir='ltr'><strong>uoster</strong></span> <span class='ocrx_word' id='word_1_558' title='bbox 2324 3053 2635 3095; x_wconf 86' lang='lat' dir='ltr'><strong>sanctorum</strong></span> <span class='ocrx_word' id='word_1_559' title='bbox 2668 3042 3036 3110; x_wconf 89' lang='lat' dir='ltr'><strong>apostolorum</strong></span> <span class='ocrx_word' id='word_1_560' title='bbox 3075 3041 3259 3095; x_wconf 82' lang='lat' dir='ltr'><strong>laudes</strong></span> <span class='ocrx_word' id='word_1_561' title='bbox 3287 3055 3482 3109; x_wconf 85' lang='lat' dir='ltr'><strong>magno</strong></span> <span class='ocrx_word' id='word_1_562' title='bbox 3512 3048 3595 3095; x_wconf 90' lang='lat' dir='ltr'><strong>est</strong></span> 
     </span>
    </p>
   </div>
   <div class='ocr_carea' id='block_1_52' title="bbox 2006 3132 3594 3203">
    <p class='ocr_par' dir='ltr' id='par_1_52' title="bbox 2006 3132 3594 3203">
     <span class='ocr_line' id='line_1_53' title="bbox 2006 3132 3594 3203; baseline 0.001 -20"><span class='ocrx_word' id='word_1_563' title='bbox 2006 3139 2327 3198; x_wconf 88' lang='lat' dir='ltr'><strong>prosecutus</strong></span> <span class='ocrx_word' id='word_1_564' title='bbox 2345 3133 2595 3201; x_wconf 86' lang='lat' dir='ltr'><strong>eloquio;</strong></span> <span class='ocrx_word' id='word_1_565' title='bbox 2620 3132 2878 3189; x_wconf 88' lang='lat' dir='ltr'><strong>debemus</strong></span> <span class='ocrx_word' id='word_1_566' title='bbox 2918 3141 2973 3187; x_wconf 90' lang='lat' dir='ltr'><strong>et</strong></span> <span class='ocrx_word' id='word_1_567' title='bbox 3006 3150 3107 3189; x_wconf 91' lang='lat' dir='ltr'><strong>nos</strong></span> <span class='ocrx_word' id='word_1_568' title='bbox 3156 3133 3323 3202; x_wconf 84' lang='lat' dir='ltr'><strong>ipsius</strong></span> <span class='ocrx_word' id='word_1_569' title='bbox 3352 3134 3594 3203; x_wconf 85' lang='lat' dir='ltr'><strong>sepultu—</strong></span> 
     </span>
    </p>
   </div>
   <div class='ocr_carea' id='block_1_53' title="bbox 2006 3222 3593 3294">
    <p class='ocr_par' dir='ltr' id='par_1_53' title="bbox 2006 3222 3593 3294">
     <span class='ocr_line' id='line_1_54' title="bbox 2006 3222 3593 3294; baseline 0.001 -20"><span class='ocrx_word' id='word_1_570' title='bbox 2006 3236 2122 3274; x_wconf 91' lang='lat' dir='ltr'><strong>ram</strong></span> <span class='ocrx_word' id='word_1_571' title='bbox 2152 3222 2363 3276; x_wconf 91' lang='lat' dir='ltr'><strong>Domini</strong></span> <span class='ocrx_word' id='word_1_572' title='bbox 2386 3224 2709 3292; x_wconf 67' lang='lat' dir='ltr'><strong>praedicare:</strong></span> <span class='ocrx_word' id='word_1_573' title='bbox 2742 3233 2800 3278; x_wconf 90' lang='lat' dir='ltr'><strong>ut</strong></span> <span class='ocrx_word' id='word_1_574' title='bbox 2824 3226 2951 3292; x_wconf 90' lang='lat' dir='ltr'><strong>quia</strong></span> <span class='ocrx_word' id='word_1_575' title='bbox 2974 3225 3131 3279; x_wconf 85' lang='lat' dir='ltr'><strong>unius</strong></span> <span class='ocrx_word' id='word_1_576' title='bbox 3158 3224 3403 3294; x_wconf 90' lang='lat' dir='ltr'><strong>corporis</strong></span> <span class='ocrx_word' id='word_1_577' title='bbox 3424 3239 3593 3278; x_wconf 85' lang='lat' dir='ltr'><strong>mem-</strong></span> 
     </span>
    </p>
   </div>
   <div class='ocr_carea' id='block_1_54' title="bbox 2004 3313 3594 3384">
    <p class='ocr_par' dir='ltr' id='par_1_54' title="bbox 2004 3313 3594 3384">
     <span class='ocr_line' id='line_1_55' title="bbox 2004 3313 3594 3384; baseline 0.001 -16"><span class='ocrx_word' id='word_1_578' title='bbox 2004 3314 2101 3368; x_wconf 89' lang='lat' dir='ltr'><strong>bra</strong></span> <span class='ocrx_word' id='word_1_579' title='bbox 2132 3313 2374 3367; x_wconf 85' lang='lat' dir='ltr'><strong>videmur</strong></span> <span class='ocrx_word' id='word_1_580' title='bbox 2400 3314 2663 3369; x_wconf 88' lang='lat' dir='ltr'><strong>similibus</strong></span> <span class='ocrx_word' id='word_1_581' title='bbox 2692 3315 2966 3383; x_wconf 86' lang='lat' dir='ltr'><strong>obsequiis</strong></span> <span class='ocrx_word' id='word_1_582' title='bbox 2988 3324 3303 3384; x_wconf 87' lang='lat' dir='ltr'><strong>procurata,</strong></span> <span class='ocrx_word' id='word_1_583' title='bbox 3329 3314 3594 3370; x_wconf 82' lang='lat' dir='ltr'><strong>similibus</strong></span> 
     </span>
    </p>
   </div>
   <div class='ocr_carea' id='block_1_55' title="bbox 2004 3404 3589 3473">
    <p class='ocr_par' dir='ltr' id='par_1_55' title="bbox 2004 3404 3589 3473">
     <span class='ocr_line' id='line_1_56' title="bbox 2004 3404 3589 3473; baseline -0.001 -16"><span class='ocrx_word' id='word_1_584' title='bbox 2004 3419 2220 3473; x_wconf 91' lang='lat' dir='ltr'><strong>quoque</strong></span> <span class='ocrx_word' id='word_1_585' title='bbox 2250 3404 2517 3473; x_wconf 81' lang='lat' dir='ltr'><strong>integrum</strong></span> <span class='ocrx_word' id='word_1_586' title='bbox 2549 3419 2745 3473; x_wconf 89' lang='lat' dir='ltr'><strong>corpus</strong></span> <span class='ocrx_word' id='word_1_587' title='bbox 2774 3404 3245 3473; x_wconf 66' lang='lat' dir='ltr'><strong>praedicationibus</strong></span> <span class='ocrx_word' id='word_1_588' title='bbox 3273 3413 3589 3459; x_wconf 79' lang='lat' dir='ltr'><strong>exornetur.</strong></span> 
     </span>
    </p>
   </div>
   <div class='ocr_carea' id='block_1_56' title="bbox 2005 3492 3593 3563">
    <p class='ocr_par' dir='ltr' id='par_1_56' title="bbox 2005 3492 3593 3563">
     <span class='ocr_line' id='line_1_57' title="bbox 2005 3492 3593 3563; baseline 0.001 -16"><span class='ocrx_word' id='word_1_589' title='bbox 2005 3492 2295 3549; x_wconf 76' lang='lat' dir='ltr'><strong>Videamus</strong></span> <span class='ocrx_word' id='word_1_590' title='bbox 2331 3509 2461 3563; x_wconf 89' lang='lat' dir='ltr'><strong>ergo</strong></span> <span class='ocrx_word' id='word_1_591' title='bbox 2490 3494 2557 3549; x_wconf 90' lang='lat' dir='ltr'><strong>de</strong></span> <span class='ocrx_word' id='word_1_592' title='bbox 2600 3494 2813 3549; x_wconf 91' lang='lat' dir='ltr'><strong>Domini</strong></span> <span class='ocrx_word' id='word_1_593' title='bbox 2843 3509 3093 3563; x_wconf 89' lang='lat' dir='ltr'><strong>corpore,</strong></span> <span class='ocrx_word' id='word_1_594' title='bbox 3125 3502 3477 3563; x_wconf 87' lang='lat' dir='ltr'><strong>posteaquam</strong></span> <span class='ocrx_word' id='word_1_595' title='bbox 3526 3493 3593 3549; x_wconf 85' lang='lat' dir='ltr'><strong>de</strong></span> 
     </span>
    </p>
   </div>
   <div class='ocr_carea' id='block_1_57' title="bbox 2005 3582 3591 3655">
    <p class='ocr_par' dir='ltr' id='par_1_57' title="bbox 2005 3582 3591 3655">
     <span class='ocr_line' id='line_1_58' title="bbox 2005 3582 3591 3655; baseline -0.001 -17"><span class='ocrx_word' id='word_1_596' title='bbox 2005 3599 2167 3639; x_wconf 87' lang='lat' dir='ltr'><strong>cruce</strong></span> <span class='ocrx_word' id='word_1_597' title='bbox 2197 3584 2220 3621; x_wconf 74' lang='grc' dir='ltr'>α</span> <span class='ocrx_word' id='word_1_598' title='bbox 2252 3585 2557 3654; x_wconf 86' lang='lat' dir='ltr'><strong>deponitur,</strong></span> <span class='ocrx_word' id='word_1_599' title='bbox 2582 3585 2707 3655; x_wconf 91' lang='lat' dir='ltr'><strong>quid</strong></span> <span class='ocrx_word' id='word_1_600' title='bbox 2732 3593 2969 3655; x_wconf 79' lang='lat' dir='ltr'><strong>geratur.</strong></span> <span class='ocrx_word' id='word_1_601' title='bbox 2996 3584 3213 3652; x_wconf 85' lang='lat' dir='ltr'><strong>Accepit</strong></span> <span class='ocrx_word' id='word_1_602' title='bbox 3237 3584 3363 3637; x_wconf 90' lang='lat' dir='ltr'><strong>illud</strong></span> <span class='ocrx_word' id='word_1_603' title='bbox 3391 3582 3591 3651; x_wconf 85' lang='lat' dir='ltr'><strong>Joseph</strong></span> 
     </span>
    </p>
   </div>
   <div class='ocr_carea' id='block_1_58' title="bbox 2007 3672 3591 3743">
    <p class='ocr_par' dir='ltr' id='par_1_58' title="bbox 2007 3672 3591 3743">
     <span class='ocr_line' id='line_1_59' title="bbox 2007 3672 3591 3743; baseline 0 -17"><span class='ocrx_word' id='word_1_604' title='bbox 2007 3673 2075 3727; x_wconf 87' lang='lat' dir='ltr'><strong>ab</strong></span> <span class='ocrx_word' id='word_1_605' title='bbox 2105 3672 2449 3739; x_wconf 78' lang='lat' dir='ltr'><strong>Arimathzea,</strong></span> <span class='ocrx_word' id='word_1_606' title='bbox 2477 3676 2559 3728; x_wconf 88' lang='lat' dir='ltr'><strong>vir</strong></span> <span class='ocrx_word' id='word_1_607' title='bbox 2576 3675 2773 3742; x_wconf 89' lang='lat' dir='ltr'><strong>justus,</strong></span> <span class='ocrx_word' id='word_1_608' title='bbox 2803 3673 2942 3727; x_wconf 89' lang='lat' dir='ltr'><strong>sicut</strong></span> <span class='ocrx_word' id='word_1_609' title='bbox 2970 3674 3044 3726; x_wconf 91' lang='lat' dir='ltr'><strong>ait</strong></span> <span class='ocrx_word' id='word_1_610' title='bbox 3074 3673 3422 3743; x_wconf 81' lang='lat' dir='ltr'><strong>evangelista,</strong></span> <span class='ocrx_word' id='word_1_611' title='bbox 3453 3682 3508 3725; x_wconf 88' lang='lat' dir='ltr'><strong>et</strong></span> <span class='ocrx_word' id='word_1_612' title='bbox 3538 3673 3591 3727; x_wconf 89' lang='lat' dir='ltr'><strong>in</strong></span> 
     </span>
    </p>
   </div>
   <div class='ocr_carea' id='block_1_59' title="bbox 310 3754 3591 3835">
    <p class='ocr_par' dir='ltr' id='par_1_59' title="bbox 310 3754 3591 3835">
     <span class='ocr_line' id='line_1_60' title="bbox 310 3754 3591 3835; baseline 0.001 -26"><span class='ocrx_word' id='word_1_613' title='bbox 310 3756 499 3809; x_wconf 86' lang='lat' dir='ltr'><strong>minus</strong></span> <span class='ocrx_word' id='word_1_614' title='bbox 540 3755 699 3810; x_wconf 87' lang='lat' dir='ltr'><strong>solito</strong></span> <span class='ocrx_word' id='word_1_615' title='bbox 730 3754 1066 3823; x_wconf 86' lang='lat' dir='ltr'><strong>placituram.</strong></span> <span class='ocrx_word' id='word_1_616' title='bbox 1099 3755 1228 3820; x_wconf 82' lang='lat' dir='ltr'><strong>Quis</strong></span> <span class='ocrx_word' id='word_1_617' title='bbox 1258 3757 1401 3810; x_wconf 92' lang='lat' dir='ltr'><strong>enim</strong></span> <span class='ocrx_word' id='word_1_618' title='bbox 1445 3767 1730 3813; x_wconf 87' lang='lat' dir='ltr'><strong>contentus</strong></span> <span class='ocrx_word' id='word_1_619' title='bbox 1762 3758 1787 3796; x_wconf 71' lang='grc' dir='ltr'>δ</span> <span class='ocrx_word' id='word_1_620' title='bbox 1818 3768 1901 3813; x_wconf 88' lang='lat' dir='ltr'><strong>est</strong></span> <span class='ocrx_word' id='word_1_621' title='bbox 1934 3777 1976 3835; x_wconf 76' lang='grc' dir='ltr'><strong>Β</strong></span> <span class='ocrx_word' id='word_1_622' title='bbox 2006 3780 2146 3817; x_wconf 90' lang='lat' dir='ltr'><strong>novo</strong></span> <span class='ocrx_word' id='word_1_623' title='bbox 2186 3780 2286 3819; x_wconf 91' lang='lat' dir='ltr'><strong>suo</strong></span> <span class='ocrx_word' id='word_1_624' title='bbox 2339 3774 2361 3801; x_wconf 77' lang='grc' dir='ltr'><strong>ε</strong></span> <span class='ocrx_word' id='word_1_625' title='bbox 2405 3766 2618 3833; x_wconf 89' lang='lat' dir='ltr'><strong>sepeliit</strong></span> <span class='ocrx_word' id='word_1_626' title='bbox 2666 3772 3052 3829; x_wconf 88' lang='lat' dir='ltr'><strong>monumento,</strong></span> <span class='ocrx_word' id='word_1_627' title='bbox 3098 3763 3153 3816; x_wconf 85' lang='lat' dir='ltr'><strong>in</strong></span> <span class='ocrx_word' id='word_1_628' title='bbox 3197 3777 3304 3831; x_wconf 88' lang='lat' dir='ltr'><strong>quo</strong></span> <span class='ocrx_word' id='word_1_629' title='bbox 3351 3761 3591 3814; x_wconf 89' lang='lat' dir='ltr'><strong>nondum</strong></span> 
     </span>
    </p>
   </div>
   <div class='ocr_carea' id='block_1_60' title="bbox 310 3846 1903 3918">
    <p class='ocr_par' dir='ltr' id='par_1_60' title="bbox 310 3846 1903 3918">
     <span class='ocr_line' id='line_1_61' title="bbox 310 3846 1903 3918; baseline 0.003 -18"><span class='ocrx_word' id='word_1_630' title='bbox 310 3855 512 3918; x_wconf 80' lang='lat' dir='ltr'><strong>potare</strong></span> <span class='ocrx_word' id='word_1_631' title='bbox 535 3846 600 3901; x_wconf 89' lang='lat' dir='ltr'><strong>de</strong></span> <span class='ocrx_word' id='word_1_632' title='bbox 650 3847 843 3910; x_wconf 88' lang='lat' dir='ltr'><strong>rivulo,</strong></span> <span class='ocrx_word' id='word_1_633' title='bbox 889 3862 1010 3901; x_wconf 89' lang='lat' dir='ltr'><strong>cum</strong></span> <span class='ocrx_word' id='word_1_634' title='bbox 1057 3849 1225 3916; x_wconf 90' lang='lat' dir='ltr'><strong>possit</strong></span> <span class='ocrx_word' id='word_1_635' title='bbox 1274 3849 1489 3903; x_wconf 90' lang='lat' dir='ltr'><strong>haurire</strong></span> <span class='ocrx_word' id='word_1_636' title='bbox 1526 3850 1592 3903; x_wconf 92' lang='lat' dir='ltr'><strong>de</strong></span> <span class='ocrx_word' id='word_1_637' title='bbox 1622 3849 1903 3905; x_wconf 88' lang='lat' dir='ltr'><strong>fontibus?</strong></span> 
     </span>
    </p>
   </div>
   <div class='ocr_carea' id='block_1_61' title="bbox 306 3940 1903 4010">
    <p class='ocr_par' dir='ltr' id='par_1_61' title="bbox 306 3940 1903 4010">
     <span class='ocr_line' id='line_1_62' title="bbox 306 3940 1903 4010; baseline 0.001 -14"><span class='ocrx_word' id='word_1_638' title='bbox 306 3940 487 3996; x_wconf 77' lang='lat' dir='ltr'><strong>Terra</strong></span> <span class='ocrx_word' id='word_1_639' title='bbox 540 3941 682 3995; x_wconf 88' lang='lat' dir='ltr'><strong>enim</strong></span> <span class='ocrx_word' id='word_1_640' title='bbox 732 3956 990 4010; x_wconf 90' lang='lat' dir='ltr'><strong>aquarum</strong></span> <span class='ocrx_word' id='word_1_641' title='bbox 1036 3950 1251 3997; x_wconf 90' lang='lat' dir='ltr'><strong>tenuem</strong></span> <span class='ocrx_word' id='word_1_642' title='bbox 1300 3959 1477 3997; x_wconf 90' lang='lat' dir='ltr'><strong>rorem</strong></span> <span class='ocrx_word' id='word_1_643' title='bbox 1526 3943 1746 3997; x_wconf 89' lang='lat' dir='ltr'><strong>omnino</strong></span> <span class='ocrx_word' id='word_1_644' title='bbox 1793 3959 1903 3997; x_wconf 88' lang='lat' dir='ltr'><strong>non</strong></span> 
     </span>
    </p>
   </div>
   <div class='ocr_carea' id='block_1_62' title="bbox 308 4035 1905 4105">
    <p class='ocr_par' dir='ltr' id='par_1_62' title="bbox 308 4035 1905 4105">
     <span class='ocr_line' id='line_1_63' title="bbox 308 4035 1905 4105; baseline 0 -15"><span class='ocrx_word' id='word_1_645' title='bbox 308 4035 564 4105; x_wconf 79' lang='lat' dir='ltr'><strong>suscipit,</strong></span> <span class='ocrx_word' id='word_1_646' title='bbox 602 4043 951 4105; x_wconf 87' lang='lat' dir='ltr'><strong>posteaquam</strong></span> <span class='ocrx_word' id='word_1_647' title='bbox 998 4051 1118 4089; x_wconf 92' lang='lat' dir='ltr'><strong>eam</strong></span> <span class='ocrx_word' id='word_1_648' title='bbox 1167 4036 1346 4103; x_wconf 89' lang='lat' dir='ltr'><strong>largus</strong></span> <span class='ocrx_word' id='word_1_649' title='bbox 1386 4036 1682 4105; x_wconf 80' lang='lat' dir='ltr'><strong>pluviarum</strong></span> <span class='ocrx_word' id='word_1_650' title='bbox 1735 4036 1905 4090; x_wconf 88' lang='lat' dir='ltr'><strong>imber</strong></span> 
     </span>
    </p>
   </div>
   <div class='ocr_carea' id='block_1_63' title="bbox 312 4126 1905 4195">
    <p class='ocr_par' dir='ltr' id='par_1_63' title="bbox 312 4126 1905 4195">
     <span class='ocr_line' id='line_1_64' title="bbox 312 4126 1905 4195; baseline 0 -14"><span class='ocrx_word' id='word_1_651' title='bbox 312 4127 590 4181; x_wconf 77' lang='lat' dir='ltr'><strong>infuderit.</strong></span> <span class='ocrx_word' id='word_1_652' title='bbox 622 4127 714 4181; x_wconf 92' lang='lat' dir='ltr'><strong>Sic</strong></span> <span class='ocrx_word' id='word_1_653' title='bbox 753 4128 913 4195; x_wconf 84' lang='lat' dir='ltr'><strong>igitur</strong></span> <span class='ocrx_word' id='word_1_654' title='bbox 937 4136 1116 4182; x_wconf 89' lang='lat' dir='ltr'><strong>vestra</strong></span> <span class='ocrx_word' id='word_1_655' title='bbox 1164 4127 1380 4181; x_wconf 89' lang='lat' dir='ltr'><strong>dilectio</strong></span> <span class='ocrx_word' id='word_1_656' title='bbox 1420 4126 1673 4180; x_wconf 89' lang='lat' dir='ltr'><strong>inundata</strong></span> <span class='ocrx_word' id='word_1_657' title='bbox 1715 4126 1770 4179; x_wconf 91' lang='lat' dir='ltr'><strong>S.</strong></span> <span class='ocrx_word' id='word_1_658' title='bbox 1822 4143 1905 4181; x_wconf 88' lang='lat' dir='ltr'><strong>sa-</strong></span> 
     </span>
    </p>
   </div>
   <div class='ocr_carea' id='block_1_64' title="bbox 305 4216 1899 4286">
    <p class='ocr_par' dir='ltr' id='par_1_64' title="bbox 305 4216 1899 4286">
     <span class='ocr_line' id='line_1_65' title="bbox 305 4216 1899 4286; baseline 0 -15"><span class='ocrx_word' id='word_1_659' title='bbox 305 4233 395 4271; x_wconf 81' lang='lat' dir='ltr'><strong>cei</strong></span> <span class='ocrx_word' id='word_1_660' title='bbox 410 4216 556 4271; x_wconf 91' lang='lat' dir='ltr'><strong>dotis</strong></span> <span class='ocrx_word' id='word_1_661' title='bbox 582 4218 816 4285; x_wconf 89' lang='lat' dir='ltr'><strong>eloquio,</strong></span> <span class='ocrx_word' id='word_1_662' title='bbox 849 4217 1110 4271; x_wconf 88' lang='lat' dir='ltr'><strong>sermonis</strong></span> <span class='ocrx_word' id='word_1_663' title='bbox 1140 4216 1248 4272; x_wconf 86' lang='lat' dir='ltr'><strong>mei</strong></span> <span class='ocrx_word' id='word_1_664' title='bbox 1285 4233 1393 4270; x_wconf 92' lang='lat' dir='ltr'><strong>non</strong></span> <span class='ocrx_word' id='word_1_665' title='bbox 1425 4219 1658 4286; x_wconf 91' lang='lat' dir='ltr'><strong>patietur</strong></span> <span class='ocrx_word' id='word_1_666' title='bbox 1686 4218 1789 4271; x_wconf 88' lang='lat' dir='ltr'><strong>vile</strong></span> <span class='ocrx_word' id='word_1_667' title='bbox 1818 4217 1899 4271; x_wconf 87' lang='lat' dir='ltr'><strong>la-</strong></span> 
     </span>
    </p>
   </div>
   <div class='ocr_carea' id='block_1_65' title="bbox 310 4310 1900 4380">
    <p class='ocr_par' dir='ltr' id='par_1_65' title="bbox 310 4310 1900 4380">
     <span class='ocr_line' id='line_1_66' title="bbox 310 4310 1900 4380; baseline -0.001 -14"><span class='ocrx_word' id='word_1_668' title='bbox 310 4312 553 4367; x_wconf 83' lang='lat' dir='ltr'><strong>stidium.</strong></span> <span class='ocrx_word' id='word_1_669' title='bbox 574 4311 826 4377; x_wconf 84' lang='lat' dir='ltr'><strong>Quamvis</strong></span> <span class='ocrx_word' id='word_1_670' title='bbox 846 4311 988 4365; x_wconf 90' lang='lat' dir='ltr'><strong>enim</strong></span> <span class='ocrx_word' id='word_1_671' title='bbox 1017 4310 1227 4375; x_wconf 91' lang='lat' dir='ltr'><strong>doctus,</strong></span> <span class='ocrx_word' id='word_1_672' title='bbox 1252 4311 1497 4380; x_wconf 75' lang='lat' dir='ltr'><strong>quamvis</strong></span> <span class='ocrx_word' id='word_1_673' title='bbox 1524 4312 1755 4365; x_wconf 82' lang='lat' dir='ltr'><strong>disertus</strong></span> <span class='ocrx_word' id='word_1_674' title='bbox 1775 4326 1900 4366; x_wconf 89' lang='lat' dir='ltr'><strong>ora-</strong></span> 
     </span>
    </p>
   </div>
   <div class='ocr_carea' id='block_1_66' title="bbox 304 4402 1899 4472">
    <p class='ocr_par' dir='ltr' id='par_1_66' title="bbox 304 4402 1899 4472">
     <span class='ocr_line' id='line_1_67' title="bbox 304 4402 1899 4472; baseline 0.002 -18"><span class='ocrx_word' id='word_1_675' title='bbox 304 4411 421 4465; x_wconf 70' lang='lat' dir='ltr'><strong>tor,</strong></span> <span class='ocrx_word' id='word_1_676' title='bbox 472 4402 699 4472; x_wconf 82' lang='lat' dir='ltr'><strong>elinguis</strong></span> <span class='ocrx_word' id='word_1_677' title='bbox 745 4402 1042 4467; x_wconf 85' lang='lat' dir='ltr'><strong>videbitur,</strong></span> <span class='ocrx_word' id='word_1_678' title='bbox 1086 4402 1131 4457; x_wconf 91' lang='lat' dir='ltr'><strong>si</strong></span> <span class='ocrx_word' id='word_1_679' title='bbox 1178 4402 1403 4471; x_wconf 85' lang='lat' dir='ltr'><strong>coeperit</strong></span> <span class='ocrx_word' id='word_1_680' title='bbox 1448 4402 1593 4472; x_wconf 87' lang='lat' dir='ltr'><strong>loqui</strong></span> <span class='ocrx_word' id='word_1_681' title='bbox 1634 4410 1899 4472; x_wconf 63' lang='lat' dir='ltr'><strong>prasente</strong></span> 
     </span>
    </p>
   </div>
   <div class='ocr_carea' id='block_1_67' title="bbox 314 4492 1896 4549">
    <p class='ocr_par' dir='ltr' id='par_1_67' title="bbox 314 4492 1896 4549">
     <span class='ocr_line' id='line_1_68' title="bbox 314 4492 1896 4549; baseline 0 -1"><span class='ocrx_word' id='word_1_682' title='bbox 314 4494 562 4549; x_wconf 90' lang='lat' dir='ltr'><strong>meliore.</strong></span> <span class='ocrx_word' id='word_1_683' title='bbox 590 4492 698 4547; x_wconf 91' lang='lat' dir='ltr'><strong>Sed</strong></span> <span class='ocrx_word' id='word_1_684' title='bbox 729 4501 907 4546; x_wconf 87' lang='lat' dir='ltr'><strong>tamen</strong></span> <span class='ocrx_word' id='word_1_685' title='bbox 934 4492 1098 4547; x_wconf 89' lang='lat' dir='ltr'><strong>habet</strong></span> <span class='ocrx_word' id='word_1_686' title='bbox 1141 4493 1393 4547; x_wconf 91' lang='lat' dir='ltr'><strong>solatium</strong></span> <span class='ocrx_word' id='word_1_687' title='bbox 1437 4508 1592 4547; x_wconf 92' lang='lat' dir='ltr'><strong>suum</strong></span> <span class='ocrx_word' id='word_1_688' title='bbox 1632 4494 1733 4549; x_wconf 88' lang='lat' dir='ltr'><strong>ista</strong></span> <span class='ocrx_word' id='word_1_689' title='bbox 1764 4510 1896 4549; x_wconf 90' lang='lat' dir='ltr'><strong>con-</strong></span> 
     </span>
    </p>
   </div>
   <div class='ocr_carea' id='block_1_68' title="bbox 316 4583 1897 4653">
    <p class='ocr_par' dir='ltr' id='par_1_68' title="bbox 316 4583 1897 4653">
     <span class='ocr_line' id='line_1_69' title="bbox 316 4583 1897 4653; baseline -0.001 -14"><span class='ocrx_word' id='word_1_690' title='bbox 316 4586 478 4640; x_wconf 62' lang='lat' dir='ltr'><strong>fusio.</strong></span> <span class='ocrx_word' id='word_1_691' title='bbox 524 4585 663 4639; x_wconf 77' lang='lat' dir='ltr'><strong>Nihil</strong></span> <span class='ocrx_word' id='word_1_692' title='bbox 710 4586 855 4639; x_wconf 91' lang='lat' dir='ltr'><strong>enim</strong></span> <span class='ocrx_word' id='word_1_693' title='bbox 881 4583 1093 4639; x_wconf 90' lang='lat' dir='ltr'><strong>ruboris</strong></span> <span class='ocrx_word' id='word_1_694' title='bbox 1140 4592 1222 4639; x_wconf 89' lang='lat' dir='ltr'><strong>est</strong></span> <span class='ocrx_word' id='word_1_695' title='bbox 1264 4584 1664 4653; x_wconf 86' lang='lat' dir='ltr'><strong>comparatione</strong></span> <span class='ocrx_word' id='word_1_696' title='bbox 1702 4585 1897 4638; x_wconf 88' lang='lat' dir='ltr'><strong>summi</strong></span> 
     </span>
    </p>
   </div>
   <div class='ocr_carea' id='block_1_69' title="bbox 314 4676 1897 4748">
    <p class='ocr_par' dir='ltr' id='par_1_69' title="bbox 314 4676 1897 4748">
     <span class='ocr_line' id='line_1_70' title="bbox 314 4676 1897 4748; baseline -0.001 -14"><span class='ocrx_word' id='word_1_697' title='bbox 314 4677 611 4734; x_wconf 83' lang='lat' dir='ltr'><strong>sacerdotis</strong></span> <span class='ocrx_word' id='word_1_698' title='bbox 638 4678 923 4748; x_wconf 87' lang='lat' dir='ltr'><strong>displicere</strong></span> <span class='ocrx_word' id='word_1_699' title='bbox 950 4677 1226 4731; x_wconf 89' lang='lat' dir='ltr'><strong>minimum</strong></span> <span class='ocrx_word' id='word_1_700' title='bbox 1250 4676 1584 4732; x_wconf 89' lang='lat' dir='ltr'><strong>sacerdotem</strong></span> <span class='ocrx_word' id='word_1_701' title='bbox 1620 4695 1632 4729; x_wconf 92' lang='lat'><strong>:</strong></span> <span class='ocrx_word' id='word_1_702' title='bbox 1667 4694 1897 4747; x_wconf 81' lang='lat' dir='ltr'><strong>pneser-</strong></span> 
     </span>
    </p>
   </div>
   <div class='ocr_carea' id='block_1_70' title="bbox 392 4806 1893 4864">
    <p class='ocr_par' dir='ltr' id='par_1_70' title="bbox 392 4806 1893 4864">
     <span class='ocr_line' id='line_1_71' title="bbox 392 4806 1893 4864; baseline -0.001 -1"><span class='ocrx_word' id='word_1_703' title='bbox 392 4820 419 4847; x_wconf 77' lang='grc'><strong><em>⁸</em></strong></span> <span class='ocrx_word' id='word_1_704' title='bbox 460 4810 502 4863; x_wconf 75' lang='grc' dir='ltr'>Α</span> <span class='ocrx_word' id='word_1_705' title='bbox 532 4809 650 4863; x_wconf 87' lang='lat' dir='ltr'><strong>cod.</strong></span> <span class='ocrx_word' id='word_1_706' title='bbox 678 4809 732 4863; x_wconf 91' lang='lat' dir='ltr'><strong>S.</strong></span> <span class='ocrx_word' id='word_1_707' title='bbox 761 4808 947 4862; x_wconf 88' lang='lat' dir='ltr'><strong>Crucis</strong></span> <span class='ocrx_word' id='word_1_708' title='bbox 984 4809 1033 4861; x_wconf 93' lang='lat' dir='ltr'><strong>in</strong></span> <span class='ocrx_word' id='word_1_709' title='bbox 1072 4806 1182 4861; x_wconf 83' lang='lat' dir='ltr'><strong>Jer.</strong></span> <span class='ocrx_word' id='word_1_710' title='bbox 1210 4806 1530 4861; x_wconf 89' lang='lat' dir='ltr'><strong>emendatur</strong></span> <span class='ocrx_word' id='word_1_711' title='bbox 1559 4817 1739 4864; x_wconf 85' lang='lat' dir='ltr'><strong>textus</strong></span> <span class='ocrx_word' id='word_1_712' title='bbox 1767 4808 1893 4862; x_wconf 84' lang='lat' dir='ltr'><strong>Gal—</strong></span> 
     </span>
    </p>
   </div>
   <div class='ocr_carea' id='block_1_71' title="bbox 316 4878 1899 4949">
    <p class='ocr_par' dir='ltr' id='par_1_71' title="bbox 316 4878 1899 4949">
     <span class='ocr_line' id='line_1_72' title="bbox 316 4878 1899 4949; baseline -0.001 -14"><span class='ocrx_word' id='word_1_713' title='bbox 316 4883 405 4935; x_wconf 84' lang='lat' dir='ltr'><strong>Ian</strong></span> <span class='ocrx_word' id='word_1_714' title='bbox 427 4881 502 4944; x_wconf 88' lang='lat' dir='ltr'><strong>lii,</strong></span> <span class='ocrx_word' id='word_1_715' title='bbox 531 4882 621 4949; x_wconf 91' lang='lat' dir='ltr'><strong>qui</strong></span> <span class='ocrx_word' id='word_1_716' title='bbox 652 4880 814 4933; x_wconf 82' lang='lat' dir='ltr'><strong>habet</strong></span> <span class='ocrx_word' id='word_1_717' title='bbox 844 4878 1023 4931; x_wconf 86' lang='lat' dir='ltr'><strong>Patris</strong></span> <span class='ocrx_word' id='word_1_718' title='bbox 1052 4879 1250 4941; x_wconf 83' lang='lat' dir='ltr'><strong>nostri;</strong></span> <span class='ocrx_word' id='word_1_719' title='bbox 1300 4894 1422 4949; x_wconf 85' lang='lat' dir='ltr'><strong>eum</strong></span> <span class='ocrx_word' id='word_1_720' title='bbox 1465 4880 1609 4932; x_wconf 83' lang='lat' dir='ltr'><strong>enim</strong></span> <span class='ocrx_word' id='word_1_721' title='bbox 1655 4879 1771 4933; x_wconf 66' lang='lat' dir='ltr'><strong>haec</strong></span> <span class='ocrx_word' id='word_1_722' title='bbox 1800 4879 1899 4933; x_wconf 92' lang='lat' dir='ltr'><strong>ho-</strong></span> 
     </span>
    </p>
   </div>
   <div class='ocr_carea' id='block_1_72' title="bbox 317 4948 1897 5019">
    <p class='ocr_par' dir='ltr' id='par_1_72' title="bbox 317 4948 1897 5019">
     <span class='ocr_line' id='line_1_73' title="bbox 317 4948 1897 5019; baseline -0.001 -14"><span class='ocrx_word' id='word_1_723' title='bbox 317 4952 466 5005; x_wconf 90' lang='lat' dir='ltr'><strong>milia</strong></span> <span class='ocrx_word' id='word_1_724' title='bbox 495 4948 675 5003; x_wconf 77' lang='lat' dir='ltr'><strong>habita</strong></span> <span class='ocrx_word' id='word_1_725' title='bbox 703 4951 774 5005; x_wconf 87' lang='lat' dir='ltr'><strong>sit</strong></span> <span class='ocrx_word' id='word_1_726' title='bbox 803 4951 855 5003; x_wconf 92' lang='lat' dir='ltr'><strong>in</strong></span> <span class='ocrx_word' id='word_1_727' title='bbox 887 4951 1115 5004; x_wconf 75' lang='lat' dir='ltr'><strong>etmcilio</strong></span> <span class='ocrx_word' id='word_1_728' title='bbox 1155 4948 1536 5019; x_wconf 80' lang='lat' dir='ltr'><strong>Mediolanensi</strong></span> <span class='ocrx_word' id='word_1_729' title='bbox 1575 4949 1641 5002; x_wconf 90' lang='lat' dir='ltr'><strong>ad</strong></span> <span class='ocrx_word' id='word_1_730' title='bbox 1682 4950 1897 5019; x_wconf 87' lang='lat' dir='ltr'><strong>episeo-</strong></span> 
     </span>
    </p>
   </div>
   <div class='ocr_carea' id='block_1_73' title="bbox 317 5018 1897 5092">
    <p class='ocr_par' dir='ltr' id='par_1_73' title="bbox 317 5018 1897 5092">
     <span class='ocr_line' id='line_1_74' title="bbox 317 5018 1897 5092; baseline -0.003 -16"><span class='ocrx_word' id='word_1_731' title='bbox 317 5038 436 5092; x_wconf 91' lang='lat' dir='ltr'><strong>pos,</strong></span> <span class='ocrx_word' id='word_1_732' title='bbox 465 5020 643 5075; x_wconf 86' lang='lat' dir='ltr'><strong>fratris</strong></span> <span class='ocrx_word' id='word_1_733' title='bbox 679 5021 892 5075; x_wconf 88' lang='lat' dir='ltr'><strong>nomine</strong></span> <span class='ocrx_word' id='word_1_734' title='bbox 922 5021 1234 5089; x_wconf 86' lang='lat' dir='ltr'><strong>episeopum</strong></span> <span class='ocrx_word' id='word_1_735' title='bbox 1280 5018 1539 5088; x_wconf 86' lang='lat' dir='ltr'><strong>appellari</strong></span> <span class='ocrx_word' id='word_1_736' title='bbox 1587 5018 1897 5090; x_wconf 79' lang='lat' dir='ltr'><strong>oportebat,</strong></span> 
     </span>
    </p>
   </div>
   <div class='ocr_carea' id='block_1_74' title="bbox 318 5092 1141 5177">
    <p class='ocr_par' dir='ltr' id='par_1_74' title="bbox 318 5092 1141 5177">
     <span class='ocr_line' id='line_1_75' title="bbox 318 5092 1141 5177; baseline -0.005 -31"><span class='ocrx_word' id='word_1_737' title='bbox 318 5103 377 5147; x_wconf 91' lang='lat' dir='ltr'><strong>ut</strong></span> <span class='ocrx_word' id='word_1_738' title='bbox 391 5092 797 5177; x_wconf 44' lang='lat' dir='ltr'><strong>Liulprmfa‘tique</strong></span> <span class='ocrx_word' id='word_1_739' title='bbox 822 5096 1141 5177; x_wconf 73' lang='lat' dir='ltr'><strong>inonuiipus.</strong></span> 
     </span>
    </p>
   </div>
   <div class='ocr_carea' id='block_1_75' title="bbox 390 5158 1899 5215">
    <p class='ocr_par' dir='ltr' id='par_1_75' title="bbox 390 5158 1899 5215">
     <span class='ocr_line' id='line_1_76' title="bbox 390 5158 1899 5215; baseline -0.002 0"><span class='ocrx_word' id='word_1_740' title='bbox 390 5162 417 5199; x_wconf 67' lang='grc' dir='ltr'><strong>ι)</strong></span> <span class='ocrx_word' id='word_1_741' title='bbox 455 5158 588 5215; x_wconf 91' lang='lat' dir='ltr'><strong>Cod.</strong></span> <span class='ocrx_word' id='word_1_742' title='bbox 622 5161 679 5215; x_wconf 90' lang='lat' dir='ltr'><strong>S.</strong></span> <span class='ocrx_word' id='word_1_743' title='bbox 711 5161 897 5215; x_wconf 89' lang='lat' dir='ltr'><strong>Crucis</strong></span> <span class='ocrx_word' id='word_1_744' title='bbox 924 5160 975 5213; x_wconf 93' lang='lat' dir='ltr'><strong>in</strong></span> <span class='ocrx_word' id='word_1_745' title='bbox 1013 5158 1121 5213; x_wconf 80' lang='lat' dir='ltr'><strong>Jer.</strong></span> <span class='ocrx_word' id='word_1_746' title='bbox 1153 5160 1251 5215; x_wconf 86' lang='lat' dir='ltr'><strong>Hie</strong></span> <span class='ocrx_word' id='word_1_747' title='bbox 1296 5160 1458 5213; x_wconf 89' lang='lat' dir='ltr'><strong>etiam</strong></span> <span class='ocrx_word' id='word_1_748' title='bbox 1490 5160 1692 5214; x_wconf 87' lang='lat' dir='ltr'><strong>rectior</strong></span> <span class='ocrx_word' id='word_1_749' title='bbox 1719 5159 1899 5214; x_wconf 87' lang='lat' dir='ltr'><strong>reddi-</strong></span> 
     </span>
    </p>
   </div>
   <div class='ocr_carea' id='block_1_76' title="bbox 2004 3853 3591 3926">
    <p class='ocr_par' dir='ltr' id='par_1_76' title="bbox 2004 3853 3591 3926">
     <span class='ocr_line' id='line_1_77' title="bbox 2004 3853 3591 3926; baseline -0.001 -17"><span class='ocrx_word' id='word_1_750' title='bbox 2004 3858 2286 3925; x_wconf 90' lang='lat' dir='ltr'><strong>quisquam</strong></span> <span class='ocrx_word' id='word_1_751' title='bbox 2316 3857 2525 3926; x_wconf 91' lang='lat' dir='ltr'><strong>positus</strong></span> <span class='ocrx_word' id='word_1_752' title='bbox 2576 3854 2595 3894; x_wconf 69' lang='grc' dir='ltr'><em>τ</em></span> <span class='ocrx_word' id='word_1_753' title='bbox 2647 3864 2783 3911; x_wconf 88' lang='lat' dir='ltr'><strong>erat.</strong></span> <span class='ocrx_word' id='word_1_754' title='bbox 2836 3854 3059 3910; x_wconf 86' lang='lat' dir='ltr'><strong>Beatum</strong></span> <span class='ocrx_word' id='word_1_755' title='bbox 3102 3870 3231 3924; x_wconf 73' lang='lat' dir='ltr'><strong>ergo</strong></span> <span class='ocrx_word' id='word_1_756' title='bbox 3261 3870 3459 3923; x_wconf 89' lang='lat' dir='ltr'><strong>corpus</strong></span> <span class='ocrx_word' id='word_1_757' title='bbox 3486 3853 3591 3907; x_wconf 86' lang='lat' dir='ltr'><strong>Do-</strong></span> 
     </span>
    </p>
   </div>
   <div class='ocr_carea' id='block_1_77' title="bbox 2004 3946 3590 4018">
    <p class='ocr_par' dir='ltr' id='par_1_77' title="bbox 2004 3946 3590 4018">
     <span class='ocr_line' id='line_1_78' title="bbox 2004 3946 3590 4018; baseline -0.002 -16"><span class='ocrx_word' id='word_1_758' title='bbox 2004 3948 2135 4002; x_wconf 91' lang='lat' dir='ltr'><strong>mini</strong></span> <span class='ocrx_word' id='word_1_759' title='bbox 2166 3948 2388 4011; x_wconf 88' lang='lat' dir='ltr'><strong>Christi,</strong></span> <span class='ocrx_word' id='word_1_760' title='bbox 2435 3948 2579 4018; x_wconf 87' lang='lat' dir='ltr'><strong>quod</strong></span> <span class='ocrx_word' id='word_1_761' title='bbox 2609 3964 2730 4003; x_wconf 92' lang='lat' dir='ltr'><strong>eum</strong></span> <span class='ocrx_word' id='word_1_762' title='bbox 2762 3948 3021 4013; x_wconf 86' lang='lat' dir='ltr'><strong>nascitur,</strong></span> <span class='ocrx_word' id='word_1_763' title='bbox 3056 3954 3216 4001; x_wconf 86' lang='lat' dir='ltr'><strong>utero</strong></span> <span class='ocrx_word' id='word_1_764' title='bbox 3240 3946 3461 4015; x_wconf 79' lang='lat' dir='ltr'><strong>virginis</strong></span> <span class='ocrx_word' id='word_1_765' title='bbox 3506 3946 3590 4015; x_wconf 90' lang='lat' dir='ltr'><strong>gi-</strong></span> 
     </span>
    </p>
   </div>
   <div class='ocr_carea' id='block_1_78' title="bbox 2004 4036 3586 4111">
    <p class='ocr_par' dir='ltr' id='par_1_78' title="bbox 2004 4036 3586 4111">
     <span class='ocr_line' id='line_1_79' title="bbox 2004 4036 3586 4111; baseline -0.003 -17"><span class='ocrx_word' id='word_1_766' title='bbox 2004 4043 2220 4111; x_wconf 90' lang='lat' dir='ltr'><strong>gnitur:</strong></span> <span class='ocrx_word' id='word_1_767' title='bbox 2254 4051 2279 4089; x_wconf 73' lang='grc' dir='ltr'><strong>κ</strong></span> <span class='ocrx_word' id='word_1_768' title='bbox 2310 4058 2431 4097; x_wconf 90' lang='lat' dir='ltr'><strong>cum</strong></span> <span class='ocrx_word' id='word_1_769' title='bbox 2460 4042 2698 4105; x_wconf 88' lang='lat' dir='ltr'><strong>recedit,</strong></span> <span class='ocrx_word' id='word_1_770' title='bbox 2737 4040 2867 4108; x_wconf 90' lang='lat' dir='ltr'><strong>justi</strong></span> <span class='ocrx_word' id='word_1_771' title='bbox 2916 4039 3120 4093; x_wconf 90' lang='lat' dir='ltr'><strong>tumulo</strong></span> <span class='ocrx_word' id='word_1_772' title='bbox 3162 4036 3586 4093; x_wconf 87' lang='lat' dir='ltr'><strong>commendatur.</strong></span> 
     </span>
    </p>
   </div>
   <div class='ocr_carea' id='block_1_79' title="bbox 2004 4127 3594 4203">
    <p class='ocr_par' dir='ltr' id='par_1_79' title="bbox 2004 4127 3594 4203">
     <span class='ocr_line' id='line_1_80' title="bbox 2004 4127 3594 4203; baseline -0.003 -18"><span class='ocrx_word' id='word_1_773' title='bbox 2004 4132 2228 4187; x_wconf 89' lang='lat' dir='ltr'><strong>Beatum</strong></span> <span class='ocrx_word' id='word_1_774' title='bbox 2267 4133 2428 4203; x_wconf 90' lang='lat' dir='ltr'><strong>plane</strong></span> <span class='ocrx_word' id='word_1_775' title='bbox 2455 4148 2670 4201; x_wconf 88' lang='lat' dir='ltr'><strong>corpus,</strong></span> <span class='ocrx_word' id='word_1_776' title='bbox 2702 4130 2845 4199; x_wconf 92' lang='lat' dir='ltr'><strong>quod</strong></span> <span class='ocrx_word' id='word_1_777' title='bbox 2874 4130 3155 4199; x_wconf 85' lang='lat' dir='ltr'><strong>virginitas</strong></span> <span class='ocrx_word' id='word_1_778' title='bbox 3204 4127 3229 4164; x_wconf 74' lang='grc' dir='ltr'><strong>ιι</strong></span> <span class='ocrx_word' id='word_1_779' title='bbox 3279 4128 3503 4197; x_wconf 84' lang='lat' dir='ltr'><strong>peperit,</strong></span> <span class='ocrx_word' id='word_1_780' title='bbox 3538 4134 3594 4181; x_wconf 91' lang='lat' dir='ltr'><strong>ct</strong></span> 
     </span>
    </p>
   </div>
   <div class='ocr_carea' id='block_1_80' title="bbox 1997 4216 3589 4291">
    <p class='ocr_par' dir='ltr' id='par_1_80' title="bbox 1997 4216 3589 4291">
     <span class='ocr_line' id='line_1_81' title="bbox 1997 4216 3589 4291; baseline -0.004 -14"><span class='ocrx_word' id='word_1_781' title='bbox 1997 4222 2205 4291; x_wconf 89' lang='lat' dir='ltr'><strong>justitia</strong></span> <span class='ocrx_word' id='word_1_782' title='bbox 2235 4222 2541 4279; x_wconf 87' lang='lat' dir='ltr'><strong>custodivit.</strong></span> <span class='ocrx_word' id='word_1_783' title='bbox 2574 4220 2591 4259; x_wconf 80' lang='grc' dir='ltr'><strong>ί</strong></span> <span class='ocrx_word' id='word_1_784' title='bbox 2625 4219 2928 4275; x_wconf 84' lang='lat' dir='ltr'><strong>Custodivit</strong></span> <span class='ocrx_word' id='word_1_785' title='bbox 2952 4219 3079 4272; x_wconf 89' lang='lat' dir='ltr'><strong>illud</strong></span> <span class='ocrx_word' id='word_1_786' title='bbox 3108 4216 3311 4286; x_wconf 67' lang='lat' dir='ltr'><strong>Ioseph</strong></span> <span class='ocrx_word' id='word_1_787' title='bbox 3350 4218 3589 4271; x_wconf 85' lang='lat' dir='ltr'><strong>tumulus</strong></span> 
     </span>
    </p>
   </div>
   <div class='ocr_carea' id='block_1_81' title="bbox 2004 4307 3582 4382">
    <p class='ocr_par' dir='ltr' id='par_1_81' title="bbox 2004 4307 3582 4382">
     <span class='ocr_line' id='line_1_82' title="bbox 2004 4307 3582 4382; baseline -0.005 -17"><span class='ocrx_word' id='word_1_788' title='bbox 2004 4314 2394 4382; x_wconf 88' lang='lat' dir='ltr'><strong>incorruptum,</strong></span> <span class='ocrx_word' id='word_1_789' title='bbox 2425 4312 2565 4367; x_wconf 89' lang='lat' dir='ltr'><strong>sicut</strong></span> <span class='ocrx_word' id='word_1_790' title='bbox 2601 4310 2836 4365; x_wconf 88' lang='lat' dir='ltr'><strong>servavit</strong></span> <span class='ocrx_word' id='word_1_791' title='bbox 2865 4308 2993 4362; x_wconf 92' lang='lat' dir='ltr'><strong>illud</strong></span> <span class='ocrx_word' id='word_1_792' title='bbox 3040 4307 3218 4360; x_wconf 82' lang='lat' dir='ltr'><strong>Maria:</strong></span> <span class='ocrx_word' id='word_1_793' title='bbox 3268 4322 3449 4360; x_wconf 65' lang='lat' dir='ltr'><strong>uterus</strong></span> <span class='ocrx_word' id='word_1_794' title='bbox 3477 4307 3582 4358; x_wconf 90' lang='lat' dir='ltr'><strong>illi-</strong></span> 
     </span>
    </p>
   </div>
   <div class='ocr_carea' id='block_1_82' title="bbox 2002 4396 3585 4471">
    <p class='ocr_par' dir='ltr' id='par_1_82' title="bbox 2002 4396 3585 4471">
     <span class='ocr_line' id='line_1_83' title="bbox 2002 4396 3585 4471; baseline -0.008 -10"><span class='ocrx_word' id='word_1_795' title='bbox 2002 4407 2206 4461; x_wconf 90' lang='lat' dir='ltr'><strong>batum.</strong></span> <span class='ocrx_word' id='word_1_796' title='bbox 2236 4404 2333 4460; x_wconf 81' lang='lat' dir='ltr'><strong>Hie</strong></span> <span class='ocrx_word' id='word_1_797' title='bbox 2360 4405 2503 4458; x_wconf 91' lang='lat' dir='ltr'><strong>enim</strong></span> <span class='ocrx_word' id='word_1_798' title='bbox 2536 4406 2549 4454; x_wconf 88' lang='lat' dir='ltr'><strong>l</strong></span> <span class='ocrx_word' id='word_1_799' title='bbox 2589 4403 2689 4458; x_wconf 87' lang='lat' dir='ltr'><strong>viri</strong></span> <span class='ocrx_word' id='word_1_800' title='bbox 2734 4401 3031 4471; x_wconf 89' lang='lat' dir='ltr'><strong>pollutione</strong></span> <span class='ocrx_word' id='word_1_801' title='bbox 3069 4414 3176 4451; x_wconf 91' lang='lat' dir='ltr'><strong>non</strong></span> <span class='ocrx_word' id='word_1_802' title='bbox 3214 4397 3467 4464; x_wconf 83' lang='lat' dir='ltr'><strong>tangitur,</strong></span> <span class='ocrx_word' id='word_1_803' title='bbox 3512 4396 3585 4449; x_wconf 89' lang='lat' dir='ltr'><strong>ibi</strong></span> 
     </span>
    </p>
   </div>
   <div class='ocr_carea' id='block_1_83' title="bbox 2006 4488 3584 4567">
    <p class='ocr_par' dir='ltr' id='par_1_83' title="bbox 2006 4488 3584 4567">
     <span class='ocr_line' id='line_1_84' title="bbox 2006 4488 3584 4567; baseline -0.008 -16"><span class='ocrx_word' id='word_1_804' title='bbox 2006 4498 2195 4553; x_wconf 91' lang='lat' dir='ltr'><strong>mortis</strong></span> <span class='ocrx_word' id='word_1_805' title='bbox 2216 4498 2561 4567; x_wconf 85' lang='lat' dir='ltr'><strong>corruptione</strong></span> <span class='ocrx_word' id='word_1_806' title='bbox 2590 4511 2697 4550; x_wconf 91' lang='lat' dir='ltr'><strong>non</strong></span> <span class='ocrx_word' id='word_1_807' title='bbox 2723 4493 2933 4548; x_wconf 53' lang='lat' dir='ltr'><strong>larditur</strong></span> <span class='ocrx_word' id='word_1_808' title='bbox 2958 4511 2970 4545; x_wconf 86' lang='lat'><strong>:</strong></span> <span class='ocrx_word' id='word_1_809' title='bbox 2998 4494 3019 4527; x_wconf 75' lang='grc' dir='ltr'>ιί</span> <span class='ocrx_word' id='word_1_810' title='bbox 3052 4506 3225 4545; x_wconf 87' lang='lat' dir='ltr'><strong>novus</strong></span> <span class='ocrx_word' id='word_1_811' title='bbox 3256 4488 3382 4541; x_wconf 89' lang='lat' dir='ltr'><strong>illud</strong></span> <span class='ocrx_word' id='word_1_812' title='bbox 3398 4496 3584 4541; x_wconf 86' lang='lat' dir='ltr'><strong>venter</strong></span> 
     </span>
    </p>
   </div>
   <div class='ocr_carea' id='block_1_84' title="bbox 2004 4578 3585 4658">
    <p class='ocr_par' dir='ltr' id='par_1_84' title="bbox 2004 4578 3585 4658">
     <span class='ocr_line' id='line_1_85' title="bbox 2004 4578 3585 4658; baseline -0.009 -15"><span class='ocrx_word' id='word_1_813' title='bbox 2004 4589 2272 4658; x_wconf 89' lang='lat' dir='ltr'><strong>concepit.</strong></span> <span class='ocrx_word' id='word_1_814' title='bbox 2313 4586 2328 4625; x_wconf 75' lang='grc' dir='ltr'>ι</span> <span class='ocrx_word' id='word_1_815' title='bbox 2377 4587 2653 4642; x_wconf 89' lang='lat' dir='ltr'><strong>Dominiea</strong></span> <span class='ocrx_word' id='word_1_816' title='bbox 2695 4602 2845 4656; x_wconf 83' lang='lat' dir='ltr'><strong>ergo,</strong></span> <span class='ocrx_word' id='word_1_817' title='bbox 2890 4592 2945 4638; x_wconf 88' lang='lat' dir='ltr'><strong>et</strong></span> <span class='ocrx_word' id='word_1_818' title='bbox 2970 4584 3119 4653; x_wconf 89' lang='lat' dir='ltr'><strong>virgo</strong></span> <span class='ocrx_word' id='word_1_819' title='bbox 3148 4580 3329 4646; x_wconf 85' lang='lat' dir='ltr'><strong>vulva,</strong></span> <span class='ocrx_word' id='word_1_820' title='bbox 3351 4587 3405 4632; x_wconf 90' lang='lat' dir='ltr'><strong>et</strong></span> <span class='ocrx_word' id='word_1_821' title='bbox 3434 4578 3585 4645; x_wconf 85' lang='lat' dir='ltr'><strong>virgo</strong></span> 
     </span>
    </p>
   </div>
   <div class='ocr_carea' id='block_1_85' title="bbox 2003 4670 3586 4750">
    <p class='ocr_par' dir='ltr' id='par_1_85' title="bbox 2003 4670 3586 4750">
     <span class='ocr_line' id='line_1_86' title="bbox 2003 4670 3586 4750; baseline -0.007 -16"><span class='ocrx_word' id='word_1_822' title='bbox 2003 4688 2087 4735; x_wconf 89' lang='lat' dir='ltr'><strong>est</strong></span> <span class='ocrx_word' id='word_1_823' title='bbox 2115 4681 2391 4750; x_wconf 87' lang='lat' dir='ltr'><strong>sepultura</strong></span> <span class='ocrx_word' id='word_1_824' title='bbox 2417 4698 2431 4746; x_wconf 92' lang='lat'><strong>;</strong></span> <span class='ocrx_word' id='word_1_825' title='bbox 2480 4681 2608 4749; x_wconf 91' lang='lat' dir='ltr'><strong>quin</strong></span> <span class='ocrx_word' id='word_1_826' title='bbox 2636 4679 2816 4749; x_wconf 78' lang='lat' dir='ltr'><strong>potius</strong></span> <span class='ocrx_word' id='word_1_827' title='bbox 2838 4679 3006 4749; x_wconf 89' lang='lat' dir='ltr'><strong>ipsam</strong></span> <span class='ocrx_word' id='word_1_828' title='bbox 3027 4675 3351 4746; x_wconf 83' lang='lat' dir='ltr'><strong>sepulturam</strong></span> <span class='ocrx_word' id='word_1_829' title='bbox 3373 4670 3586 4725; x_wconf 73' lang='lat' dir='ltr'><strong>vulvam</strong></span> 
     </span>
    </p>
   </div>
   <div class='ocr_carea' id='block_1_86' title="bbox 2082 4809 3479 4878">
    <p class='ocr_par' dir='ltr' id='par_1_86' title="bbox 2082 4809 3479 4878">
     <span class='ocr_line' id='line_1_87' title="bbox 2082 4809 3479 4878; baseline -0.004 -14"><span class='ocrx_word' id='word_1_830' title='bbox 2082 4811 2099 4847; x_wconf 71' lang='grc' dir='ltr'><em>τ</em></span> <span class='ocrx_word' id='word_1_831' title='bbox 2142 4809 2313 4864; x_wconf 90' lang='lat' dir='ltr'><strong>Codd.</strong></span> <span class='ocrx_word' id='word_1_832' title='bbox 2348 4810 2493 4871; x_wconf 79' lang='lat' dir='ltr'><strong>Vat.,</strong></span> <span class='ocrx_word' id='word_1_833' title='bbox 2517 4810 2698 4865; x_wconf 86' lang='lat' dir='ltr'><strong>Casin.</strong></span> <span class='ocrx_word' id='word_1_834' title='bbox 2726 4819 2781 4863; x_wconf 90' lang='lat' dir='ltr'><strong>et</strong></span> <span class='ocrx_word' id='word_1_835' title='bbox 2803 4809 3004 4871; x_wconf 86' lang='lat' dir='ltr'><strong>Later.,</strong></span> <span class='ocrx_word' id='word_1_836' title='bbox 3030 4810 3199 4878; x_wconf 77' lang='lat' dir='ltr'><strong>fuerat</strong></span> <span class='ocrx_word' id='word_1_837' title='bbox 3227 4820 3324 4875; x_wconf 88' lang='lat' dir='ltr'><strong>pro</strong></span> <span class='ocrx_word' id='word_1_838' title='bbox 3348 4815 3479 4862; x_wconf 87' lang='lat' dir='ltr'><strong>erat.</strong></span> 
     </span>
    </p>
   </div>
   <div class='ocr_carea' id='block_1_87' title="bbox 2076 4880 3523 4951">
    <p class='ocr_par' dir='ltr' id='par_1_87' title="bbox 2076 4880 3523 4951">
     <span class='ocr_line' id='line_1_88' title="bbox 2076 4880 3523 4951; baseline 0.009 -20"><span class='ocrx_word' id='word_1_839' title='bbox 2076 4889 2103 4951; x_wconf 60' lang='grc' dir='ltr'>β</span> <span class='ocrx_word' id='word_1_840' title='bbox 2142 4880 2277 4951; x_wconf 70' lang='lat' dir='ltr'><strong>Cod.</strong></span> <span class='ocrx_word' id='word_1_841' title='bbox 2312 4880 2583 4942; x_wconf 69' lang='lat' dir='ltr'><strong>Laterum,</strong></span> <span class='ocrx_word' id='word_1_842' title='bbox 2611 4890 2659 4933; x_wconf 87' lang='lat' dir='ltr'><strong>et</strong></span> <span class='ocrx_word' id='word_1_843' title='bbox 2686 4898 2800 4951; x_wconf 71' lang='lat' dir='ltr'><strong>cum</strong></span> <span class='ocrx_word' id='word_1_844' title='bbox 2822 4880 3061 4951; x_wconf 67' lang='lat' dir='ltr'><strong>recedit-_</strong></span> <span class='ocrx_word' id='word_1_845' title='bbox 3181 4944 3221 4951; x_wconf 42' lang='grc' dir='ltr'><strong>ῃ</strong></span> <span class='ocrx_word' id='word_1_846' title='bbox 3410 4941 3441 4951; x_wconf 47' lang='grc' dir='ltr'><strong>Α</strong></span> <span class='ocrx_word' id='word_1_847' title='bbox 3510 4939 3523 4951; x_wconf 90' lang='grc'><strong>,</strong></span> 
     </span>
    </p>
   </div>
   <div class='ocr_carea' id='block_1_88' title="bbox 2076 4941 3586 5025">
    <p class='ocr_par' dir='ltr' id='par_1_88' title="bbox 2076 4941 3586 5025">
     <span class='ocr_line' id='line_1_89' title="bbox 2076 4941 3586 5025; baseline -0.006 -22"><span class='ocrx_word' id='word_1_848' title='bbox 2076 4948 2100 4986; x_wconf 78' lang='grc' dir='ltr'>ιι</span> <span class='ocrx_word' id='word_1_849' title='bbox 2143 4950 2220 5025; x_wconf 62' lang='lat' dir='ltr'><strong>Es</strong></span> <span class='ocrx_word' id='word_1_850' title='bbox 2259 4951 2447 5005; x_wconf 89' lang='lat' dir='ltr'><strong>iisdem</strong></span> <span class='ocrx_word' id='word_1_851' title='bbox 2470 4941 2636 5025; x_wconf 67' lang='lat' dir='ltr'><strong>codd.</strong></span> <span class='ocrx_word' id='word_1_852' title='bbox 2658 4952 2715 5005; x_wconf 87' lang='grc'><strong>8.</strong></span> <span class='ocrx_word' id='word_1_853' title='bbox 2743 4949 3012 5025; x_wconf 65' lang='lat' dir='ltr'><strong>Crucisin</strong></span> <span class='ocrx_word' id='word_1_854' title='bbox 3034 4944 3378 5025; x_wconf 39' lang='lat' dir='ltr'><strong>Je_r,,\f_at.._et</strong></span> <span class='ocrx_word' id='word_1_855' title='bbox 3403 4941 3586 5025; x_wconf 71' lang='lat' dir='ltr'><strong>Casia.</strong></span> 
     </span>
    </p>
   </div>
   <div class='ocr_carea' id='block_1_89' title="bbox 2003 5012 3593 5102">
    <p class='ocr_par' dir='ltr' id='par_1_89' title="bbox 2003 5012 3593 5102">
     <span class='ocr_line' id='line_1_90' title="bbox 2003 5012 3593 5102; baseline -0.008 -27"><span class='ocrx_word' id='word_1_856' title='bbox 2003 5021 2325 5102; x_wconf 79' lang='lat' dir='ltr'><strong>emendatur</strong></span> <span class='ocrx_word' id='word_1_857' title='bbox 2372 5036 2527 5101; x_wconf 76' lang='lat' dir='ltr'><strong>errpr</strong></span> <span class='ocrx_word' id='word_1_858' title='bbox 2554 5021 2684 5076; x_wconf 87' lang='lat' dir='ltr'><strong>edit.</strong></span> <span class='ocrx_word' id='word_1_859' title='bbox 2733 5019 2996 5073; x_wconf 84' lang='lat' dir='ltr'><strong>Gallandii</strong></span> <span class='ocrx_word' id='word_1_860' title='bbox 3062 5016 3151 5070; x_wconf 89' lang='lat' dir='ltr'><strong>ubi</strong></span> <span class='ocrx_word' id='word_1_861' title='bbox 3188 5014 3401 5081; x_wconf 87' lang='lat' dir='ltr'><strong>dicitur,</strong></span> <span class='ocrx_word' id='word_1_862' title='bbox 3456 5012 3593 5082; x_wconf 83' lang='lat' dir='ltr'><strong>quod</strong></span> 
     </span>
    </p>
   </div>
   <div class='ocr_carea' id='block_1_90' title="bbox 2003 5100 3591 5226">
    <p class='ocr_par' dir='ltr' id='par_1_90' title="bbox 2003 5100 3591 5226">
     <span class='ocr_line' id='line_1_91' title="bbox 2003 5100 3591 5226; baseline -0.005 -12"><span class='ocrx_word' id='word_1_863' title='bbox 2003 5100 2276 5215; x_wconf 38' lang='lat' dir='ltr'><strong>&quot;vigiliis.</strong></span> <span class='ocrx_word' id='word_1_864' title='bbox 2302 5100 2613 5224; x_wconf 48' lang='grc' dir='ltr'><strong>(ἴᾚῗνὲλὸἳ,</strong></span> <span class='ocrx_word' id='word_1_865' title='bbox 2637 5160 2773 5213; x_wconf 87' lang='lat' dir='ltr'><strong>enim</strong></span> <span class='ocrx_word' id='word_1_866' title='bbox 2803 5173 2900 5226; x_wconf 91' lang='lat' dir='ltr'><strong>pro</strong></span> <span class='ocrx_word' id='word_1_867' title='bbox 2923 5155 3088 5219; x_wconf 85' lang='lat' dir='ltr'><strong>illud;</strong></span> <span class='ocrx_word' id='word_1_868' title='bbox 3124 5154 3244 5210; x_wconf 90' lang='lat' dir='ltr'><strong>eod.</strong></span> <span class='ocrx_word' id='word_1_869' title='bbox 3272 5170 3403 5209; x_wconf 77' lang='lat' dir='ltr'><strong>vero</strong></span> <span class='ocrx_word' id='word_1_870' title='bbox 3427 5152 3591 5226; x_wconf 76' lang='lat' dir='ltr'><strong>Late-</strong></span> 
     </span>
    </p>
   </div>
   <div class='ocr_carea' id='block_1_91' title="bbox 316 5219 3586 5297">
    <p class='ocr_par' dir='ltr' id='par_1_91' title="bbox 316 5219 3586 5297">
     <span class='ocr_line' id='line_1_92' title="bbox 316 5219 3586 5297; baseline -0.004 -11"><span class='ocrx_word' id='word_1_871' title='bbox 316 5242 407 5286; x_wconf 71' lang='lat' dir='ltr'><strong>tur</strong></span> <span class='ocrx_word' id='word_1_872' title='bbox 430 5232 580 5288; x_wconf 85' lang='lat' dir='ltr'><strong>locus</strong></span> <span class='ocrx_word' id='word_1_873' title='bbox 618 5229 876 5285; x_wconf 86' lang='lat' dir='ltr'><strong>Gallaudii</strong></span> <span class='ocrx_word' id='word_1_874' title='bbox 911 5232 1001 5283; x_wconf 89' lang='lat' dir='ltr'><strong>ubi</strong></span> <span class='ocrx_word' id='word_1_875' title='bbox 1041 5232 1116 5283; x_wconf 88' lang='lat' dir='ltr'><strong>ait</strong></span> <span class='ocrx_word' id='word_1_876' title='bbox 1148 5249 1159 5283; x_wconf 93' lang='lat'><strong>:</strong></span> <span class='ocrx_word' id='word_1_877' title='bbox 1195 5230 1323 5294; x_wconf 84' lang='lat' dir='ltr'><strong>Quis</strong></span> <span class='ocrx_word' id='word_1_878' title='bbox 1358 5232 1497 5283; x_wconf 83' lang='lat' dir='ltr'><strong>enim</strong></span> <span class='ocrx_word' id='word_1_879' title='bbox 1535 5240 1805 5283; x_wconf 76' lang='lat' dir='ltr'><strong>contentus</strong></span> <span class='ocrx_word' id='word_1_880' title='bbox 1833 5232 1899 5284; x_wconf 82' lang='lat' dir='ltr'><strong>sit</strong></span> <span class='ocrx_word' id='word_1_881' title='bbox 1929 5219 1972 5281; x_wconf 90' lang='lat' dir='ltr'><strong>C</strong></span> <span class='ocrx_word' id='word_1_882' title='bbox 2006 5248 2148 5297; x_wconf 85' lang='lat' dir='ltr'><strong>ran.,</strong></span> <span class='ocrx_word' id='word_1_883' title='bbox 2180 5228 2462 5285; x_wconf 80' lang='lat' dir='ltr'><strong>Custodirit</strong></span> <span class='ocrx_word' id='word_1_884' title='bbox 2488 5219 2626 5284; x_wconf 75' lang='lat' dir='ltr'><strong>enim</strong></span> <span class='ocrx_word' id='word_1_885' title='bbox 2663 5219 2816 5293; x_wconf 55' lang='lat' dir='ltr'><strong>eum;</strong></span> <span class='ocrx_word' id='word_1_886' title='bbox 2839 5229 2970 5281; x_wconf 85' lang='lat' dir='ltr'><strong>sicut</strong></span> <span class='ocrx_word' id='word_1_887' title='bbox 3003 5228 3219 5280; x_wconf 78' lang='lat' dir='ltr'><strong>servavit</strong></span> <span class='ocrx_word' id='word_1_888' title='bbox 3262 5227 3439 5285; x_wconf 88' lang='lat' dir='ltr'><strong>illum;</strong></span> <span class='ocrx_word' id='word_1_889' title='bbox 3465 5222 3586 5297; x_wconf 74' lang='lat' dir='ltr'><strong>eod.</strong></span> 
     </span>
    </p>
   </div>
   <div class='ocr_carea' id='block_1_92' title="bbox 312 5299 1689 5371">
    <p class='ocr_par' dir='ltr' id='par_1_92' title="bbox 312 5299 1689 5371">
     <span class='ocr_line' id='line_1_93' title="bbox 312 5299 1689 5371; baseline -0.001 -18"><span class='ocrx_word' id='word_1_890' title='bbox 312 5304 488 5369; x_wconf 84' lang='lat' dir='ltr'><strong>poturi</strong></span> <span class='ocrx_word' id='word_1_891' title='bbox 521 5303 583 5355; x_wconf 86' lang='lat' dir='ltr'><strong>de</strong></span> <span class='ocrx_word' id='word_1_892' title='bbox 611 5301 772 5355; x_wconf 79' lang='lat' dir='ltr'><strong>rivulo</strong></span> <span class='ocrx_word' id='word_1_893' title='bbox 795 5318 907 5371; x_wconf 75' lang='lat' dir='ltr'><strong>cunt</strong></span> <span class='ocrx_word' id='word_1_894' title='bbox 928 5303 1087 5371; x_wconf 78' lang='lat' dir='ltr'><strong>possit</strong></span> <span class='ocrx_word' id='word_1_895' title='bbox 1116 5302 1324 5371; x_wconf 74' lang='lat' dir='ltr'><strong>haurire</strong></span> <span class='ocrx_word' id='word_1_896' title='bbox 1346 5301 1406 5354; x_wconf 86' lang='lat' dir='ltr'><strong>de</strong></span> <span class='ocrx_word' id='word_1_897' title='bbox 1428 5299 1689 5371; x_wconf 73' lang='lat' dir='ltr'><strong>fontibus?</strong></span> 
     </span>
    </p>
   </div>
   <div class='ocr_carea' id='block_1_93' title="bbox 395 5369 1895 5439">
    <p class='ocr_par' dir='ltr' id='par_1_93' title="bbox 395 5369 1895 5439">
     <span class='ocr_line' id='line_1_94' title="bbox 395 5369 1895 5439; baseline -0.002 -13"><span class='ocrx_word' id='word_1_898' title='bbox 395 5385 418 5413; x_wconf 76' lang='grc' dir='ltr'><strong>ε</strong></span> <span class='ocrx_word' id='word_1_899' title='bbox 458 5372 538 5427; x_wconf 76' lang='lat' dir='ltr'><strong>Ex</strong></span> <span class='ocrx_word' id='word_1_900' title='bbox 566 5373 689 5426; x_wconf 91' lang='lat' dir='ltr'><strong>eod.</strong></span> <span class='ocrx_word' id='word_1_901' title='bbox 721 5374 841 5424; x_wconf 88' lang='lat' dir='ltr'><strong>cod.</strong></span> <span class='ocrx_word' id='word_1_902' title='bbox 882 5370 938 5425; x_wconf 91' lang='lat' dir='ltr'><strong>S.</strong></span> <span class='ocrx_word' id='word_1_903' title='bbox 974 5370 1161 5426; x_wconf 87' lang='lat' dir='ltr'><strong>Crucis</strong></span> <span class='ocrx_word' id='word_1_904' title='bbox 1206 5372 1257 5425; x_wconf 90' lang='lat' dir='ltr'><strong>in</strong></span> <span class='ocrx_word' id='word_1_905' title='bbox 1293 5369 1403 5425; x_wconf 82' lang='lat' dir='ltr'><strong>Jer.</strong></span> <span class='ocrx_word' id='word_1_906' title='bbox 1429 5369 1785 5439; x_wconf 86' lang='lat' dir='ltr'><strong>imperfectus</strong></span> <span class='ocrx_word' id='word_1_907' title='bbox 1815 5370 1895 5423; x_wconf 87' lang='lat' dir='ltr'><strong>vi-</strong></span> 
     </span>
    </p>
   </div>
   <div class='ocr_carea' id='block_1_94' title="bbox 315 5440 1896 5510">
    <p class='ocr_par' dir='ltr' id='par_1_94' title="bbox 315 5440 1896 5510">
     <span class='ocr_line' id='line_1_95' title="bbox 315 5440 1896 5510; baseline -0.001 -15"><span class='ocrx_word' id='word_1_908' title='bbox 315 5441 479 5497; x_wconf 83' lang='lat' dir='ltr'><strong>detur</strong></span> <span class='ocrx_word' id='word_1_909' title='bbox 522 5442 784 5496; x_wconf 77' lang='lat' dir='ltr'><strong>Gallandii</strong></span> <span class='ocrx_word' id='word_1_910' title='bbox 834 5449 1031 5503; x_wconf 82' lang='lat' dir='ltr'><strong>textus,</strong></span> <span class='ocrx_word' id='word_1_911' title='bbox 1083 5443 1172 5495; x_wconf 86' lang='lat' dir='ltr'><strong>ubi</strong></span> <span class='ocrx_word' id='word_1_912' title='bbox 1216 5442 1409 5509; x_wconf 90' lang='lat' dir='ltr'><strong>legitur</strong></span> <span class='ocrx_word' id='word_1_913' title='bbox 1447 5459 1464 5495; x_wconf 90' lang='lat'><strong><em>:</em></strong></span> <span class='ocrx_word' id='word_1_914' title='bbox 1508 5440 1612 5493; x_wconf 88' lang='lat' dir='ltr'><strong>Cur</strong></span> <span class='ocrx_word' id='word_1_915' title='bbox 1635 5457 1757 5510; x_wconf 88' lang='lat' dir='ltr'><strong>ergo</strong></span> <span class='ocrx_word' id='word_1_916' title='bbox 1797 5457 1896 5503; x_wconf 89' lang='lat' dir='ltr'><strong>me,</strong></span> 
     </span>
    </p>
   </div>
   <div class='ocr_carea' id='block_1_95' title="bbox 312 5513 1906 5582">
    <p class='ocr_par' dir='ltr' id='par_1_95' title="bbox 312 5513 1906 5582">
     <span class='ocr_line' id='line_1_96' title="bbox 312 5513 1906 5582; baseline 0.001 -20"><span class='ocrx_word' id='word_1_917' title='bbox 312 5516 551 5580; x_wconf 81' lang='lat' dir='ltr'><strong>quamvis</strong></span> <span class='ocrx_word' id='word_1_918' title='bbox 571 5514 880 5581; x_wconf 76' lang='lat' dir='ltr'><strong>iMperitum,</strong></span> <span class='ocrx_word' id='word_1_919' title='bbox 933 5513 1162 5581; x_wconf 82' lang='lat' dir='ltr'><strong>quamvis</strong></span> <span class='ocrx_word' id='word_1_920' title='bbox 1202 5521 1545 5582; x_wconf 86' lang='lat' dir='ltr'><strong>peccatorem,</strong></span> <span class='ocrx_word' id='word_1_921' title='bbox 1594 5527 1699 5564; x_wconf 82' lang='lat' dir='ltr'><strong>non</strong></span> <span class='ocrx_word' id='word_1_922' title='bbox 1737 5521 1906 5580; x_wconf 81' lang='lat' dir='ltr'><strong>potest</strong></span> 
     </span>
    </p>
   </div>
   <div class='ocr_carea' id='block_1_96' title="bbox 316 5582 1614 5669">
    <p class='ocr_par' dir='ltr' id='par_1_96' title="bbox 316 5582 1614 5669">
     <span class='ocr_line' id='line_1_97' title="bbox 316 5582 1614 5669; baseline -0.016 -14"><span class='ocrx_word' id='word_1_923' title='bbox 316 5587 607 5669; x_wconf 43' lang='grc' dir='ltr'><strong>βεζίιροεδρ</strong></span> <span class='ocrx_word' id='word_1_924' title='bbox 626 5583 1224 5669; x_wconf 46' lang='grc' dir='ltr'><strong>ῌωᾷίσαςενεηιιςζίζιαςε</strong></span> <span class='ocrx_word' id='word_1_925' title='bbox 1246 5582 1479 5665; x_wconf 78' lang='lat' dir='ltr'><strong>Domini,</strong></span> <span class='ocrx_word' id='word_1_926' title='bbox 1510 5592 1614 5636; x_wconf 85' lang='lat' dir='ltr'><strong>etc.</strong></span> 
     </span>
    </p>
   </div>
   <div class='ocr_carea' id='block_1_97' title="bbox 389 5652 1903 5723">
    <p class='ocr_par' dir='ltr' id='par_1_97' title="bbox 389 5652 1903 5723">
     <span class='ocr_line' id='line_1_98' title="bbox 389 5652 1903 5723; baseline -0.001 -14"><span class='ocrx_word' id='word_1_927' title='bbox 389 5654 415 5691; x_wconf 72' lang='grc' dir='ltr'>ἀ</span> <span class='ocrx_word' id='word_1_928' title='bbox 436 5652 609 5709; x_wconf 88' lang='lat' dir='ltr'><strong>Codd.</strong></span> <span class='ocrx_word' id='word_1_929' title='bbox 637 5652 819 5707; x_wconf 82' lang='lat' dir='ltr'><strong>Casin.</strong></span> <span class='ocrx_word' id='word_1_930' title='bbox 844 5652 909 5704; x_wconf 74' lang='grc'><strong>47</strong></span> <span class='ocrx_word' id='word_1_931' title='bbox 931 5662 985 5707; x_wconf 90' lang='lat' dir='ltr'><strong>et</strong></span> <span class='ocrx_word' id='word_1_932' title='bbox 1012 5652 1133 5720; x_wconf 86' lang='grc'>108,</span> <span class='ocrx_word' id='word_1_933' title='bbox 1159 5654 1443 5723; x_wconf 82' lang='lat' dir='ltr'><strong>depositum</strong></span> <span class='ocrx_word' id='word_1_934' title='bbox 1462 5663 1560 5709; x_wconf 88' lang='lat' dir='ltr'><strong>est.</strong></span> <span class='ocrx_word' id='word_1_935' title='bbox 1580 5652 1712 5723; x_wconf 81' lang='lat' dir='ltr'><strong>quid</strong></span> <span class='ocrx_word' id='word_1_936' title='bbox 1732 5662 1903 5709; x_wconf 78' lang='lat' dir='ltr'><strong>actum</strong></span> 
     </span>
    </p>
   </div>
   <div class='ocr_carea' id='block_1_98' title="bbox 316 5725 814 5792">
    <p class='ocr_par' dir='ltr' id='par_1_98' title="bbox 316 5725 814 5792">
     <span class='ocr_line' id='line_1_99' title="bbox 316 5725 814 5792; baseline -0.008 -15"><span class='ocrx_word' id='word_1_937' title='bbox 316 5738 417 5780; x_wconf 78' lang='lat' dir='ltr'><strong>cst.</strong></span> <span class='ocrx_word' id='word_1_938' title='bbox 447 5725 679 5792; x_wconf 76' lang='lat' dir='ltr'><strong>Accepit,</strong></span> <span class='ocrx_word' id='word_1_939' title='bbox 708 5732 814 5777; x_wconf 88' lang='lat' dir='ltr'><strong>etc.</strong></span> 
     </span>
    </p>
   </div>
   <div class='ocr_carea' id='block_1_99' title="bbox 396 5792 1187 5865">
    <p class='ocr_par' dir='ltr' id='par_1_99' title="bbox 396 5792 1187 5865">
     <span class='ocr_line' id='line_1_100' title="bbox 396 5792 1187 5865; baseline -0.003 -17"><span class='ocrx_word' id='word_1_940' title='bbox 396 5805 417 5834; x_wconf 70' lang='grc' dir='ltr'><strong><em>ο</em></strong></span> <span class='ocrx_word' id='word_1_941' title='bbox 457 5794 594 5850; x_wconf 84' lang='lat' dir='ltr'><strong>Cod.</strong></span> <span class='ocrx_word' id='word_1_942' title='bbox 626 5792 873 5848; x_wconf 83' lang='lat' dir='ltr'><strong>Laterau.</strong></span> <span class='ocrx_word' id='word_1_943' title='bbox 899 5834 910 5859; x_wconf 93' lang='lat'><strong>,</strong></span> <span class='ocrx_word' id='word_1_944' title='bbox 940 5795 1187 5865; x_wconf 71' lang='lat' dir='ltr'><strong>sepelivit.</strong></span> 
     </span>
    </p>
   </div>
   <div class='ocr_carea' id='block_1_100' title="bbox 2008 5295 3592 5367">
    <p class='ocr_par' dir='ltr' id='par_1_100' title="bbox 2008 5295 3592 5367">
     <span class='ocr_line' id='line_1_101' title="bbox 2008 5295 3592 5367; baseline -0.008 -11"><span class='ocrx_word' id='word_1_945' title='bbox 2008 5295 2142 5357; x_wconf 81' lang='lat' dir='ltr'><strong>vero</strong></span> <span class='ocrx_word' id='word_1_946' title='bbox 2164 5300 2281 5353; x_wconf 87' lang='lat' dir='ltr'><strong>Vat.</strong></span> <span class='ocrx_word' id='word_1_947' title='bbox 2315 5300 2476 5367; x_wconf 66' lang='lat'><strong>645&#39;},</strong></span> <span class='ocrx_word' id='word_1_948' title='bbox 2504 5302 2635 5353; x_wconf 84' lang='lat' dir='ltr'><strong>sicut</strong></span> <span class='ocrx_word' id='word_1_949' title='bbox 2655 5301 2792 5352; x_wconf 86' lang='lat' dir='ltr'><strong>enim</strong></span> <span class='ocrx_word' id='word_1_950' title='bbox 2820 5298 3103 5367; x_wconf 83' lang='lat' dir='ltr'><strong>pollutione</strong></span> <span class='ocrx_word' id='word_1_951' title='bbox 3123 5313 3225 5350; x_wconf 83' lang='lat' dir='ltr'><strong>non</strong></span> <span class='ocrx_word' id='word_1_952' title='bbox 3250 5298 3494 5366; x_wconf 86' lang='lat' dir='ltr'><strong>tangitur,</strong></span> <span class='ocrx_word' id='word_1_953' title='bbox 3518 5295 3592 5345; x_wconf 88' lang='lat' dir='ltr'><strong>ita</strong></span> 
     </span>
    </p>
   </div>
   <div class='ocr_carea' id='block_1_101' title="bbox 2010 5371 2701 5440">
    <p class='ocr_par' dir='ltr' id='par_1_101' title="bbox 2010 5371 2701 5440">
     <span class='ocr_line' id='line_1_102' title="bbox 2010 5371 2701 5440; baseline -0.004 -15"><span class='ocrx_word' id='word_1_954' title='bbox 2010 5373 2191 5425; x_wconf 88' lang='lat' dir='ltr'><strong>mortis</strong></span> <span class='ocrx_word' id='word_1_955' title='bbox 2221 5371 2566 5440; x_wconf 85' lang='lat' dir='ltr'><strong>corruptione,</strong></span> <span class='ocrx_word' id='word_1_956' title='bbox 2598 5379 2701 5423; x_wconf 90' lang='lat' dir='ltr'><strong>etc.</strong></span> 
     </span>
    </p>
   </div>
   <div class='ocr_carea' id='block_1_102' title="bbox 2088 5436 3162 5495">
    <p class='ocr_par' dir='ltr' id='par_1_102' title="bbox 2088 5436 3162 5495">
     <span class='ocr_line' id='line_1_103' title="bbox 2088 5436 3162 5495; baseline -0.003 -4"><span class='ocrx_word' id='word_1_957' title='bbox 2088 5446 2101 5491; x_wconf 83' lang='lat' dir='ltr'><strong>i</strong></span> <span class='ocrx_word' id='word_1_958' title='bbox 2150 5442 2283 5495; x_wconf 85' lang='lat' dir='ltr'><strong>Cod.</strong></span> <span class='ocrx_word' id='word_1_959' title='bbox 2318 5436 2569 5494; x_wconf 79' lang='lat' dir='ltr'><strong>Lateran.</strong></span> <span class='ocrx_word' id='word_1_960' title='bbox 2600 5439 2802 5493; x_wconf 90' lang='lat' dir='ltr'><strong>omittit</strong></span> <span class='ocrx_word' id='word_1_961' title='bbox 2829 5454 3018 5491; x_wconf 84' lang='lat' dir='ltr'><strong>vorent</strong></span> <span class='ocrx_word' id='word_1_962' title='bbox 3045 5436 3162 5490; x_wconf 74' lang='lat' dir='ltr'><strong>viri.</strong></span> 
     </span>
    </p>
   </div>
   <div class='ocr_carea' id='block_1_103' title="bbox 2084 5501 3593 5573">
    <p class='ocr_par' dir='ltr' id='par_1_103' title="bbox 2084 5501 3593 5573">
     <span class='ocr_line' id='line_1_104' title="bbox 2084 5501 3593 5573; baseline -0.008 -8"><span class='ocrx_word' id='word_1_963' title='bbox 2084 5510 2108 5549; x_wconf 66' lang='grc' dir='ltr'>ι</span> <span class='ocrx_word' id='word_1_964' title='bbox 2148 5511 2279 5565; x_wconf 83' lang='lat' dir='ltr'><strong>Cod.</strong></span> <span class='ocrx_word' id='word_1_965' title='bbox 2304 5511 2362 5565; x_wconf 85' lang='lat' dir='ltr'><strong>S.</strong></span> <span class='ocrx_word' id='word_1_966' title='bbox 2386 5509 2573 5565; x_wconf 85' lang='lat' dir='ltr'><strong>Crucis</strong></span> <span class='ocrx_word' id='word_1_967' title='bbox 2613 5511 2665 5564; x_wconf 89' lang='lat' dir='ltr'><strong>in</strong></span> <span class='ocrx_word' id='word_1_968' title='bbox 2695 5508 2828 5573; x_wconf 78' lang='lat' dir='ltr'><strong>Jer.,</strong></span> <span class='ocrx_word' id='word_1_969' title='bbox 2868 5508 3055 5570; x_wconf 80' lang='lat' dir='ltr'><strong>ubique</strong></span> <span class='ocrx_word' id='word_1_970' title='bbox 3082 5507 3230 5560; x_wconf 77' lang='lat' dir='ltr'><strong>beato</strong></span> <span class='ocrx_word' id='word_1_971' title='bbox 3273 5503 3476 5573; x_wconf 87' lang='lat' dir='ltr'><strong>corpori</strong></span> <span class='ocrx_word' id='word_1_972' title='bbox 3500 5501 3593 5554; x_wconf 82' lang='lat' dir='ltr'><strong>de-</strong></span> 
     </span>
    </p>
   </div>
   <div class='ocr_carea' id='block_1_104' title="bbox 2015 5580 3533 5654">
    <p class='ocr_par' dir='ltr' id='par_1_104' title="bbox 2015 5580 3533 5654">
     <span class='ocr_line' id='line_1_105' title="bbox 2015 5580 3533 5654; baseline 0.011 -20"><span class='ocrx_word' id='word_1_973' title='bbox 2015 5582 2456 5654; x_wconf 67' lang='lat' dir='ltr'><strong>fertursanctitas</strong></span> <span class='ocrx_word' id='word_1_974' title='bbox 2481 5597 2502 5654; x_wconf 86' lang='lat'><strong>_:</strong></span> <span class='ocrx_word' id='word_1_975' title='bbox 2526 5580 2709 5654; x_wconf 60' lang='lat' dir='ltr'><strong>ultique</strong></span> <span class='ocrx_word' id='word_1_976' title='bbox 2732 5580 3022 5654; x_wconf 55' lang='lat' dir='ltr'><strong>virginitas:</strong></span> <span class='ocrx_word' id='word_1_977' title='bbox 3158 5644 3200 5654; x_wconf 37' lang='grc' dir='ltr'>,ν</span> <span class='ocrx_word' id='word_1_978' title='bbox 3247 5644 3275 5654; x_wconf 19' lang='grc' dir='ltr'>ν,</span> <span class='ocrx_word' id='word_1_979' title='bbox 3435 5637 3533 5654; x_wconf 60' lang='grc' dir='ltr'>η..</span> 
     </span>
    </p>
   </div>
   <div class='ocr_carea' id='block_1_105' title="bbox 2092 5636 3593 5713">
    <p class='ocr_par' dir='ltr' id='par_1_105' title="bbox 2092 5636 3593 5713">
     <span class='ocr_line' id='line_1_106' title="bbox 2092 5636 3593 5713; baseline -0.012 -7"><span class='ocrx_word' id='word_1_980' title='bbox 2092 5651 2107 5688; x_wconf 78' lang='grc' dir='ltr'>ι</span> <span class='ocrx_word' id='word_1_981' title='bbox 2153 5651 2316 5705; x_wconf 89' lang='lat' dir='ltr'><strong>Iidem</strong></span> <span class='ocrx_word' id='word_1_982' title='bbox 2358 5650 2515 5705; x_wconf 91' lang='lat' dir='ltr'><strong>codd.</strong></span> <span class='ocrx_word' id='word_1_983' title='bbox 2560 5636 2849 5706; x_wconf 62' lang='lat' dir='ltr'><strong>S.&#39;Crucis</strong></span> <span class='ocrx_word' id='word_1_984' title='bbox 2893 5651 2944 5704; x_wconf 89' lang='lat' dir='ltr'><strong>in</strong></span> <span class='ocrx_word' id='word_1_985' title='bbox 2991 5646 3130 5713; x_wconf 61' lang='grc' dir='ltr'><strong>δεῖ-η</strong></span> <span class='ocrx_word' id='word_1_986' title='bbox 3158 5644 3401 5699; x_wconf 71' lang='lat' dir='ltr'><strong>Vaticau.</strong></span> <span class='ocrx_word' id='word_1_987' title='bbox 3432 5636 3593 5701; x_wconf 65' lang='grc'>6452,</span> 
     </span>
    </p>
   </div>
   <div class='ocr_carea' id='block_1_106' title="bbox 2017 5720 2477 5776">
    <p class='ocr_par' dir='ltr' id='par_1_106' title="bbox 2017 5720 2477 5776">
     <span class='ocr_line' id='line_1_107' title="bbox 2017 5720 2477 5776; baseline 0.002 -2"><span class='ocrx_word' id='word_1_988' title='bbox 2017 5720 2156 5775; x_wconf 72' lang='grc'>1270</span> <span class='ocrx_word' id='word_1_989' title='bbox 2210 5730 2267 5775; x_wconf 88' lang='lat' dir='ltr'><strong>et</strong></span> <span class='ocrx_word' id='word_1_990' title='bbox 2294 5720 2477 5776; x_wconf 88' lang='lat' dir='ltr'><strong>Casin.</strong></span> 
     </span>
    </p>
   </div>
  </div>
