  <div class='ocr_page' id='page_1' title='image "/cluster/home/n/w/nwhite01/storage/ocr_20150623/57/hvd.32044054758669/238.png"; bbox 0 0 4054 6190; ppageno 0'>
   <div class='ocr_carea' id='block_1_1' title="bbox 217 389 312 444">
    <p class='ocr_par' dir='ltr' id='par_1_1' title="bbox 217 389 312 444">
     <span class='ocr_line' id='line_1_1' title="bbox 217 389 312 444; baseline 0.011 -1"><span class='ocrx_word' id='word_1_1' title='bbox 217 389 312 444; x_wconf 70' lang='grc' dir='ltr'><strong>ΗΒ</strong></span> 
     </span>
    </p>
   </div>
   <div class='ocr_carea' id='block_1_2' title="bbox 1536 385 2107 443">
    <p class='ocr_par' dir='ltr' id='par_1_2' title="bbox 1536 385 2107 443">
     <span class='ocr_line' id='line_1_2' title="bbox 1536 385 2107 443; baseline 0.005 -3"><span class='ocrx_word' id='word_1_2' title='bbox 1536 385 1815 441; x_wconf 81' lang='lat' dir='ltr'><strong>llOMlLlA</strong></span> <span class='ocrx_word' id='word_1_3' title='bbox 1858 387 2107 443; x_wconf 72' lang='lat' dir='ltr'><strong>LXXXV.</strong></span> 
     </span>
    </p>
   </div>
   <div class='ocr_carea' id='block_1_3' title="bbox 3360 388 3465 445">
    <p class='ocr_par' dir='ltr' id='par_1_3' title="bbox 3360 388 3465 445">
     <span class='ocr_line' id='line_1_3' title="bbox 3360 388 3465 445; baseline 0.029 -3"><span class='ocrx_word' id='word_1_4' title='bbox 3360 388 3465 445; x_wconf 71' lang='lat' dir='ltr'><strong>M6</strong></span> 
     </span>
    </p>
   </div>
   <div class='ocr_carea' id='block_1_4' title="bbox 214 497 3465 574">
    <p class='ocr_par' dir='ltr' id='par_1_4' title="bbox 214 497 3465 574">
     <span class='ocr_line' id='line_1_4' title="bbox 214 497 3465 574; baseline 0.001 -19"><span class='ocrx_word' id='word_1_5' title='bbox 214 498 404 556; x_wconf 93' lang='lat' dir='ltr'><strong>lectulo</strong></span> <span class='ocrx_word' id='word_1_6' title='bbox 446 497 712 554; x_wconf 87' lang='lat' dir='ltr'><strong>dormiens</strong></span> <span class='ocrx_word' id='word_1_7' title='bbox 764 498 1117 566; x_wconf 86' lang='lat' dir='ltr'><strong>conquievit?</strong></span> <span class='ocrx_word' id='word_1_8' title='bbox 1161 498 1274 567; x_wconf 85' lang='lat' dir='ltr'><strong>ipsa</strong></span> <span class='ocrx_word' id='word_1_9' title='bbox 1322 498 1463 552; x_wconf 89' lang='lat' dir='ltr'><strong>enim</strong></span> <span class='ocrx_word' id='word_1_10' title='bbox 1511 499 1772 568; x_wconf 90' lang='lat' dir='ltr'><strong>temporis</strong></span> <span class='ocrx_word' id='word_1_11' title='bbox 1800 512 1842 565; x_wconf 79' lang='grc' dir='ltr'><strong>Α</strong></span> <span class='ocrx_word' id='word_1_12' title='bbox 1873 499 2103 555; x_wconf 88' lang='lat' dir='ltr'><strong>Domino</strong></span> <span class='ocrx_word' id='word_1_13' title='bbox 2130 500 2198 555; x_wconf 87' lang='lat' dir='ltr'><strong>de</strong></span> <span class='ocrx_word' id='word_1_14' title='bbox 2225 502 2518 570; x_wconf 85' lang='lat' dir='ltr'><strong>semetipso</strong></span> <span class='ocrx_word' id='word_1_15' title='bbox 2548 520 2563 555; x_wconf 87' lang='lat'><strong>:</strong></span> <span class='ocrx_word' id='word_1_16' title='bbox 2596 503 2659 558; x_wconf 88' lang='lat' dir='ltr'><strong>Si</strong></span> <span class='ocrx_word' id='word_1_17' title='bbox 2687 511 2742 557; x_wconf 88' lang='lat' dir='ltr'><strong>tu</strong></span> <span class='ocrx_word' id='word_1_18' title='bbox 2775 500 2793 541; x_wconf 74' lang='grc' dir='ltr'><strong>ί</strong></span> <span class='ocrx_word' id='word_1_19' title='bbox 2824 503 2989 558; x_wconf 85' lang='lat' dir='ltr'><strong>tulisti</strong></span> <span class='ocrx_word' id='word_1_20' title='bbox 3010 501 3174 574; x_wconf 61' lang='grc' dir='ltr'>ω</span> <span class='ocrx_word' id='word_1_21' title='bbox 3203 519 3339 568; x_wconf 84' lang='lat' dir='ltr'><strong>eum,</strong></span> <span class='ocrx_word' id='word_1_22' title='bbox 3379 504 3465 557; x_wconf 84' lang='lat' dir='ltr'><strong>di-</strong></span> 
     </span>
    </p>
   </div>
   <div class='ocr_carea' id='block_1_5' title="bbox 213 587 1773 656">
    <p class='ocr_par' dir='ltr' id='par_1_5' title="bbox 213 587 1773 656">
     <span class='ocr_line' id='line_1_5' title="bbox 213 587 1773 656; baseline -0.003 -9"><span class='ocrx_word' id='word_1_23' title='bbox 213 591 434 647; x_wconf 86' lang='lat' dir='ltr'><strong>hrevitas</strong></span> <span class='ocrx_word' id='word_1_24' title='bbox 480 588 718 643; x_wconf 74' lang='lat' dir='ltr'><strong>declarat</strong></span> <span class='ocrx_word' id='word_1_25' title='bbox 746 598 773 625; x_wconf 82' lang='grc' dir='ltr'>ι</span> <span class='ocrx_word' id='word_1_26' title='bbox 804 605 1054 644; x_wconf 85' lang='lat' dir='ltr'><strong>somnum</strong></span> <span class='ocrx_word' id='word_1_27' title='bbox 1106 587 1268 644; x_wconf 89' lang='lat' dir='ltr'><strong>fuisse</strong></span> <span class='ocrx_word' id='word_1_28' title='bbox 1310 603 1470 656; x_wconf 91' lang='lat' dir='ltr'><strong>quam</strong></span> <span class='ocrx_word' id='word_1_29' title='bbox 1523 597 1773 644; x_wconf 89' lang='lat' dir='ltr'><strong>mortem.</strong></span> 
     </span>
    </p>
   </div>
   <div class='ocr_carea' id='block_1_6' title="bbox 213 680 1776 751">
    <p class='ocr_par' dir='ltr' id='par_1_6' title="bbox 213 680 1776 751">
     <span class='ocr_line' id='line_1_6' title="bbox 213 680 1776 751; baseline -0.003 -14"><span class='ocrx_word' id='word_1_30' title='bbox 213 681 512 751; x_wconf 82' lang='lat' dir='ltr'><strong>Sepulcrum</strong></span> <span class='ocrx_word' id='word_1_31' title='bbox 541 689 721 733; x_wconf 88' lang='lat' dir='ltr'><strong>autem</strong></span> <span class='ocrx_word' id='word_1_32' title='bbox 749 681 937 735; x_wconf 88' lang='lat' dir='ltr'><strong>mortis</strong></span> <span class='ocrx_word' id='word_1_33' title='bbox 988 688 1071 734; x_wconf 89' lang='lat' dir='ltr'><strong>est</strong></span> <span class='ocrx_word' id='word_1_34' title='bbox 1116 680 1481 733; x_wconf 82' lang='lat' dir='ltr'><strong>habitaculum</strong></span> <span class='ocrx_word' id='word_1_35' title='bbox 1524 696 1776 735; x_wconf 85' lang='lat' dir='ltr'><strong>necessa-</strong></span> 
     </span>
    </p>
   </div>
   <div class='ocr_carea' id='block_1_7' title="bbox 211 772 1785 842">
    <p class='ocr_par' dir='ltr' id='par_1_7' title="bbox 211 772 1785 842">
     <span class='ocr_line' id='line_1_7' title="bbox 211 772 1785 842; baseline -0.004 -12"><span class='ocrx_word' id='word_1_36' title='bbox 211 776 366 838; x_wconf 89' lang='lat' dir='ltr'><strong>rium;</strong></span> <span class='ocrx_word' id='word_1_37' title='bbox 397 772 758 827; x_wconf 87' lang='lat' dir='ltr'><strong>necessarium</strong></span> <span class='ocrx_word' id='word_1_38' title='bbox 786 786 915 840; x_wconf 85' lang='lat' dir='ltr'><strong>ergo</strong></span> <span class='ocrx_word' id='word_1_39' title='bbox 944 789 1054 827; x_wconf 91' lang='lat' dir='ltr'><strong>non</strong></span> <span class='ocrx_word' id='word_1_40' title='bbox 1083 774 1240 842; x_wconf 76' lang='lat'><strong>283</strong></span> <span class='ocrx_word' id='word_1_41' title='bbox 1269 780 1387 826; x_wconf 89' lang='lat' dir='ltr'><strong>crat</strong></span> <span class='ocrx_word' id='word_1_42' title='bbox 1407 772 1596 826; x_wconf 89' lang='lat' dir='ltr'><strong>mortis</strong></span> <span class='ocrx_word' id='word_1_43' title='bbox 1619 772 1785 825; x_wconf 81' lang='lat' dir='ltr'><strong>habi-&#39;</strong></span> 
     </span>
    </p>
   </div>
   <div class='ocr_carea' id='block_1_8' title="bbox 214 860 1779 931">
    <p class='ocr_par' dir='ltr' id='par_1_8' title="bbox 214 860 1779 931">
     <span class='ocr_line' id='line_1_8' title="bbox 214 860 1779 931; baseline -0.003 -12"><span class='ocrx_word' id='word_1_44' title='bbox 214 864 434 919; x_wconf 87' lang='lat' dir='ltr'><strong>taculum</strong></span> <span class='ocrx_word' id='word_1_45' title='bbox 458 860 692 928; x_wconf 89' lang='lat' dir='ltr'><strong>Christo,</strong></span> <span class='ocrx_word' id='word_1_46' title='bbox 721 862 812 931; x_wconf 91' lang='lat' dir='ltr'><strong>qui</strong></span> <span class='ocrx_word' id='word_1_47' title='bbox 835 863 942 916; x_wconf 92' lang='lat' dir='ltr'><strong>vita</strong></span> <span class='ocrx_word' id='word_1_48' title='bbox 963 872 1065 927; x_wconf 89' lang='lat' dir='ltr'><strong>est,</strong></span> <span class='ocrx_word' id='word_1_49' title='bbox 1092 877 1192 916; x_wconf 88' lang='lat' dir='ltr'><strong>nec</strong></span> <span class='ocrx_word' id='word_1_50' title='bbox 1220 878 1357 931; x_wconf 89' lang='lat' dir='ltr'><strong>opus</strong></span> <span class='ocrx_word' id='word_1_51' title='bbox 1383 861 1619 916; x_wconf 86' lang='lat' dir='ltr'><strong>habebat</strong></span> <span class='ocrx_word' id='word_1_52' title='bbox 1639 876 1779 916; x_wconf 81' lang='lat' dir='ltr'><strong>sem-</strong></span> 
     </span>
    </p>
   </div>
   <div class='ocr_carea' id='block_1_9' title="bbox 212 950 1780 1028">
    <p class='ocr_par' dir='ltr' id='par_1_9' title="bbox 212 950 1780 1028">
     <span class='ocr_line' id='line_1_9' title="bbox 212 950 1780 1028; baseline -0.002 -17"><span class='ocrx_word' id='word_1_53' title='bbox 212 973 299 1028; x_wconf 89' lang='lat' dir='ltr'><strong>per</strong></span> <span class='ocrx_word' id='word_1_54' title='bbox 319 957 504 1009; x_wconf 89' lang='lat' dir='ltr'><strong>vivens</strong></span> <span class='ocrx_word' id='word_1_55' title='bbox 531 950 799 1010; x_wconf 81' lang='lat' dir='ltr'><strong>domicilio</strong></span> <span class='ocrx_word' id='word_1_56' title='bbox 828 954 1219 1009; x_wconf 81' lang='lat' dir='ltr'><strong>defunctorum.</strong></span> <span class='ocrx_word' id='word_1_57' title='bbox 1244 953 1412 1011; x_wconf 85' lang='lat' dir='ltr'><strong>Recte</strong></span> <span class='ocrx_word' id='word_1_58' title='bbox 1440 961 1618 1007; x_wconf 90' lang='lat' dir='ltr'><strong>autem</strong></span> <span class='ocrx_word' id='word_1_59' title='bbox 1638 954 1780 1008; x_wconf 85' lang='lat' dir='ltr'><strong>hanc</strong></span> 
     </span>
    </p>
   </div>
   <div class='ocr_carea' id='block_1_10' title="bbox 211 1042 1778 1114">
    <p class='ocr_par' dir='ltr' id='par_1_10' title="bbox 211 1042 1778 1114">
     <span class='ocr_line' id='line_1_10' title="bbox 211 1042 1778 1114; baseline -0.001 -15"><span class='ocrx_word' id='word_1_60' title='bbox 211 1047 364 1100; x_wconf 85' lang='lat' dir='ltr'><strong>vitam</strong></span> <span class='ocrx_word' id='word_1_61' title='bbox 404 1062 503 1099; x_wconf 91' lang='lat' dir='ltr'><strong>nos</strong></span> <span class='ocrx_word' id='word_1_62' title='bbox 545 1045 599 1099; x_wconf 92' lang='lat' dir='ltr'><strong>in</strong></span> <span class='ocrx_word' id='word_1_63' title='bbox 645 1053 832 1099; x_wconf 88' lang='lat' dir='ltr'><strong>nostro</strong></span> <span class='ocrx_word' id='word_1_64' title='bbox 860 1045 1105 1114; x_wconf 91' lang='lat' dir='ltr'><strong>sepulcro</strong></span> <span class='ocrx_word' id='word_1_65' title='bbox 1134 1044 1491 1110; x_wconf 86' lang='lat' dir='ltr'><strong>condidimus,</strong></span> <span class='ocrx_word' id='word_1_66' title='bbox 1516 1042 1544 1082; x_wconf 70' lang='grc' dir='ltr'>δ</span> <span class='ocrx_word' id='word_1_67' title='bbox 1576 1050 1631 1097; x_wconf 85' lang='grc' dir='ltr'><strong>ιιι</strong></span> <span class='ocrx_word' id='word_1_68' title='bbox 1658 1060 1778 1098; x_wconf 92' lang='lat' dir='ltr'><strong>cum</strong></span> 
     </span>
    </p>
   </div>
   <div class='ocr_carea' id='block_1_11' title="bbox 212 1134 1778 1207">
    <p class='ocr_par' dir='ltr' id='par_1_11' title="bbox 212 1134 1778 1207">
     <span class='ocr_line' id='line_1_11' title="bbox 212 1134 1778 1207; baseline -0.004 -14"><span class='ocrx_word' id='word_1_69' title='bbox 212 1138 319 1207; x_wconf 87' lang='lat' dir='ltr'><strong>ipso</strong></span> <span class='ocrx_word' id='word_1_70' title='bbox 344 1134 646 1190; x_wconf 81' lang='lat' dir='ltr'><strong>vivificante</strong></span> <span class='ocrx_word' id='word_1_71' title='bbox 675 1143 902 1189; x_wconf 90' lang='lat' dir='ltr'><strong>mortem</strong></span> <span class='ocrx_word' id='word_1_72' title='bbox 931 1143 1169 1189; x_wconf 88' lang='lat' dir='ltr'><strong>nostram</strong></span> <span class='ocrx_word' id='word_1_73' title='bbox 1200 1149 1231 1188; x_wconf 89' lang='lat' dir='ltr'><strong>a</strong></span> <span class='ocrx_word' id='word_1_74' title='bbox 1274 1134 1501 1187; x_wconf 87' lang='lat' dir='ltr'><strong>mortuis</strong></span> <span class='ocrx_word' id='word_1_75' title='bbox 1530 1147 1778 1202; x_wconf 85' lang='lat' dir='ltr'><strong>surgere-</strong></span> 
     </span>
    </p>
   </div>
   <div class='ocr_carea' id='block_1_12' title="bbox 210 1224 1779 1294">
    <p class='ocr_par' dir='ltr' id='par_1_12' title="bbox 210 1224 1779 1294">
     <span class='ocr_line' id='line_1_12' title="bbox 210 1224 1779 1294; baseline -0.004 -10"><span class='ocrx_word' id='word_1_76' title='bbox 210 1244 337 1283; x_wconf 87' lang='lat' dir='ltr'><strong>mus.</strong></span> <span class='ocrx_word' id='word_1_77' title='bbox 369 1226 521 1282; x_wconf 88' lang='lat' dir='ltr'><strong>Uude</strong></span> <span class='ocrx_word' id='word_1_78' title='bbox 549 1236 603 1281; x_wconf 89' lang='lat' dir='ltr'><strong>et</strong></span> <span class='ocrx_word' id='word_1_79' title='bbox 632 1227 719 1280; x_wconf 91' lang='lat' dir='ltr'><strong>illa</strong></span> <span class='ocrx_word' id='word_1_80' title='bbox 768 1225 933 1280; x_wconf 84' lang='lat' dir='ltr'><strong>Maria</strong></span> <span class='ocrx_word' id='word_1_81' title='bbox 976 1225 1309 1294; x_wconf 87' lang='lat' dir='ltr'><strong>Magdalene,</strong></span> <span class='ocrx_word' id='word_1_82' title='bbox 1337 1239 1455 1293; x_wconf 76' lang='lat' dir='ltr'><strong>qua:</strong></span> <span class='ocrx_word' id='word_1_83' title='bbox 1495 1224 1779 1279; x_wconf 91' lang='lat' dir='ltr'><strong>Dominum</strong></span> 
     </span>
    </p>
   </div>
   <div class='ocr_carea' id='block_1_13' title="bbox 211 1314 1783 1386">
    <p class='ocr_par' dir='ltr' id='par_1_13' title="bbox 211 1314 1783 1386">
     <span class='ocr_line' id='line_1_13' title="bbox 211 1314 1783 1386; baseline -0.004 -12"><span class='ocrx_word' id='word_1_84' title='bbox 211 1318 343 1375; x_wconf 89' lang='lat' dir='ltr'><strong>inter</strong></span> <span class='ocrx_word' id='word_1_85' title='bbox 364 1326 592 1372; x_wconf 65' lang='lat' dir='ltr'><strong>ceteros</strong></span> <span class='ocrx_word' id='word_1_86' title='bbox 618 1316 900 1371; x_wconf 82' lang='lat' dir='ltr'><strong>defunctos</strong></span> <span class='ocrx_word' id='word_1_87' title='bbox 926 1316 978 1369; x_wconf 91' lang='lat' dir='ltr'><strong>in</strong></span> <span class='ocrx_word' id='word_1_88' title='bbox 1007 1316 1254 1386; x_wconf 90' lang='lat' dir='ltr'><strong>sepulcro</strong></span> <span class='ocrx_word' id='word_1_89' title='bbox 1278 1315 1573 1384; x_wconf 68' lang='lat' dir='ltr'><strong>qumrebat,</strong></span> <span class='ocrx_word' id='word_1_90' title='bbox 1605 1314 1783 1383; x_wconf 88' lang='lat' dir='ltr'><strong>argui-</strong></span> 
     </span>
    </p>
   </div>
   <div class='ocr_carea' id='block_1_14' title="bbox 209 1406 1781 1479">
    <p class='ocr_par' dir='ltr' id='par_1_14' title="bbox 209 1406 1781 1479">
     <span class='ocr_line' id='line_1_14' title="bbox 209 1406 1781 1479; baseline -0.003 -16"><span class='ocrx_word' id='word_1_91' title='bbox 209 1418 289 1465; x_wconf 90' lang='lat' dir='ltr'><strong>tur</strong></span> <span class='ocrx_word' id='word_1_92' title='bbox 311 1418 365 1464; x_wconf 90' lang='lat' dir='ltr'><strong>et</strong></span> <span class='ocrx_word' id='word_1_93' title='bbox 389 1409 589 1464; x_wconf 89' lang='lat' dir='ltr'><strong>dicitur</strong></span> <span class='ocrx_word' id='word_1_94' title='bbox 617 1409 693 1462; x_wconf 87' lang='lat' dir='ltr'><strong>illi</strong></span> <span class='ocrx_word' id='word_1_95' title='bbox 719 1426 732 1461; x_wconf 91' lang='lat'><strong>:</strong></span> <span class='ocrx_word' id='word_1_96' title='bbox 759 1406 895 1471; x_wconf 91' lang='lat' dir='ltr'><strong>Quid</strong></span> <span class='ocrx_word' id='word_1_97' title='bbox 933 1409 1121 1479; x_wconf 71' lang='lat' dir='ltr'><strong>quieris</strong></span> <span class='ocrx_word' id='word_1_98' title='bbox 1151 1408 1396 1461; x_wconf 78' lang='lat' dir='ltr'><strong>viventem</strong></span> <span class='ocrx_word' id='word_1_99' title='bbox 1422 1422 1538 1459; x_wconf 91' lang='lat' dir='ltr'><strong>cum</strong></span> <span class='ocrx_word' id='word_1_100' title='bbox 1566 1407 1781 1459; x_wconf 75' lang='lat' dir='ltr'><strong>mortuis</strong></span> 
     </span>
    </p>
   </div>
   <div class='ocr_carea' id='block_1_15' title="bbox 208 1497 1782 1573">
    <p class='ocr_par' dir='ltr' id='par_1_15' title="bbox 208 1497 1782 1573">
     <span class='ocr_line' id='line_1_15' title="bbox 208 1497 1782 1573; baseline -0.001 -19"><span class='ocrx_word' id='word_1_101' title='bbox 208 1500 345 1573; x_wconf 73' lang='lat' dir='ltr'><strong>(Luc.</strong></span> <span class='ocrx_word' id='word_1_102' title='bbox 384 1499 573 1569; x_wconf 68' lang='lat' dir='ltr'><strong>Inv)?</strong></span> <span class='ocrx_word' id='word_1_103' title='bbox 620 1498 733 1554; x_wconf 83' lang='lat' dir='ltr'><strong>Hoc</strong></span> <span class='ocrx_word' id='word_1_104' title='bbox 773 1506 856 1554; x_wconf 90' lang='lat' dir='ltr'><strong>est</strong></span> <span class='ocrx_word' id='word_1_105' title='bbox 889 1517 901 1551; x_wconf 89' lang='lat'>:</span> <span class='ocrx_word' id='word_1_106' title='bbox 933 1499 1061 1567; x_wconf 88' lang='lat' dir='ltr'><strong>quid</strong></span> <span class='ocrx_word' id='word_1_107' title='bbox 1099 1498 1294 1568; x_wconf 71' lang='lat' dir='ltr'><strong>qumris</strong></span> <span class='ocrx_word' id='word_1_108' title='bbox 1324 1508 1345 1534; x_wconf 74' lang='grc' dir='ltr'><strong><em>ε</em></strong></span> <span class='ocrx_word' id='word_1_109' title='bbox 1390 1498 1532 1567; x_wconf 89' lang='lat' dir='ltr'><strong>apud</strong></span> <span class='ocrx_word' id='word_1_110' title='bbox 1584 1497 1782 1552; x_wconf 90' lang='lat' dir='ltr'><strong>inferos</strong></span> 
     </span>
    </p>
   </div>
   <div class='ocr_carea' id='block_1_16' title="bbox 207 1584 1780 1659">
    <p class='ocr_par' dir='ltr' id='par_1_16' title="bbox 207 1584 1780 1659">
     <span class='ocr_line' id='line_1_16' title="bbox 207 1584 1780 1659; baseline -0.002 -15"><span class='ocrx_word' id='word_1_111' title='bbox 207 1605 351 1659; x_wconf 89' lang='lat' dir='ltr'><strong>quem</strong></span> <span class='ocrx_word' id='word_1_112' title='bbox 394 1589 622 1644; x_wconf 85' lang='lat' dir='ltr'><strong>rediisse</strong></span> <span class='ocrx_word' id='word_1_113' title='bbox 662 1590 775 1657; x_wconf 91' lang='lat' dir='ltr'><strong>jam</strong></span> <span class='ocrx_word' id='word_1_114' title='bbox 804 1597 1019 1643; x_wconf 85' lang='lat' dir='ltr'><strong>constat</strong></span> <span class='ocrx_word' id='word_1_115' title='bbox 1060 1589 1127 1641; x_wconf 92' lang='lat' dir='ltr'><strong>ad</strong></span> <span class='ocrx_word' id='word_1_116' title='bbox 1166 1584 1473 1657; x_wconf 82' lang='lat' dir='ltr'><strong>superos?d</strong></span> <span class='ocrx_word' id='word_1_117' title='bbox 1505 1602 1665 1656; x_wconf 85' lang='lat' dir='ltr'><strong>quem</strong></span> <span class='ocrx_word' id='word_1_118' title='bbox 1694 1588 1780 1641; x_wconf 90' lang='lat' dir='ltr'><strong>illa</strong></span> 
     </span>
    </p>
   </div>
   <div class='ocr_carea' id='block_1_17' title="bbox 209 1678 1776 1749">
    <p class='ocr_par' dir='ltr' id='par_1_17' title="bbox 209 1678 1776 1749">
     <span class='ocr_line' id='line_1_17' title="bbox 209 1678 1776 1749; baseline -0.003 -13"><span class='ocrx_word' id='word_1_119' title='bbox 209 1683 366 1737; x_wconf 86' lang='lat' dir='ltr'><strong>adhuc</strong></span> <span class='ocrx_word' id='word_1_120' title='bbox 384 1697 495 1737; x_wconf 91' lang='lat' dir='ltr'><strong>non</strong></span> <span class='ocrx_word' id='word_1_121' title='bbox 528 1682 830 1749; x_wconf 80' lang='lat' dir='ltr'><strong>intelligens</strong></span> <span class='ocrx_word' id='word_1_122' title='bbox 856 1697 955 1735; x_wconf 91' lang='lat' dir='ltr'><strong>nec</strong></span> <span class='ocrx_word' id='word_1_123' title='bbox 988 1694 1339 1747; x_wconf 87' lang='lat' dir='ltr'><strong>cognoscens,</strong></span> <span class='ocrx_word' id='word_1_124' title='bbox 1368 1678 1641 1748; x_wconf 87' lang='lat' dir='ltr'><strong>respondit</strong></span> <span class='ocrx_word' id='word_1_125' title='bbox 1663 1679 1737 1732; x_wconf 91' lang='lat' dir='ltr'><strong>illi</strong></span> <span class='ocrx_word' id='word_1_126' title='bbox 1764 1696 1776 1731; x_wconf 92' lang='lat'><strong>:</strong></span> 
     </span>
    </p>
   </div>
   <div class='ocr_carea' id='block_1_18' title="bbox 208 1769 1779 1840">
    <p class='ocr_par' dir='ltr' id='par_1_18' title="bbox 208 1769 1779 1840">
     <span class='ocr_line' id='line_1_18' title="bbox 208 1769 1779 1840; baseline -0.002 -14"><span class='ocrx_word' id='word_1_127' title='bbox 208 1771 432 1840; x_wconf 80' lang='lat' dir='ltr'><strong>Domine,</strong></span> <span class='ocrx_word' id='word_1_128' title='bbox 469 1773 518 1825; x_wconf 88' lang='lat' dir='ltr'><strong>si</strong></span> <span class='ocrx_word' id='word_1_129' title='bbox 548 1773 711 1825; x_wconf 76' lang='lat' dir='ltr'><strong>tulisti</strong></span> <span class='ocrx_word' id='word_1_130' title='bbox 737 1788 872 1837; x_wconf 90' lang='lat' dir='ltr'><strong>eum,</strong></span> <span class='ocrx_word' id='word_1_131' title='bbox 903 1771 1059 1824; x_wconf 83' lang='lat' dir='ltr'><strong>dicito</strong></span> <span class='ocrx_word' id='word_1_132' title='bbox 1096 1771 1224 1823; x_wconf 87' lang='lat' dir='ltr'><strong>mihi</strong></span> <span class='ocrx_word' id='word_1_133' title='bbox 1264 1769 1348 1823; x_wconf 88' lang='lat' dir='ltr'><strong>ubi</strong></span> <span class='ocrx_word' id='word_1_134' title='bbox 1389 1772 1603 1840; x_wconf 73' lang='lat' dir='ltr'><strong>posuisti</strong></span> <span class='ocrx_word' id='word_1_135' title='bbox 1631 1787 1779 1835; x_wconf 88' lang='lat' dir='ltr'><strong>eum;</strong></span> 
     </span>
    </p>
   </div>
   <div class='ocr_carea' id='block_1_19' title="bbox 1879 592 3469 665">
    <p class='ocr_par' dir='ltr' id='par_1_19' title="bbox 1879 592 3469 665">
     <span class='ocr_line' id='line_1_19' title="bbox 1879 592 3469 665; baseline 0.001 -19"><span class='ocrx_word' id='word_1_136' title='bbox 1879 595 1981 647; x_wconf 78' lang='lat' dir='ltr'><strong>cito</strong></span> <span class='ocrx_word' id='word_1_137' title='bbox 2020 594 2168 647; x_wconf 79' lang='lat' dir='ltr'><strong>mihi.</strong></span> <span class='ocrx_word' id='word_1_138' title='bbox 2216 592 2384 649; x_wconf 82' lang='lat' dir='ltr'><strong>Recte</strong></span> <span class='ocrx_word' id='word_1_139' title='bbox 2429 595 2745 665; x_wconf 79' lang='lat' dir='ltr'><strong>interrogat,</strong></span> <span class='ocrx_word' id='word_1_140' title='bbox 2785 596 2846 651; x_wconf 89' lang='lat' dir='ltr'><strong>Si</strong></span> <span class='ocrx_word' id='word_1_141' title='bbox 2884 606 2937 649; x_wconf 88' lang='lat' dir='ltr'><strong>tu</strong></span> <span class='ocrx_word' id='word_1_142' title='bbox 2981 596 3143 650; x_wconf 87' lang='lat' dir='ltr'><strong>tulisti</strong></span> <span class='ocrx_word' id='word_1_143' title='bbox 3181 612 3317 663; x_wconf 91' lang='lat' dir='ltr'><strong>eum,</strong></span> <span class='ocrx_word' id='word_1_144' title='bbox 3353 594 3469 665; x_wconf 81' lang='lat' dir='ltr'><strong>ipso</strong></span> 
     </span>
    </p>
   </div>
   <div class='ocr_carea' id='block_1_20' title="bbox 1879 683 3464 756">
    <p class='ocr_par' dir='ltr' id='par_1_20' title="bbox 1879 683 3464 756">
     <span class='ocr_line' id='line_1_20' title="bbox 1879 683 3464 756; baseline 0.003 -20"><span class='ocrx_word' id='word_1_145' title='bbox 1879 684 2021 737; x_wconf 80' lang='lat' dir='ltr'><strong>enim</strong></span> <span class='ocrx_word' id='word_1_146' title='bbox 2050 683 2171 737; x_wconf 88' lang='lat' dir='ltr'><strong>tulit</strong></span> <span class='ocrx_word' id='word_1_147' title='bbox 2209 699 2407 753; x_wconf 90' lang='lat' dir='ltr'><strong>corpus</strong></span> <span class='ocrx_word' id='word_1_148' title='bbox 2440 701 2615 752; x_wconf 88' lang='lat' dir='ltr'><strong>suum,</strong></span> <span class='ocrx_word' id='word_1_149' title='bbox 2650 697 2673 733; x_wconf 73' lang='grc' dir='ltr'>ι</span> <span class='ocrx_word' id='word_1_150' title='bbox 2700 687 2789 755; x_wconf 90' lang='lat' dir='ltr'><strong>qui</strong></span> <span class='ocrx_word' id='word_1_151' title='bbox 2833 688 3143 753; x_wconf 87' lang='lat' dir='ltr'><strong>suscitavit;</strong></span> <span class='ocrx_word' id='word_1_152' title='bbox 3187 688 3300 756; x_wconf 89' lang='lat' dir='ltr'><strong>ipse</strong></span> <span class='ocrx_word' id='word_1_153' title='bbox 3344 687 3464 741; x_wconf 87' lang='lat' dir='ltr'><strong>tulit</strong></span> 
     </span>
    </p>
   </div>
   <div class='ocr_carea' id='block_1_21' title="bbox 1879 774 3468 845">
    <p class='ocr_par' dir='ltr' id='par_1_21' title="bbox 1879 774 3468 845">
     <span class='ocr_line' id='line_1_21' title="bbox 1879 774 3468 845; baseline 0.001 -17"><span class='ocrx_word' id='word_1_154' title='bbox 1879 789 2092 842; x_wconf 86' lang='lat' dir='ltr'><strong>corpus.</strong></span> <span class='ocrx_word' id='word_1_155' title='bbox 2120 775 2211 843; x_wconf 85' lang='lat' dir='ltr'><strong>qui</strong></span> <span class='ocrx_word' id='word_1_156' title='bbox 2244 774 2370 828; x_wconf 92' lang='lat' dir='ltr'><strong>illud</strong></span> <span class='ocrx_word' id='word_1_157' title='bbox 2410 774 2597 842; x_wconf 89' lang='lat' dir='ltr'><strong>jaceus</strong></span> <span class='ocrx_word' id='word_1_158' title='bbox 2635 784 2690 829; x_wconf 89' lang='lat' dir='ltr'><strong>et</strong></span> <span class='ocrx_word' id='word_1_159' title='bbox 2716 776 2989 830; x_wconf 89' lang='lat' dir='ltr'><strong>dormiens</strong></span> <span class='ocrx_word' id='word_1_160' title='bbox 3015 791 3110 830; x_wconf 91' lang='lat' dir='ltr'><strong>sua</strong></span> <span class='ocrx_word' id='word_1_161' title='bbox 3140 774 3468 845; x_wconf 80' lang='lat' dir='ltr'><strong>aspiratione</strong></span> 
     </span>
    </p>
   </div>
   <div class='ocr_carea' id='block_1_22' title="bbox 1880 864 3465 934">
    <p class='ocr_par' dir='ltr' id='par_1_22' title="bbox 1880 864 3465 934">
     <span class='ocr_line' id='line_1_22' title="bbox 1880 864 3465 934; baseline 0 -15"><span class='ocrx_word' id='word_1_162' title='bbox 1880 864 2097 933; x_wconf 78' lang='lat' dir='ltr'><strong>collegit</strong></span> <span class='ocrx_word' id='word_1_163' title='bbox 2123 882 2137 917; x_wconf 89' lang='lat'>:</span> <span class='ocrx_word' id='word_1_164' title='bbox 2164 864 2278 934; x_wconf 89' lang='lat' dir='ltr'><strong>ipse</strong></span> <span class='ocrx_word' id='word_1_165' title='bbox 2307 865 2429 919; x_wconf 90' lang='lat' dir='ltr'><strong>tulit</strong></span> <span class='ocrx_word' id='word_1_166' title='bbox 2449 880 2664 934; x_wconf 81' lang='lat' dir='ltr'><strong>corpus,</strong></span> <span class='ocrx_word' id='word_1_167' title='bbox 2689 866 2779 934; x_wconf 90' lang='lat' dir='ltr'><strong>qui</strong></span> <span class='ocrx_word' id='word_1_168' title='bbox 2801 866 3091 920; x_wconf 81' lang='lat' dir='ltr'><strong>divinitatis</strong></span> <span class='ocrx_word' id='word_1_169' title='bbox 3111 864 3240 919; x_wconf 90' lang='lat' dir='ltr'><strong>illud</strong></span> <span class='ocrx_word' id='word_1_170' title='bbox 3265 865 3465 919; x_wconf 82' lang='lat' dir='ltr'><strong>virtute</strong></span> 
     </span>
    </p>
   </div>
   <div class='ocr_carea' id='block_1_23' title="bbox 1879 954 3461 1027">
    <p class='ocr_par' dir='ltr' id='par_1_23' title="bbox 1879 954 3461 1027">
     <span class='ocr_line' id='line_1_23' title="bbox 1879 954 3461 1027; baseline 0.001 -18"><span class='ocrx_word' id='word_1_171' title='bbox 1879 965 2094 1024; x_wconf 85' lang='lat' dir='ltr'><strong>gestans</strong></span> <span class='ocrx_word' id='word_1_172' title='bbox 2120 954 2144 991; x_wconf 78' lang='grc'><strong>¹²</strong></span> <span class='ocrx_word' id='word_1_173' title='bbox 2168 967 2349 1027; x_wconf 86' lang='lat' dir='ltr'><strong>portat</strong></span> <span class='ocrx_word' id='word_1_174' title='bbox 2376 957 2443 1011; x_wconf 93' lang='lat' dir='ltr'><strong>ad</strong></span> <span class='ocrx_word' id='word_1_175' title='bbox 2472 959 2667 1024; x_wconf 74' lang='lat' dir='ltr'><strong>oculos;</strong></span> <span class='ocrx_word' id='word_1_176' title='bbox 2694 968 2855 1027; x_wconf 82' lang='lat' dir='ltr'><strong>atque</strong></span> <span class='ocrx_word' id='word_1_177' title='bbox 2875 958 2997 1013; x_wconf 91' lang='lat' dir='ltr'><strong>ideo</strong></span> <span class='ocrx_word' id='word_1_178' title='bbox 3025 958 3217 1012; x_wconf 86' lang='lat' dir='ltr'><strong>mulier</strong></span> <span class='ocrx_word' id='word_1_179' title='bbox 3242 957 3461 1027; x_wconf 86' lang='lat' dir='ltr'><strong>sapien-</strong></span> 
     </span>
    </p>
   </div>
   <div class='ocr_carea' id='block_1_24' title="bbox 1881 1039 3463 1117">
    <p class='ocr_par' dir='ltr' id='par_1_24' title="bbox 1881 1039 3463 1117">
     <span class='ocr_line' id='line_1_24' title="bbox 1881 1039 3463 1117; baseline 0.002 -18"><span class='ocrx_word' id='word_1_180' title='bbox 1881 1054 1965 1099; x_wconf 90' lang='lat' dir='ltr'><strong>ter</strong></span> <span class='ocrx_word' id='word_1_181' title='bbox 1993 1047 2289 1116; x_wconf 84' lang='lat' dir='ltr'><strong>interrogat</strong></span> <span class='ocrx_word' id='word_1_182' title='bbox 2334 1058 2390 1103; x_wconf 91' lang='lat' dir='ltr'><strong>et</strong></span> <span class='ocrx_word' id='word_1_183' title='bbox 2434 1050 2699 1117; x_wconf 85' lang='lat' dir='ltr'><strong>requirit:</strong></span> <span class='ocrx_word' id='word_1_184' title='bbox 2734 1039 2800 1103; x_wconf 85' lang='lat' dir='ltr'><strong>Si</strong></span> <span class='ocrx_word' id='word_1_185' title='bbox 2836 1058 2889 1102; x_wconf 89' lang='lat' dir='ltr'><strong>tu</strong></span> <span class='ocrx_word' id='word_1_186' title='bbox 2936 1050 3094 1103; x_wconf 85' lang='lat' dir='ltr'><strong>tulisti</strong></span> <span class='ocrx_word' id='word_1_187' title='bbox 3137 1066 3272 1115; x_wconf 69' lang='lat' dir='ltr'><strong>mm,</strong></span> <span class='ocrx_word' id='word_1_188' title='bbox 3303 1049 3463 1103; x_wconf 79' lang='lat' dir='ltr'><strong>dicito</strong></span> 
     </span>
    </p>
   </div>
   <div class='ocr_carea' id='block_1_25' title="bbox 1879 1138 3465 1209">
    <p class='ocr_par' dir='ltr' id='par_1_25' title="bbox 1879 1138 3465 1209">
     <span class='ocr_line' id='line_1_25' title="bbox 1879 1138 3465 1209; baseline 0.003 -19"><span class='ocrx_word' id='word_1_189' title='bbox 1879 1138 2004 1191; x_wconf 87' lang='lat' dir='ltr'><strong>mihi</strong></span> <span class='ocrx_word' id='word_1_190' title='bbox 2033 1138 2117 1192; x_wconf 86' lang='lat' dir='ltr'><strong>ubi</strong></span> <span class='ocrx_word' id='word_1_191' title='bbox 2153 1141 2371 1209; x_wconf 85' lang='lat' dir='ltr'><strong>posuisti</strong></span> <span class='ocrx_word' id='word_1_192' title='bbox 2415 1143 2570 1194; x_wconf 87' lang='lat' dir='ltr'><strong>eum?</strong></span> <span class='ocrx_word' id='word_1_193' title='bbox 2597 1142 2699 1196; x_wconf 90' lang='lat' dir='ltr'><strong>hoc</strong></span> <span class='ocrx_word' id='word_1_194' title='bbox 2728 1150 2831 1206; x_wconf 89' lang='lat' dir='ltr'><strong>est,</strong></span> <span class='ocrx_word' id='word_1_195' title='bbox 2860 1142 2903 1195; x_wconf 87' lang='lat' dir='ltr'><strong>si</strong></span> <span class='ocrx_word' id='word_1_196' title='bbox 2946 1142 3077 1195; x_wconf 90' lang='lat' dir='ltr'><strong>illud</strong></span> <span class='ocrx_word' id='word_1_197' title='bbox 3122 1140 3369 1197; x_wconf 82' lang='lat' dir='ltr'><strong>auferens</strong></span> <span class='ocrx_word' id='word_1_198' title='bbox 3396 1141 3465 1195; x_wconf 85' lang='lat' dir='ltr'><strong>de</strong></span> 
     </span>
    </p>
   </div>
   <div class='ocr_carea' id='block_1_26' title="bbox 1880 1230 3463 1301">
    <p class='ocr_par' dir='ltr' id='par_1_26' title="bbox 1880 1230 3463 1301">
     <span class='ocr_line' id='line_1_26' title="bbox 1880 1230 3463 1301; baseline 0.002 -19"><span class='ocrx_word' id='word_1_199' title='bbox 1880 1230 2235 1299; x_wconf 74' lang='lat' dir='ltr'><strong>sepulcro-ad</strong></span> <span class='ocrx_word' id='word_1_200' title='bbox 2272 1232 2581 1301; x_wconf 85' lang='lat' dir='ltr'><strong>paradisum</strong></span> <span class='ocrx_word' id='word_1_201' title='bbox 2630 1233 2967 1286; x_wconf 76' lang='lat' dir='ltr'><strong>transtulisti.</strong></span> <span class='ocrx_word' id='word_1_202' title='bbox 3021 1231 3276 1286; x_wconf 84' lang='lat' dir='ltr'><strong>Audierat</strong></span> <span class='ocrx_word' id='word_1_203' title='bbox 3320 1231 3463 1285; x_wconf 89' lang='lat' dir='ltr'><strong>enim</strong></span> 
     </span>
    </p>
   </div>
   <div class='ocr_carea' id='block_1_27' title="bbox 1880 1319 3464 1389">
    <p class='ocr_par' dir='ltr' id='par_1_27' title="bbox 1880 1319 3464 1389">
     <span class='ocr_line' id='line_1_27' title="bbox 1880 1319 3464 1389; baseline 0.001 -16"><span class='ocrx_word' id='word_1_204' title='bbox 1880 1319 2029 1373; x_wconf 91' lang='lat' dir='ltr'><strong>illum</strong></span> <span class='ocrx_word' id='word_1_205' title='bbox 2059 1320 2328 1375; x_wconf 89' lang='lat' dir='ltr'><strong>dicentem</strong></span> <span class='ocrx_word' id='word_1_206' title='bbox 2358 1321 2575 1389; x_wconf 87' lang='lat' dir='ltr'><strong>latroni,</strong></span> <span class='ocrx_word' id='word_1_207' title='bbox 2609 1320 2783 1376; x_wconf 81' lang='lat' dir='ltr'><strong>Hodie</strong></span> <span class='ocrx_word' id='word_1_208' title='bbox 2801 1337 2997 1375; x_wconf 87' lang='lat' dir='ltr'><strong>mecum</strong></span> <span class='ocrx_word' id='word_1_209' title='bbox 3022 1321 3125 1374; x_wconf 89' lang='lat' dir='ltr'><strong>eris</strong></span> <span class='ocrx_word' id='word_1_210' title='bbox 3143 1322 3198 1374; x_wconf 88' lang='lat' dir='ltr'><strong>in</strong></span> <span class='ocrx_word' id='word_1_211' title='bbox 3220 1320 3464 1389; x_wconf 79' lang='lat' dir='ltr'><strong>paradiso</strong></span> 
     </span>
    </p>
   </div>
   <div class='ocr_carea' id='block_1_28' title="bbox 1882 1408 3465 1480">
    <p class='ocr_par' dir='ltr' id='par_1_28' title="bbox 1882 1408 3465 1480">
     <span class='ocr_line' id='line_1_28' title="bbox 1882 1408 3465 1480; baseline 0.001 -17"><span class='ocrx_word' id='word_1_212' title='bbox 1882 1408 2034 1480; x_wconf 85' lang='lat' dir='ltr'><strong>(Luc.</strong></span> <span class='ocrx_word' id='word_1_213' title='bbox 2070 1410 2243 1480; x_wconf 80' lang='lat' dir='ltr'><strong>mu).</strong></span> <span class='ocrx_word' id='word_1_214' title='bbox 2279 1410 2384 1464; x_wconf 88' lang='lat' dir='ltr'><strong>Aut</strong></span> <span class='ocrx_word' id='word_1_215' title='bbox 2414 1422 2563 1465; x_wconf 89' lang='lat' dir='ltr'><strong>certe</strong></span> <span class='ocrx_word' id='word_1_216' title='bbox 2590 1411 2658 1465; x_wconf 88' lang='lat' dir='ltr'><strong>de</strong></span> <span class='ocrx_word' id='word_1_217' title='bbox 2701 1412 2924 1465; x_wconf 84' lang='lat' dir='ltr'><strong>infernis</strong></span> <span class='ocrx_word' id='word_1_218' title='bbox 2951 1411 3004 1464; x_wconf 93' lang='lat' dir='ltr'><strong>in</strong></span> <span class='ocrx_word' id='word_1_219' title='bbox 3035 1410 3209 1464; x_wconf 87' lang='lat' dir='ltr'><strong>Patris</strong></span> <span class='ocrx_word' id='word_1_220' title='bbox 3247 1410 3465 1465; x_wconf 77' lang='lat' dir='ltr'><strong>dextera</strong></span> 
     </span>
    </p>
   </div>
   <div class='ocr_carea' id='block_1_29' title="bbox 1879 1500 3466 1571">
    <p class='ocr_par' dir='ltr' id='par_1_29' title="bbox 1879 1500 3466 1571">
     <span class='ocr_line' id='line_1_29' title="bbox 1879 1500 3466 1571; baseline -0.001 -16"><span class='ocrx_word' id='word_1_221' title='bbox 1879 1502 2185 1565; x_wconf 89' lang='lat' dir='ltr'><strong>collocasti,</strong></span> <span class='ocrx_word' id='word_1_222' title='bbox 2236 1503 2376 1556; x_wconf 89' lang='lat' dir='ltr'><strong>sicut</strong></span> <span class='ocrx_word' id='word_1_223' title='bbox 2414 1502 2489 1556; x_wconf 88' lang='lat' dir='ltr'><strong>ait</strong></span> <span class='ocrx_word' id='word_1_224' title='bbox 2536 1502 2825 1571; x_wconf 84' lang='lat' dir='ltr'><strong>Apostolus</strong></span> <span class='ocrx_word' id='word_1_225' title='bbox 2862 1521 2874 1554; x_wconf 94' lang='lat'>:</span> <span class='ocrx_word' id='word_1_226' title='bbox 2923 1500 3052 1566; x_wconf 81' lang='lat' dir='ltr'><strong>Qua:</strong></span> <span class='ocrx_word' id='word_1_227' title='bbox 3098 1519 3302 1556; x_wconf 88' lang='lat' dir='ltr'><strong>sursum</strong></span> <span class='ocrx_word' id='word_1_228' title='bbox 3345 1509 3466 1555; x_wconf 85' lang='lat' dir='ltr'><strong>sunt</strong></span> 
     </span>
    </p>
   </div>
   <div class='ocr_carea' id='block_1_30' title="bbox 1878 1590 3461 1662">
    <p class='ocr_par' dir='ltr' id='par_1_30' title="bbox 1878 1590 3461 1662">
     <span class='ocr_line' id='line_1_30' title="bbox 1878 1590 3461 1662; baseline 0.003 -20"><span class='ocrx_word' id='word_1_229' title='bbox 1878 1593 2109 1662; x_wconf 78' lang='lat' dir='ltr'><strong>quwrite,</strong></span> <span class='ocrx_word' id='word_1_230' title='bbox 2134 1591 2217 1645; x_wconf 76' lang='lat' dir='ltr'><strong>ubi</strong></span> <span class='ocrx_word' id='word_1_231' title='bbox 2250 1590 2482 1645; x_wconf 86' lang='lat' dir='ltr'><strong>Christus</strong></span> <span class='ocrx_word' id='word_1_232' title='bbox 2522 1600 2599 1645; x_wconf 90' lang='lat' dir='ltr'><strong>est</strong></span> <span class='ocrx_word' id='word_1_233' title='bbox 2626 1592 2694 1643; x_wconf 90' lang='lat' dir='ltr'><strong>ad</strong></span> <span class='ocrx_word' id='word_1_234' title='bbox 2722 1592 2985 1645; x_wconf 80' lang='lat' dir='ltr'><strong>dexteram</strong></span> <span class='ocrx_word' id='word_1_235' title='bbox 3016 1590 3115 1645; x_wconf 84' lang='lat' dir='ltr'><strong>Dei</strong></span> <span class='ocrx_word' id='word_1_236' title='bbox 3143 1590 3159 1628; x_wconf 77' lang='grc' dir='ltr'>ί</span> <span class='ocrx_word' id='word_1_237' title='bbox 3192 1590 3324 1660; x_wconf 83' lang='lat' dir='ltr'><strong>(Col.</strong></span> <span class='ocrx_word' id='word_1_238' title='bbox 3346 1592 3461 1659; x_wconf 61' lang='lat' dir='ltr'><strong>&#39;tu).</strong></span> 
     </span>
    </p>
   </div>
   <div class='ocr_carea' id='block_1_31' title="bbox 1880 1680 3465 1751">
    <p class='ocr_par' dir='ltr' id='par_1_31' title="bbox 1880 1680 3465 1751">
     <span class='ocr_line' id='line_1_31' title="bbox 1880 1680 3465 1751; baseline 0.001 -17"><span class='ocrx_word' id='word_1_239' title='bbox 1880 1680 2077 1735; x_wconf 87' lang='lat' dir='ltr'><strong>Beatus</strong></span> <span class='ocrx_word' id='word_1_240' title='bbox 2105 1696 2234 1750; x_wconf 89' lang='lat' dir='ltr'><strong>ergo</strong></span> <span class='ocrx_word' id='word_1_241' title='bbox 2263 1683 2353 1750; x_wconf 91' lang='lat' dir='ltr'><strong>qui</strong></span> <span class='ocrx_word' id='word_1_242' title='bbox 2402 1682 2474 1735; x_wconf 91' lang='lat' dir='ltr'><strong>ita</strong></span> <span class='ocrx_word' id='word_1_243' title='bbox 2519 1682 2708 1751; x_wconf 72' lang='lat' dir='ltr'><strong>qumrit</strong></span> <span class='ocrx_word' id='word_1_244' title='bbox 2735 1682 3008 1737; x_wconf 86' lang='lat' dir='ltr'><strong>Christum</strong></span> <span class='ocrx_word' id='word_1_245' title='bbox 3044 1682 3359 1748; x_wconf 89' lang='lat' dir='ltr'><strong>Dominum,</strong></span> <span class='ocrx_word' id='word_1_246' title='bbox 3406 1691 3465 1735; x_wconf 91' lang='lat' dir='ltr'><strong>ut</strong></span> 
     </span>
    </p>
   </div>
   <div class='ocr_carea' id='block_1_32' title="bbox 1882 1770 3465 1840">
    <p class='ocr_par' dir='ltr' id='par_1_32' title="bbox 1882 1770 3465 1840">
     <span class='ocr_line' id='line_1_32' title="bbox 1882 1770 3465 1840; baseline 0.001 -17"><span class='ocrx_word' id='word_1_247' title='bbox 1882 1770 2069 1824; x_wconf 87' lang='lat' dir='ltr'><strong>credat</strong></span> <span class='ocrx_word' id='word_1_248' title='bbox 2096 1785 2219 1825; x_wconf 90' lang='lat' dir='ltr'><strong>eum</strong></span> <span class='ocrx_word' id='word_1_249' title='bbox 2248 1778 2303 1826; x_wconf 90' lang='lat' dir='ltr'><strong>et</strong></span> <span class='ocrx_word' id='word_1_250' title='bbox 2324 1772 2377 1825; x_wconf 91' lang='lat' dir='ltr'><strong>in</strong></span> <span class='ocrx_word' id='word_1_251' title='bbox 2401 1771 2651 1840; x_wconf 90' lang='lat' dir='ltr'><strong>paradiso</strong></span> <span class='ocrx_word' id='word_1_252' title='bbox 2685 1771 3055 1837; x_wconf 67' lang='lat' dir='ltr'><strong>constitutum,</strong></span> <span class='ocrx_word' id='word_1_253' title='bbox 3080 1779 3136 1825; x_wconf 84' lang='lat' dir='ltr'><strong>et</strong></span> <span class='ocrx_word' id='word_1_254' title='bbox 3159 1771 3212 1825; x_wconf 90' lang='lat' dir='ltr'><strong>iu</strong></span> <span class='ocrx_word' id='word_1_255' title='bbox 3233 1770 3465 1825; x_wconf 71' lang='lat' dir='ltr'><strong>cmlesti—</strong></span> 
     </span>
    </p>
   </div>
   <div class='ocr_carea' id='block_1_33' title="bbox 209 1859 3465 1934">
    <p class='ocr_par' dir='ltr' id='par_1_33' title="bbox 209 1859 3465 1934">
     <span class='ocr_line' id='line_1_33' title="bbox 209 1859 3465 1934; baseline -0 -18"><span class='ocrx_word' id='word_1_256' title='bbox 209 1873 252 1917; x_wconf 91' lang='lat' dir='ltr'><strong>et</strong></span> <span class='ocrx_word' id='word_1_257' title='bbox 275 1880 361 1934; x_wconf 83' lang='lat' dir='ltr'><strong>ego</strong></span> <span class='ocrx_word' id='word_1_258' title='bbox 404 1863 556 1916; x_wconf 82' lang='lat' dir='ltr'><strong>illum</strong></span> <span class='ocrx_word' id='word_1_259' title='bbox 591 1862 787 1916; x_wconf 88' lang='lat' dir='ltr'><strong>tollam.</strong></span> <span class='ocrx_word' id='word_1_260' title='bbox 838 1860 1197 1915; x_wconf 80' lang='lat' dir='ltr'><strong>Existimabat</strong></span> <span class='ocrx_word' id='word_1_261' title='bbox 1240 1862 1385 1915; x_wconf 89' lang='lat' dir='ltr'><strong>enim</strong></span> <span class='ocrx_word' id='word_1_262' title='bbox 1434 1861 1602 1926; x_wconf 91' lang='lat' dir='ltr'><strong>illum,</strong></span> <span class='ocrx_word' id='word_1_263' title='bbox 1647 1862 1785 1915; x_wconf 88' lang='lat' dir='ltr'><strong>sicut</strong></span> <span class='ocrx_word' id='word_1_264' title='bbox 1819 1872 1861 1930; x_wconf 74' lang='grc' dir='ltr'>Β</span> <span class='ocrx_word' id='word_1_265' title='bbox 1888 1860 1989 1915; x_wconf 89' lang='lat' dir='ltr'><strong>bus</strong></span> <span class='ocrx_word' id='word_1_266' title='bbox 2013 1861 2355 1916; x_wconf 90' lang='lat' dir='ltr'><strong>collocatum.</strong></span> <span class='ocrx_word' id='word_1_267' title='bbox 2388 1860 2523 1916; x_wconf 87' lang='lat' dir='ltr'><strong>Nam</strong></span> <span class='ocrx_word' id='word_1_268' title='bbox 2565 1861 2656 1930; x_wconf 92' lang='lat' dir='ltr'><strong>qui</strong></span> <span class='ocrx_word' id='word_1_269' title='bbox 2686 1876 2809 1915; x_wconf 90' lang='lat' dir='ltr'><strong>eum</strong></span> <span class='ocrx_word' id='word_1_270' title='bbox 2838 1870 2929 1915; x_wconf 89' lang='lat' dir='ltr'><strong>aut</strong></span> <span class='ocrx_word' id='word_1_271' title='bbox 2960 1860 3013 1915; x_wconf 93' lang='lat' dir='ltr'><strong>in</strong></span> <span class='ocrx_word' id='word_1_272' title='bbox 3040 1859 3260 1915; x_wconf 90' lang='lat' dir='ltr'><strong>infernis</strong></span> <span class='ocrx_word' id='word_1_273' title='bbox 3283 1860 3465 1929; x_wconf 81' lang='lat' dir='ltr'><strong>requi-</strong></span> 
     </span>
    </p>
   </div>
   <div class='ocr_carea' id='block_1_34' title="bbox 211 1952 1780 2023">
    <p class='ocr_par' dir='ltr' id='par_1_34' title="bbox 211 1952 1780 2023">
     <span class='ocr_line' id='line_1_34' title="bbox 211 1952 1780 2023; baseline 0 -16"><span class='ocrx_word' id='word_1_274' title='bbox 211 1954 326 2008; x_wconf 88' lang='lat' dir='ltr'><strong>dieit</strong></span> <span class='ocrx_word' id='word_1_275' title='bbox 370 1953 673 2023; x_wconf 90' lang='lat' dir='ltr'><strong>Scriptura,</strong></span> <span class='ocrx_word' id='word_1_276' title='bbox 724 1953 1066 2008; x_wconf 90' lang='lat' dir='ltr'><strong>hortulanum</strong></span> <span class='ocrx_word' id='word_1_277' title='bbox 1111 1968 1253 2009; x_wconf 88' lang='lat' dir='ltr'><strong>esse.</strong></span> <span class='ocrx_word' id='word_1_278' title='bbox 1303 1952 1498 2009; x_wconf 88' lang='lat' dir='ltr'><strong>Sancta</strong></span> <span class='ocrx_word' id='word_1_279' title='bbox 1547 1968 1676 2023; x_wconf 86' lang='lat' dir='ltr'><strong>ergo</strong></span> <span class='ocrx_word' id='word_1_280' title='bbox 1724 1961 1780 2007; x_wconf 91' lang='lat' dir='ltr'><strong>et</strong></span> 
     </span>
    </p>
   </div>
   <div class='ocr_carea' id='block_1_35' title="bbox 209 2042 1777 2114">
    <p class='ocr_par' dir='ltr' id='par_1_35' title="bbox 209 2042 1777 2114">
     <span class='ocr_line' id='line_1_35' title="bbox 209 2042 1777 2114; baseline 0.001 -16"><span class='ocrx_word' id='word_1_281' title='bbox 209 2045 413 2114; x_wconf 83' lang='lat' dir='ltr'><strong>simplex</strong></span> <span class='ocrx_word' id='word_1_282' title='bbox 458 2043 661 2099; x_wconf 84' lang='lat' dir='ltr'><strong>femina</strong></span> <span class='ocrx_word' id='word_1_283' title='bbox 709 2042 983 2098; x_wconf 89' lang='lat' dir='ltr'><strong>Christum</strong></span> <span class='ocrx_word' id='word_1_284' title='bbox 1026 2044 1334 2112; x_wconf 90' lang='lat' dir='ltr'><strong>requirebat</strong></span> <span class='ocrx_word' id='word_1_285' title='bbox 1369 2059 1399 2098; x_wconf 89' lang='lat' dir='ltr'><strong>a</strong></span> <span class='ocrx_word' id='word_1_286' title='bbox 1443 2043 1682 2112; x_wconf 84' lang='lat' dir='ltr'><strong>Christo,</strong></span> <span class='ocrx_word' id='word_1_287' title='bbox 1713 2060 1777 2100; x_wconf 89' lang='lat' dir='ltr'><strong>ac</strong></span> 
     </span>
    </p>
   </div>
   <div class='ocr_carea' id='block_1_36' title="bbox 1884 1952 3466 2027">
    <p class='ocr_par' dir='ltr' id='par_1_36' title="bbox 1884 1952 3466 2027">
     <span class='ocr_line' id='line_1_36' title="bbox 1884 1952 3466 2027; baseline 0.001 -20"><span class='ocrx_word' id='word_1_288' title='bbox 1884 1953 1972 2019; x_wconf 88' lang='lat' dir='ltr'><strong>rit,</strong></span> <span class='ocrx_word' id='word_1_289' title='bbox 2005 1962 2098 2009; x_wconf 89' lang='lat' dir='ltr'><strong>aut</strong></span> <span class='ocrx_word' id='word_1_290' title='bbox 2140 1954 2193 2007; x_wconf 87' lang='lat' dir='ltr'><strong>in</strong></span> <span class='ocrx_word' id='word_1_291' title='bbox 2233 1953 2471 2023; x_wconf 86' lang='lat' dir='ltr'><strong>tumulis,</strong></span> <span class='ocrx_word' id='word_1_292' title='bbox 2502 1954 2697 2009; x_wconf 90' lang='lat' dir='ltr'><strong>dicitur</strong></span> <span class='ocrx_word' id='word_1_293' title='bbox 2724 1955 2775 2010; x_wconf 92' lang='lat' dir='ltr'><strong>ci</strong></span> <span class='ocrx_word' id='word_1_294' title='bbox 2800 1972 2812 2008; x_wconf 90' lang='lat'>:</span> <span class='ocrx_word' id='word_1_295' title='bbox 2848 1952 2985 2019; x_wconf 83' lang='lat' dir='ltr'><strong>Quid</strong></span> <span class='ocrx_word' id='word_1_296' title='bbox 3011 1956 3195 2027; x_wconf 68' lang='lat' dir='ltr'><strong>quieris</strong></span> <span class='ocrx_word' id='word_1_297' title='bbox 3224 1954 3466 2009; x_wconf 72' lang='lat' dir='ltr'><strong>viventem</strong></span> 
     </span>
    </p>
   </div>
   <div class='ocr_carea' id='block_1_37' title="bbox 1884 2044 2284 2099">
    <p class='ocr_par' dir='ltr' id='par_1_37' title="bbox 1884 2044 2284 2099">
     <span class='ocr_line' id='line_1_37' title="bbox 1884 2044 2284 2099; baseline 0.005 -2"><span class='ocrx_word' id='word_1_298' title='bbox 1884 2060 1999 2098; x_wconf 88' lang='lat' dir='ltr'><strong>cum</strong></span> <span class='ocrx_word' id='word_1_299' title='bbox 2028 2044 2284 2099; x_wconf 78' lang='lat' dir='ltr'><strong>mortuis?</strong></span> 
     </span>
    </p>
   </div>
   <div class='ocr_carea' id='block_1_38' title="bbox 209 2133 1776 2203">
    <p class='ocr_par' dir='ltr' id='par_1_38' title="bbox 209 2133 1776 2203">
     <span class='ocr_line' id='line_1_38' title="bbox 209 2133 1776 2203; baseline -0.001 -14"><span class='ocrx_word' id='word_1_300' title='bbox 209 2133 474 2190; x_wconf 84' lang='lat' dir='ltr'><strong>devotione</strong></span> <span class='ocrx_word' id='word_1_301' title='bbox 524 2133 719 2190; x_wconf 88' lang='lat' dir='ltr'><strong>mentis</strong></span> <span class='ocrx_word' id='word_1_302' title='bbox 766 2134 1069 2203; x_wconf 86' lang='lat' dir='ltr'><strong>prophetat,</strong></span> <span class='ocrx_word' id='word_1_303' title='bbox 1104 2144 1128 2172; x_wconf 77' lang='grc' dir='ltr'><strong>ο</strong></span> <span class='ocrx_word' id='word_1_304' title='bbox 1160 2142 1216 2189; x_wconf 90' lang='lat' dir='ltr'><strong>et</strong></span> <span class='ocrx_word' id='word_1_305' title='bbox 1259 2135 1433 2189; x_wconf 89' lang='lat' dir='ltr'><strong>nescit</strong></span> <span class='ocrx_word' id='word_1_306' title='bbox 1468 2152 1479 2187; x_wconf 93' lang='lat'>:</span> <span class='ocrx_word' id='word_1_307' title='bbox 1513 2135 1589 2188; x_wconf 89' lang='lat' dir='ltr'><strong>ait</strong></span> <span class='ocrx_word' id='word_1_308' title='bbox 1633 2135 1776 2188; x_wconf 92' lang='lat' dir='ltr'><strong>enim</strong></span> 
     </span>
    </p>
   </div>
   <div class='ocr_carea' id='block_1_39' title="bbox 1480 2226 2195 2289">
    <p class='ocr_par' dir='ltr' id='par_1_39' title="bbox 1480 2226 2195 2289">
     <span class='ocr_line' id='line_1_39' title="bbox 1480 2226 2195 2289; baseline -0.003 -1"><span class='ocrx_word' id='word_1_309' title='bbox 1480 2228 1825 2289; x_wconf 85' lang='lat' dir='ltr'><strong>HOMILIA</strong></span> <span class='ocrx_word' id='word_1_310' title='bbox 1872 2226 2195 2288; x_wconf 81' lang='lat' dir='ltr'><strong>LXXXV.</strong></span> 
     </span>
    </p>
   </div>
   <div class='ocr_carea' id='block_1_40' title="bbox 628 2344 3037 2420">
    <p class='ocr_par' dir='ltr' id='par_1_40' title="bbox 628 2344 3037 2420">
     <span class='ocr_line' id='line_1_40' title="bbox 628 2344 3037 2420; baseline 0.001 -21"><span class='ocrx_word' id='word_1_311' title='bbox 628 2344 704 2400; x_wconf 88' lang='lat' dir='ltr'><strong>De</strong></span> <span class='ocrx_word' id='word_1_312' title='bbox 729 2363 788 2400; x_wconf 92' lang='lat' dir='ltr'><strong>eo</strong></span> <span class='ocrx_word' id='word_1_313' title='bbox 818 2346 958 2417; x_wconf 90' lang='lat' dir='ltr'><strong>quod</strong></span> <span class='ocrx_word' id='word_1_314' title='bbox 983 2347 1234 2417; x_wconf 87' lang='lat' dir='ltr'><strong>scriptum</strong></span> <span class='ocrx_word' id='word_1_315' title='bbox 1258 2356 1375 2401; x_wconf 87' lang='lat' dir='ltr'><strong>est:</strong></span> <span class='ocrx_word' id='word_1_316' title='bbox 1408 2345 1537 2411; x_wconf 83' lang='lat' dir='ltr'><strong>Quis</strong></span> <span class='ocrx_word' id='word_1_317' title='bbox 1565 2356 1719 2419; x_wconf 84' lang='lat' dir='ltr'><strong>putas</strong></span> <span class='ocrx_word' id='word_1_318' title='bbox 1740 2348 1911 2418; x_wconf 90' lang='lat' dir='ltr'><strong>major</strong></span> <span class='ocrx_word' id='word_1_319' title='bbox 1937 2358 2012 2401; x_wconf 88' lang='lat' dir='ltr'><strong>est</strong></span> <span class='ocrx_word' id='word_1_320' title='bbox 2042 2348 2095 2401; x_wconf 91' lang='lat' dir='ltr'><strong>in</strong></span> <span class='ocrx_word' id='word_1_321' title='bbox 2129 2364 2290 2419; x_wconf 86' lang='lat' dir='ltr'><strong>regno</strong></span> <span class='ocrx_word' id='word_1_322' title='bbox 2314 2347 2591 2402; x_wconf 71' lang='lat' dir='ltr'><strong>caelorum?</strong></span> <span class='ocrx_word' id='word_1_323' title='bbox 2620 2346 2834 2420; x_wconf 84' lang='lat' dir='ltr'><strong>(Matth.</strong></span> <span class='ocrx_word' id='word_1_324' title='bbox 2867 2348 3037 2419; x_wconf 80' lang='lat' dir='ltr'><strong>xvul.)</strong></span> 
     </span>
    </p>
   </div>
   <div class='ocr_carea' id='block_1_41' title="bbox 1643 2458 2032 2515">
    <p class='ocr_par' dir='ltr' id='par_1_41' title="bbox 1643 2458 2032 2515">
     <span class='ocr_line' id='line_1_41' title="bbox 1643 2458 2032 2515; baseline 0.003 -2"><span class='ocrx_word' id='word_1_325' title='bbox 1643 2458 2032 2515; x_wconf 84' lang='lat' dir='ltr'><strong>ADMONITIO.</strong></span> 
     </span>
    </p>
   </div>
   <div class='ocr_carea' id='block_1_42' title="bbox 268 2571 3464 2644">
    <p class='ocr_par' dir='ltr' id='par_1_42' title="bbox 268 2571 3464 2644">
     <span class='ocr_line' id='line_1_42' title="bbox 268 2571 3464 2644; baseline 0.002 -16"><span class='ocrx_word' id='word_1_326' title='bbox 268 2574 377 2629; x_wconf 85' lang='lat' dir='ltr'><strong>Non</strong></span> <span class='ocrx_word' id='word_1_327' title='bbox 407 2582 497 2630; x_wconf 81' lang='lat' dir='ltr'><strong>est</strong></span> <span class='ocrx_word' id='word_1_328' title='bbox 525 2590 663 2644; x_wconf 88' lang='lat' dir='ltr'><strong>opus</strong></span> <span class='ocrx_word' id='word_1_329' title='bbox 709 2582 767 2628; x_wconf 92' lang='lat' dir='ltr'><strong>ut</strong></span> <span class='ocrx_word' id='word_1_330' title='bbox 795 2588 890 2629; x_wconf 89' lang='lat' dir='ltr'><strong>eos</strong></span> <span class='ocrx_word' id='word_1_331' title='bbox 915 2572 1220 2628; x_wconf 89' lang='lat' dir='ltr'><strong>refellamus</strong></span> <span class='ocrx_word' id='word_1_332' title='bbox 1258 2573 1349 2643; x_wconf 91' lang='lat' dir='ltr'><strong>qui</strong></span> <span class='ocrx_word' id='word_1_333' title='bbox 1377 2571 1435 2628; x_wconf 93' lang='lat' dir='ltr'><strong>S.</strong></span> <span class='ocrx_word' id='word_1_334' title='bbox 1468 2572 1697 2627; x_wconf 83' lang='lat' dir='ltr'><strong>Maximo</strong></span> <span class='ocrx_word' id='word_1_335' title='bbox 1727 2574 1868 2628; x_wconf 89' lang='lat' dir='ltr'><strong>hanc</strong></span> <span class='ocrx_word' id='word_1_336' title='bbox 1895 2574 2170 2628; x_wconf 91' lang='lat' dir='ltr'><strong>homiliam</strong></span> <span class='ocrx_word' id='word_1_337' title='bbox 2198 2574 2555 2639; x_wconf 86' lang='lat' dir='ltr'><strong>adimendam,</strong></span> <span class='ocrx_word' id='word_1_338' title='bbox 2588 2576 3065 2644; x_wconf 85' lang='lat' dir='ltr'><strong>ascribendamque</strong></span> <span class='ocrx_word' id='word_1_339' title='bbox 3092 2574 3149 2629; x_wconf 87' lang='lat' dir='ltr'><strong>S.</strong></span> <span class='ocrx_word' id='word_1_340' title='bbox 3182 2575 3464 2633; x_wconf 82' lang='lat' dir='ltr'><strong>Ambrosio</strong></span> 
     </span>
    </p>
   </div>
   <div class='ocr_carea' id='block_1_43' title="bbox 209 2644 3463 2716">
    <p class='ocr_par' dir='ltr' id='par_1_43' title="bbox 209 2644 3463 2716">
     <span class='ocr_line' id='line_1_43' title="bbox 209 2644 3463 2716; baseline -0 -15"><span class='ocrx_word' id='word_1_341' title='bbox 209 2654 538 2716; x_wconf 83' lang='lat' dir='ltr'><strong>censuerunt.</strong></span> <span class='ocrx_word' id='word_1_342' title='bbox 560 2644 762 2716; x_wconf 76' lang='lat' dir='ltr'><strong>Eorum</strong></span> <span class='ocrx_word' id='word_1_343' title='bbox 785 2645 929 2699; x_wconf 88' lang='lat' dir='ltr'><strong>enim</strong></span> <span class='ocrx_word' id='word_1_344' title='bbox 953 2654 1005 2697; x_wconf 90' lang='lat' dir='ltr'><strong>et</strong></span> <span class='ocrx_word' id='word_1_345' title='bbox 1024 2651 1264 2716; x_wconf 82' lang='lat' dir='ltr'><strong>veterum</strong></span> <span class='ocrx_word' id='word_1_346' title='bbox 1286 2644 1529 2716; x_wconf 77' lang='lat' dir='ltr'><strong>codicum</strong></span> <span class='ocrx_word' id='word_1_347' title='bbox 1555 2660 1683 2716; x_wconf 82' lang='lat' dir='ltr'><strong>mss.</strong></span> <span class='ocrx_word' id='word_1_348' title='bbox 1716 2645 2123 2716; x_wconf 82' lang='lat' dir='ltr'><strong>auctoritateac</strong></span> <span class='ocrx_word' id='word_1_349' title='bbox 2142 2646 2315 2716; x_wconf 84' lang='lat' dir='ltr'><strong>copia,</strong></span> <span class='ocrx_word' id='word_1_350' title='bbox 2352 2655 2413 2716; x_wconf 78' lang='lat' dir='ltr'><strong>et</strong></span> <span class='ocrx_word' id='word_1_351' title='bbox 2426 2646 2549 2716; x_wconf 89' lang='lat' dir='ltr'><strong>styli</strong></span> <span class='ocrx_word' id='word_1_352' title='bbox 2582 2647 2791 2701; x_wconf 89' lang='lat' dir='ltr'><strong>ratione</strong></span> <span class='ocrx_word' id='word_1_353' title='bbox 2822 2645 3084 2716; x_wconf 77' lang='lat' dir='ltr'><strong>refellitur</strong></span> <span class='ocrx_word' id='word_1_354' title='bbox 3104 2647 3463 2716; x_wconf 79' lang='lat' dir='ltr'><strong>evertiturquo</strong></span> 
     </span>
    </p>
   </div>
   <div class='ocr_carea' id='block_1_44' title="bbox 212 2713 3463 2785">
    <p class='ocr_par' dir='ltr' id='par_1_44' title="bbox 212 2713 3463 2785">
     <span class='ocr_line' id='line_1_44' title="bbox 212 2713 3463 2785; baseline 0 -16"><span class='ocrx_word' id='word_1_355' title='bbox 212 2716 389 2784; x_wconf 91' lang='lat' dir='ltr'><strong>opinio.</strong></span> <span class='ocrx_word' id='word_1_356' title='bbox 414 2715 823 2785; x_wconf 67' lang='lat' dir='ltr'><strong>Inquisitionem</strong></span> <span class='ocrx_word' id='word_1_357' title='bbox 853 2730 983 2769; x_wconf 87' lang='lat' dir='ltr'><strong>sane</strong></span> <span class='ocrx_word' id='word_1_358' title='bbox 1011 2713 1246 2785; x_wconf 85' lang='lat' dir='ltr'><strong>postulat</strong></span> <span class='ocrx_word' id='word_1_359' title='bbox 1272 2713 1453 2767; x_wconf 87' lang='lat' dir='ltr'><strong>titulus</strong></span> <span class='ocrx_word' id='word_1_360' title='bbox 1481 2713 1605 2785; x_wconf 87' lang='lat' dir='ltr'><strong>huic</strong></span> <span class='ocrx_word' id='word_1_361' title='bbox 1634 2714 1861 2767; x_wconf 77' lang='lat' dir='ltr'><strong>humilia:</strong></span> <span class='ocrx_word' id='word_1_362' title='bbox 1889 2715 1942 2767; x_wconf 89' lang='lat' dir='ltr'><strong>in</strong></span> <span class='ocrx_word' id='word_1_363' title='bbox 1971 2715 2127 2785; x_wconf 85' lang='lat' dir='ltr'><strong>editis</strong></span> <span class='ocrx_word' id='word_1_364' title='bbox 2156 2715 2305 2770; x_wconf 90' lang='lat' dir='ltr'><strong>libris</strong></span> <span class='ocrx_word' id='word_1_365' title='bbox 2334 2713 2550 2779; x_wconf 78' lang='lat' dir='ltr'><strong>aﬂixus,</strong></span> <span class='ocrx_word' id='word_1_366' title='bbox 2582 2716 2671 2783; x_wconf 90' lang='lat' dir='ltr'><strong>qui</strong></span> <span class='ocrx_word' id='word_1_367' title='bbox 2703 2724 2785 2771; x_wconf 89' lang='lat' dir='ltr'><strong>est</strong></span> <span class='ocrx_word' id='word_1_368' title='bbox 2813 2715 3115 2785; x_wconf 81' lang='lat' dir='ltr'><strong>hujusmodi</strong></span> <span class='ocrx_word' id='word_1_369' title='bbox 3142 2734 3153 2767; x_wconf 89' lang='lat'>:</span> <span class='ocrx_word' id='word_1_370' title='bbox 3182 2714 3246 2768; x_wconf 86' lang='lat' dir='ltr'><strong>In</strong></span> <span class='ocrx_word' id='word_1_371' title='bbox 3276 2713 3463 2769; x_wconf 59' lang='lat' dir='ltr'><strong>solem-</strong></span> 
     </span>
    </p>
   </div>
   <div class='ocr_carea' id='block_1_45' title="bbox 212 2783 3461 2854">
    <p class='ocr_par' dir='ltr' id='par_1_45' title="bbox 212 2783 3461 2854">
     <span class='ocr_line' id='line_1_45' title="bbox 212 2783 3461 2854; baseline 0 -17"><span class='ocrx_word' id='word_1_372' title='bbox 212 2783 356 2839; x_wconf 86' lang='lat' dir='ltr'><strong>nitate</strong></span> <span class='ocrx_word' id='word_1_373' title='bbox 383 2786 486 2838; x_wconf 82' lang='lat' dir='ltr'><strong>divi</strong></span> <span class='ocrx_word' id='word_1_374' title='bbox 516 2784 790 2837; x_wconf 82' lang='lat' dir='ltr'><strong>Michaelis</strong></span> <span class='ocrx_word' id='word_1_375' title='bbox 815 2785 1131 2854; x_wconf 82' lang='lat' dir='ltr'><strong>archangeli,</strong></span> <span class='ocrx_word' id='word_1_376' title='bbox 1164 2784 1227 2835; x_wconf 93' lang='lat' dir='ltr'><strong>de</strong></span> <span class='ocrx_word' id='word_1_377' title='bbox 1262 2800 1322 2836; x_wconf 92' lang='lat' dir='ltr'><strong>eo</strong></span> <span class='ocrx_word' id='word_1_378' title='bbox 1356 2783 1489 2853; x_wconf 84' lang='lat' dir='ltr'><strong>quod</strong></span> <span class='ocrx_word' id='word_1_379' title='bbox 1514 2785 1759 2852; x_wconf 87' lang='lat' dir='ltr'><strong>scriptum</strong></span> <span class='ocrx_word' id='word_1_380' title='bbox 1794 2794 1891 2846; x_wconf 79' lang='lat' dir='ltr'><strong>est,</strong></span> <span class='ocrx_word' id='word_1_381' title='bbox 1922 2796 2025 2837; x_wconf 88' lang='lat' dir='ltr'><strong>etc.</strong></span> <span class='ocrx_word' id='word_1_382' title='bbox 2061 2784 2157 2839; x_wconf 89' lang='lat' dir='ltr'><strong>llic</strong></span> <span class='ocrx_word' id='word_1_383' title='bbox 2183 2784 2356 2853; x_wconf 88' lang='lat' dir='ltr'><strong>primo</strong></span> <span class='ocrx_word' id='word_1_384' title='bbox 2386 2786 2696 2839; x_wconf 85' lang='lat' dir='ltr'><strong>rccensendi</strong></span> <span class='ocrx_word' id='word_1_385' title='bbox 2717 2796 2841 2839; x_wconf 91' lang='lat' dir='ltr'><strong>sunt</strong></span> <span class='ocrx_word' id='word_1_386' title='bbox 2868 2783 3081 2841; x_wconf 80' lang='lat' dir='ltr'><strong>codices</strong></span> <span class='ocrx_word' id='word_1_387' title='bbox 3110 2786 3461 2853; x_wconf 83' lang='lat' dir='ltr'><strong>antiquiores,</strong></span> 
     </span>
    </p>
   </div>
   <div class='ocr_carea' id='block_1_46' title="bbox 213 2854 3460 2924">
    <p class='ocr_par' dir='ltr' id='par_1_46' title="bbox 213 2854 3460 2924">
     <span class='ocr_line' id='line_1_46' title="bbox 213 2854 3460 2924; baseline 0.001 -18"><span class='ocrx_word' id='word_1_388' title='bbox 213 2856 292 2924; x_wconf 83' lang='lat' dir='ltr'><strong>qui</strong></span> <span class='ocrx_word' id='word_1_389' title='bbox 328 2857 462 2910; x_wconf 88' lang='lat' dir='ltr'><strong>illius</strong></span> <span class='ocrx_word' id='word_1_390' title='bbox 502 2855 864 2909; x_wconf 90' lang='lat' dir='ltr'><strong>solemnitatis</strong></span> <span class='ocrx_word' id='word_1_391' title='bbox 892 2855 1150 2924; x_wconf 75' lang='lat' dir='ltr'><strong>memoria</strong></span> <span class='ocrx_word' id='word_1_392' title='bbox 1178 2854 1390 2922; x_wconf 91' lang='lat' dir='ltr'><strong>penitus</strong></span> <span class='ocrx_word' id='word_1_393' title='bbox 1419 2861 1638 2924; x_wconf 45' lang='lat' dir='ltr'><strong>cari-nt,</strong></span> <span class='ocrx_word' id='word_1_394' title='bbox 1662 2862 1716 2907; x_wconf 92' lang='lat' dir='ltr'><strong>et</strong></span> <span class='ocrx_word' id='word_1_395' title='bbox 1746 2855 1975 2924; x_wconf 73' lang='lat' dir='ltr'><strong>humilia:</strong></span> <span class='ocrx_word' id='word_1_396' title='bbox 2005 2854 2180 2907; x_wconf 86' lang='lat' dir='ltr'><strong>locum</strong></span> <span class='ocrx_word' id='word_1_397' title='bbox 2212 2854 2483 2922; x_wconf 84' lang='lat' dir='ltr'><strong>Evangelii</strong></span> <span class='ocrx_word' id='word_1_398' title='bbox 2515 2855 2743 2909; x_wconf 75' lang='lat' dir='ltr'><strong>Matthzei</strong></span> <span class='ocrx_word' id='word_1_399' title='bbox 2785 2871 2905 2924; x_wconf 83' lang='lat' dir='ltr'><strong>cap.</strong></span> <span class='ocrx_word' id='word_1_400' title='bbox 2938 2871 3063 2909; x_wconf 83' lang='lat' dir='ltr'><strong>xvtu</strong></span> <span class='ocrx_word' id='word_1_401' title='bbox 3109 2856 3460 2924; x_wconf 77' lang='lat' dir='ltr'><strong>prmmittunt,</strong></span> 
     </span>
    </p>
   </div>
   <div class='ocr_carea' id='block_1_47' title="bbox 216 2921 3459 2990">
    <p class='ocr_par' dir='ltr' id='par_1_47' title="bbox 216 2921 3459 2990">
     <span class='ocr_line' id='line_1_47' title="bbox 216 2921 3459 2990; baseline 0 -13"><span class='ocrx_word' id='word_1_402' title='bbox 216 2921 309 2978; x_wconf 79' lang='lat' dir='ltr'><strong>non</strong></span> <span class='ocrx_word' id='word_1_403' title='bbox 346 2926 534 2979; x_wconf 90' lang='lat' dir='ltr'><strong>iisdem</strong></span> <span class='ocrx_word' id='word_1_404' title='bbox 582 2933 757 2979; x_wconf 84' lang='lat' dir='ltr'><strong>tamen</strong></span> <span class='ocrx_word' id='word_1_405' title='bbox 800 2924 998 2979; x_wconf 87' lang='lat' dir='ltr'><strong>verbis.</strong></span> <span class='ocrx_word' id='word_1_406' title='bbox 1040 2922 1264 2977; x_wconf 79' lang='lat' dir='ltr'><strong>Codices</strong></span> <span class='ocrx_word' id='word_1_407' title='bbox 1306 2924 1447 2976; x_wconf 80' lang='lat' dir='ltr'><strong>enim</strong></span> <span class='ocrx_word' id='word_1_408' title='bbox 1496 2921 1552 2976; x_wconf 89' lang='lat' dir='ltr'><strong>S.</strong></span> <span class='ocrx_word' id='word_1_409' title='bbox 1602 2922 1788 2977; x_wconf 87' lang='lat' dir='ltr'><strong>Crucis</strong></span> <span class='ocrx_word' id='word_1_410' title='bbox 1826 2924 1877 2977; x_wconf 91' lang='lat' dir='ltr'><strong>iu</strong></span> <span class='ocrx_word' id='word_1_411' title='bbox 1925 2923 2241 2990; x_wconf 82' lang='lat' dir='ltr'><strong>Jerusalem,</strong></span> <span class='ocrx_word' id='word_1_412' title='bbox 2274 2924 2341 2976; x_wconf 88' lang='grc'>90</span> <span class='ocrx_word' id='word_1_413' title='bbox 2380 2925 2566 2978; x_wconf 90' lang='lat' dir='ltr'><strong>homil.</strong></span> <span class='ocrx_word' id='word_1_414' title='bbox 2596 2924 2684 2989; x_wconf 72' lang='grc'><strong>47,</strong></span> <span class='ocrx_word' id='word_1_415' title='bbox 2714 2934 2769 2979; x_wconf 92' lang='lat' dir='ltr'><strong>ct</strong></span> <span class='ocrx_word' id='word_1_416' title='bbox 2808 2921 2875 2977; x_wconf 86' lang='lat'><strong>99</strong></span> <span class='ocrx_word' id='word_1_417' title='bbox 2900 2940 3061 2979; x_wconf 87' lang='lat' dir='ltr'><strong>serm.</strong></span> <span class='ocrx_word' id='word_1_418' title='bbox 3094 2921 3176 2988; x_wconf 76' lang='lat' dir='ltr'><strong>l0,</strong></span> <span class='ocrx_word' id='word_1_419' title='bbox 3221 2924 3459 2978; x_wconf 89' lang='lat' dir='ltr'><strong>habent:</strong></span> 
     </span>
    </p>
   </div>
   <div class='ocr_carea' id='block_1_48' title="bbox 216 2990 3462 3066">
    <p class='ocr_par' dir='ltr' id='par_1_48' title="bbox 216 2990 3462 3066">
     <span class='ocr_line' id='line_1_48' title="bbox 216 2990 3462 3066; baseline -0.001 -18"><span class='ocrx_word' id='word_1_420' title='bbox 216 2993 422 3066; x_wconf 82' lang='lat' dir='ltr'><strong>I_ncipit:</strong></span> <span class='ocrx_word' id='word_1_421' title='bbox 447 2994 513 3048; x_wconf 87' lang='lat' dir='ltr'><strong>de</strong></span> <span class='ocrx_word' id='word_1_422' title='bbox 553 3012 613 3047; x_wconf 89' lang='lat' dir='ltr'><strong>eo</strong></span> <span class='ocrx_word' id='word_1_423' title='bbox 641 2994 777 3066; x_wconf 84' lang='lat' dir='ltr'><strong>quod</strong></span> <span class='ocrx_word' id='word_1_424' title='bbox 815 2996 1062 3066; x_wconf 73' lang='lat' dir='ltr'><strong>scriptum</strong></span> <span class='ocrx_word' id='word_1_425' title='bbox 1084 3001 1197 3046; x_wconf 89' lang='lat' dir='ltr'><strong>est:</strong></span> <span class='ocrx_word' id='word_1_426' title='bbox 1223 2990 1348 3055; x_wconf 88' lang='lat' dir='ltr'><strong>Quis</strong></span> <span class='ocrx_word' id='word_1_427' title='bbox 1391 3003 1543 3066; x_wconf 84' lang='lat' dir='ltr'><strong>putas</strong></span> <span class='ocrx_word' id='word_1_428' title='bbox 1582 2995 1751 3063; x_wconf 83' lang='lat' dir='ltr'><strong>major</strong></span> <span class='ocrx_word' id='word_1_429' title='bbox 1788 3004 1888 3066; x_wconf 13' lang='lat' dir='ltr'><strong>est!</strong></span> <span class='ocrx_word' id='word_1_430' title='bbox 1912 2995 1965 3046; x_wconf 90' lang='lat' dir='ltr'><strong>in</strong></span> <span class='ocrx_word' id='word_1_431' title='bbox 1998 2994 2491 3066; x_wconf 75' lang='lat' dir='ltr'><strong>_rcgno_cwlorum?</strong></span> <span class='ocrx_word' id='word_1_432' title='bbox 2527 2994 2716 3066; x_wconf 63' lang='lat' dir='ltr'><strong>Codex</strong></span> <span class='ocrx_word' id='word_1_433' title='bbox 2747 2994 3323 3066; x_wconf 8' lang='lat' dir='ltr'><strong>Sagugagllensishomil.</strong></span> <span class='ocrx_word' id='word_1_434' title='bbox 3357 2992 3462 3066; x_wconf 65' lang='lat'><strong>44;</strong></span> 
     </span>
    </p>
   </div>
   <div class='ocr_carea' id='block_1_49' title="bbox 216 3062 3463 3137">
    <p class='ocr_par' dir='ltr' id='par_1_49' title="bbox 216 3062 3463 3137">
     <span class='ocr_line' id='line_1_49' title="bbox 216 3062 3463 3137; baseline -0.001 -20"><span class='ocrx_word' id='word_1_435' title='bbox 216 3062 353 3137; x_wconf 64' lang='lat' dir='ltr'><strong>liceo</strong></span> <span class='ocrx_word' id='word_1_436' title='bbox 381 3066 521 3137; x_wconf 82' lang='lat' dir='ltr'><strong>quod</strong></span> <span class='ocrx_word' id='word_1_437' title='bbox 540 3062 799 3137; x_wconf 78' lang='lat' dir='ltr'><strong>scriptum</strong></span> <span class='ocrx_word' id='word_1_438' title='bbox 825 3062 938 3137; x_wconf 76' lang='lat' dir='ltr'><strong>est:</strong></span> <span class='ocrx_word' id='word_1_439' title='bbox 964 3063 1089 3137; x_wconf 83' lang='lat' dir='ltr'><strong>Quis</strong></span> <span class='ocrx_word' id='word_1_440' title='bbox 1128 3072 1279 3131; x_wconf 88' lang='lat' dir='ltr'><strong>putas</strong></span> <span class='ocrx_word' id='word_1_441' title='bbox 1318 3062 1487 3137; x_wconf 75' lang='lat' dir='ltr'><strong>major</strong></span> <span class='ocrx_word' id='word_1_442' title='bbox 1514 3072 1610 3137; x_wconf 65' lang='lat' dir='ltr'><strong>est,</strong></span> <span class='ocrx_word' id='word_1_443' title='bbox 1642 3062 1745 3137; x_wconf 58' lang='lat' dir='ltr'><strong>etc.</strong></span> <span class='ocrx_word' id='word_1_444' title='bbox 1778 3062 1959 3137; x_wconf 50' lang='lat' dir='ltr'><strong>Codex</strong></span> <span class='ocrx_word' id='word_1_445' title='bbox 1998 3062 2354 3137; x_wconf 68' lang='lat' dir='ltr'><strong>Vercelleiisis</strong></span> <span class='ocrx_word' id='word_1_446' title='bbox 2382 3064 2444 3117; x_wconf 88' lang='grc'><strong>81</strong></span> <span class='ocrx_word' id='word_1_447' title='bbox 2474 3083 2485 3116; x_wconf 93' lang='lat'>:</span> <span class='ocrx_word' id='word_1_448' title='bbox 2520 3063 2752 3118; x_wconf 76' lang='lat' dir='ltr'><strong>Mamilia</strong></span> <span class='ocrx_word' id='word_1_449' title='bbox 2797 3064 2929 3137; x_wconf 82' lang='lat' dir='ltr'><strong>beati</strong></span> <span class='ocrx_word' id='word_1_450' title='bbox 2972 3063 3194 3117; x_wconf 67' lang='lat' dir='ltr'><strong>Maximi</strong></span> <span class='ocrx_word' id='word_1_451' title='bbox 3240 3065 3463 3137; x_wconf 65' lang='lat' dir='ltr'><strong>episwpi</strong></span> 
     </span>
    </p>
   </div>
   <div class='ocr_carea' id='block_1_50' title="bbox 213 3132 3465 3205">
    <p class='ocr_par' dir='ltr' id='par_1_50' title="bbox 213 3132 3465 3205">
     <span class='ocr_line' id='line_1_50' title="bbox 213 3132 3465 3205; baseline -0.001 -17"><span class='ocrx_word' id='word_1_452' title='bbox 213 3135 260 3205; x_wconf 67' lang='lat' dir='ltr'><strong>in</strong></span> <span class='ocrx_word' id='word_1_453' title='bbox 285 3132 617 3205; x_wconf 65' lang='lat' dir='ltr'><strong>Evangelia»:</strong></span> <span class='ocrx_word' id='word_1_454' title='bbox 645 3132 883 3205; x_wconf 66' lang='grc' dir='ltr'><em>Μαξιᾷφὶ</em></span> <span class='ocrx_word' id='word_1_455' title='bbox 907 3151 923 3187; x_wconf 93' lang='lat'><strong><em>:</em></strong></span> <span class='ocrx_word' id='word_1_456' title='bbox 948 3132 1658 3205; x_wconf 30' lang='lat' dir='ltr'><strong>Accesserunhdiscipuljﬁad</strong></span> <span class='ocrx_word' id='word_1_457' title='bbox 1687 3133 1881 3205; x_wconf 12' lang='lat' dir='ltr'><strong>lesumg</strong></span> <span class='ocrx_word' id='word_1_458' title='bbox 1904 3135 2131 3186; x_wconf 80' lang='lat' dir='ltr'><strong>dicentes</strong></span> <span class='ocrx_word' id='word_1_459' title='bbox 2158 3132 2336 3205; x_wconf 82' lang='lat' dir='ltr'><strong>:_Quis</strong></span> <span class='ocrx_word' id='word_1_460' title='bbox 2362 3145 2533 3203; x_wconf 86' lang='lat' dir='ltr'><strong>putas,</strong></span> <span class='ocrx_word' id='word_1_461' title='bbox 2566 3137 2733 3204; x_wconf 85' lang='lat' dir='ltr'><strong>major</strong></span> <span class='ocrx_word' id='word_1_462' title='bbox 2776 3142 2860 3205; x_wconf 14' lang='lat' dir='ltr'><strong>est,</strong></span> <span class='ocrx_word' id='word_1_463' title='bbox 2888 3136 2948 3205; x_wconf 81' lang='lat' dir='ltr'><strong>in</strong></span> <span class='ocrx_word' id='word_1_464' title='bbox 2985 3151 3141 3203; x_wconf 83' lang='lat' dir='ltr'><strong>regno</strong></span> <span class='ocrx_word' id='word_1_465' title='bbox 3186 3134 3465 3205; x_wconf 76' lang='lat' dir='ltr'><strong>ctelorum.’</strong></span> 
     </span>
    </p>
   </div>
   <div class='ocr_carea' id='block_1_51' title="bbox 216 3200 3461 3273">
    <p class='ocr_par' dir='ltr' id='par_1_51' title="bbox 216 3200 3461 3273">
     <span class='ocr_line' id='line_1_51' title="bbox 216 3200 3461 3273; baseline -0.001 -14"><span class='ocrx_word' id='word_1_466' title='bbox 216 3200 701 3273; x_wconf 38' lang='lat' dir='ltr'><strong>Codices-Vaticani</strong></span> <span class='ocrx_word' id='word_1_467' title='bbox 732 3203 869 3256; x_wconf 63' lang='grc'>6490</span> <span class='ocrx_word' id='word_1_468' title='bbox 898 3219 1019 3272; x_wconf 86' lang='lat' dir='ltr'><strong>pag.</strong></span> <span class='ocrx_word' id='word_1_469' title='bbox 1054 3200 1173 3265; x_wconf 81' lang='grc'><strong>190,</strong></span> <span class='ocrx_word' id='word_1_470' title='bbox 1206 3210 1259 3256; x_wconf 90' lang='lat' dir='ltr'><strong>et</strong></span> <span class='ocrx_word' id='word_1_471' title='bbox 1290 3200 1461 3273; x_wconf 74' lang='lat' dir='ltr'><strong>Palat.</strong></span> <span class='ocrx_word' id='word_1_472' title='bbox 1491 3202 1593 3254; x_wconf 73' lang='grc'><strong>477</strong></span> <span class='ocrx_word' id='word_1_473' title='bbox 1624 3219 1742 3271; x_wconf 86' lang='lat' dir='ltr'><strong>pag.</strong></span> <span class='ocrx_word' id='word_1_474' title='bbox 1779 3203 1901 3265; x_wconf 71' lang='lat'><strong>187,</strong></span> <span class='ocrx_word' id='word_1_475' title='bbox 1947 3218 2156 3273; x_wconf 79' lang='lat' dir='ltr'><strong>necnon</strong></span> <span class='ocrx_word' id='word_1_476' title='bbox 2187 3200 2565 3273; x_wconf 75' lang='lat' dir='ltr'><strong>Vallicellauus</strong></span> <span class='ocrx_word' id='word_1_477' title='bbox 2594 3200 2659 3257; x_wconf 76' lang='lat' dir='ltr'><strong>xv</strong></span> <span class='ocrx_word' id='word_1_478' title='bbox 2689 3220 2808 3273; x_wconf 78' lang='lat' dir='ltr'><strong>pag.</strong></span> <span class='ocrx_word' id='word_1_479' title='bbox 2843 3204 2965 3268; x_wconf 76' lang='lat' dir='ltr'><strong>H5,</strong></span> <span class='ocrx_word' id='word_1_480' title='bbox 2996 3200 3189 3259; x_wconf 77' lang='lat' dir='ltr'><strong>similia</strong></span> <span class='ocrx_word' id='word_1_481' title='bbox 3218 3204 3417 3273; x_wconf 85' lang='lat' dir='ltr'><strong>habent</strong></span> <span class='ocrx_word' id='word_1_482' title='bbox 3447 3222 3461 3257; x_wconf 90' lang='lat'><strong>:</strong></span> 
     </span>
    </p>
   </div>
   <div class='ocr_carea' id='block_1_52' title="bbox 217 3271 3465 3345">
    <p class='ocr_par' dir='ltr' id='par_1_52' title="bbox 217 3271 3465 3345">
     <span class='ocr_line' id='line_1_52' title="bbox 217 3271 3465 3345; baseline -0 -18"><span class='ocrx_word' id='word_1_483' title='bbox 217 3272 273 3328; x_wconf 84' lang='lat' dir='ltr'><strong>In</strong></span> <span class='ocrx_word' id='word_1_484' title='bbox 299 3275 491 3345; x_wconf 84' lang='lat' dir='ltr'><strong>Evang.</strong></span> <span class='ocrx_word' id='word_1_485' title='bbox 516 3274 777 3345; x_wconf 14' lang='lat' dir='ltr'><strong>AMattha’i</strong></span> <span class='ocrx_word' id='word_1_486' title='bbox 805 3271 985 3345; x_wconf 14' lang='lat' dir='ltr'><strong>:AQuis</strong></span> <span class='ocrx_word' id='word_1_487' title='bbox 1012 3281 1161 3345; x_wconf 68' lang='lat' dir='ltr'><strong>putas</strong></span> <span class='ocrx_word' id='word_1_488' title='bbox 1191 3272 1359 3341; x_wconf 86' lang='lat' dir='ltr'><strong>major</strong></span> <span class='ocrx_word' id='word_1_489' title='bbox 1386 3273 1541 3345; x_wconf 87' lang='lat' dir='ltr'><strong>est_in</strong></span> <span class='ocrx_word' id='word_1_490' title='bbox 1573 3289 1727 3341; x_wconf 79' lang='lat' dir='ltr'><strong>regno</strong></span> <span class='ocrx_word' id='word_1_491' title='bbox 1766 3274 2061 3345; x_wconf 19' lang='lat' dir='ltr'><strong>Aca‘lorum?</strong></span> <span class='ocrx_word' id='word_1_492' title='bbox 2091 3271 2273 3345; x_wconf 51' lang='lat' dir='ltr'><strong>Sgrlno</strong></span> <span class='ocrx_word' id='word_1_493' title='bbox 2314 3272 2446 3345; x_wconf 68' lang='lat' dir='ltr'><strong>beati</strong></span> <span class='ocrx_word' id='word_1_494' title='bbox 2487 3272 2543 3324; x_wconf 85' lang='grc' dir='ltr'><em>Μ</em></span> <span class='ocrx_word' id='word_1_495' title='bbox 2549 3274 2729 3345; x_wconf 59' lang='grc' dir='ltr'><strong>απξηιὶΔ</strong></span> <span class='ocrx_word' id='word_1_496' title='bbox 2742 3271 2986 3345; x_wconf 74' lang='lat' dir='ltr'><strong>episcopi.</strong></span> <span class='ocrx_word' id='word_1_497' title='bbox 3014 3273 3129 3345; x_wconf 87' lang='lat' dir='ltr'><strong>_l|is</strong></span> <span class='ocrx_word' id='word_1_498' title='bbox 3175 3272 3465 3345; x_wconf 76' lang='lat' dir='ltr'><strong>conformis</strong></span> 
     </span>
    </p>
   </div>
   <div class='ocr_carea' id='block_1_53' title="bbox 216 3340 3463 3410">
    <p class='ocr_par' dir='ltr' id='par_1_53' title="bbox 216 3340 3463 3410">
     <span class='ocr_line' id='line_1_53' title="bbox 216 3340 3463 3410; baseline -0.001 -13"><span class='ocrx_word' id='word_1_499' title='bbox 216 3354 285 3397; x_wconf 87' lang='lat' dir='ltr'><strong>est</strong></span> <span class='ocrx_word' id='word_1_500' title='bbox 307 3340 465 3399; x_wconf 54' lang='lat' dir='ltr'><strong>code}</strong></span> <span class='ocrx_word' id='word_1_501' title='bbox 488 3343 883 3397; x_wconf 82' lang='lat' dir='ltr'><strong>Casanatcnsis</strong></span> <span class='ocrx_word' id='word_1_502' title='bbox 924 3340 1434 3410; x_wconf 28' lang='lat' dir='ltr'><strong>horhiliarum’part.</strong></span> <span class='ocrx_word' id='word_1_503' title='bbox 1469 3342 1517 3407; x_wconf 85' lang='lat' dir='ltr'><strong>l,</strong></span> <span class='ocrx_word' id='word_1_504' title='bbox 1552 3350 1606 3394; x_wconf 79' lang='lat' dir='ltr'><strong>ct</strong></span> <span class='ocrx_word' id='word_1_505' title='bbox 1634 3358 1661 3393; x_wconf 89' lang='lat' dir='ltr'><strong>a</strong></span> <span class='ocrx_word' id='word_1_506' title='bbox 1688 3343 1879 3409; x_wconf 82' lang='lat' dir='ltr'><strong>quibus</strong></span> <span class='ocrx_word' id='word_1_507' title='bbox 1905 3357 2088 3410; x_wconf 79' lang='lat' dir='ltr'><strong>parum</strong></span> <span class='ocrx_word' id='word_1_508' title='bbox 2119 3340 2293 3394; x_wconf 83' lang='lat' dir='ltr'><strong>differt</strong></span> <span class='ocrx_word' id='word_1_509' title='bbox 2321 3341 2441 3395; x_wconf 85' lang='lat' dir='ltr'><strong>cod.</strong></span> <span class='ocrx_word' id='word_1_510' title='bbox 2488 3358 2557 3395; x_wconf 82' lang='lat' dir='ltr'><strong>xu</strong></span> <span class='ocrx_word' id='word_1_511' title='bbox 2603 3342 2658 3394; x_wconf 83' lang='lat' dir='ltr'><strong>S.</strong></span> <span class='ocrx_word' id='word_1_512' title='bbox 2692 3340 2877 3395; x_wconf 80' lang='lat' dir='ltr'><strong>Crucis</strong></span> <span class='ocrx_word' id='word_1_513' title='bbox 2918 3343 2969 3393; x_wconf 92' lang='lat' dir='ltr'><strong>in</strong></span> <span class='ocrx_word' id='word_1_514' title='bbox 3006 3341 3300 3396; x_wconf 71' lang='lat' dir='ltr'><strong>Jerusalem</strong></span> <span class='ocrx_word' id='word_1_515' title='bbox 3347 3342 3463 3396; x_wconf 79' lang='lat' dir='ltr'><strong>lucc</strong></span> 
     </span>
    </p>
   </div>
   <div class='ocr_carea' id='block_1_54' title="bbox 214 3409 3465 3484">
    <p class='ocr_par' dir='ltr' id='par_1_54' title="bbox 214 3409 3465 3484">
     <span class='ocr_line' id='line_1_54' title="bbox 214 3409 3465 3484; baseline -0 -18"><span class='ocrx_word' id='word_1_516' title='bbox 214 3413 434 3469; x_wconf 80' lang='lat' dir='ltr'><strong>addens:</strong></span> <span class='ocrx_word' id='word_1_517' title='bbox 466 3416 669 3484; x_wconf 81' lang='lat' dir='ltr'><strong>Sermo</strong></span> <span class='ocrx_word' id='word_1_518' title='bbox 685 3416 739 3467; x_wconf 86' lang='lat' dir='ltr'><strong>in</strong></span> <span class='ocrx_word' id='word_1_519' title='bbox 768 3414 910 3484; x_wconf 75' lang='lat' dir='ltr'><strong>feriis</strong></span> <span class='ocrx_word' id='word_1_520' title='bbox 1044 3412 1266 3484; x_wconf 60' lang='lat' dir='ltr'><strong>Maximi</strong></span> <span class='ocrx_word' id='word_1_521' title='bbox 1300 3409 1539 3484; x_wconf 73' lang='lat' dir='ltr'><strong>episcopi</strong></span> <span class='ocrx_word' id='word_1_522' title='bbox 1580 3409 1935 3484; x_wconf 81' lang='lat' dir='ltr'><strong>Taurinensis.</strong></span> <span class='ocrx_word' id='word_1_523' title='bbox 1987 3411 2155 3484; x_wconf 85' lang='lat' dir='ltr'><strong>Super</strong></span> <span class='ocrx_word' id='word_1_524' title='bbox 2196 3410 2644 3484; x_wconf 65' lang='lat' dir='ltr'><strong>illud__Evangelii</strong></span> <span class='ocrx_word' id='word_1_525' title='bbox 2686 3410 2921 3465; x_wconf 67' lang='lat' dir='ltr'><strong>Matt/tari</strong></span> <span class='ocrx_word' id='word_1_526' title='bbox 2944 3427 2974 3484; x_wconf 25' lang='lat' dir='ltr'><strong>:A</strong></span> <span class='ocrx_word' id='word_1_527' title='bbox 2994 3409 3057 3464; x_wconf 84' lang='lat' dir='ltr'><strong>In</strong></span> <span class='ocrx_word' id='word_1_528' title='bbox 3106 3413 3465 3484; x_wconf 83' lang='lat' dir='ltr'><strong>illo_ter_npore</strong></span> 
     </span>
    </p>
   </div>
   <div class='ocr_carea' id='block_1_55' title="bbox 214 3480 3458 3552">
    <p class='ocr_par' dir='ltr' id='par_1_55' title="bbox 214 3480 3458 3552">
     <span class='ocr_line' id='line_1_55' title="bbox 214 3480 3458 3552; baseline 0 -17"><span class='ocrx_word' id='word_1_529' title='bbox 214 3494 514 3538; x_wconf 82' lang='lat' dir='ltr'><strong>accesserunt</strong></span> <span class='ocrx_word' id='word_1_530' title='bbox 546 3484 617 3536; x_wconf 87' lang='lat' dir='ltr'><strong>ad</strong></span> <span class='ocrx_word' id='word_1_531' title='bbox 641 3480 822 3537; x_wconf 73' lang='lat' dir='ltr'><strong>Iesum</strong></span> <span class='ocrx_word' id='word_1_532' title='bbox 846 3483 1108 3551; x_wconf 85' lang='lat' dir='ltr'><strong>discipuli,</strong></span> <span class='ocrx_word' id='word_1_533' title='bbox 1140 3480 1363 3535; x_wconf 83' lang='lat' dir='ltr'><strong>dicentes</strong></span> <span class='ocrx_word' id='word_1_534' title='bbox 1395 3500 1406 3533; x_wconf 89' lang='lat'><strong>:</strong></span> <span class='ocrx_word' id='word_1_535' title='bbox 1443 3480 1569 3545; x_wconf 86' lang='lat' dir='ltr'><strong>Quis</strong></span> <span class='ocrx_word' id='word_1_536' title='bbox 1601 3493 1748 3552; x_wconf 83' lang='lat' dir='ltr'><strong>putas</strong></span> <span class='ocrx_word' id='word_1_537' title='bbox 1779 3483 1948 3552; x_wconf 87' lang='lat' dir='ltr'><strong>major</strong></span> <span class='ocrx_word' id='word_1_538' title='bbox 1988 3482 2102 3534; x_wconf 84' lang='lat' dir='ltr'><strong>est?</strong></span> <span class='ocrx_word' id='word_1_539' title='bbox 2130 3489 2240 3552; x_wconf 60' lang='lat' dir='ltr'><strong>etc.</strong></span> <span class='ocrx_word' id='word_1_540' title='bbox 2264 3480 2474 3552; x_wconf 83' lang='lat' dir='ltr'><strong>Reliqui</strong></span> <span class='ocrx_word' id='word_1_541' title='bbox 2508 3480 2645 3552; x_wconf 64' lang='lat' dir='ltr'><strong>vero</strong></span> <span class='ocrx_word' id='word_1_542' title='bbox 2688 3481 2997 3552; x_wconf 84' lang='lat' dir='ltr'><strong>noupauci,</strong></span> <span class='ocrx_word' id='word_1_543' title='bbox 3028 3481 3312 3552; x_wconf 81' lang='lat' dir='ltr'><strong>posteriori</strong></span> <span class='ocrx_word' id='word_1_544' title='bbox 3340 3497 3458 3552; x_wconf 68' lang='lat' dir='ltr'><strong>atvo</strong></span> 
     </span>
    </p>
   </div>
   <div class='ocr_carea' id='block_1_56' title="bbox 215 3547 3461 3618">
    <p class='ocr_par' dir='ltr' id='par_1_56' title="bbox 215 3547 3461 3618">
     <span class='ocr_line' id='line_1_56' title="bbox 215 3547 3461 3618; baseline -0.002 -12"><span class='ocrx_word' id='word_1_545' title='bbox 215 3556 397 3607; x_wconf 78' lang='lat' dir='ltr'><strong>exarati</strong></span> <span class='ocrx_word' id='word_1_546' title='bbox 441 3554 665 3609; x_wconf 75' lang='lat' dir='ltr'><strong>codices</strong></span> <span class='ocrx_word' id='word_1_547' title='bbox 708 3547 1018 3607; x_wconf 79' lang='lat' dir='ltr'><strong>memoriam</strong></span> <span class='ocrx_word' id='word_1_548' title='bbox 1059 3547 1414 3605; x_wconf 73' lang='lat' dir='ltr'><strong>solcmnitatis</strong></span> <span class='ocrx_word' id='word_1_549' title='bbox 1459 3552 1538 3604; x_wconf 88' lang='lat' dir='ltr'><strong>vel</strong></span> <span class='ocrx_word' id='word_1_550' title='bbox 1584 3547 1932 3605; x_wconf 72' lang='lat' dir='ltr'><strong>dedicationis</strong></span> <span class='ocrx_word' id='word_1_551' title='bbox 1975 3551 2146 3607; x_wconf 81' lang='lat' dir='ltr'><strong>sancti</strong></span> <span class='ocrx_word' id='word_1_552' title='bbox 2197 3547 2469 3605; x_wconf 83' lang='lat' dir='ltr'><strong>Michaelis</strong></span> <span class='ocrx_word' id='word_1_553' title='bbox 2508 3547 3141 3618; x_wconf 24' lang='lat' dir='ltr'><strong>arcltangeli’exhibéut;</strong></span> <span class='ocrx_word' id='word_1_554' title='bbox 3186 3550 3236 3602; x_wconf 88' lang='lat' dir='ltr'><strong>in</strong></span> <span class='ocrx_word' id='word_1_555' title='bbox 3266 3550 3461 3616; x_wconf 85' lang='lat' dir='ltr'><strong>quibus</strong></span> 
     </span>
    </p>
   </div>
   <div class='ocr_carea' id='block_1_57' title="bbox 214 3618 3461 3691">
    <p class='ocr_par' dir='ltr' id='par_1_57' title="bbox 214 3618 3461 3691">
     <span class='ocr_line' id='line_1_57' title="bbox 214 3618 3461 3691; baseline -0.002 -15"><span class='ocrx_word' id='word_1_556' title='bbox 214 3634 547 3691; x_wconf 78' lang='lat' dir='ltr'><strong>numerantur</strong></span> <span class='ocrx_word' id='word_1_557' title='bbox 578 3624 749 3678; x_wconf 79' lang='lat' dir='ltr'><strong>codex</strong></span> <span class='ocrx_word' id='word_1_558' title='bbox 779 3622 1033 3677; x_wconf 81' lang='lat' dir='ltr'><strong>Lucensis</strong></span> <span class='ocrx_word' id='word_1_559' title='bbox 1060 3620 1129 3676; x_wconf 89' lang='lat'><strong>89</strong></span> <span class='ocrx_word' id='word_1_560' title='bbox 1156 3640 1166 3673; x_wconf 90' lang='lat'>:</span> <span class='ocrx_word' id='word_1_561' title='bbox 1196 3621 1261 3674; x_wconf 81' lang='lat' dir='ltr'><strong>In</strong></span> <span class='ocrx_word' id='word_1_562' title='bbox 1308 3622 1630 3675; x_wconf 82' lang='lat' dir='ltr'><strong>dedicatione</strong></span> <span class='ocrx_word' id='word_1_563' title='bbox 1678 3621 2165 3691; x_wconf 20' lang='lat' dir='ltr'><strong>sanctiiMichaelis</strong></span> <span class='ocrx_word' id='word_1_564' title='bbox 2195 3621 2492 3691; x_wconf 71' lang='lat' dir='ltr'><strong>archangeli</strong></span> <span class='ocrx_word' id='word_1_565' title='bbox 2521 3620 2732 3673; x_wconf 88' lang='lat' dir='ltr'><strong>homilia</strong></span> <span class='ocrx_word' id='word_1_566' title='bbox 2761 3621 2927 3691; x_wconf 77' lang='lat' dir='ltr'><strong>sancti</strong></span> <span class='ocrx_word' id='word_1_567' title='bbox 2958 3618 3461 3691; x_wconf 49' lang='lat' dir='ltr'><strong>Maa‘injepiscopi;</strong></span> 
     </span>
    </p>
   </div>
   <div class='ocr_carea' id='block_1_58' title="bbox 212 3687 3456 3764">
    <p class='ocr_par' dir='ltr' id='par_1_58' title="bbox 212 3687 3456 3764">
     <span class='ocr_line' id='line_1_58' title="bbox 212 3687 3456 3764; baseline -0.001 -20"><span class='ocrx_word' id='word_1_568' title='bbox 212 3689 497 3764; x_wconf 72' lang='lat' dir='ltr'><strong>Casiuensis</strong></span> <span class='ocrx_word' id='word_1_569' title='bbox 535 3695 637 3747; x_wconf 61' lang='lat' dir='ltr'><strong>l0‘2</strong></span> <span class='ocrx_word' id='word_1_570' title='bbox 666 3709 784 3764; x_wconf 87' lang='lat' dir='ltr'><strong>pag.</strong></span> <span class='ocrx_word' id='word_1_571' title='bbox 818 3694 918 3745; x_wconf 78' lang='grc'><strong>156</strong></span> <span class='ocrx_word' id='word_1_572' title='bbox 946 3708 977 3746; x_wconf 90' lang='lat' dir='ltr'><strong>a</strong></span> <span class='ocrx_word' id='word_1_573' title='bbox 997 3702 1187 3764; x_wconf 79' lang='lat' dir='ltr'><strong>tergo,</strong></span> <span class='ocrx_word' id='word_1_574' title='bbox 1210 3691 1617 3764; x_wconf 73' lang='lat' dir='ltr'><strong>Ratispouensis</strong></span> <span class='ocrx_word' id='word_1_575' title='bbox 1643 3693 1811 3764; x_wconf 78' lang='lat' dir='ltr'><strong>sancti</strong></span> <span class='ocrx_word' id='word_1_576' title='bbox 1841 3687 2408 3764; x_wconf 26' lang='lat' dir='ltr'><strong>Emmeramihct-duo</strong></span> <span class='ocrx_word' id='word_1_577' title='bbox 2435 3689 2775 3764; x_wconf 74' lang='lat' dir='ltr'><strong>Laurentiani</strong></span> <span class='ocrx_word' id='word_1_578' title='bbox 2801 3690 2911 3764; x_wconf 13' lang='lat'><strong>736,</strong></span> <span class='ocrx_word' id='word_1_579' title='bbox 2961 3698 3015 3743; x_wconf 89' lang='lat' dir='ltr'><strong>et</strong></span> <span class='ocrx_word' id='word_1_580' title='bbox 3042 3688 3112 3741; x_wconf 76' lang='grc'><strong>45</strong></span> <span class='ocrx_word' id='word_1_581' title='bbox 3136 3687 3278 3764; x_wconf 87' lang='lat' dir='ltr'><strong>_Plut.</strong></span> <span class='ocrx_word' id='word_1_582' title='bbox 3310 3687 3415 3764; x_wconf 57' lang='lat' dir='ltr'><strong>svu</strong></span> <span class='ocrx_word' id='word_1_583' title='bbox 3443 3708 3456 3742; x_wconf 94' lang='lat'>:</span> 
     </span>
    </p>
   </div>
   <div class='ocr_carea' id='block_1_59' title="bbox 215 3759 3458 3833">
    <p class='ocr_par' dir='ltr' id='par_1_59' title="bbox 215 3759 3458 3833">
     <span class='ocr_line' id='line_1_59' title="bbox 215 3759 3458 3833; baseline 0 -20"><span class='ocrx_word' id='word_1_584' title='bbox 215 3759 270 3833; x_wconf 66' lang='lat' dir='ltr'><strong>lu</strong></span> <span class='ocrx_word' id='word_1_585' title='bbox 292 3764 616 3833; x_wconf 81' lang='lat' dir='ltr'><strong>solemnitate</strong></span> <span class='ocrx_word' id='word_1_586' title='bbox 644 3759 760 3818; x_wconf 72' lang='lat' dir='ltr'><strong>diei</strong></span> <span class='ocrx_word' id='word_1_587' title='bbox 777 3763 1047 3833; x_wconf 82' lang='lat' dir='ltr'><strong>Michaelis</strong></span> <span class='ocrx_word' id='word_1_588' title='bbox 1076 3759 1376 3833; x_wconf 74' lang='lat' dir='ltr'><strong>archangeli</strong></span> <span class='ocrx_word' id='word_1_589' title='bbox 1395 3778 1411 3816; x_wconf 89' lang='lat'><strong><em>:</em></strong></span> <span class='ocrx_word' id='word_1_590' title='bbox 1438 3762 1500 3815; x_wconf 89' lang='lat' dir='ltr'><strong>de</strong></span> <span class='ocrx_word' id='word_1_591' title='bbox 1524 3778 1581 3816; x_wconf 88' lang='lat' dir='ltr'><strong>eo</strong></span> <span class='ocrx_word' id='word_1_592' title='bbox 1604 3763 1738 3833; x_wconf 85' lang='lat' dir='ltr'><strong>quod</strong></span> <span class='ocrx_word' id='word_1_593' title='bbox 1762 3762 2005 3833; x_wconf 85' lang='lat' dir='ltr'><strong>scriptum</strong></span> <span class='ocrx_word' id='word_1_594' title='bbox 2031 3772 2109 3833; x_wconf 63' lang='lat' dir='ltr'><strong>est</strong></span> <span class='ocrx_word' id='word_1_595' title='bbox 2132 3777 2148 3813; x_wconf 90' lang='lat'><em>:</em></span> <span class='ocrx_word' id='word_1_596' title='bbox 2182 3759 2308 3823; x_wconf 82' lang='lat' dir='ltr'><strong>Quis</strong></span> <span class='ocrx_word' id='word_1_597' title='bbox 2331 3768 2482 3829; x_wconf 88' lang='lat' dir='ltr'><strong>putas</strong></span> <span class='ocrx_word' id='word_1_598' title='bbox 2502 3760 2670 3833; x_wconf 82' lang='lat' dir='ltr'><strong>major</strong></span> <span class='ocrx_word' id='word_1_599' title='bbox 2693 3771 2769 3814; x_wconf 88' lang='lat' dir='ltr'><strong>est</strong></span> <span class='ocrx_word' id='word_1_600' title='bbox 2793 3763 2844 3833; x_wconf 81' lang='lat' dir='ltr'><strong>in</strong></span> <span class='ocrx_word' id='word_1_601' title='bbox 2868 3776 3023 3833; x_wconf 66' lang='lat' dir='ltr'><strong>regno</strong></span> <span class='ocrx_word' id='word_1_602' title='bbox 3052 3760 3328 3833; x_wconf 58' lang='lat' dir='ltr'><strong>oculorum}</strong></span> <span class='ocrx_word' id='word_1_603' title='bbox 3349 3766 3458 3833; x_wconf 76' lang='lat' dir='ltr'><strong>etc.</strong></span> 
     </span>
    </p>
   </div>
   <div class='ocr_carea' id='block_1_60' title="bbox 213 3781 3456 3901">
    <p class='ocr_par' dir='ltr' id='par_1_60' title="bbox 213 3781 3456 3901">
     <span class='ocr_line' id='line_1_60' title="bbox 215 3781 3456 3833; baseline -0.001 -16"><span class='ocrx_word' id='word_1_604' title='bbox 215 3781 270 3813; x_wconf 71' lang='grc' dir='ltr'><strong>1η</strong></span> <span class='ocrx_word' id='word_1_605' title='bbox 296 3781 616 3819; x_wconf 79' lang='lat' dir='ltr'><strong>satemnuate</strong></span> <span class='ocrx_word' id='word_1_606' title='bbox 644 3781 747 3818; x_wconf 73' lang='lat' dir='ltr'><strong>alet</strong></span> <span class='ocrx_word' id='word_1_607' title='bbox 777 3781 1047 3818; x_wconf 75' lang='grc' dir='ltr'><strong>Μιεηαειιδ</strong></span> <span class='ocrx_word' id='word_1_608' title='bbox 1076 3781 1411 3833; x_wconf 85' lang='lat' dir='ltr'><strong>arcuangett:</strong></span> <span class='ocrx_word' id='word_1_609' title='bbox 1438 3781 1500 3815; x_wconf 86' lang='lat' dir='ltr'><strong>ae</strong></span> <span class='ocrx_word' id='word_1_610' title='bbox 1524 3781 1581 3816; x_wconf 86' lang='lat' dir='ltr'><strong>eo</strong></span> <span class='ocrx_word' id='word_1_611' title='bbox 1604 3781 1736 3833; x_wconf 85' lang='lat' dir='ltr'><strong>quoa</strong></span> <span class='ocrx_word' id='word_1_612' title='bbox 1762 3781 1861 3815; x_wconf 75' lang='grc' dir='ltr'><strong>εει-ι</strong></span> <span class='ocrx_word' id='word_1_613' title='bbox 1902 3781 2005 3815; x_wconf 74' lang='grc' dir='ltr'><em>ιιιηι</em></span> <span class='ocrx_word' id='word_1_614' title='bbox 2035 3781 2109 3814; x_wconf 69' lang='grc' dir='ltr'><strong>ρει</strong></span> <span class='ocrx_word' id='word_1_615' title='bbox 2132 3781 2148 3813; x_wconf 83' lang='lat'><strong>.&#39;</strong></span> <span class='ocrx_word' id='word_1_616' title='bbox 2182 3781 2308 3823; x_wconf 70' lang='grc' dir='ltr'><strong>ιιιιιι</strong></span> <span class='ocrx_word' id='word_1_617' title='bbox 2331 3781 2482 3829; x_wconf 79' lang='lat' dir='ltr'><strong>putas</strong></span> <span class='ocrx_word' id='word_1_618' title='bbox 2502 3781 2670 3829; x_wconf 72' lang='lat' dir='ltr'><strong>major</strong></span> <span class='ocrx_word' id='word_1_619' title='bbox 2693 3781 2769 3814; x_wconf 71' lang='grc' dir='ltr'><strong>εει</strong></span> <span class='ocrx_word' id='word_1_620' title='bbox 2793 3781 2844 3813; x_wconf 72' lang='grc' dir='ltr'><strong>πη</strong></span> <span class='ocrx_word' id='word_1_621' title='bbox 2868 3781 3023 3830; x_wconf 85' lang='lat' dir='ltr'><strong>regno</strong></span> <span class='ocrx_word' id='word_1_622' title='bbox 3052 3781 3325 3813; x_wconf 72' lang='lat' dir='ltr'><strong>canorum:</strong></span> <span class='ocrx_word' id='word_1_623' title='bbox 3349 3781 3456 3814; x_wconf 67' lang='lat' dir='ltr'><strong>EN‘.</strong></span> 
     </span>
     <span class='ocr_line' id='line_1_61' title="bbox 213 3781 3456 3901; baseline -0.001 -16"><span class='ocrx_word' id='word_1_624' title='bbox 213 3830 377 3901; x_wconf 80' lang='lat' dir='ltr'><strong>Differt</strong></span> <span class='ocrx_word' id='word_1_625' title='bbox 399 3837 567 3889; x_wconf 88' lang='lat' dir='ltr'><strong>etiam</strong></span> <span class='ocrx_word' id='word_1_626' title='bbox 599 3836 651 3888; x_wconf 87' lang='lat' dir='ltr'><strong>iu</strong></span> <span class='ocrx_word' id='word_1_627' title='bbox 683 3835 837 3889; x_wconf 88' lang='lat' dir='ltr'><strong>titulo</strong></span> <span class='ocrx_word' id='word_1_628' title='bbox 865 3834 986 3889; x_wconf 92' lang='lat' dir='ltr'><strong>cod.</strong></span> <span class='ocrx_word' id='word_1_629' title='bbox 1019 3832 1299 3901; x_wconf 85' lang='lat' dir='ltr'><strong>Augiensis</strong></span> <span class='ocrx_word' id='word_1_630' title='bbox 1322 3850 1409 3892; x_wconf 74' lang='lat' dir='ltr'><strong>XV.</strong></span> <span class='ocrx_word' id='word_1_631' title='bbox 1435 3834 1523 3900; x_wconf 93' lang='lat' dir='ltr'><strong>qui</strong></span> <span class='ocrx_word' id='word_1_632' title='bbox 1556 3842 1758 3885; x_wconf 86' lang='lat' dir='ltr'><strong>tantum</strong></span> <span class='ocrx_word' id='word_1_633' title='bbox 1791 3781 1987 3885; x_wconf 52' lang='lat' dir='ltr'><strong>hah’et:</strong></span> <span class='ocrx_word' id='word_1_634' title='bbox 2022 3830 2087 3884; x_wconf 92' lang='lat' dir='ltr'><strong>In</strong></span> <span class='ocrx_word' id='word_1_635' title='bbox 2116 3831 2644 3901; x_wconf 78' lang='lat' dir='ltr'><strong>festosancti_angeli,</strong></span> <span class='ocrx_word' id='word_1_636' title='bbox 2676 3846 2706 3883; x_wconf 93' lang='lat' dir='ltr'><strong>a</strong></span> <span class='ocrx_word' id='word_1_637' title='bbox 2742 3830 2862 3884; x_wconf 87' lang='lat' dir='ltr'><strong>cod.</strong></span> <span class='ocrx_word' id='word_1_638' title='bbox 2893 3828 3456 3901; x_wconf 12' lang='lat' dir='ltr'><strong>CistercicnsiiMontis‘</strong></span> 
     </span>
    </p>
   </div>
   <div class='ocr_carea' id='block_1_61' title="bbox 212 3896 3464 3973">
    <p class='ocr_par' dir='ltr' id='par_1_61' title="bbox 212 3896 3464 3973">
     <span class='ocr_line' id='line_1_62' title="bbox 212 3896 3464 3973; baseline -0.002 -18"><span class='ocrx_word' id='word_1_639' title='bbox 212 3899 434 3973; x_wconf 62' lang='lat' dir='ltr'><strong>Amiauc,</strong></span> <span class='ocrx_word' id='word_1_640' title='bbox 466 3906 523 3959; x_wconf 91' lang='lat' dir='ltr'><strong>in</strong></span> <span class='ocrx_word' id='word_1_641' title='bbox 556 3904 710 3972; x_wconf 89' lang='lat' dir='ltr'><strong>cujus</strong></span> <span class='ocrx_word' id='word_1_642' title='bbox 751 3902 926 3958; x_wconf 87' lang='lat' dir='ltr'><strong>fronte</strong></span> <span class='ocrx_word' id='word_1_643' title='bbox 960 3896 1190 3971; x_wconf 79' lang='lat' dir='ltr'><strong>legitur:</strong></span> <span class='ocrx_word' id='word_1_644' title='bbox 1225 3903 1289 3956; x_wconf 84' lang='lat' dir='ltr'><strong>In</strong></span> <span class='ocrx_word' id='word_1_645' title='bbox 1319 3896 1641 3973; x_wconf 45' lang='lat' dir='ltr'><strong>[esto-sancti</strong></span> <span class='ocrx_word' id='word_1_646' title='bbox 1660 3901 1943 3973; x_wconf 63' lang='lat' dir='ltr'><strong>Michaelis</strong></span> <span class='ocrx_word' id='word_1_647' title='bbox 1972 3896 2291 3973; x_wconf 75' lang='lat' dir='ltr'><strong>archangeli.</strong></span> <span class='ocrx_word' id='word_1_648' title='bbox 2325 3899 2391 3973; x_wconf 87' lang='lat' dir='ltr'><strong>_I_n</strong></span> <span class='ocrx_word' id='word_1_649' title='bbox 2422 3896 2739 3973; x_wconf 72' lang='lat' dir='ltr'><strong>Evangelia:</strong></span> <span class='ocrx_word' id='word_1_650' title='bbox 2770 3902 3105 3973; x_wconf 67' lang='lat' dir='ltr'><strong>Acccsserunt</strong></span> <span class='ocrx_word' id='word_1_651' title='bbox 3131 3896 3464 3973; x_wconf 73' lang='lat' dir='ltr'><strong>discipuliad</strong></span> 
     </span>
    </p>
   </div>
   <div class='ocr_carea' id='block_1_62' title="bbox 210 3968 3465 4045">
    <p class='ocr_par' dir='ltr' id='par_1_62' title="bbox 210 3968 3465 4045">
     <span class='ocr_line' id='line_1_63' title="bbox 210 3968 3465 4045; baseline -0.001 -21"><span class='ocrx_word' id='word_1_652' title='bbox 210 3968 383 4045; x_wconf 48' lang='lat' dir='ltr'><strong>fnum,</strong></span> <span class='ocrx_word' id='word_1_653' title='bbox 416 3968 669 4041; x_wconf 73' lang='lat' dir='ltr'><strong>dicentes,</strong></span> <span class='ocrx_word' id='word_1_654' title='bbox 694 3985 788 4028; x_wconf 87' lang='lat' dir='ltr'><strong>etc.</strong></span> <span class='ocrx_word' id='word_1_655' title='bbox 816 3993 830 4027; x_wconf 88' lang='lat'><strong>:</strong></span> <span class='ocrx_word' id='word_1_656' title='bbox 863 3968 1169 4045; x_wconf 15' lang='lat' dir='ltr'><strong>Quisiputas</strong></span> <span class='ocrx_word' id='word_1_657' title='bbox 1198 3968 1368 4045; x_wconf 73' lang='lat' dir='ltr'><strong>major</strong></span> <span class='ocrx_word' id='word_1_658' title='bbox 1395 3975 1506 4027; x_wconf 83' lang='lat' dir='ltr'><strong>est?</strong></span> <span class='ocrx_word' id='word_1_659' title='bbox 1525 3982 1620 4045; x_wconf 80' lang='lat' dir='ltr'><strong>etc.</strong></span> <span class='ocrx_word' id='word_1_660' title='bbox 1650 3971 1883 4045; x_wconf 68' lang='lat' dir='ltr'><strong>Hgmilia</strong></span> <span class='ocrx_word' id='word_1_661' title='bbox 1906 3972 2130 4045; x_wconf 68' lang='lat' dir='ltr'><strong>ejusdem</strong></span> <span class='ocrx_word' id='word_1_662' title='bbox 2145 3969 2535 4045; x_wconf 24' lang='lat' dir='ltr'><strong>heati‘Maximi</strong></span> <span class='ocrx_word' id='word_1_663' title='bbox 2552 3970 2801 4045; x_wconf 43' lang='lat' dir='ltr'><strong>epistlopi.</strong></span> <span class='ocrx_word' id='word_1_664' title='bbox 2832 3968 2963 4024; x_wconf 90' lang='lat' dir='ltr'><strong>Cum</strong></span> <span class='ocrx_word' id='word_1_665' title='bbox 2993 3978 3169 4045; x_wconf 74' lang='lat' dir='ltr'><strong>autem</strong></span> <span class='ocrx_word' id='word_1_666' title='bbox 3201 3969 3465 4045; x_wconf 79' lang='lat' dir='ltr'><strong>apparitio</strong></span> 
     </span>
    </p>
   </div>
   <div class='ocr_carea' id='block_1_63' title="bbox 211 4030 3460 4111">
    <p class='ocr_par' dir='ltr' id='par_1_63' title="bbox 211 4030 3460 4111">
     <span class='ocr_line' id='line_1_64' title="bbox 211 4030 3460 4111; baseline -0.001 -16"><span class='ocrx_word' id='word_1_667' title='bbox 211 4038 259 4111; x_wconf 61' lang='grc' dir='ltr'>ὃ.</span> <span class='ocrx_word' id='word_1_668' title='bbox 288 4030 557 4100; x_wconf 71' lang='lat' dir='ltr'><strong>Michaelis</strong></span> <span class='ocrx_word' id='word_1_669' title='bbox 580 4030 968 4111; x_wconf 62' lang='lat' dir='ltr'><strong>arélrarrgeliiu</strong></span> <span class='ocrx_word' id='word_1_670' title='bbox 999 4030 1177 4096; x_wconf 83' lang='lat' dir='ltr'><strong>Monte</strong></span> <span class='ocrx_word' id='word_1_671' title='bbox 1205 4030 1451 4109; x_wconf 59' lang='lat' dir='ltr'><strong>Gargano</strong></span> <span class='ocrx_word' id='word_1_672' title='bbox 1480 4030 1766 4110; x_wconf 67' lang='lat' dir='ltr'><strong>coutigei‘it</strong></span> <span class='ocrx_word' id='word_1_673' title='bbox 1796 4030 2036 4110; x_wconf 70' lang='lat' dir='ltr'><strong>tempore</strong></span> <span class='ocrx_word' id='word_1_674' title='bbox 2057 4042 2113 4095; x_wconf 86' lang='lat' dir='ltr'><strong>S.</strong></span> <span class='ocrx_word' id='word_1_675' title='bbox 2138 4038 2337 4095; x_wconf 84' lang='lat' dir='ltr'><strong>Gelasii</strong></span> <span class='ocrx_word' id='word_1_676' title='bbox 2364 4038 2400 4101; x_wconf 90' lang='grc' dir='ltr'>ι,</span> <span class='ocrx_word' id='word_1_677' title='bbox 2428 4041 2519 4107; x_wconf 92' lang='lat' dir='ltr'><strong>qui</strong></span> <span class='ocrx_word' id='word_1_678' title='bbox 2546 4030 2946 4111; x_wconf 80' lang='lat' dir='ltr'><strong>l&#39;uitRomanus</strong></span> <span class='ocrx_word' id='word_1_679' title='bbox 2969 4038 3207 4111; x_wconf 68' lang='lat' dir='ltr'><strong>pontifex</strong></span> <span class='ocrx_word' id='word_1_680' title='bbox 3230 4030 3297 4111; x_wconf 74' lang='lat' dir='ltr'><strong>ah</strong></span> <span class='ocrx_word' id='word_1_681' title='bbox 3317 4053 3460 4111; x_wconf 82' lang='lat' dir='ltr'><strong>anno</strong></span> 
     </span>
    </p>
   </div>
   <div class='ocr_carea' id='block_1_64' title="bbox 210 4108 3463 4181">
    <p class='ocr_par' dir='ltr' id='par_1_64' title="bbox 210 4108 3463 4181">
     <span class='ocr_line' id='line_1_65' title="bbox 210 4108 3463 4181; baseline -0.001 -14"><span class='ocrx_word' id='word_1_682' title='bbox 210 4108 299 4181; x_wconf 48' lang='lat'><strong>£92</strong></span> <span class='ocrx_word' id='word_1_683' title='bbox 324 4115 388 4167; x_wconf 89' lang='lat' dir='ltr'><strong>ad</strong></span> <span class='ocrx_word' id='word_1_684' title='bbox 413 4131 617 4168; x_wconf 89' lang='lat' dir='ltr'><strong>annum</strong></span> <span class='ocrx_word' id='word_1_685' title='bbox 648 4108 855 4177; x_wconf 47' lang='lat' dir='ltr'><strong>496,&#39;et</strong></span> <span class='ocrx_word' id='word_1_686' title='bbox 885 4115 1093 4180; x_wconf 81' lang='lat' dir='ltr'><strong>longius</strong></span> <span class='ocrx_word' id='word_1_687' title='bbox 1122 4113 1283 4165; x_wconf 90' lang='lat' dir='ltr'><strong>etiam</strong></span> <span class='ocrx_word' id='word_1_688' title='bbox 1322 4108 1445 4181; x_wconf 85' lang='lat' dir='ltr'><strong>post</strong></span> <span class='ocrx_word' id='word_1_689' title='bbox 1490 4108 1691 4164; x_wconf 79' lang='lat' dir='ltr'><strong>obitum</strong></span> <span class='ocrx_word' id='word_1_690' title='bbox 1730 4111 1787 4165; x_wconf 90' lang='lat' dir='ltr'><strong>S.</strong></span> <span class='ocrx_word' id='word_1_691' title='bbox 1838 4108 2054 4164; x_wconf 76' lang='lat' dir='ltr'><strong>Maximi</strong></span> <span class='ocrx_word' id='word_1_692' title='bbox 2096 4111 2585 4181; x_wconf 68' lang='lat' dir='ltr'><strong>dedicatioprimce</strong></span> <span class='ocrx_word' id='word_1_693' title='bbox 2614 4110 2730 4181; x_wconf 86' lang='lat' dir='ltr'><strong>ejus</strong></span> <span class='ocrx_word' id='word_1_694' title='bbox 2758 4111 2991 4181; x_wconf 71' lang='lat' dir='ltr'><strong>basilica:</strong></span> <span class='ocrx_word' id='word_1_695' title='bbox 3020 4109 3202 4181; x_wconf 63' lang='lat' dir='ltr'><strong>Romae</strong></span> <span class='ocrx_word' id='word_1_696' title='bbox 3232 4109 3286 4161; x_wconf 91' lang='lat' dir='ltr'><strong>in</strong></span> <span class='ocrx_word' id='word_1_697' title='bbox 3315 4108 3463 4181; x_wconf 83' lang='lat' dir='ltr'><strong>circo</strong></span> 
     </span>
    </p>
   </div>
   <div class='ocr_carea' id='block_1_65' title="bbox 208 4177 3467 4251">
    <p class='ocr_par' dir='ltr' id='par_1_65' title="bbox 208 4177 3467 4251">
     <span class='ocr_line' id='line_1_66' title="bbox 208 4177 3467 4251; baseline -0.001 -17"><span class='ocrx_word' id='word_1_698' title='bbox 208 4177 419 4251; x_wconf 77' lang='lat' dir='ltr'><strong>Maximo</strong></span> <span class='ocrx_word' id='word_1_699' title='bbox 446 4184 588 4239; x_wconf 79' lang='lat' dir='ltr'><strong>facta</strong></span> <span class='ocrx_word' id='word_1_700' title='bbox 624 4200 654 4236; x_wconf 90' lang='lat' dir='ltr'><strong>a</strong></span> <span class='ocrx_word' id='word_1_701' title='bbox 691 4184 962 4238; x_wconf 81' lang='lat' dir='ltr'><strong>Bonifacio</strong></span> <span class='ocrx_word' id='word_1_702' title='bbox 983 4177 1055 4246; x_wconf 12' lang='lat' dir='ltr'><strong>ill,</strong></span> <span class='ocrx_word' id='word_1_703' title='bbox 1087 4177 1382 4237; x_wconf 83' lang='lat' dir='ltr'><strong>clarissime</strong></span> <span class='ocrx_word' id='word_1_704' title='bbox 1417 4189 1565 4251; x_wconf 86' lang='lat' dir='ltr'><strong>patet</strong></span> <span class='ocrx_word' id='word_1_705' title='bbox 1600 4182 1739 4235; x_wconf 90' lang='lat' dir='ltr'><strong>hanc</strong></span> <span class='ocrx_word' id='word_1_706' title='bbox 1774 4182 2046 4234; x_wconf 86' lang='lat' dir='ltr'><strong>homiliam</strong></span> <span class='ocrx_word' id='word_1_707' title='bbox 2088 4197 2117 4233; x_wconf 88' lang='lat' dir='ltr'><strong>a</strong></span> <span class='ocrx_word' id='word_1_708' title='bbox 2147 4180 2202 4233; x_wconf 91' lang='lat' dir='ltr'><strong>S.</strong></span> <span class='ocrx_word' id='word_1_709' title='bbox 2235 4177 2470 4251; x_wconf 85' lang='lat' dir='ltr'><strong>antitiste</strong></span> <span class='ocrx_word' id='word_1_710' title='bbox 2499 4177 2813 4251; x_wconf 82' lang='lat' dir='ltr'><strong>Tauri_nc_nsi</strong></span> <span class='ocrx_word' id='word_1_711' title='bbox 2844 4180 3201 4251; x_wconf 62' lang='lat' dir='ltr'><strong>recitarinon</strong></span> <span class='ocrx_word' id='word_1_712' title='bbox 3229 4178 3467 4251; x_wconf 75' lang='lat' dir='ltr'><strong>potuisse</strong></span> 
     </span>
    </p>
   </div>
   <div class='ocr_carea' id='block_1_66' title="bbox 207 4246 3466 4319">
    <p class='ocr_par' dir='ltr' id='par_1_66' title="bbox 207 4246 3466 4319">
     <span class='ocr_line' id='line_1_67' title="bbox 207 4246 3466 4319; baseline -0.002 -17"><span class='ocrx_word' id='word_1_713' title='bbox 207 4249 253 4303; x_wconf 90' lang='lat' dir='ltr'><strong>in</strong></span> <span class='ocrx_word' id='word_1_714' title='bbox 275 4255 616 4308; x_wconf 88' lang='lat' dir='ltr'><strong>solemnitate</strong></span> <span class='ocrx_word' id='word_1_715' title='bbox 644 4255 701 4309; x_wconf 85' lang='lat' dir='ltr'><strong>S.</strong></span> <span class='ocrx_word' id='word_1_716' title='bbox 732 4253 1011 4309; x_wconf 81' lang='lat' dir='ltr'><strong>Michaelis</strong></span> <span class='ocrx_word' id='word_1_717' title='bbox 1034 4253 1363 4319; x_wconf 88' lang='lat' dir='ltr'><strong>archangeli,</strong></span> <span class='ocrx_word' id='word_1_718' title='bbox 1394 4246 1512 4319; x_wconf 73' lang='lat' dir='ltr'><strong>qua:</strong></span> <span class='ocrx_word' id='word_1_719' title='bbox 1541 4252 1592 4305; x_wconf 79' lang='lat' dir='ltr'><strong>iu</strong></span> <span class='ocrx_word' id='word_1_720' title='bbox 1626 4250 1863 4306; x_wconf 87' lang='lat' dir='ltr'><strong>Ecclesia</strong></span> <span class='ocrx_word' id='word_1_721' title='bbox 1907 4251 2140 4304; x_wconf 83' lang='lat' dir='ltr'><strong>nondum</strong></span> <span class='ocrx_word' id='word_1_722' title='bbox 2172 4250 2413 4319; x_wconf 84' lang='lat' dir='ltr'><strong>instituta</strong></span> <span class='ocrx_word' id='word_1_723' title='bbox 2440 4259 2573 4301; x_wconf 70' lang='lat' dir='ltr'><strong>ovat.</strong></span> <span class='ocrx_word' id='word_1_724' title='bbox 2606 4249 2685 4319; x_wconf 67' lang='lat' dir='ltr'><strong>Al)</strong></span> <span class='ocrx_word' id='word_1_725' title='bbox 2715 4248 3004 4319; x_wconf 82' lang='lat' dir='ltr'><strong>Evangelio</strong></span> <span class='ocrx_word' id='word_1_726' title='bbox 3034 4247 3291 4319; x_wconf 70' lang='lat' dir='ltr'><strong>Mattlnei,</strong></span> <span class='ocrx_word' id='word_1_727' title='bbox 3320 4246 3466 4319; x_wconf 76' lang='lat' dir='ltr'><strong>quod</strong></span> 
     </span>
    </p>
   </div>
   <div class='ocr_carea' id='block_1_67' title="bbox 208 4315 3463 4392">
    <p class='ocr_par' dir='ltr' id='par_1_67' title="bbox 208 4315 3463 4392">
     <span class='ocr_line' id='line_1_68' title="bbox 208 4315 3463 4392; baseline -0.001 -20"><span class='ocrx_word' id='word_1_728' title='bbox 208 4333 263 4373; x_wconf 88' lang='lat' dir='ltr'><strong>ea</strong></span> <span class='ocrx_word' id='word_1_729' title='bbox 294 4321 374 4377; x_wconf 88' lang='lat' dir='ltr'><strong>die</strong></span> <span class='ocrx_word' id='word_1_730' title='bbox 403 4325 603 4391; x_wconf 87' lang='lat' dir='ltr'><strong>legitur</strong></span> <span class='ocrx_word' id='word_1_731' title='bbox 632 4325 859 4392; x_wconf 90' lang='lat' dir='ltr'><strong>imperiti</strong></span> <span class='ocrx_word' id='word_1_732' title='bbox 890 4315 1262 4377; x_wconf 49' lang='lat' dir='ltr'><strong>amanuenses&#39;</strong></span> <span class='ocrx_word' id='word_1_733' title='bbox 1286 4315 1495 4376; x_wconf 84' lang='lat' dir='ltr'><strong>titulum</strong></span> <span class='ocrx_word' id='word_1_734' title='bbox 1546 4322 1693 4392; x_wconf 90' lang='lat' dir='ltr'><strong>illum</strong></span> <span class='ocrx_word' id='word_1_735' title='bbox 1744 4320 1985 4392; x_wconf 60' lang='lat' dir='ltr'><strong>homilite</strong></span> <span class='ocrx_word' id='word_1_736' title='bbox 2018 4320 2243 4392; x_wconf 78' lang='lat' dir='ltr'><strong>Maximi</strong></span> <span class='ocrx_word' id='word_1_737' title='bbox 2278 4318 2581 4392; x_wconf 79' lang='lat' dir='ltr'><strong>allixcrunt.</strong></span> <span class='ocrx_word' id='word_1_738' title='bbox 2634 4316 2760 4392; x_wconf 84' lang='lat' dir='ltr'><strong>N_os,</strong></span> <span class='ocrx_word' id='word_1_739' title='bbox 2812 4315 3346 4392; x_wconf 48' lang='lat' dir='ltr'><strong>relictiscditoribus</strong></span> <span class='ocrx_word' id='word_1_740' title='bbox 3371 4315 3463 4383; x_wconf 89' lang='lat' dir='ltr'><strong>qui</strong></span> 
     </span>
    </p>
   </div>
   <div class='ocr_carea' id='block_1_68' title="bbox 207 4384 3176 4463">
    <p class='ocr_par' dir='ltr' id='par_1_68' title="bbox 207 4384 3176 4463">
     <span class='ocr_line' id='line_1_69' title="bbox 207 4384 3176 4463; baseline -0.002 -20"><span class='ocrx_word' id='word_1_741' title='bbox 207 4404 425 4447; x_wconf 88' lang='lat' dir='ltr'><strong>errorem</strong></span> <span class='ocrx_word' id='word_1_742' title='bbox 454 4384 567 4448; x_wconf 62' lang='lat' dir='ltr'><strong>iam</strong></span> <span class='ocrx_word' id='word_1_743' title='bbox 594 4384 937 4449; x_wconf 82' lang='lat' dir='ltr'><strong>manifestum</strong></span> <span class='ocrx_word' id='word_1_744' title='bbox 967 4410 1072 4448; x_wconf 92' lang='lat' dir='ltr'><strong>non</strong></span> <span class='ocrx_word' id='word_1_745' title='bbox 1095 4400 1484 4463; x_wconf 65' lang='lat' dir='ltr'><strong>prtecaveruut,</strong></span> <span class='ocrx_word' id='word_1_746' title='bbox 1511 4392 1652 4446; x_wconf 89' lang='lat' dir='ltr'><strong>inter</strong></span> <span class='ocrx_word' id='word_1_747' title='bbox 1681 4390 1929 4446; x_wconf 88' lang='lat' dir='ltr'><strong>homilias</strong></span> <span class='ocrx_word' id='word_1_748' title='bbox 1957 4390 2023 4445; x_wconf 91' lang='lat' dir='ltr'><strong>de</strong></span> <span class='ocrx_word' id='word_1_749' title='bbox 2052 4388 2277 4444; x_wconf 82' lang='lat' dir='ltr'><strong>diversis</strong></span> <span class='ocrx_word' id='word_1_750' title='bbox 2301 4388 2498 4443; x_wconf 84' lang='lat' dir='ltr'><strong>reetius</strong></span> <span class='ocrx_word' id='word_1_751' title='bbox 2527 4386 2769 4442; x_wconf 88' lang='lat' dir='ltr'><strong>eamdem</strong></span> <span class='ocrx_word' id='word_1_752' title='bbox 2794 4384 3176 4442; x_wconf 87' lang='lat' dir='ltr'><strong>transtulimus.</strong></span> 
     </span>
    </p>
   </div>
   <div class='ocr_carea' id='block_1_69' title="bbox 208 4514 3465 4597">
    <p class='ocr_par' dir='ltr' id='par_1_69' title="bbox 208 4514 3465 4597">
     <span class='ocr_line' id='line_1_70' title="bbox 208 4514 3465 4597; baseline -0.004 -16"><span class='ocrx_word' id='word_1_753' title='bbox 208 4525 357 4597; x_wconf 61' lang='grc'><strong>284</strong></span> <span class='ocrx_word' id='word_1_754' title='bbox 383 4526 782 4597; x_wconf 67' lang='lat' dir='ltr'><strong>Ancuusxruu.</strong></span> <span class='ocrx_word' id='word_1_755' title='bbox 803 4524 1082 4597; x_wconf 81' lang='lat' dir='ltr'><strong>——Multa,</strong></span> <span class='ocrx_word' id='word_1_756' title='bbox 1113 4542 1270 4595; x_wconf 87' lang='lat' dir='ltr'><strong>eaque</strong></span> <span class='ocrx_word' id='word_1_757' title='bbox 1298 4524 1551 4597; x_wconf 77' lang='lat' dir='ltr'><strong>prwclara</strong></span> <span class='ocrx_word' id='word_1_758' title='bbox 1581 4523 1645 4576; x_wconf 88' lang='lat' dir='ltr'><strong>de</strong></span> <span class='ocrx_word' id='word_1_759' title='bbox 1674 4523 1780 4576; x_wconf 80' lang='lat' dir='ltr'><strong>tir-</strong></span> <span class='ocrx_word' id='word_1_760' title='bbox 1809 4522 1854 4585; x_wconf 88' lang='lat' dir='ltr'><strong>C</strong></span> <span class='ocrx_word' id='word_1_761' title='bbox 1886 4520 2128 4589; x_wconf 86' lang='lat' dir='ltr'><strong>telligere</strong></span> <span class='ocrx_word' id='word_1_762' title='bbox 2170 4519 2402 4589; x_wconf 87' lang='lat' dir='ltr'><strong>potestis</strong></span> <span class='ocrx_word' id='word_1_763' title='bbox 2445 4520 2459 4568; x_wconf 80' lang='lat' dir='ltr'><strong>l</strong></span> <span class='ocrx_word' id='word_1_764' title='bbox 2515 4533 2634 4587; x_wconf 67' lang='lat' dir='ltr'><strong>qua:</strong></span> <span class='ocrx_word' id='word_1_765' title='bbox 2682 4516 2937 4571; x_wconf 88' lang='lat' dir='ltr'><strong>ministris</strong></span> <span class='ocrx_word' id='word_1_766' title='bbox 2984 4531 3049 4572; x_wconf 88' lang='lat' dir='ltr'><strong>ac</strong></span> <span class='ocrx_word' id='word_1_767' title='bbox 3097 4514 3465 4571; x_wconf 86' lang='lat' dir='ltr'><strong>sacerdotibus</strong></span> 
     </span>
    </p>
   </div>
   <div class='ocr_carea' id='block_1_70' title="bbox 267 4594 1780 4666">
    <p class='ocr_par' dir='ltr' id='par_1_70' title="bbox 267 4594 1780 4666">
     <span class='ocr_line' id='line_1_71' title="bbox 267 4594 1780 4666; baseline -0.003 -17"><span class='ocrx_word' id='word_1_768' title='bbox 267 4594 365 4666; x_wconf 70' lang='lat' dir='ltr'><strong>tute</strong></span> <span class='ocrx_word' id='word_1_769' title='bbox 380 4597 708 4661; x_wconf 82' lang='lat' dir='ltr'><strong>humilitatis,</strong></span> <span class='ocrx_word' id='word_1_770' title='bbox 728 4596 887 4666; x_wconf 88' lang='lat' dir='ltr'><strong>deque</strong></span> <span class='ocrx_word' id='word_1_771' title='bbox 904 4595 1137 4648; x_wconf 86' lang='lat' dir='ltr'><strong>scandali</strong></span> <span class='ocrx_word' id='word_1_772' title='bbox 1154 4594 1361 4665; x_wconf 83' lang='lat' dir='ltr'><strong>peccato</strong></span> <span class='ocrx_word' id='word_1_773' title='bbox 1379 4594 1554 4647; x_wconf 86' lang='lat' dir='ltr'><strong>scribit</strong></span> <span class='ocrx_word' id='word_1_774' title='bbox 1572 4603 1780 4666; x_wconf 79' lang='lat' dir='ltr'><strong>sanctus</strong></span> 
     </span>
    </p>
   </div>
   <div class='ocr_carea' id='block_1_71' title="bbox 268 4663 1781 4735">
    <p class='ocr_par' dir='ltr' id='par_1_71' title="bbox 268 4663 1781 4735">
     <span class='ocr_line' id='line_1_72' title="bbox 268 4663 1781 4735; baseline 0.001 -18"><span class='ocrx_word' id='word_1_775' title='bbox 268 4664 567 4721; x_wconf 69' lang='lat' dir='ltr'><strong>Maximus:</strong></span> <span class='ocrx_word' id='word_1_776' title='bbox 596 4685 657 4720; x_wconf 90' lang='lat' dir='ltr'><strong>ac</strong></span> <span class='ocrx_word' id='word_1_777' title='bbox 687 4663 925 4735; x_wconf 76' lang='lat' dir='ltr'><strong>paruulos</strong></span> <span class='ocrx_word' id='word_1_778' title='bbox 949 4663 1243 4719; x_wconf 21' lang='lat' dir='ltr'><strong>malitia‘ait</strong></span> <span class='ocrx_word' id='word_1_779' title='bbox 1270 4682 1399 4727; x_wconf 84' lang='lat' dir='ltr'><strong>esse,</strong></span> <span class='ocrx_word' id='word_1_780' title='bbox 1430 4664 1638 4735; x_wconf 85' lang='lat' dir='ltr'><strong>nonnisi</strong></span> <span class='ocrx_word' id='word_1_781' title='bbox 1676 4663 1781 4718; x_wconf 86' lang='lat' dir='ltr'><strong>cle-</strong></span> 
     </span>
    </p>
   </div>
   <div class='ocr_carea' id='block_1_72' title="bbox 266 4734 1597 4807">
    <p class='ocr_par' dir='ltr' id='par_1_72' title="bbox 266 4734 1597 4807">
     <span class='ocr_line' id='line_1_73' title="bbox 266 4734 1597 4807; baseline -0.002 -19"><span class='ocrx_word' id='word_1_782' title='bbox 266 4737 393 4791; x_wconf 87' lang='lat' dir='ltr'><strong>ricos</strong></span> <span class='ocrx_word' id='word_1_783' title='bbox 422 4739 657 4804; x_wconf 84' lang='lat' dir='ltr'><strong>idoneos,</strong></span> <span class='ocrx_word' id='word_1_784' title='bbox 688 4734 967 4791; x_wconf 86' lang='lat' dir='ltr'><strong>monachos</strong></span> <span class='ocrx_word' id='word_1_785' title='bbox 1000 4736 1288 4807; x_wconf 83' lang='lat' dir='ltr'><strong>religiosos,</strong></span> <span class='ocrx_word' id='word_1_786' title='bbox 1316 4735 1390 4788; x_wconf 84' lang='lat' dir='ltr'><strong>vel</strong></span> <span class='ocrx_word' id='word_1_787' title='bbox 1418 4734 1597 4787; x_wconf 87' lang='lat' dir='ltr'><strong>laicos.</strong></span> 
     </span>
    </p>
   </div>
   <div class='ocr_carea' id='block_1_73' title="bbox 268 4887 1775 4960">
    <p class='ocr_par' dir='ltr' id='par_1_73' title="bbox 268 4887 1775 4960">
     <span class='ocr_line' id='line_1_74' title="bbox 268 4887 1775 4960; baseline 0 -18"><span class='ocrx_word' id='word_1_788' title='bbox 268 4888 320 4943; x_wconf 87' lang='lat' dir='ltr'><strong>Si</strong></span> <span class='ocrx_word' id='word_1_789' title='bbox 348 4890 634 4960; x_wconf 90' lang='lat' dir='ltr'><strong>diligenter</strong></span> <span class='ocrx_word' id='word_1_790' title='bbox 679 4890 904 4946; x_wconf 88' lang='lat' dir='ltr'><strong>audistis</strong></span> <span class='ocrx_word' id='word_1_791' title='bbox 930 4889 1293 4958; x_wconf 86' lang='lat' dir='ltr'><strong>evangelicam</strong></span> <span class='ocrx_word' id='word_1_792' title='bbox 1339 4887 1659 4953; x_wconf 88' lang='lat' dir='ltr'><strong>lectionem,</strong></span> <span class='ocrx_word' id='word_1_793' title='bbox 1690 4887 1775 4942; x_wconf 89' lang='lat' dir='ltr'><strong>in-</strong></span> 
     </span>
    </p>
   </div>
   <div class='ocr_carea' id='block_1_74' title="bbox 270 5086 1267 5155">
    <p class='ocr_par' dir='ltr' id='par_1_74' title="bbox 270 5086 1267 5155">
     <span class='ocr_line' id='line_1_75' title="bbox 270 5086 1267 5155; baseline 0 -16"><span class='ocrx_word' id='word_1_794' title='bbox 270 5096 294 5123; x_wconf 78' lang='grc'>⁸</span> <span class='ocrx_word' id='word_1_795' title='bbox 318 5086 450 5141; x_wconf 85' lang='lat' dir='ltr'><strong>Cod.</strong></span> <span class='ocrx_word' id='word_1_796' title='bbox 482 5088 605 5142; x_wconf 78' lang='lat' dir='ltr'><strong>Vat.</strong></span> <span class='ocrx_word' id='word_1_797' title='bbox 639 5086 797 5152; x_wconf 67' lang='lat' dir='ltr'><strong>M52,</strong></span> <span class='ocrx_word' id='word_1_798' title='bbox 820 5104 1053 5143; x_wconf 86' lang='lat' dir='ltr'><strong>somnum</strong></span> <span class='ocrx_word' id='word_1_799' title='bbox 1080 5090 1267 5155; x_wconf 85' lang='lat' dir='ltr'><strong>potius.</strong></span> 
     </span>
    </p>
   </div>
   <div class='ocr_carea' id='block_1_75' title="bbox 269 5154 1775 5226">
    <p class='ocr_par' dir='ltr' id='par_1_75' title="bbox 269 5154 1775 5226">
     <span class='ocr_line' id='line_1_76' title="bbox 269 5154 1775 5226; baseline -0.001 -16"><span class='ocrx_word' id='word_1_800' title='bbox 269 5154 296 5194; x_wconf 65' lang='grc' dir='ltr'>δ</span> <span class='ocrx_word' id='word_1_801' title='bbox 316 5156 448 5211; x_wconf 84' lang='lat' dir='ltr'><strong>Cod.</strong></span> <span class='ocrx_word' id='word_1_802' title='bbox 477 5158 536 5212; x_wconf 90' lang='lat' dir='ltr'><strong>S.</strong></span> <span class='ocrx_word' id='word_1_803' title='bbox 564 5157 752 5212; x_wconf 86' lang='lat' dir='ltr'><strong>Crucis</strong></span> <span class='ocrx_word' id='word_1_804' title='bbox 781 5159 832 5211; x_wconf 91' lang='lat' dir='ltr'><strong>iu</strong></span> <span class='ocrx_word' id='word_1_805' title='bbox 871 5156 1006 5224; x_wconf 55' lang='grc' dir='ltr'><strong>δοίη,</strong></span> <span class='ocrx_word' id='word_1_806' title='bbox 1037 5154 1092 5210; x_wconf 87' lang='lat' dir='ltr'><strong>ut</strong></span> <span class='ocrx_word' id='word_1_807' title='bbox 1120 5158 1381 5226; x_wconf 80' lang='lat' dir='ltr'><strong>civiﬁcans</strong></span> <span class='ocrx_word' id='word_1_808' title='bbox 1420 5166 1635 5211; x_wconf 86' lang='lat' dir='ltr'><strong>mortem</strong></span> <span class='ocrx_word' id='word_1_809' title='bbox 1678 5172 1775 5209; x_wconf 88' lang='lat' dir='ltr'><strong>no-</strong></span> 
     </span>
    </p>
   </div>
   <div class='ocr_carea' id='block_1_76' title="bbox 211 5230 1385 5293">
    <p class='ocr_par' dir='ltr' id='par_1_76' title="bbox 211 5230 1385 5293">
     <span class='ocr_line' id='line_1_77' title="bbox 211 5230 1385 5293; baseline 0 -14"><span class='ocrx_word' id='word_1_810' title='bbox 211 5235 379 5293; x_wconf 76' lang='lat' dir='ltr'><strong>stram,</strong></span> <span class='ocrx_word' id='word_1_811' title='bbox 408 5244 524 5281; x_wconf 89' lang='lat' dir='ltr'><strong>cum</strong></span> <span class='ocrx_word' id='word_1_812' title='bbox 553 5230 664 5293; x_wconf 85' lang='lat' dir='ltr'><strong>ipso</strong></span> <span class='ocrx_word' id='word_1_813' title='bbox 688 5246 719 5280; x_wconf 89' lang='lat' dir='ltr'><strong>a</strong></span> <span class='ocrx_word' id='word_1_814' title='bbox 746 5230 958 5283; x_wconf 84' lang='lat' dir='ltr'><strong>mortuis</strong></span> <span class='ocrx_word' id='word_1_815' title='bbox 988 5244 1385 5293; x_wconf 86' lang='lat' dir='ltr'><strong>resurgeremus.</strong></span> 
     </span>
    </p>
   </div>
   <div class='ocr_carea' id='block_1_77' title="bbox 274 5293 1780 5369">
    <p class='ocr_par' dir='ltr' id='par_1_77' title="bbox 274 5293 1780 5369">
     <span class='ocr_line' id='line_1_78' title="bbox 274 5293 1780 5369; baseline -0.003 -17"><span class='ocrx_word' id='word_1_816' title='bbox 274 5308 293 5334; x_wconf 74' lang='grc' dir='ltr'><strong><em>τ</em></strong></span> <span class='ocrx_word' id='word_1_817' title='bbox 316 5294 452 5369; x_wconf 81' lang='lat' dir='ltr'><strong>Cod.</strong></span> <span class='ocrx_word' id='word_1_818' title='bbox 485 5314 521 5352; x_wconf 85' lang='grc' dir='ltr'>ιι</span> <span class='ocrx_word' id='word_1_819' title='bbox 558 5293 613 5352; x_wconf 91' lang='lat' dir='ltr'><strong>S.</strong></span> <span class='ocrx_word' id='word_1_820' title='bbox 645 5296 831 5353; x_wconf 84' lang='lat' dir='ltr'><strong>Crucis</strong></span> <span class='ocrx_word' id='word_1_821' title='bbox 862 5297 1077 5369; x_wconf 67' lang='lat' dir='ltr'><strong>Minon,</strong></span> <span class='ocrx_word' id='word_1_822' title='bbox 1111 5293 1226 5369; x_wconf 67' lang='lat' dir='ltr'><strong>Hoc</strong></span> <span class='ocrx_word' id='word_1_823' title='bbox 1251 5305 1348 5369; x_wconf 85' lang='lat' dir='ltr'><strong>est,</strong></span> <span class='ocrx_word' id='word_1_824' title='bbox 1370 5296 1491 5369; x_wconf 84' lang='lat' dir='ltr'><strong>quid</strong></span> <span class='ocrx_word' id='word_1_825' title='bbox 1510 5295 1697 5369; x_wconf 67' lang='lat' dir='ltr'><strong>quieris</strong></span> <span class='ocrx_word' id='word_1_826' title='bbox 1726 5293 1780 5369; x_wconf 79' lang='lat' dir='ltr'><strong>in</strong></span> 
     </span>
    </p>
   </div>
   <div class='ocr_carea' id='block_1_78' title="bbox 206 5364 1782 5445">
    <p class='ocr_par' dir='ltr' id='par_1_78' title="bbox 206 5364 1782 5445">
     <span class='ocr_line' id='line_1_79' title="bbox 206 5364 1782 5445; baseline 0 -28"><span class='ocrx_word' id='word_1_827' title='bbox 206 5368 391 5445; x_wconf 70' lang='lat' dir='ltr'><strong>tumulo</strong></span> <span class='ocrx_word' id='word_1_828' title='bbox 419 5385 567 5438; x_wconf 85' lang='lat' dir='ltr'><strong>quem</strong></span> <span class='ocrx_word' id='word_1_829' title='bbox 592 5370 813 5423; x_wconf 86' lang='lat' dir='ltr'><strong>adorare</strong></span> <span class='ocrx_word' id='word_1_830' title='bbox 841 5367 989 5423; x_wconf 79' lang='lat' dir='ltr'><strong>debes</strong></span> <span class='ocrx_word' id='word_1_831' title='bbox 1019 5370 1075 5421; x_wconf 89' lang='lat' dir='ltr'><strong>in</strong></span> <span class='ocrx_word' id='word_1_832' title='bbox 1104 5364 1263 5421; x_wconf 77' lang='lat' dir='ltr'><strong>ccclo?</strong></span> <span class='ocrx_word' id='word_1_833' title='bbox 1286 5364 1406 5438; x_wconf 85' lang='lat' dir='ltr'><strong>quid</strong></span> <span class='ocrx_word' id='word_1_834' title='bbox 1432 5364 1619 5439; x_wconf 62' lang='lat' dir='ltr'><strong>quaeris</strong></span> <span class='ocrx_word' id='word_1_835' title='bbox 1642 5364 1782 5435; x_wconf 88' lang='lat' dir='ltr'><strong>apud</strong></span> 
     </span>
    </p>
   </div>
   <div class='ocr_carea' id='block_1_79' title="bbox 207 5439 1775 5580">
    <p class='ocr_par' dir='ltr' id='par_1_79' title="bbox 207 5439 1775 5580">
     <span class='ocr_line' id='line_1_80' title="bbox 207 5439 543 5506; baseline 0.006 -19"><span class='ocrx_word' id='word_1_836' title='bbox 207 5439 410 5506; x_wconf 75' lang='lat' dir='ltr'><strong>in[cros,</strong></span> <span class='ocrx_word' id='word_1_837' title='bbox 434 5448 543 5493; x_wconf 88' lang='lat' dir='ltr'><strong>etc.</strong></span> 
     </span>
     <span class='ocr_line' id='line_1_81' title="bbox 271 5504 1775 5580; baseline -0.003 -20"><span class='ocrx_word' id='word_1_838' title='bbox 271 5504 294 5543; x_wconf 74' lang='grc' dir='ltr'>ἀ</span> <span class='ocrx_word' id='word_1_839' title='bbox 315 5506 451 5561; x_wconf 88' lang='lat' dir='ltr'><strong>Cod.</strong></span> <span class='ocrx_word' id='word_1_840' title='bbox 488 5506 781 5564; x_wconf 85' lang='lat' dir='ltr'><strong>Lateranen</strong></span> <span class='ocrx_word' id='word_1_841' title='bbox 812 5551 827 5578; x_wconf 92' lang='lat'><strong>,</strong></span> <span class='ocrx_word' id='word_1_842' title='bbox 857 5509 991 5580; x_wconf 87' lang='lat' dir='ltr'><strong>quod</strong></span> <span class='ocrx_word' id='word_1_843' title='bbox 1016 5508 1106 5562; x_wconf 89' lang='lat' dir='ltr'><strong>illa</strong></span> <span class='ocrx_word' id='word_1_844' title='bbox 1136 5506 1302 5560; x_wconf 87' lang='lat' dir='ltr'><strong>adhuc</strong></span> <span class='ocrx_word' id='word_1_845' title='bbox 1328 5523 1431 5560; x_wconf 90' lang='lat' dir='ltr'><strong>non</strong></span> <span class='ocrx_word' id='word_1_846' title='bbox 1460 5506 1775 5576; x_wconf 86' lang='lat' dir='ltr'><strong>intelligens,</strong></span> 
     </span>
    </p>
   </div>
   <div class='ocr_carea' id='block_1_80' title="bbox 210 5591 1778 5723">
    <p class='ocr_par' dir='ltr' id='par_1_80' title="bbox 210 5591 1778 5723">
     <span class='ocr_line' id='line_1_82' title="bbox 210 5591 1245 5649; baseline 0.005 -19"><span class='ocrx_word' id='word_1_847' title='bbox 210 5591 294 5631; x_wconf 84' lang='lat' dir='ltr'><strong>nec</strong></span> <span class='ocrx_word' id='word_1_848' title='bbox 320 5595 708 5649; x_wconf 85' lang='lat' dir='ltr'><strong>recognoscens.</strong></span> <span class='ocrx_word' id='word_1_849' title='bbox 1241 5631 1245 5635; x_wconf 90' lang='lat'><strong>.</strong></span> 
     </span>
     <span class='ocr_line' id='line_1_83' title="bbox 278 5645 1778 5723; baseline -0.002 -23"><span class='ocrx_word' id='word_1_850' title='bbox 278 5657 298 5684; x_wconf 75' lang='grc' dir='ltr'><strong>ε</strong></span> <span class='ocrx_word' id='word_1_851' title='bbox 314 5647 456 5723; x_wconf 80' lang='lat' dir='ltr'><strong>Cod.</strong></span> <span class='ocrx_word' id='word_1_852' title='bbox 493 5647 691 5723; x_wconf 45' lang='lat' dir='ltr'><strong>pater”</strong></span> <span class='ocrx_word' id='word_1_853' title='bbox 711 5658 759 5723; x_wconf 78' lang='lat' dir='ltr'><strong>et</strong></span> <span class='ocrx_word' id='word_1_854' title='bbox 779 5646 1114 5723; x_wconf 68' lang='lat' dir='ltr'><strong>nescit._l_’_ost</strong></span> <span class='ocrx_word' id='word_1_855' title='bbox 1136 5648 1249 5723; x_wconf 65' lang='lat' dir='ltr'><strong>lucc</strong></span> <span class='ocrx_word' id='word_1_856' title='bbox 1273 5645 1492 5700; x_wconf 79' lang='lat' dir='ltr'><strong>ulterius</strong></span> <span class='ocrx_word' id='word_1_857' title='bbox 1515 5661 1620 5723; x_wconf 79' lang='lat' dir='ltr'><strong>non</strong></span> <span class='ocrx_word' id='word_1_858' title='bbox 1650 5660 1778 5723; x_wconf 83' lang='lat' dir='ltr'><strong>pro—</strong></span> 
     </span>
    </p>
   </div>
   <div class='ocr_carea' id='block_1_81' title="bbox 211 5715 1779 5784">
    <p class='ocr_par' dir='ltr' id='par_1_81' title="bbox 211 5715 1779 5784">
     <span class='ocr_line' id='line_1_84' title="bbox 211 5715 1779 5784; baseline -0.003 -13"><span class='ocrx_word' id='word_1_859' title='bbox 211 5719 437 5784; x_wconf 81' lang='lat' dir='ltr'><strong>greditur</strong></span> <span class='ocrx_word' id='word_1_860' title='bbox 484 5715 694 5773; x_wconf 84' lang='lat' dir='ltr'><strong>humilia</strong></span> <span class='ocrx_word' id='word_1_861' title='bbox 738 5721 790 5775; x_wconf 89' lang='lat' dir='ltr'><strong>in</strong></span> <span class='ocrx_word' id='word_1_862' title='bbox 834 5718 1145 5773; x_wconf 84' lang='lat' dir='ltr'><strong>Hutuiliario</strong></span> <span class='ocrx_word' id='word_1_863' title='bbox 1195 5715 1574 5779; x_wconf 79' lang='lat' dir='ltr'><strong>Lalerauensi;</strong></span> <span class='ocrx_word' id='word_1_864' title='bbox 1625 5724 1680 5768; x_wconf 87' lang='lat' dir='ltr'><strong>at</strong></span> <span class='ocrx_word' id='word_1_865' title='bbox 1730 5715 1779 5767; x_wconf 90' lang='lat' dir='ltr'><strong>iu</strong></span> 
     </span>
    </p>
   </div>
   <div class='ocr_carea' id='block_1_82' title="bbox 214 5785 1777 5856">
    <p class='ocr_par' dir='ltr' id='par_1_82' title="bbox 214 5785 1777 5856">
     <span class='ocr_line' id='line_1_85' title="bbox 214 5785 1777 5856; baseline -0.004 -13"><span class='ocrx_word' id='word_1_866' title='bbox 214 5791 442 5856; x_wconf 73' lang='lat' dir='ltr'><strong>margine</strong></span> <span class='ocrx_word' id='word_1_867' title='bbox 487 5788 794 5846; x_wconf 83' lang='lat' dir='ltr'><strong>adnotatum</strong></span> <span class='ocrx_word' id='word_1_868' title='bbox 843 5788 937 5844; x_wconf 89' lang='lat' dir='ltr'><strong>fuit</strong></span> <span class='ocrx_word' id='word_1_869' title='bbox 973 5810 985 5842; x_wconf 83' lang='lat'><strong>;</strong></span> <span class='ocrx_word' id='word_1_870' title='bbox 1032 5790 1182 5843; x_wconf 83' lang='lat' dir='ltr'><strong>deest</strong></span> <span class='ocrx_word' id='word_1_871' title='bbox 1234 5785 1617 5855; x_wconf 89' lang='lat' dir='ltr'><strong>aliquantulum</strong></span> <span class='ocrx_word' id='word_1_872' title='bbox 1662 5800 1777 5840; x_wconf 87' lang='lat' dir='ltr'><strong>scr-</strong></span> 
     </span>
    </p>
   </div>
   <div class='ocr_carea' id='block_1_83' title="bbox 1884 4604 3465 4679">
    <p class='ocr_par' dir='ltr' id='par_1_83' title="bbox 1884 4604 3465 4679">
     <span class='ocr_line' id='line_1_86' title="bbox 1884 4604 3465 4679; baseline -0.006 -14"><span class='ocrx_word' id='word_1_873' title='bbox 1884 4611 1981 4665; x_wconf 89' lang='lat' dir='ltr'><strong>Dei</strong></span> <span class='ocrx_word' id='word_1_874' title='bbox 2013 4610 2317 4665; x_wconf 86' lang='lat' dir='ltr'><strong>reverentia</strong></span> <span class='ocrx_word' id='word_1_875' title='bbox 2337 4609 2622 4676; x_wconf 91' lang='lat' dir='ltr'><strong>debeatur,</strong></span> <span class='ocrx_word' id='word_1_876' title='bbox 2648 4609 2729 4663; x_wconf 90' lang='lat' dir='ltr'><strong>vel</strong></span> <span class='ocrx_word' id='word_1_877' title='bbox 2753 4607 2876 4678; x_wconf 90' lang='lat' dir='ltr'><strong>quia</strong></span> <span class='ocrx_word' id='word_1_878' title='bbox 2905 4607 3051 4679; x_wconf 91' lang='lat' dir='ltr'><strong>ipsos</strong></span> <span class='ocrx_word' id='word_1_879' title='bbox 3078 4606 3303 4662; x_wconf 87' lang='lat' dir='ltr'><strong>clericos</strong></span> <span class='ocrx_word' id='word_1_880' title='bbox 3330 4604 3465 4657; x_wconf 86' lang='lat' dir='ltr'><strong>invi-</strong></span> 
     </span>
    </p>
   </div>
   <div class='ocr_carea' id='block_1_84' title="bbox 1883 4696 3461 4769">
    <p class='ocr_par' dir='ltr' id='par_1_84' title="bbox 1883 4696 3461 4769">
     <span class='ocr_line' id='line_1_87' title="bbox 1883 4696 3461 4769; baseline -0.004 -14"><span class='ocrx_word' id='word_1_881' title='bbox 1883 4716 2003 4756; x_wconf 89' lang='lat' dir='ltr'><strong>cem</strong></span> <span class='ocrx_word' id='word_1_882' title='bbox 2037 4700 2058 4737; x_wconf 66' lang='grc' dir='ltr'><strong><em>κ</em></strong></span> <span class='ocrx_word' id='word_1_883' title='bbox 2093 4701 2411 4755; x_wconf 89' lang='lat' dir='ltr'><strong>humilitatis</strong></span> <span class='ocrx_word' id='word_1_884' title='bbox 2439 4700 2722 4755; x_wconf 88' lang='lat' dir='ltr'><strong>sedulitate</strong></span> <span class='ocrx_word' id='word_1_885' title='bbox 2771 4716 2830 4755; x_wconf 91' lang='lat' dir='ltr'><strong>se</strong></span> <span class='ocrx_word' id='word_1_886' title='bbox 2859 4706 3109 4769; x_wconf 81' lang='lat' dir='ltr'><strong>Oporteat</strong></span> <span class='ocrx_word' id='word_1_887' title='bbox 3146 4696 3461 4768; x_wconf 68' lang='lat' dir='ltr'><strong>praevenire.</strong></span> 
     </span>
    </p>
   </div>
   <div class='ocr_carea' id='block_1_85' title="bbox 1886 4788 3462 4863">
    <p class='ocr_par' dir='ltr' id='par_1_85' title="bbox 1886 4788 3462 4863">
     <span class='ocr_line' id='line_1_88' title="bbox 1886 4788 3462 4863; baseline -0.006 -14"><span class='ocrx_word' id='word_1_888' title='bbox 1886 4794 1972 4849; x_wconf 87' lang='lat' dir='ltr'><strong>Ait</strong></span> <span class='ocrx_word' id='word_1_889' title='bbox 2000 4794 2261 4849; x_wconf 91' lang='lat' dir='ltr'><strong>Dominus</strong></span> <span class='ocrx_word' id='word_1_890' title='bbox 2312 4792 2789 4863; x_wconf 88' lang='lat' dir='ltr'><strong>percunctantibus</strong></span> <span class='ocrx_word' id='word_1_891' title='bbox 2834 4790 3105 4861; x_wconf 89' lang='lat' dir='ltr'><strong>discipulis</strong></span> <span class='ocrx_word' id='word_1_892' title='bbox 3130 4788 3249 4857; x_wconf 91' lang='lat' dir='ltr'><strong>quis</strong></span> <span class='ocrx_word' id='word_1_893' title='bbox 3276 4801 3462 4843; x_wconf 90' lang='lat' dir='ltr'><strong>eorum</strong></span> 
     </span>
    </p>
   </div>
   <div class='ocr_carea' id='block_1_86' title="bbox 1881 4881 3464 4952">
    <p class='ocr_par' dir='ltr' id='par_1_86' title="bbox 1881 4881 3464 4952">
     <span class='ocr_line' id='line_1_89' title="bbox 1881 4881 3464 4952; baseline -0.005 -11"><span class='ocrx_word' id='word_1_894' title='bbox 1881 4887 1935 4941; x_wconf 90' lang='lat' dir='ltr'><strong>in</strong></span> <span class='ocrx_word' id='word_1_895' title='bbox 1966 4899 2137 4952; x_wconf 85' lang='lat' dir='ltr'><strong>regno</strong></span> <span class='ocrx_word' id='word_1_896' title='bbox 2164 4886 2426 4940; x_wconf 60' lang='lat' dir='ltr'><strong>calorum</strong></span> <span class='ocrx_word' id='word_1_897' title='bbox 2448 4882 2623 4951; x_wconf 87' lang='lat' dir='ltr'><strong>major</strong></span> <span class='ocrx_word' id='word_1_898' title='bbox 2641 4891 2784 4938; x_wconf 89' lang='lat' dir='ltr'><strong>esset</strong></span> <span class='ocrx_word' id='word_1_899' title='bbox 2807 4881 3031 4946; x_wconf 90' lang='lat' dir='ltr'><strong>futurus,</strong></span> <span class='ocrx_word' id='word_1_900' title='bbox 3051 4887 3251 4935; x_wconf 87' lang='lat' dir='ltr'><strong>statuto</strong></span> <span class='ocrx_word' id='word_1_901' title='bbox 3279 4894 3464 4934; x_wconf 86' lang='lat' dir='ltr'><strong>coram</strong></span> 
     </span>
    </p>
   </div>
   <div class='ocr_carea' id='block_1_87' title="bbox 1880 5098 3466 5217">
    <p class='ocr_par' dir='ltr' id='par_1_87' title="bbox 1880 5098 3466 5217">
     <span class='ocr_line' id='line_1_90' title="bbox 1880 5098 3466 5217; baseline -0.004 -13"><span class='ocrx_word' id='word_1_902' title='bbox 1880 5098 2170 5205; x_wconf 42' lang='lat' dir='ltr'><strong>mgnCsddd.</strong></span> <span class='ocrx_word' id='word_1_903' title='bbox 2204 5150 2326 5207; x_wconf 86' lang='lat' dir='ltr'><strong>Vat.</strong></span> <span class='ocrx_word' id='word_1_904' title='bbox 2360 5149 2514 5217; x_wconf 72' lang='grc'><strong>1270,</strong></span> <span class='ocrx_word' id='word_1_905' title='bbox 2550 5158 2605 5205; x_wconf 90' lang='lat' dir='ltr'><strong>et</strong></span> <span class='ocrx_word' id='word_1_906' title='bbox 2649 5146 2896 5204; x_wconf 89' lang='lat' dir='ltr'><strong>Casinen.</strong></span> <span class='ocrx_word' id='word_1_907' title='bbox 2933 5160 3033 5215; x_wconf 91' lang='lat' dir='ltr'><strong>pro</strong></span> <span class='ocrx_word' id='word_1_908' title='bbox 3077 5144 3239 5199; x_wconf 89' lang='lat' dir='ltr'><strong>tulisti</strong></span> <span class='ocrx_word' id='word_1_909' title='bbox 3268 5143 3466 5198; x_wconf 82' lang='lat' dir='ltr'><strong>habent</strong></span> 
     </span>
    </p>
   </div>
   <div class='ocr_carea' id='block_1_88' title="bbox 1882 5224 3467 5359">
    <p class='ocr_par' dir='ltr' id='par_1_88' title="bbox 1882 5224 3467 5359">
     <span class='ocr_line' id='line_1_91' title="bbox 1882 5224 3467 5359; baseline -0.007 -14"><span class='ocrx_word' id='word_1_910' title='bbox 1882 5224 2175 5345; x_wconf 50' lang='lat' dir='ltr'><strong>ming&#39;tfd&#39;d.</strong></span> <span class='ocrx_word' id='word_1_911' title='bbox 2223 5290 2342 5345; x_wconf 85' lang='lat' dir='ltr'><strong>Vat.</strong></span> <span class='ocrx_word' id='word_1_912' title='bbox 2378 5289 2535 5359; x_wconf 72' lang='grc'>1270,</span> <span class='ocrx_word' id='word_1_913' title='bbox 2575 5297 2629 5345; x_wconf 87' lang='lat' dir='ltr'><strong>et</strong></span> <span class='ocrx_word' id='word_1_914' title='bbox 2654 5285 2860 5353; x_wconf 85' lang='lat' dir='ltr'><strong>Casin.,</strong></span> <span class='ocrx_word' id='word_1_915' title='bbox 2890 5285 2975 5356; x_wconf 89' lang='lat' dir='ltr'><strong>qui</strong></span> <span class='ocrx_word' id='word_1_916' title='bbox 3004 5284 3136 5339; x_wconf 88' lang='lat' dir='ltr'><strong>illud</strong></span> <span class='ocrx_word' id='word_1_917' title='bbox 3163 5284 3375 5355; x_wconf 86' lang='lat' dir='ltr'><strong>protulit</strong></span> <span class='ocrx_word' id='word_1_918' title='bbox 3402 5282 3467 5335; x_wconf 82' lang='lat' dir='ltr'><strong>de</strong></span> 
     </span>
    </p>
   </div>
   <div class='ocr_carea' id='block_1_89' title="bbox 1882 5362 2309 5432">
    <p class='ocr_par' dir='ltr' id='par_1_89' title="bbox 1882 5362 2309 5432">
     <span class='ocr_line' id='line_1_92' title="bbox 1882 5362 2309 5432; baseline -0.005 -16"><span class='ocrx_word' id='word_1_919' title='bbox 1882 5362 2115 5432; x_wconf 86' lang='lat' dir='ltr'><strong>sepulcro</strong></span> <span class='ocrx_word' id='word_1_920' title='bbox 2138 5379 2153 5415; x_wconf 93' lang='lat'><em>:</em></span> <span class='ocrx_word' id='word_1_921' title='bbox 2184 5363 2309 5431; x_wconf 83' lang='lat' dir='ltr'><strong>ipse.</strong></span> 
     </span>
    </p>
   </div>
   <div class='ocr_carea' id='block_1_90' title="bbox 1956 5424 3223 5497">
    <p class='ocr_par' dir='ltr' id='par_1_90' title="bbox 1956 5424 3223 5497">
     <span class='ocr_line' id='line_1_93' title="bbox 1956 5424 3223 5497; baseline -0.008 -10"><span class='ocrx_word' id='word_1_922' title='bbox 1956 5432 1983 5469; x_wconf 70' lang='grc' dir='ltr'><strong>ιι</strong></span> <span class='ocrx_word' id='word_1_923' title='bbox 2008 5432 2177 5486; x_wconf 88' lang='lat' dir='ltr'><strong>Codd.</strong></span> <span class='ocrx_word' id='word_1_924' title='bbox 2202 5424 2330 5485; x_wconf 61' lang='lat' dir='ltr'><strong>&#39;Vat.</strong></span> <span class='ocrx_word' id='word_1_925' title='bbox 2364 5428 2517 5489; x_wconf 72' lang='lat'><strong>1270,</strong></span> <span class='ocrx_word' id='word_1_926' title='bbox 2547 5436 2603 5483; x_wconf 90' lang='lat' dir='ltr'><strong>et</strong></span> <span class='ocrx_word' id='word_1_927' title='bbox 2624 5426 2805 5482; x_wconf 91' lang='lat' dir='ltr'><strong>Casin.</strong></span> <span class='ocrx_word' id='word_1_928' title='bbox 2831 5424 3223 5497; x_wconf 64' lang='lat' dir='ltr'><strong>108,_portat§it.</strong></span> 
     </span>
    </p>
   </div>
   <div class='ocr_carea' id='block_1_91' title="bbox 1962 5495 3269 5564">
    <p class='ocr_par' dir='ltr' id='par_1_91' title="bbox 1962 5495 3269 5564">
     <span class='ocr_line' id='line_1_94' title="bbox 1962 5495 3269 5564; baseline -0.005 -8"><span class='ocrx_word' id='word_1_929' title='bbox 1962 5500 1978 5540; x_wconf 77' lang='grc' dir='ltr'><strong>ί</strong></span> <span class='ocrx_word' id='word_1_930' title='bbox 2012 5501 2146 5556; x_wconf 90' lang='lat' dir='ltr'><strong>Cod.</strong></span> <span class='ocrx_word' id='word_1_931' title='bbox 2177 5501 2356 5554; x_wconf 88' lang='lat' dir='ltr'><strong>Casin.</strong></span> <span class='ocrx_word' id='word_1_932' title='bbox 2389 5498 2512 5564; x_wconf 72' lang='lat'><strong>108,</strong></span> <span class='ocrx_word' id='word_1_933' title='bbox 2543 5498 2613 5551; x_wconf 90' lang='lat' dir='ltr'><strong>ad</strong></span> <span class='ocrx_word' id='word_1_934' title='bbox 2640 5498 2904 5551; x_wconf 69' lang='lat' dir='ltr'><strong>dexteram</strong></span> <span class='ocrx_word' id='word_1_935' title='bbox 2942 5495 3038 5549; x_wconf 82' lang='lat' dir='ltr'><strong>Dei</strong></span> <span class='ocrx_word' id='word_1_936' title='bbox 3066 5495 3269 5549; x_wconf 81' lang='lat' dir='ltr'><strong>sedens.</strong></span> 
     </span>
    </p>
   </div>
   <div class='ocr_carea' id='block_1_92' title="bbox 1959 5567 2939 5637">
    <p class='ocr_par' dir='ltr' id='par_1_92' title="bbox 1959 5567 2939 5637">
     <span class='ocr_line' id='line_1_95' title="bbox 1959 5567 2939 5637; baseline -0.003 -15"><span class='ocrx_word' id='word_1_937' title='bbox 1959 5574 1973 5622; x_wconf 83' lang='lat' dir='ltr'><strong>i</strong></span> <span class='ocrx_word' id='word_1_938' title='bbox 2012 5570 2146 5626; x_wconf 88' lang='lat' dir='ltr'><strong>Cod.</strong></span> <span class='ocrx_word' id='word_1_939' title='bbox 2182 5570 2299 5624; x_wconf 84' lang='lat' dir='ltr'><strong>Vat.</strong></span> <span class='ocrx_word' id='word_1_940' title='bbox 2332 5567 2489 5630; x_wconf 64' lang='grc'>6450,</span> <span class='ocrx_word' id='word_1_941' title='bbox 2520 5570 2640 5637; x_wconf 88' lang='lat' dir='ltr'><strong>quia</strong></span> <span class='ocrx_word' id='word_1_942' title='bbox 2668 5568 2939 5637; x_wconf 75' lang='lat' dir='ltr'><strong>ministris.</strong></span> 
     </span>
    </p>
   </div>
   <div class='ocr_carea' id='block_1_93' title="bbox 1958 5634 3467 5709">
    <p class='ocr_par' dir='ltr' id='par_1_93' title="bbox 1958 5634 3467 5709">
     <span class='ocr_line' id='line_1_96' title="bbox 1958 5634 3467 5709; baseline -0.009 -13"><span class='ocrx_word' id='word_1_943' title='bbox 1958 5641 1980 5680; x_wconf 74' lang='grc' dir='ltr'><strong>¹ι</strong></span> <span class='ocrx_word' id='word_1_944' title='bbox 2016 5640 2252 5709; x_wconf 88' lang='lat' dir='ltr'><strong>Uterque</strong></span> <span class='ocrx_word' id='word_1_945' title='bbox 2297 5637 2419 5694; x_wconf 90' lang='lat' dir='ltr'><strong>cod.</strong></span> <span class='ocrx_word' id='word_1_946' title='bbox 2450 5637 2506 5693; x_wconf 92' lang='lat' dir='ltr'><strong>S.</strong></span> <span class='ocrx_word' id='word_1_947' title='bbox 2534 5634 2744 5692; x_wconf 55' lang='lat' dir='ltr'><strong>&#39;Crucis</strong></span> <span class='ocrx_word' id='word_1_948' title='bbox 2795 5638 2847 5690; x_wconf 91' lang='lat' dir='ltr'><strong>in</strong></span> <span class='ocrx_word' id='word_1_949' title='bbox 2887 5634 3026 5701; x_wconf 80' lang='lat' dir='ltr'><strong>Jer.,</strong></span> <span class='ocrx_word' id='word_1_950' title='bbox 3075 5634 3364 5689; x_wconf 88' lang='lat' dir='ltr'><strong>humilitate</strong></span> <span class='ocrx_word' id='word_1_951' title='bbox 3410 5644 3467 5683; x_wconf 83' lang='lat' dir='ltr'><strong>se</strong></span> 
     </span>
    </p>
   </div>
   <div class='ocr_carea' id='block_1_94' title="bbox 1883 5709 2820 5784">
    <p class='ocr_par' dir='ltr' id='par_1_94' title="bbox 1883 5709 2820 5784">
     <span class='ocr_line' id='line_1_97' title="bbox 1883 5709 2820 5784; baseline -0.003 -18"><span class='ocrx_word' id='word_1_952' title='bbox 1883 5720 2184 5784; x_wconf 86' lang='lat' dir='ltr'><strong>oporteat...</strong></span> <span class='ocrx_word' id='word_1_953' title='bbox 2216 5710 2516 5779; x_wconf 62' lang='lat' dir='ltr'><strong>praevenire.</strong></span> <span class='ocrx_word' id='word_1_954' title='bbox 2549 5709 2633 5763; x_wconf 79' lang='lat' dir='ltr'><strong>Ait</strong></span> <span class='ocrx_word' id='word_1_955' title='bbox 2661 5709 2820 5763; x_wconf 84' lang='lat' dir='ltr'><strong>enim.</strong></span> 
     </span>
    </p>
   </div>
  </div>
