4054 6190
508 357 610 413 M7

1734 346 1789 402 S.
1830 343 2074 400 ΜΑΧιΜι
2113 341 2570 404 TAURINENSIS

3690 354 3811 413 428

519 462 767 519 ciuilibus
814 461 1041 532 puerulo
1074 477 1086 513 :
1122 456 1419 530 Quicunque
1472 456 1819 517 humiliaverit
1867 474 1924 511 se
1965 456 2097 511 sicut
2126 459 2177 518 Δ
2209 455 2223 493 ι
2257 458 2704 529 pervidens,folio
2733 458 2982 529 pudenda
3002 461 3267 516 contexit.
3288 459 3443 519 Prius
3461 463 3605 518 emm
3625 480 3813 534 quam

521 571 646 624 puer
674 555 792 619 iste,
820 553 902 607 hic
929 554 1098 625 major
1141 553 1241 606 erit
1287 552 1343 605 in
1392 566 1547 621 regno
1593 549 1836 604 cwlarum
1865 548 2093 621 (Matth.

524 646 700 716 mn);
730 645 870 700 unde
908 643 1251 713 intelligimus
1278 642 1422 712 quod
1451 642 1751 698 humilitate
1789 642 2101 712 pervenitur

523 739 590 795 ad
635 749 659 776 ι
707 752 965 808 regnum,
1015 735 1358 807 simplicitate
1412 742 1729 804 penetratur
1770 731 1837 788 ad
1882 732 2098 789 ciuium.

524 832 776 901 Quisquis
796 844 924 899 ergo
952 830 1100 901 cupit
1127 828 1431 883 Divinitatis
1459 837 1643 882 tenere
1661 825 1891 896 fastigia,
1923 826 2102 881 humi-

524 923 692 978 litatis
720 923 826 977 ima
852 930 1122 988 sectetur;
1164 921 1471 989 quicunque
1498 919 1612 973 vult
1640 919 1861 974 fratrem
1898 932 2104 988 praeve-

526 1014 642 1069 nire
668 1012 961 1084 regnando,
985 1012 1133 1083 prius
1160 1012 1310 1066 illum
1333 1011 1622 1080 prmveniat
1640 1011 2010 1079 obsequendo,
2032 1010 2107 1067 si-

526 1117 619 1164 cut
661 1107 739 1162 ait
788 1105 1078 1176 Apostolus
1131 1123 1144 1158 :
1203 1103 1417 1159 [fanore
1464 1104 1680 1158 invicem
1736 1105 2105 1174 praeveniente:

529 1198 708 1270 (Rom.
754 1197 881 1268 xu),
926 1197 1106 1251 vincat
1159 1210 1283 1250 eum
1331 1192 1540 1261 officiis,
1572 1202 1631 1249 ut
1675 1196 1847 1265 possit
1893 1194 2109 1249 vincere

527 1288 833 1345 sanctitate.
864 1287 922 1343 Si
951 1287 1098 1342 enim
1127 1294 1178 1341 te
1205 1302 1316 1340 non
1342 1285 1477 1345 licsit
1508 1284 1533 1324 δ
1564 1283 1757 1352 frater,
1788 1285 2107 1355 obsequium

528 1385 791 1446 meretur,
814 1384 875 1432 ut
900 1376 1089 1447 diligas
1122 1394 1134 1429 :
1167 1375 1312 1445 quod
1330 1376 1374 1430 si
1404 1373 1632 1431 forsitan
1658 1376 1813 1444 hesit,
1835 1376 2007 1446 magis
2029 1375 2111 1429 of-

531 1467 709 1523 licimn
729 1474 984 1532 meretur,
1015 1473 1072 1520 ut
1095 1465 1296 1520 vincas.
1319 1464 1448 1522 Haec
1468 1467 1610 1521 enim
1634 1475 1831 1521 nostra:
1848 1464 2111 1522 Christia-

530 1559 714 1616 nitatis
739 1574 949 1618 summa
983 1566 1068 1615 est
1094 1566 1153 1613 ut
1180 1560 1482 1616 amantibus
1511 1559 1932 1616 vicissitudinem
1955 1599 1970 1625 ,
2014 1559 2109 1613 ke-

530 1651 779 1707 dentihus
795 1651 1109 1722 patientiam
1130 1663 1152 1691 ο
1170 1652 1545 1722 rependamus.
1564 1651 1666 1719 Qui
1686 1668 1815 1723 ergo
1830 1651 1991 1709 fuerit
2016 1668 2113 1724 pa-

532 1742 751 1799 tientior
770 1741 839 1797 ad
864 1741 1136 1810 injuriam,
1156 1742 1429 1811 potentior
1446 1744 1809 1799 constituetur
1824 1744 1883 1798 in
1909 1759 2109 1814 regno;

2206 558 2460 622 peccaret
2487 551 2787 607 honestatis
2814 561 2933 607 erat
2980 552 3167 608 colore
3195 556 3451 620 vestitus;
3480 563 3642 622 atque
3668 553 3813 610 ideo

2205 643 2501 716 nuditatem
2551 642 2895 699 inhonestam
2923 659 3033 698 non
3061 652 3257 700 natura
3289 646 3537 712 instituit,
3568 647 3665 701 sed
3691 647 3813 703 de-

2206 735 2318 791 licti
2347 743 2529 790 reatus
2550 735 2770 790 invenit.
2806 733 2937 789 Nam
2964 747 3020 790 et
3046 737 3221 792 sancti
3251 737 3428 807 angeli
3466 738 3522 792 in
3548 738 3813 809 splendi-

2207 826 2429 883 d'ssimo
2458 827 2643 881 habitu
2670 827 2971 895 constituti,
3000 828 3242 897 nunquid
3290 829 3487 884 tunicis
3532 832 3819 901 operiun-

2208 926 2298 972 tur
2337 927 2394 972 et
2440 917 2654 987 palliis?
2684 916 2791 972 Sed
2816 933 2939 973 cum
2986 919 3057 973 sit
3104 920 3159 974 in
3207 920 3310 975 illis
3338 922 3635 978 nativitatis
3676 939 3813 979 suae

2207 1008 2349 1065 nuda
2379 1009 2701 1074 substantia,
2733 1010 2910 1064 vestiti
2937 1010 3188 1065 videntur
3240 1027 3378 1079 esse,
3429 1014 3574 1084 quod
3621 1017 3817 1073 saneti

2208 1108 2353 1154 sunt.
2376 1097 2467 1156 Sic
2486 1099 2649 1171 igitur
2670 1106 2725 1154 et
2752 1099 2924 1155 Adam
2954 1100 3266 1157 custodiens
3291 1104 3595 1161 honestatis
3632 1120 3817 1176 ange-

2210 1190 2325 1247 lice
2354 1190 2689 1262 dignitatem,
2717 1198 2841 1246 erat
2876 1192 3094 1260 quidem
3119 1193 3293 1248 nudus
3322 1194 3607 1251 mundanis
3632 1197 3818 1251 vesti-

2211 1282 2335 1350 bus,
2364 1283 2459 1338 sed
2489 1283 2908 1339 immortalitatis
2944 1291 3066 1339 erat
3112 1285 3400 1355 splendore
3428 1288 3671 1342 vestitus.
3699 1286 3815 1344 Ni-

2211 1374 2285 1431 hil
2300 1383 2338 1411 ω
2355 1390 2577 1445 pravum
2590 1374 3074 1445 respiciebantejus
3089 1377 3251 1442 oculi;
3274 1393 3384 1432 non
3398 1392 3496 1434 cor
3513 1377 3629 1447 ejus
3641 1386 3820 1450 turpe

2213 1468 2416 1537 aliquid
2454 1467 2757 1538 cogitabat;
2788 1478 2908 1522 erat
2934 1467 3078 1539 apud
3115 1468 3373 1524 honestas
3405 1478 3614 1525 mentes
3637 1470 3817 1525 nudi-

2214 1565 2295 1614 tas
2320 1558 2435 1629 ipsa
2466 1558 2677 1613 vestita.
2708 1557 2860 1614 Sicut
2886 1559 3032 1614 enim
3068 1559 3212 1628 apud
3262 1574 3499 1629 nequam
3550 1560 3819 1616 homines

2216 1650 2387 1719 turpis
2413 1649 2674 1720 cogitatio
2698 1664 2729 1704 a
2757 1650 3198 1721 concupiscentia
3235 1651 3479 1707 vestibus
3505 1666 3615 1707 non
3638 1666 3816 1707 arce-

2218 1750 2335 1807 tur,
2363 1741 2438 1796 ita
2484 1740 2628 1811 apud
2668 1747 2886 1799 sanctos
2922 1741 3072 1796 viros
3098 1741 3325 1797 honesta
3373 1741 3687 1811 simplicitas
3734 1740 3818 1799 ad

532 1855 640 1895 non
669 1839 814 1894 enim
840 1839 911 1894 ad
939 1838 1221 1908 imperium
1241 1837 1498 1893 calorum
1514 1838 2107 1908 pervenitursuperbia,
2139 1830 2189 1892 Β
2211 1833 2703 1904 concupiscendum
2724 1832 2968 1889 nuditate
2991 1848 3101 1888 non
3138 1833 3400 1899 trahitur;
3430 1832 3524 1888 sed
3549 1833 3687 1889 sicut
3713 1832 3818 1886 vi-

533 1929 754 1994 divitiis,
766 1927 1108 1999 praefectura,
1120 1927 1217 1984 sed
1236 1928 1560 1998 humilitate,
1573 1930 1853 2000 pauperie,
1866 1929 2110 1987 lenitate.

533 2021 692 2073 Arcta
713 2016 740 2056 τι
772 2020 910 2074 enim
935 2028 986 2072 et
1005 2029 1225 2090 angusta
1249 2028 1327 2073 est
1344 2020 1427 2074 via
1449 2035 1565 2090 qua:
1590 2019 1733 2073 ducit
1756 2020 1826 2073 ad
1850 2030 1873 2057 ο
1901 2036 2115 2091 regnum

535 2113 554 2181 (
580 2110 769 2164 Matth.
800 2110 935 2180 vn).
958 2108 1209 2179 Quisquis
1235 2124 1366 2179 ergo
1386 2109 1681 2165 honoribus
1702 2107 1915 2164 inflatus
1936 2109 2113 2178 fuerit,

532 2212 589 2258 et
608 2201 724 2255 auri
757 2201 1022 2255 thesauris
1047 2200 1324 2265 dilatatus,
1357 2207 1617 2269 tanquam
1650 2208 1905 2256 onustum
1926 2209 1984 2255 et
2010 2200 2115 2256 im-

533 2291 770 2362 peditum
814 2290 1045 2356 animal,
1075 2305 1175 2360 per
1200 2298 1487 2361 angustum
1536 2290 1685 2361 regni
1741 2291 1846 2346 iter
1889 2291 2119 2348 transire

531 2398 641 2437 non
671 2382 902 2451 poterit;
934 2380 1096 2436 simul
1121 2380 1284 2436 etiam
1312 2389 1372 2435 ut
1399 2397 1459 2436 se
1483 2383 1759 2437 existimat
1786 2383 2114 2453 pervenisse,

529 2473 799 2528 sarcinam
822 2472 940 2542 ejus
965 2474 1154 2541 exigua
1179 2482 1333 2541 porta
1353 2488 1462 2526 non
1484 2473 1722 2543 capiens,
1754 2472 1775 2512 ί
1800 2482 2119 2544 repercusSo

532 2562 739 2628 limine,
766 2572 1064 2618 retrorsum
1108 2563 1259 2617 abire
1300 2573 1555 2633 cogetur;
1583 2573 1692 2619 tam
1721 2566 1867 2620 enim
1893 2575 2119 2637 angusta

527 2662 616 2709 est
635 2653 786 2710 diviti
813 2661 969 2725 porta
997 2653 1250 2719 ccclesiis,
1283 2670 1445 2724 quam
1472 2663 1555 2710 est
1584 2655 1796 2711 camelo
1817 2671 1948 2712 acus
1976 2657 2120 2712 fora-

535 2760 659 2801 men
708 2745 994 2815 exiguum;
1027 2744 1169 2800 unde
1204 2746 1281 2799 ait
1326 2744 1492 2817 286
1545 2746 1804 2804 Dominus
1835 2766 1848 2801 :
1881 2745 2120 2804 Facilius

531 2847 610 2894 est
638 2841 891 2892 cametum
920 2855 1010 2909 per
1036 2840 1272 2910 foramen
1301 2854 1426 2892 acus
1456 2841 1709 2905 transire,
1740 2857 1895 2911 quam
1915 2840 2121 2896 divitem

529 2930 728 2984 intrare
774 2930 829 2982 in
857 2946 1075 3001 regnum
1103 2931 1345 2984 caelorum
1376 2930 1589 3002 (Matth.
1622 2931 1755 3004 xxx).
1802 2931 1953 2988 Sicut
1975 2932 2119 2988 enim

529 3020 813 3086 camelmn,
854 3021 1051 3075 animal
1081 3029 1383 3077 tortuosum
1423 3030 1585 3092 atque
1622 3022 1896 3090 deforme,
1927 3026 2118 3094 exigua

532 3119 558 3159 ε
587 3125 816 3166 caverna
844 3111 1120 3181 praeterire
1148 3127 1255 3167 non
1282 3113 1515 3182 patitur;
1548 3114 1622 3167 ita
1653 3121 1709 3169 et
1735 3114 1956 3171 divitem
1985 3131 2118 3171 ava-

2220 1925 2371 1983 tiosis
2400 1925 2469 1981 ad
2497 1924 2859 1994 corruptelam
2880 1924 3023 1980 nuda
3044 1930 3166 1978 sunt
3186 1922 3401 1988 omnia,
3432 1923 3504 1976 ita
3533 1921 3819 1991 religiosis

2218 2016 2287 2073 ad
2314 2016 2686 2073 castimoniam
2714 2023 2941 2085 operata
2976 2022 3103 2070 sunt
3131 2013 3405 2069 universa.
3437 2012 3576 2080 Quid
3620 2021 3820 2068 autem

2219 2108 2295 2164 ait
2319 2106 2626 2175 evangelica
2672 2106 2873 2161 lectio?
2902 2103 3003 2171 Qui
3049 2104 3487 2160 scaudalizaverit
3529 2121 3688 2160 unum
3744 2106 3821 2159 de

2182 2260 2187 2265 ,
2218 2200 2422 2272 pusillis
2448 2201 2607 2271 υτ
2639 2198 2782 2266 istis,
2813 2198 2899 2269 qui
2922 2199 2978 2253 in
3005 2215 3085 2253 me
3111 2197 3353 2261 credunt,
3403 2197 3610 2268 expedit
3635 2198 3713 2263 ei,
3753 2208 3819 2251 ut

2218 2293 2563 2366 suspendatur
2586 2293 2725 2347 mola
2752 2291 2987 2346 asinaria
3015 2291 3070 2345 iu
3092 2291 3226 2346 collo
3245 2291 3377 2362 ejus,
3407 2299 3434 2327 ιι
3469 2299 3520 2345 et
3541 2299 3822 2361 mergatur

2217 2386 2273 2441 in
2302 2386 2615 2458 profundum
2643 2385 2804 2439 maris
2848 2382 3079 2455 (Matth.
3113 2382 3291 2453 xvm).
3324 2381 3555 2438 Pusillos
3578 2382 3668 2438 hic
3694 2398 3819 2438 non

2217 2486 2379 2534 astate
2403 2492 2621 2547 pueros,
2654 2475 2750 2531 sed
2776 2474 2979 2530 malitia
3021 2472 3276 2545 parvulos
3303 2472 3469 2539 dicit;
3501 2473 3642 2528 sicut
3662 2473 3821 2544 Apo-

2219 2568 2390 2624 stolus
2417 2568 2492 2622 ait
2522 2585 2534 2619 :
2579 2564 2788 2621 Malitia
2816 2565 3017 2638 parvuli
3044 2573 3225 2631 estote,
3252 2572 3310 2618 ut
3334 2562 3567 2619 sensibus
3595 2566 3820 2634 perfecti

2220 2658 2336 2713 sitis
2358 2668 2383 2693 ο
2417 2658 2434 2729 (
2459 2655 2485 2710 I
2518 2655 2637 2741 (ζον.
2668 2673 2775 2722 xw,
2808 2654 2878 2709 20
2898 2654 2940 2726 ).
2973 2653 3075 2722 Qui
3103 2663 3228 2710 sunt
3255 2654 3346 2709 isti
3367 2653 3469 2709 nisi
3498 2653 3678 2710 clerici
3701 2653 3807 2708 ide

2222 2750 2339 2817 nei,
2370 2748 2624 2804 monachi
2659 2748 2927 2817 religiosi,
2954 2747 3041 2803 vel
3065 2747 3222 2802 laici?
3251 2746 3503 2818 Quisquis
3529 2748 3690 2817 igitur
3721 2746 3821 2804 his

2221 2844 2548 2911 irreverens,
2563 2849 2656 2896 aut
2681 2840 3107 2897 contumeliosus
3129 2840 3419 2908 exstiterit,
3449 2839 3555 2894 hac
3572 2838 3818 2895 bellu‘ma

2219 2946 2381 3007 pinna
2409 2936 2701 3006 plectetur,
2734 2943 2794 2989 ut
2820 2933 3040 2990 infami
3068 2949 3200 2989 saxo
3232 2934 3469 3005 reiegato
3495 2933 3570 2990 illi
3599 2934 3666 2990 ad
3692 2934 3820 2988 col-

2222 3026 2331 3081 lum
2362 3026 2733 3096 prmcipitetur
2761 3024 2816 3080 in
2843 3040 3016 3080 mare.
3038 3024 3146 3080 Sed
3173 3023 3448 3080 videamus
3476 3040 3575 3081 cur
3604 3034 3631 3075 ιι
3656 3039 3822 3079 scan-

2224 3116 2583 3171 dalisantihus
2609 3113 2953 3172 Christianos
2994 3115 3096 3169 ista
3141 3130 3302 3186 pcena
3345 3115 3566 3171 decreta
3593 3115 3687 3179 sit,
3711 3122 3819 3169 aut

531 3216 647 3255 rum
677 3209 841 3271 atque
881 3202 1196 3258 mendacem
1236 3212 1384 3258 arcta
1421 3204 1542 3259 coeli
1576 3203 1740 3275 janua
1777 3207 1997 3263 minime
2040 3207 2119 3263 in-
2148 3196 2195 3260 C
2224 3209 2354 3281 quid
2396 3208 2499 3264 sibi
2523 3207 2650 3264 velit
2690 3208 2805 3278 ipsa
2834 3208 3132 3274 sententia;
3158 3216 3289 3278 puto
3335 3207 3484 3263 enim
3513 3217 3541 3258 ιι
3586 3206 3816 3279 aliquod

530 3300 676 3351 trace
699 3294 980 3364 permittit.
1014 3293 1145 3349 Nam
1186 3294 1307 3351 ideo
1342 3295 1470 3351 nudi
1500 3296 1553 3351 in
1597 3297 1795 3354 saeculo
1826 3299 2114 3369 nascimur,

530 3383 657 3439 nudi
686 3385 848 3439 etiam
877 3385 947 3441 ad
991 3386 1264 3444 lavacrum
1302 3389 1639 3455 accedirnus,
1673 3388 1702 3428 ιι
1729 3400 1786 3446 et
1826 3392 1955 3447 nudi
1982 3409 2119 3464 quo-

529 3492 636 3547 que
653 3516 669 3543 ,
699 3484 754 3533 et
778 3477 1017 3549 expediti
1057 3478 1125 3534 ad
1151 3480 1273 3536 cmli
1297 3479 1519 3551 januam
1547 3498 1917 3556 properamus.
1944 3484 2117 3552 Quam

529 3578 709 3627 autem
736 3571 1087 3641 incongruum
1112 3580 1167 3630 et
1190 3574 1480 3631 absurdum
1512 3584 1598 3631 est
1631 3584 1707 3644 ut,
1732 3592 1893 3648 quem
1916 3579 2117 3634 nudum

532 3670 708 3718 mater
733 3665 936 3732 genuit,
969 3665 1168 3721 nudum
1188 3667 1413 3738 suscipit
1433 3666 1673 3725 Ecclesia
1690 3708 1706 3733 ,
1737 3669 1886 3725 dives
1914 3670 2119 3725 intrare

529 3752 658 3807 velit
692 3753 746 3806 in
786 3753 1022 3810 cmlum?
1045 3764 1337 3825 propterea
1373 3756 1388 3796 ί
1422 3757 1751 3814 adolescenti
1781 3760 1855 3816 illi
1885 3761 2033 3816 diviti
2063 3761 2118 3816 in

527 3839 822 3912 Evangelii)
844 3859 874 3896 a
896 3843 1178 3900 Salvatore
1200 3846 1395 3901 dicitur
1427 3864 1442 3900 :
1475 3848 1491 3898 ἰ
1523 3848 1585 3903 Si
1606 3852 1679 3903 vis
1698 3853 1956 3922 perfectus
1983 3870 2112 3919 esse,

527 3932 686 3986 vende
712 3933 886 3986 ansuia
913 3940 1023 3999 tua,
1050 3944 1100 3987 et
1119 3934 1188 3986 da
1204 3934 1516 4004 pauperibus
1539 3936 1585 3991 *.
1614 3939 1790 4007 Usque
1817 3940 1954 3996 adeo
1970 3942 2115 3996 enim

528 4020 669 4075 nuda
684 4020 854 4075 virtus
873 4028 998 4091 apta
1013 4022 1149 4077 cmlo
1165 4031 1267 4091 est,
1291 4032 1369 4091 ut,
1393 4027 1637 4095 quamvis
1649 4027 1846 4098 justus,
1870 4032 2117 4100 quamvis

528 4120 774 4175 sanctus,
800 4127 988 4169 aurum
1009 4115 1095 4170 vel
1116 4114 1331 4175 divitias
1357 4120 1657 4191 possidens,
1681 4139 1787 4180 non
1812 4126 2114 4196 possitesse

528 4202 818 4276 perfectus.
842 4205 1030 4263 Talem
1057 4210 1201 4265 enim
1226 4212 1395 4268 voluit
1415 4213 1817 4274 adolescentem
1840 4220 1992 4276 illum
2016 4221 2117 4278 Do-

528 4298 709 4355 minus
727 4300 796 4355 ad
810 4302 1117 4371 paradisum
1139 4305 1339 4377 redire,
1361 4308 1535 4377 qualis
1547 4307 1718 4366 Adam
1746 4310 1922 4367 fuerat
1939 4314 2005 4370 de
2024 4330 2117 4385 pa-

526 4388 690 4446 radisi
711 4391 1041 4449 sublimitate
1066 4395 1338 4465 dejectus;
1370 4400 1543 4455 nudus
1568 4402 1709 4456 enim
1740 4402 1909 4460 Adam
1936 4407 2111 4463 incola

526 4480 761 4550 paradisi
782 4479 881 4536 fuit
902 4500 915 4536 :
940 4483 1172 4555 denique
1193 4496 1315 4558 post
1336 4496 1619 4558 peccatum
1641 4477 1936 4552 nuditatem
1956 4511 2111 4555 suam

2220 3303 2535 3376 mysterium
2564 3303 2844 3375 continere
2886 3318 2900 3355 :
2944 3300 3097 3371 quasi
3125 3317 3251 3357 vero
3298 3316 3409 3355 non
3435 3300 3705 3356 sulliceret
3750 3299 3814 3356 in

2218 3409 2370 3451 mare
2408 3393 2616 3449 homini
2661 3390 3023 3461 demergeudo
3050 3405 3240 3447 saxum
3266 3391 3665 3462 qualecumque
3695 3406 3815 3447 non

2219 3500 2469 3557 magnum
2498 3493 2590 3541 aut
2616 3500 2860 3550 enorme,
2889 3482 2986 3539 sed
3012 3482 3168 3538 mola:
3194 3470 3440 3537 asinaria:
3480 3481 3615 3553 lapis
3639 3481 3691 3537 ei
3718 3496 3813 3537 re-

2218 3580 2428 3650 legetur
2471 3576 2539 3633 ad
2576 3577 2779 3633 collum
2798 3619 2815 3646 ,
2845 3584 2906 3631 ut
2930 3592 3052 3634 cum
3099 3575 3343 3648 perituro
3370 3574 3591 3631 homine
3619 3580 3813 3646 pereat

2218 3686 2307 3726 res
2334 3670 2453 3727 usui
2497 3668 2820 3725 necessaria.
2855 3667 2964 3724 Sed
2989 3676 3121 3739 puto
3156 3668 3262 3725 hoc
3298 3667 3467 3737 magis
3495 3682 3635 3735 esse,
3659 3666 3813 3738 quod

2220 3763 2273 3817 in
2320 3761 2610 3833 Scripturis
2637 3760 2774 3816 asini
2823 3759 2989 3831 ﬁgura
3018 3759 3251 3831 populus
3276 3759 3553 3829 gentilium
3597 3774 3812 3814 nuncu~

2219 3862 2396 3926 patur,
2428 3854 2519 3926 qui
2543 3853 2738 3909 clausis
2765 3854 2935 3910 oculis
2963 3853 3108 3909 circa
3139 3852 3455 3924 ignorantia:
3491 3851 3688 3907 molam
3717 3867 3813 3909 er-

2217 3947 2358 4003 roris
2385 3947 2470 4003 sui
2497 3962 2631 4019 gyro
2659 3946 3008 4017 pertrahitur,
3036 3952 3092 4002 et
3118 3945 3236 4002 sine
3261 3944 3367 4001 ulla
3392 3960 3581 4002 cursus
3631 3943 3812 4000 direc-

2218 4040 2369 4095 tione
2397 4040 2639 4110 vestigiis
2686 4039 2740 4094 in
2785 4053 2846 4096 se
2893 4052 3040 4109 saepe
3069 4036 3417 4093 redeuntibus
3462 4036 3662 4091 invitus
3685 4035 3805 4091 usui

2216 4132 2430 4188 laborat
2467 4132 2667 4188 alieno.
2698 4130 2889 4186 Nonme
2918 4130 3061 4185 enim
3101 4129 3198 4185 tibi
3227 4129 3441 4185 videtur
3464 4128 3664 4185 molam
3693 4127 3806 4184 asi-

2216 4225 2423 4280 nariam
2450 4223 2671 4279 volvere
2699 4221 2931 4293 populus
2956 4221 3173 4290 gentilis
3195 4263 3211 4288 ,
3236 4219 3472 4290 quandiu
3504 4230 3526 4258 τ
3559 4222 3722 4291 288
3750 4219 3804 4273 in

2216 4315 2496 4385 imperitiae
2524 4327 2634 4368 sua:
2662 4312 2848 4367 labore
2875 4311 3165 4366 versatur?
3194 4319 3402 4366 natum
3429 4310 3647 4379 quidem
3688 4308 3808 4363 vin-

2215 4408 2350 4464 culis
2393 4407 2659 4477 alligatus,
2692 4412 2751 4459 ut
2793 4404 3017 4459 verbum
3066 4402 3162 4459 Dei
3194 4412 3217 4441 ⁸
3274 4402 3463 4468 molat,
3516 4400 3804 4456 Dominum

2215 4500 2336 4557 coeli
2364 4506 2591 4570 quaarat,
2634 4496 2732 4554 sed
2776 4504 2979 4567 operta:
3029 4495 3226 4551 mentis
3260 4494 3505 4551 caecitate
3555 4492 3809 4550 subfusus

597 4657 1012 4748 {Sedtlas‘inz
1031 4660 1272 4748 legit.ad_
1296 4665 1499 4733 emtum,
1526 4668 1739 4728 omissis
1779 4674 1960 4732 verbis
1986 4677 2111 4733 sim-
2142 4681 2191 4742 D
2215 4687 2394 4748 autem
2424 4681 2545 4738 ωιὶ.
2573 4676 2631 4732 S.
2662 4675 2850 4748 Crucis
2877 4675 2930 4729 in
2959 4673 3068 4731 Jer.
3100 4677 3213 4734 hmo
3239 4676 3507 4733 habentur
3532 4693 3552 4732 :
3580 4678 3802 4739 dititur;

526 4729 757 4802 plicitate
780 4729 1194 4802 penetratur-ad,
1224 4744 1331 4792 etc.

598 4798 789 4883 PCod.
809 4799 928 4883 Vat.
962 4798 1204 4883 6ιὸοηδί
1232 4808 1371 4883 enim
1397 4815 1446 4860 te
1468 4824 1572 4863 non
1601 4811 1737 4866 trusit
1765 4817 1946 4883 fratris
1965 4817 2114 4871 obse-

526 4875 720 4992 rium,
750 4882 973 4927 meretur
999 4883 1055 4927 nt
1083 4876 1277 4932 vincas.
1330 4875 1566 4948 Uterque
1595 4882 1718 4937 cod.
1752 4875 1808 4939 S.
1841 4885 2029 4943 Crucis
2058 4890 2111 4942 in

560 4954 637 4992 er.
671 4940 797 4992 lenit
824 4953 1063 4992 meretur-
1094 4952 1149 4992 ul
1193 4946 1401 4992 dilinns;
1431 4950 1567 4992 mmd
1606 4952 1649 4992 ςῑ
1684 4952 1921 4992 tanta...
1944 4958 2076 4992 ιηηερ

560 4954 637 5023 er.
657 4940 797 5023 .legit
824 4953 1065 5023 meretur,
1094 4952 1149 4998 ut
1193 4946 1401 5019 diligas,
1425 4940 1567 5023 quod
1605 4952 1650 5023 si
1680 4956 1900 5023 forsitan
1918 4940 2108 5021 illusit:

529 5009 1010 5094 ﬁtﬁgifgbgequium
1035 5009 1366 5094 mereturfut
1388 5009 1582 5094 cineas.
1611 5009 1689 5076 lta'
1718 5033 1772 5078 et
1800 5009 1992 5081 Vallic.
2016 5009 2109 5094 V175;

531 5077 622 5145 qui
651 5077 1041 5152 deindehabct
1070 5083 1201 5141 llaec
1226 5077 1303 5143 est
1322 5090 1478 5152 enim,
1507 5101 1615 5147 etc.

604 5158 627 5229 ξ
658 5145 791 5229 god.
822 5148 940 5205 Vat.
972 5152 1142 5229 6:559,
1174 5145 1479 5229 ρεηάαηιηες

598 5213 629 5301 εξ
660 5213 1204 5301 ριθξᾳειτεξράε-ιρέξῂ
1228 5231 1386 5301 Arcta
1415 5213 1606 5284 autem.

605 5295 631 5377 ξ
659 5285 1095 5377 godJ‘YallicellI.‘
1113 5285 1200 5377 ἐξ,
1231 5298 1300 5377 ad
1326 5300 1483 5377 vitam
1512 5316 1609 5377 pro
1638 5302 1708 5377 ad
1733 5319 1963 5377 regnum.

607 5353 896 5446 Ἣίὲΐςινθ
910 5359 1038 5446 θεοδ-
1062 5353 1327 5446 διβὶυείε
1341 5370 1405 5446 ,ίη
1437 5353 1562 5446 lci!
1583 5353 1709 5446 leniit
1728 5353 2057 5446 ὲὲἕξῆξᾶἐειισ
2076 5393 2110 5431 a

530 5426 1012 5516 linqueretr‘orsum
1036 5432 1205 5487 redire
1239 5439 1457 5509 cogitur.
1486 5426 1958 5500 ϐοάζυνὰιξτῧλιέἶό

532 5511 788 5565 repressus
816 5514 848 5550 a
882 5500 1077 5556 limine.

533 5632 540 5639 θ
602 5575 629 5671 ε
917 5568 983 5671 Sé
1005 5569 1191 5671 (Erit-ej?
1219 5575 1271 5659 in
1299 5574 1431 5671 Jer.,
1461 5582 1651 5671 exigua
1679 5596 2071 5671 acusOCarerua.

535 5633 790 5760 'ml'lmtiod.
821 5638 912 5694 cit.
944 5638 1002 5695 s.
1024 5640 1212 5699 Crucis
1251 5647 1305 5699 in
1324 5633 1435 5701 teri
1463 5633 2109 5719 ιεέῖιῐι’ὶὶτῖἇίῖξῖἤόὗὲα

612 5774 792 5833 iCod.
838 5777 961 5839 Vat.
1008 5780 1184 5847 θιδο.
1235 5784 1547 5842 adolescenti
1587 5792 1751 5847 diviti.
1798 5797 1853 5851 ln
1883 5806 2111 5868 utroque

2214 4746 2300 4822 qui
2349 4752 2443 4823 sibi
2485 4746 2971 4823 justusvidebatur,
3002 4756 3054 4802 et
3096 4757 3327 4817 sanctus,
3357 4757 3407 4803 et
3452 4749 3631 4804 omnia
3677 4750 3805 4822 legis

2214 4819 2465 4876 mandata
2485 4819 2801 4889 'romplesse.

2289 4891 2303 4939 i
2341 4890 2477 4946 Cod.
2508 4885 2770 4945 Vallicell.
2797 4885 2886 4949 15,
2914 4889 3063 4950 uade,
3095 4889 3273 4955 vende,
3301 4896 3405 4943 etc.

2288 4957 2313 4997 ¹ι
2344 4959 2508 5015 Iidem
2538 4959 2700 5015 codd.
2751 4956 2806 5013 S.
2839 4954 3027 5013 Crucis
3067 4960 3119 5013 in
3141 4954 3489 5014 Jer.addunt
3513 4968 3562 5013 et
3593 4958 3803 5013 habebis

2215 5029 2591 5102 thesaurumjn
2622 5029 2787 5102 crglq,_
2800 5035 2849 5081 et
2873 5030 2988 5102 veni
3015 5045 3223 5102 sequere
3247 5045 3349 5082 me.

2291 5096 2473 5171 [Cet].
2511 5100 2628 5154 Vat.
2658 5097 2832 5171 6450,
2849 5096 3131 5154 nuditatem
3156 5114 3306 5152 suam
3331 5100 3642 5171 prmvidens.
3665 5096 3799 5156 Cod.

2216 5167 2430 5241 Vallic.,
2461 5171 2599 5241 {aliis
2625 5168 2884 5241 pudenda.

2292 5250 2330 5276 τε
2360 5236 2597 5311 Uterque
2625 5236 2746 5311 cod.
2780 5240 2895 5311 cit.,
2927 5236 3422 5311 Nihilprauitunc.

2287 5317 2315 5345 ιι
2344 5307 2528 5365 ϐοᾶάῖ
2547 5310 2732 5365 Vallic.
2774 5307 2866 5375 45,
2897 5318 2953 5364 et
2978 5307 3161 5365 Casin.
3215 5309 3344 5375 102,
3375 5320 3426 5364 et
3456 5312 3799 5375 demergatur.

2214 5378 2473 5506 c0(:el’ost
2515 5380 2631 5436 ham
2677 5378 2967 5451 Scriptura:
3008 5381 3175 5437 verba
3201 5380 3400 5437 desinit
3427 5378 3801 5437 Vallieellanns

2352 5467 2403 5505 x.

2317 5465 2403 5505 ex.

2290 5530 2317 5570 ι)
2345 5519 2479 5577 Cod.
2511 5519 2717 5583 Casin.,
2748 5518 3058 5576 Christianis
3095 5520 3587 5587 scandalizantibus,
3618 5529 3728 5579 etc.

2290 5601 2317 5640 (ι
2349 5589 2586 5662 Uterque
2626 5588 2762 5662 cod1
2773 5599 3108 5662 memoratus
3127 5633 3142 5658 ,
3173 5602 3296 5662 puto
3322 5595 3459 5648 enim
3487 5594 3655 5649 illam.

2291 5669 2314 5699 ι’
2344 5659 2478 5715 Cod.
2501 5658 2628 5717 'Vat.
2661 5658 2820 5726 6450,
2848 5661 3123 5730 imperitia!
3147 5658 3258 5718 sua:
3283 5662 3480 5719 labore.

2292 5738 2312 5767 ⁸
2347 5730 2489 5788 Idem
2519 5730 2663 5796 cod.,
2701 5729 2929 5785 Verbum
2956 5729 3053 5786 Dei
3081 5732 3237 5788 mola.
