4054 6190
203 332 229 386 ,ι
245 331 298 385 ιῃ
1553 319 1827 377 IIOMILIA
1872 317 2145 374 LXXXVI.
3356 324 3457 379 450

200 453 398 502 vultum
427 443 587 497 animi
612 443 819 513 erigere
848 445 916 498 ad
958 443 1147 511 Deum,
1181 454 1205 480 ἰ
1249 440 1426 498 cordis
1471 442 1656 496 oculos
1695 438 1769 491 lc-
1804 442 1845 499 A
1875 450 2026 504 spem
2053 433 2191 502 gerit
2220 434 2448 488 laboris:
2482 435 2567 489 cui
2600 450 2720 489 vera
2748 436 2889 491 mola
2919 436 3147 492 asinaria
3171 438 3238 492 ad
3261 440 3457 495 collum

118 540 125 549 '
199 552 320 593 vare
343 551 451 589 non
481 535 649 604 possit
668 534 735 589 ad
762 535 973 589 caelum.
1004 534 1111 588 Sed
1139 534 1393 603 quoniam
1422 531 1565 587 mola
1594 531 1770 585 asina-

199 632 269 684 ria
297 626 324 665 δ
352 640 539 680 saxum
564 639 683 679 esse
710 632 947 688 constat;
971 624 1245 679 videamus
1273 624 1317 678 si
1350 630 1405 677 et
1438 633 1768 693 paganorum

198 718 310 772 talis
336 724 417 771 est
445 715 605 770 mola.
638 714 782 770 Talis
810 723 892 770 est
918 715 1043 784 plan
1068 732 1111 778 -;
1142 729 1303 770 saxea
1333 713 1476 767 enim
1506 710 1647 765 mola
1687 715 1770 763 cst

199 829 517 887 paganorum
539 810 764 882 Jupiter,
792 811 1152 879 Herculesque
1185 809 1443 879 lapideus,
1466 806 1608 861 circa
1631 819 1767 873 quos

202 921 221 949 ε
252 905 407 961 meis
434 903 604 957 oculis
646 899 909 970 frequenti
940 916 1121 955 errore
1158 900 1505 953 circumeunt.
1537 894 1724 949 Ctecos
1747 934 1761 955 ,

203 998 433 1065 inquam,
457 993 682 1048 dixerim
721 1008 905 1047 eorum
945 991 1129 1045 oculos
1166 990 1261 1058 qui
1287 993 1475 1058 putant
1503 1001 1560 1040 se
1586 984 1767 1038 videre

200 1087 333 1157 quod
360 1101 469 1139 non
504 1084 713 1147 vident;
758 1082 1077 1150 aspicientes
1105 1081 1245 1134 enim
1274 1093 1461 1134 saxum
1502 1075 1670 1129 Deum
1708 1088 1767 1129 se

202 1177 371 1231 videre
405 1173 695 1228 confidunt.
740 1173 988 1224 Attamen
1027 1170 1117 1238 qui
1165 1168 1358 1222 molam
1401 1165 1591 1229 volvit,
1636 1179 1767 1217 con-

200 1265 488 1321 summandi
535 1261 819 1331 aliquando
865 1260 1023 1313 linem
1070 1258 1249 1328 operis
1302 1256 1485 1319 habet,
1536 1251 1764 1306 exeundi

1871 526 2242 596 suspenditur,
2288 534 2469 596 portat
2508 527 2771 597 lapidem,
2804 530 2895 598 qui
2944 538 3161 599 portare
3197 530 3459 586 debuerat

1867 615 2054 685 jugum
2081 613 2298 669 Christi.
2334 615 2528 671 Asinus
2550 632 2677 686 ergo
2706 618 2773 673 ad
2804 620 2999 673 molam
3022 659 3037 685 ,
3074 635 3249 675 aecus
3279 620 3345 675 ad
3374 622 3457 675 la-

1872 708 2084 778 pidem,
2129 708 2344 776 gentilis
2390 709 2458 763 ad
2498 726 2721 777 saxum,
2761 712 2852 779 qui
2906 711 3095 766 adorat
3139 727 3262 767 eum
3294 729 3454 783 quem

1873 815 1983 854 non
2026 800 2173 853 videt
2200 815 2299 854 nec
2332 802 2593 868 agnoscit.
2628 801 2768 856 Deus
2794 802 2935 856 enim
2966 820 3069 856 non
3102 804 3154 857 in
3184 802 3456 857 manul’ac-

1870 893 1940 947 tis
1961 892 2187 956 habitat,
2218 908 2317 946 nec
2348 894 2401 945 in
2430 894 2648 947 metallo
2671 903 2762 948 aut
2802 911 2933 949 saxo
2960 895 3321 965 cognoscitur.
3356 894 3454 948 llic

1871 998 2000 1051 ergo
2038 982 2253 1053 gentilis
2283 983 2510 1051 populus
2539 999 2658 1037 cum
2689 985 3118 1053 persecutionem
3148 985 3452 1039 Christiano

1870 1073 2128 1139 intulerit,
2160 1074 2260 1127 hac
2288 1089 2445 1142 pmna
2483 1074 2755 1143 plectitur,
2799 1084 2857 1129 ut
2886 1092 3006 1130 cum
3054 1092 3149 1130 sua
3193 1077 3449 1143 sacrilega

1868 1162 2009 1215 mola
2034 1161 2305 1231 judicandi
2336 1164 2515 1217 smculi
2544 1163 2787 1220 fluctibus
2817 1165 3173 1234 demergatur.

1455 1341 1799 1403 HOM‘ILIA
1848 1340 2204 1403 LXXXVI.

1554 1438 1629 1491 De
1653 1439 1830 1491 bellico
1863 1443 2101 1491 tumultu.

1638 1526 2026 1583 ADMOMTIO.

264 1632 586 1689 Muratorius
608 1630 848 1684 omnium
870 1628 1075 1699 primus
1098 1627 1241 1699 hanc
1255 1622 1703 1699 homiliaminter
1722 1635 2003 1699 sermones
2031 1619 2085 1673 S.
2122 1620 2391 1675 Ambrosii
2410 1692 2420 1699 Δ
2436 1632 2748 1699 usurpatam
2764 1624 2835 1699 _S.
2868 1626 3099 1682 Maximo
3128 1627 3444 1685 Taurinensi

203 1705 444 1760 restituit.
480 1702 611 1756 Eam
642 1702 788 1755 enim
818 1689 1020 1767 reperit
1048 1698 1100 1750 in
1125 1696 1311 1749 codice
1340 1692 1408 1745 98
1438 1690 1812 1753 Ambrosiano,
1845 1689 2042 1769 dequo
2073 1706 2214 1813 sazplc
2257 1689 2586 1747 mentionem
2617 1694 2915 1761 habuimus,
2949 1706 3001 1751 et
3030 1714 3151 1751 cum
3182 1700 3300 1753 aliis
3328 1700 3445 1768 plu-

203 1777 339 1813 animi:
367 1773 561 1813 mdpm
584 1788 647 1813 cur
680 1786 805 1813 mss-
839 1767 1170 1813 denrmnnlis
1193 1766 1245 1813 in
1278 1775 1410 1813 tom.
1440 1778 1491 1813 IV
1516 1760 1769 1813 Anecdot.
1792 1758 2102 1813 ουὺιιαιινίι.
2198 1777 2262 1813 uc
2289 1776 2457 1813 usuue
2483 1763 2586 1813 hnc
2613 1779 2732 1813 cum
2765 1767 3073 1813 testimonio
3096 1769 3147 1813 in
3178 1770 3445 1813 sentienti.

203 1758 340 1830 rimis
367 1773 562 1828 eodem
584 1788 650 1826 es
680 1786 806 1823 mss.
839 1758 1245 1837 depromptisin
1273 1775 1410 1837 tom.
1440 1778 1491 1815 ιγ
1516 1760 1769 1813 Anecdot.

1875 1759 2102 1837 blicavit.

2232 1777 2262 1815 c
2289 1776 2457 1836 usque
2483 1763 3073 1836 hocgeumtestimonio
3096 1769 3149 1821 in
3178 1763 3448 1836 sequenti-

202 1829 291 1902 bus
318 1844 766 1897 Maximianorum
813 1829 1038 1908 operum
1065 1829 1387 1908 etlitionibus
1430 1839 1687 1908 eneruata
1716 1830 1980 1897 apparuit.
2018 1829 2125 1908 lfios
2144 1832 2476 1908 auctoritate
2513 1833 2738 1908 codic_is__
2740 1834 2807 1888 99
2836 1836 2890 1908 S.
2923 1837 3109 1891 Crucis
3138 1839 3190 1891 in
3232 1829 3447 1892 Jerusa-

204 1899 315 1977 lem,
344 1914 438 1968 ubi
466 1922 548 1967 cst
576 1927 695 1981 pag.
729 1899 1049 1973 160,'sermo
1077 1906 1164 1968 95,
1194 1904 1437 1981 eamdem
1467 1901 1809 1981 illustramus,
1834 1913 2007 1967 neque
2027 1899 2339 1955 hzesitamus
2366 1900 2423 1956 S.
2460 1904 2675 1972 praesuli
2697 1903 3013 1962 Tauriucnsi
3040 1923 3303 1972 asserere,
3329 1924 3449 1963 cum

206 1970 251 2041 et
275 1970 483 2039 dicendi
510 1970 674 2047 ratio:
698 1970 883 2049 reique
912 1984 1283 2046 argumentum
1315 1972 1413 2043 ipsi
1442 1970 1745 2026 conveniat.

206 2101 583 2155 Asouusuruu.
614 2125 685 2134 ——
707 2090 786 2143 Ad
814 2090 1156 2159 Taurinenses
1185 2086 1315 2139 cives
1340 2083 1402 2138 ob
1432 2081 1766 2159 barbarorum
1799 2088 1844 2147 Β
1874 2074 1894 2115 ί
1927 2088 2192 2147 prmparat
2219 2080 2516 2137 animabus.
2542 2082 2823 2139 Cernimus
2850 2087 3045 2140 armari
3070 2088 3300 2142 civitatis
3330 2105 3459 2159 por-

263 2170 312 2220 in
341 2166 609 2235 proximas
638 2161 924 2235 prouincias
970 2158 1307 2235 irruptionem
1339 2153 1682 2235 trepidantes,
1720 2158 1769 2203 et

266 2224 530 2289 tuitionem
561 2224 1005 2302 defensionemque
1039 2224 1192 2302 Urbis
1220 2233 1462 2302 parantes
1488 2224 1621 2275 hanc
1649 2238 1771 2302 ora-

263 2308 455 2360 tionem
496 2294 674 2356 habuit
712 2300 772 2354 S.
808 2294 1087 2352 Nouimus.
1134 2294 1326 2349 Eorum
1351 2294 1535 2366 quippe
1572 2294 1771 2345 animos

265 2378 463 2447 erigere
491 2375 559 2427 ad
578 2387 720 2441 spem
747 2370 904 2447 dirini
933 2367 1160 2447 praesidii
1186 2363 1422 2447 conatur,
1450 2363 1730 2447 admonens
1752 2401 1767 2427 ,

265 2456 318 2499 ut
339 2432 544 2516 “pravos
574 2432 737 2495 mores
767 2432 1076 2516 corrigentes
1111 2437 1202 2489 Dei
1223 2435 1509 2516 uindictam
1554 2432 1771 2485 ulterius

267 2504 541 2587 provocare
565 2520 794 2587 caveant,
835 2504 984 2579 algae
1009 2508 1153 2561 illam
1182 2507 1281 2575 piis
1326 2504 1615 2572 sanctisque
1660 2516 1775 2571 ope-

267 2580 411 2639 ribus
438 2584 651 2652 placare
674 2580 932 2635 studeant.

270 2720 448 2774 Movet
474 2716 700 2770 fortasse
728 2727 842 2777 vos,
876 2707 1100 2771 fratres,
1130 2705 1273 2777 quod
1315 2704 1573 2760 tumultus
1600 2702 1770 2757 bello-

211 2827 317 2867 rum
346 2817 403 2863 et
431 2804 765 2860 incursiones
788 2800 1095 2871 praeliorum
1121 2797 1233 2851 fieri
1275 2796 1520 2851 audimus
1542 2794 1773 2861 assidue,

210 2910 258 2956 et
295 2915 391 2954 cur
420 2895 617 2951 nostris
659 2890 989 2961 temporibus
1016 2886 1146 2941 ﬁant
1173 2886 1514 2942 dilectionem
1542 2892 1775 2939 vestram

211 2993 429 3047 fortasse
457 2989 580 3059 plus
611 2992 809 3040 movet.
841 2981 946 3036 Sed
970 2982 1082 3035 haec
1110 2993 1270 3034 causa
1298 2986 1379 3032 est
1400 2978 1541 3047 quia,
1573 2984 1776 3046 quanto

213 3086 370 3153 magis
397 3079 626 3153 proximi
658 3092 839 3132 sumus
860 3073 1044 3130 mundi
1075 3072 1306 3136 excidio,
1331 3079 1482 3125 tanto
1510 3070 1677 3137 magis
1697 3084 1779 3123 re—

213 3190 304 3244 gno
331 3191 517 3230 sumus
569 3172 796 3242 proximi
841 3169 1151 3225 Salvatoris.
1184 3166 1300 3236 Ipse
1349 3165 1493 3220 enim
1524 3162 1778 3218 Dominus

215 3268 307 3332 ait,
340 3266 483 3337 quod
515 3265 570 3318 in
615 3262 905 3319 novissimis
947 3262 1119 3314 diebus
1160 3266 1399 3329 exsurget
1444 3273 1567 3327 gens
1597 3265 1779 3310 contra

214 3364 424 3426 gentem,
451 3364 497 3407 et
525 3370 739 3425 regnum
766 3352 1009 3405 adversus
1035 3366 1250 3420 regnum
1277 3346 1355 3418 (Μ
1360 3363 1466 3399 ατε.
1510 3343 1654 3413 xxxr)
1687 3362 1699 3396 :
1723 3354 1778 3398 et

1872 2176 1973 2233 tas,
2018 2168 2277 2226 debemus
2323 2172 2484 2225 etiam
2529 2173 2674 2241 prius
2723 2175 2776 2228 in
2821 2178 2976 2231 nobis
3020 2187 3203 2248 portas
3242 2196 3456 2236 armare

1863 2259 2101 2329 justitiaa,
2135 2261 2200 2315 de
2226 2262 2419 2330 quibus
2457 2262 2514 2317 S.
2562 2266 2823 2333 propheta
2852 2266 2987 2320 dixit
3026 2285 3039 2320 :
3082 2269 3293 2341 Aperite
3328 2271 3453 2323 milii

1870 2361 2049 2423 portas
2090 2353 2310 2423 justitite
2340 2354 2519 2425 (Psat.
2549 2356 2746 2426 civu).
2799 2357 2949 2414 Tunc
2995 2368 3176 2414 autem
3222 2362 3455 2418 civitatis

1868 2451 2024 2514 porta
2069 2445 2273 2498 munita
2301 2461 2421 2500 esse
2469 2448 2687 2515 poterit,
2718 2448 2764 2503 si
2794 2449 2942 2518 prius
2988 2450 3041 2503 in
3090 2452 3244 2506 nobis
3287 2460 3456 2522 porta)

1864 2526 2087 2604 justitiai
2116 2537 2443 2591 muniantur.
2477 2536 2690 2592 Etenim
2712 2539 2845 2594 nihil
2871 2541 3094 2609 prodest
3122 2559 3306 2597 muros
3335 2560 3455 2597 mu—

1872 2626 1989 2687 nire
2017 2628 2451 2696 propugnaculis,
2479 2636 2533 2682 et
2562 2629 2729 2683 Deum
2752 2646 3047 2699 provocare
3073 2635 3329 2702 peccatis.
3360 2634 3456 2691 Illa

1873 2718 2017 2772 enim
2047 2719 2391 2774 constituitur
2419 2718 2581 2784 ferro,
2612 2722 2757 2775 saxis
2798 2729 2851 2776 et
2878 2724 3116 2788 sudibus,
3144 2725 3255 2779 haec
3282 2740 3457 2779 arma-

1877 2815 1962 2863 tur
2000 2809 2397 2875 misericordia,
2437 2810 2770 2878 innocentia,
2803 2814 3075 2879 castitate;
3107 2816 3195 2869 illa
3228 2816 3456 2872 telorum

1876 2898 2216 2953 multitudine
2261 2899 2590 2964 custoditur,
2641 2900 2754 2956 hmo
2800 2903 3101 2957 orationum
3157 2903 3457 2973 frequentia

1874 2988 2194 3045 defenditur.
2238 2989 2305 3043 Et
2352 2991 2419 3045 ad
2468 2992 2682 3060 plenam
2726 2993 3009 3048 tuitionem
3039 2995 3248 3049 urbium
3278 3006 3459 3065 portas

1876 3082 2176 3152 principum
2198 3083 2375 3137 solent
2394 3083 2543 3153 signa
2567 3085 2871 3152 prmcedere
2897 3104 2907 3135 :
2932 3087 3229 3142 animarum
3251 3098 3459 3144 nostra-

1876 3187 1995 3227 rum
2019 3182 2201 3242 portas
2222 3174 2431 3242 signum
2452 3174 2745 3230 Salvatoris
2764 3179 3040 3247 anticipet.
3062 3178 3222 3247 Ergo,
3247 3180 3457 3247 fratres,

1878 3269 2101 3333 propter
2128 3263 2362 3317 futurum
2387 3264 2645 3332 judicium
2685 3268 2847 3322 armis
2875 3284 2973 3322 nos
3010 3270 3317 3325 cmlestibus
3343 3287 3461 3325 ηιιιο

1877 3357 2103 3420 niamus,
2145 3357 2485 3427 accingamur
2508 3357 2671 3413 lorica
2701 3357 2840 3423 ﬁdei,
2874 3361 3059 3415 salutis
3101 3363 3251 3429 galea
3282 3372 3461 3433 prote-

214 3448 329 3501 alibi
361 3465 373 3499 :
407 3446 533 3499 Cum
581 3444 809 3498 videritis
859 3441 1013 3509 bella,
1044 3450 1093 3494 et
1139 3446 1479 3503 terrmmotus,
1510 3445 1558 3489 et
1589 3438 1775 3506 fames,
1805 3454 1850 3517 ρ
1880 3450 2086 3518 εεωῖηι,
2128 3448 2293 3503 νει-υο
2341 3449 2435 3503 Dei
2482 3451 2709 3519 spiritali
2754 3452 2931 3520 gladio
2961 3453 3338 3519 defendamur;
3369 3457 3461 3525 qui

216 3539 382 3592 scitote
420 3537 663 3603 quoniam
698 3535 753 3588 in
782 3533 1020 3605 proximo
1049 3540 1126 3586 est
1173 3546 1385 3601 regnum
1433 3528 1526 3582 Dei
1559 3526 1772 3600 (Matth.

217 3628 371 3695 xnv).
418 3625 562 3695 Ergo
611 3624 858 3679 vicinitas
887 3622 989 3677 ista
1028 3622 1292 3676 bellorum
1320 3620 1554 3675 vicinum
1607 3616 1777 3687 magis

219 3719 361 3775 nobis
389 3718 655 3772 Christum
683 3730 801 3770 esse
829 3714 1179 3768 demonstrat.
1210 3711 1382 3780 Atque
1412 3709 1535 3781 ideo
1562 3710 1780 3765 venien-

221 3819 319 3866 tem
346 3808 708 3865 adversarium
739 3806 928 3861 timere
974 3820 1081 3860 non
1129 3804 1321 3869 debeo,
1370 3804 1494 3871 quia
1521 3818 1621 3872 per
1665 3801 1779 3857 hrec

218 3903 358 3972 signa
388 3902 568 3956 venire
620 3899 801 3970 potius
850 3897 1088 3966 intelligo
1135 3895 1487 3960 Salvatorem,
1537 3894 1780 3965 quamvis

221 3993 352 4046 enim
401 3992 496 4045 iste
542 3998 745 4044 metum
776 3988 1000 4043 incutiat
1052 3986 1433 4055 temporalem,
1466 3985 1554 4040 ille
1600 3993 1780 4039 tamen

220 4083 432 4137 salutem
477 4079 651 4136 defert
683 4079 1079 4148 sempiternam.
1115 4076 1312 4131 Potens
1357 4077 1519 4147 289
1563 4082 1647 4130 est
1685 4090 1779 4129 au-

222 4180 317 4227 tem
352 4173 486 4227 idem
515 4172 792 4235 Dominus,
835 4179 894 4225 ut
930 4177 985 4224 et
1030 4168 1275 4223 hostilem
1307 4182 1337 4220 a
1377 4167 1531 4221 nobis
1558 4166 1783 4236 repellat

223 4279 490 4333 pavorem,
536 4272 593 4320 et
630 4279 780 4318 suam
822 4263 977 4317 nobis
1012 4260 1349 4331 prmsentiam
1380 4260 1650 4327 largiatur.
1682 4258 1784 4313 Per

224 4354 313 4408 hos
359 4354 513 4422 igitur
556 4354 820 4408 bellorum
873 4353 1130 4407 tumultus
1182 4349 1365 4405 nmndi
1400 4349 1667 4418 quoddam
1706 4350 1781 4404 si-

223 4440 484 4509 gnificatur
539 4442 835 4507 excidium;
900 4439 1132 4495 futurum
1186 4441 1328 4495 enim
1380 4440 1634 4510 judicium
1686 4439 1782 4495 Dei

226 4533 329 4588 haec
354 4533 662 4604 inquietudo
704 4532 973 4604 pmcedit.
1005 4531 1100 4586 Est
1121 4541 1301 4587 autem
1328 4531 1594 4601 quoddam
1630 4547 1783 4587 com—

226 4626 460 4680 motionis
510 4624 769 4693 judicium
825 4625 919 4679 Dei
973 4624 1154 4679 videre
1198 4624 1342 4693 quod
1375 4632 1599 4678 metuas.
1650 4624 1783 4678 Dum

227 4716 355 4770 enim
398 4718 539 4772 cauti
587 4733 773 4771 sumus
817 4716 883 4770 ad
930 4731 992 4770 ea
1035 4730 1154 4784 qum
1190 4716 1478 4780 cernimus,
1519 4715 1786 4770 cautiores

1877 3544 2021 3599 enim
2046 3543 2129 3597 his
2160 3542 2324 3599 armis
2354 3543 2646 3599 instructus
2675 3544 2832 3598 fuerit
2867 3561 2968 3599 nec
2994 3554 3312 3615 praesentem
3341 3563 3464 3616 per-

1878 3634 2233 3688 turbationem
2264 3632 2470 3698 metuit,
2505 3649 2605 3688 nec
2628 3632 2865 3688 futurum
2902 3634 3160 3703 judicium
3200 3636 3459 3703 pertime-

1877 3725 1995 3780 scit.
2043 3722 2319 3792 Siquidem
2361 3732 2578 3779 sanctns
2625 3724 2793 3779 David
2838 3726 2939 3780 hac
2985 3724 3272 3781 devotione
3302 3727 3464 3796 290

1886 3821 2164 3885 protectus
2189 3813 2401 3869 Goliam
2430 3814 2578 3869 illum
2611 3814 2959 3870 fortissimum
3002 3825 3264 3870 armatum
3295 3819 3456 3872 etiam

1880 3904 2104 3960 inermis
2131 3904 2418 3969 occiderit,
2452 3914 2506 3959 et
2534 3906 2704 3960 virum
2733 3906 3046 3961 bellicosum
3075 3908 3464 3966 munitionibus

1879 3996 2114 4066 undique
2143 3997 2555 4066 circumseptum
2583 3996 2696 4051 sola
2720 3996 2841 4052 ﬁdei
2873 4000 3068 4053 virtute
3090 4001 3461 4068 prostraverit.

1880 4087 2011 4143 Cum
2040 4089 2183 4141 enim
2229 4086 2287 4141 S.
2330 4086 2497 4140 David
2525 4103 2633 4141 non
2658 4090 2960 4156 operiretur
2987 4090 3157 4159 galea,
3188 4106 3296 4143 non
3328 4106 3465 4159 prm-

1880 4179 2186 4245 cingeretur
2236 4186 2260 4224 8
2308 4177 2516 4245 gladio,
2559 4192 2669 4232 non
2716 4178 2903 4233 lancea
2953 4186 3218 4245 uteretur;
3269 4181 3465 4235 orcidlt

1881 4276 2059 4323 autem
2109 4267 2257 4321 illum
2306 4282 2413 4321 non
2461 4266 2568 4320 telo
2617 4266 2810 4330 ferreo,
2855 4267 2949 4321 sed
2993 4270 3169 4335 gladio
3211 4271 3459 4337 spiritali.

1882 4359 2136 4427 Quamvis
2187 4359 2327 4414 enim
2384 4358 2601 4414 inermis
2644 4358 2813 4413 oculis
2855 4359 3128 4412 hominum
3174 4360 3461 4427 videretur,

1883 4450 2014 4504 satis
2044 4459 2223 4503 tamen
2264 4456 2380 4503 erat
2422 4449 2591 4519 gratia
2622 4448 2923 4505 Divinitatis
2963 4458 3217 4506 armatus.
3263 4451 3462 4506 Verum

1885 4540 1998 4610 ipse
2046 4540 2299 4609 spiritalis
2346 4539 2553 4608 gladius
2600 4556 2707 4592 non
2756 4540 2853 4593 luit
2900 4540 3136 4609 gladius;
3184 4557 3290 4593 non
3321 4542 3462 4595 enim

1836 4712 1839 4717 ί
1885 4630 2061 4701 gladio
2087 4630 2303 4696 Colias,
2334 4630 2429 4685 sed
2475 4630 2649 4700 lapide
2681 4640 2979 4700 prostratus
3007 4633 3271 4686 occubuit.
3305 4631 3463 4702 Legi-

1887 4737 2006 4776 mus
2050 4722 2104 4775 in
2147 4719 2438 4790 Scripturis
2466 4722 2659 4790 lapidis
2687 4722 2948 4776 vocabulo
2976 4721 3245 4776 Christum
3272 4723 3464 4791 ﬁgura-

228 4804 290 4859 ad
313 4804 680 4862 illa'eflicimur
726 4822 845 4876 qum
888 4821 1182 4875 speramus.
1219 4806 1309 4860 Vir
1354 4814 1533 4861 autem
1574 4808 1787 4876 sapiens
1816 4816 1861 4873 D
1888 4812 2010 4866 liter
2036 4810 2335 4879 designari;
2386 4811 2525 4866 sicut
2569 4812 2645 4865 ait
2693 4812 2949 4881 propheta
2980 4830 2992 4862 :
3022 4810 3269 4880 Lapidem
3315 4829 3463 4882 quem

230 4895 303 4951 his
320 4899 516 4954 actibus
552 4900 778 4953 terrenis
799 4899 1079 4953 instruitur
1103 4899 1550 4969 quemadmodum
1572 4898 1597 4936 ά
1620 4899 1782 4955 futuri

230 4987 388 5040 πουιί
417 4986 609 5042 debeat
630 4987 885 5056 judicium
908 4987 1200 5053 declinare,
1223 4989 1347 5043 dum
1369 4989 1510 5043 enim
1531 4991 1784 5060 perspicit

231 5074 279 5128 in
304 5076 395 5132 hac
422 5078 692 5133 communi
723 5079 1123 5148 perturbatione
1155 5079 1418 5148 primores
1446 5078 1590 5134 viros
1622 5088 1645 5117 θ
1678 5079 1785 5133 tui-

230 5166 387 5223 tiones
410 5170 460 5223 in
483 5171 747 5226 mmnibus
778 5186 1099 5240 prmpararc,
1124 5170 1238 5240 ipse
1257 5171 1574 5226 admonetur
1597 5186 1786 5240 quem-

232 5256 498 5315 admodum
545 5261 597 5316 in
644 5259 821 5315 futura
869 5261 1148 5316 eversione
1191 5260 1375 5316 mundi
1419 5260 1783 5318 defensionem

297 5433 319 5461 ⁸
345 5423 472 5481 Cod.
499 5424 769 5502 90‘cit._S.
794 5426 980 5502 Crucis
1005 5428 1057 5482 in
1084 5426 1194 5483 Jer.
1219 5428 1350 5499 legit
1366 5431 1634 5502 cordisque
1660 5447 1784 5487 ocu-

235 5494 302 5546 los
326 5511 421 5549 non
446 5499 605 5551 nossit
631 5498 698 5549 ad
718 5498 918 5551 cretum.

296 5562 321 5602 δ
354 5562 481 5621 Cod.
512 5566 716 5633 Casin.,
745 5569 901 5631 etiam
929 5584 1110 5620 saxum
1137 5584 1248 5624 esse
1268 5578 1485 5624 constat.

299 5645 318 5672 ε
345 5634 482 5689 Idem
511 5637 633 5691 cod.
664 5636 809 5699 Vat.,
842 5638 964 5691 caeci
994 5638 1144 5692 oculi.

295 5701 318 5741 ⁴
340 5704 467 5760 Cod.
501 5705 557 5760 S.
588 5705 773 5763 Crucis
797 5707 847 5761 in
876 5705 1007 5770 leta,
1028 5709 1260 5770 futurum
1283 5710 1455 5763 θανουιὲ
1484 5710 1661 5764 debeat
1690 5712 1780 5767 de-

1881 4900 2281 4972 reprobaverunt
2304 4902 2641 4971 wdi/icantes,
2660 4903 2744 4954 hic
2764 4904 2928 4972 factus
2950 4912 3023 4954 est
3043 4903 3093 4953 in
3117 4911 3266 4970 caput
3288 4904 3464 4973 anguli

1886 4992 2060 5062 (Psal.
2108 4992 2292 5063 cxvn).
2342 4992 2506 5062 Igitur
2553 5007 2673 5045 cum
2704 4991 2878 5060 lapide
2922 4988 3101 5045 Golias
3146 4992 3461 5060 percutitur,

1886 5084 2083 5141 Christi
2106 5085 2303 5139 virtute
2331 5085 2704 5155 prosternitur.
2737 5083 2803 5136 Et
2822 5084 2877 5137 in
2904 5098 3006 5152 qua
3037 5086 3249 5140 tandem
3272 5102 3467 5157 corpo-

1886 5175 1960 5230 ris
1987 5184 2141 5245 parte
2170 5175 2553 5245 prosternitur?
2582 5173 2637 5227 In
2668 5173 2844 5227 fronte
2881 5174 3111 5240 scilicet;
3143 5178 3354 5245 gentilis
3384 5187 3467 5234 est

1887 5268 2176 5339 sacrilegus
2203 5268 2385 5333 homo,
2419 5265 2491 5321 ibi
2518 5264 2815 5335 percutitur
2842 5281 2873 5321 a
2902 5266 3133 5335 Christo,
3166 5270 3253 5324 ubi
3281 5269 3466 5325 deerat

1890 5434 2088 5507 clinare
2109 5436 2383 5507 judicium.

1965 5515 1989 5544 ο
2013 5505 2159 5561 Idem
2188 5508 2335 5571 cod.,
2363 5505 2625 5559 tuitionem
2653 5508 2914 5564 moenibus.

1968 5574 1988 5615 ί
2022 5575 2167 5631 Idem
2191 5576 2337 5641 cod.,
2370 5584 2643 5645 praeparet.
3137 5629 3147 5638 ,

1964 5655 1988 5693 s
2020 5645 2164 5701 Idem
2193 5646 2315 5701 cod.
2342 5646 2397 5701 S.
2427 5645 2613 5703 Crucis
2641 5648 2695 5703 in
2715 5646 2849 5714 ἔρι’..
2874 5651 3068 5719 clypeo.
