4054 6190
499 312 601 369 451

1730 299 1789 354 S.
1829 297 2070 354 ΜΑΧΙΜΙ
2109 293 2554 352 TAURINENSIS

3662 288 3778 344 459

498 426 772 491 Christus;
802 432 860 494 et
879 423 952 479 ibi
971 422 1022 478 ei
1042 419 1266 477 infertur
1289 416 1476 474 mortis
1495 414 1736 480 exitium,
1759 413 1850 468 ubi
1871 413 2083 482 signqu
2115 420 2160 474 Α
2190 409 2367 479 gravis
2404 417 2460 464 et
2487 406 2791 478 impeditus,
2824 405 2895 460 ita
2920 414 2976 459 ut
3004 402 3276 459 ambulare
3303 402 3392 458 vix
3426 410 3638 474 posset,
3670 417 3769 458 ea-

499 517 687 572 salutis
729 499 840 570 non
887 511 1172 568 invenitur.
1222 507 1475 576 Quamvis
1521 505 1663 560 enim
1709 510 1854 559 esset
1894 499 2078 556 Golias

499 607 736 676 undique
766 618 1037 659 armorum
1065 601 1401 672 protectione
1426 597 1682 658 munitus,
1713 594 1862 649 frons
1897 601 2077 646 tamen

501 695 618 764 ejus
644 696 861 765 patebat
888 692 956 746 ad
979 699 1224 756 mortem,
1256 688 1381 758 quia
1409 685 1739 757 signaculum
1777 682 2081 738 Salvatoris

501 800 611 840 non
638 783 900 854 gestabat.
939 782 1113 849 Atque
1141 779 1260 834 ideo
1288 779 1359 833 ibi
1387 777 1701 849 percutitur,
1731 774 1821 828 ubi
1847 772 2020 827 nudus
2048 786 2078 825 a

504 875 600 929 Dei
627 874 796 944 gratia
819 873 1102 942 reperitur.
1127 869 1252 925 lltcc
1271 877 1448 924 autem
1479 867 1532 920 in
1555 877 1580 904 ιι
1603 866 1768 934 ligura
1796 862 1935 917 facta
1961 876 2082 918 esse

503 981 664 1020 nemo
689 973 772 1020 est
798 965 889 1034 qui
918 963 1142 1017 nesciat.
1172 960 1304 1014 Nam
1348 966 1403 1014 et
1430 956 1598 1011 David
1632 968 1903 1009 armorum
1935 951 2087 1006 indu-

2183 498 2304 553 dem
2333 499 2449 554 sine
2477 497 2816 553 cunctatione
2853 494 3079 566 projecit
3097 533 3114 560 ,
3162 495 3470 565 signiﬁcans
3497 510 3648 548 arma
3679 495 3771 551 illa

2182 589 2484 658 hujusmodi
2523 605 2657 642 vana
2698 596 2754 643 et
2795 587 3068 641 luxuriosa
3112 600 3231 642 esse
3261 599 3445 655 opera,
3479 584 3534 638 in
3573 584 3774 654 quibus

2127 690 2134 697 '
2185 678 2276 746 qui
2304 693 2424 732 sese
2453 679 2773 748 permiscere
2791 676 3042 741 voluerit,
3070 683 3323 746 tanquam
3362 674 3538 745 gravis
3565 682 3620 728 et
3646 689 3772 743 gra-

2186 769 2364 824 diendi
2393 769 2460 823 ad
2487 769 2680 824 cmlum
2704 783 2919 824 cursum
2941 767 3166 822 liberum
3197 781 3308 820 non
3329 765 3567 819 habebit.
3598 763 3773 820 Simul

2187 867 2241 914 et
2283 859 2410 912 illud
2449 875 2549 913 nos
2577 858 2759 913 docuit
2796 857 2940 928 quod
2967 857 3158 912 nonin
3198 856 3364 911 armis
3405 863 3613 909 tantum
3641 869 3771 924 spe-

2188 949 2354 1004 randa
2378 951 2602 1005 victoria
2627 957 2740 1018 est,
2771 949 2866 1005 sed
2893 949 2946 1004 in
2975 948 3192 1004 nomine
3220 947 3518 1004 Salvatoris
3541 946 3766 1002 oranda.

505 1055 700 1111 mentis
740 1068 862 1112 sese
905 1061 1030 1108 ante
1074 1051 1457 1123 praecinxerat;
1489 1047 1583 1103 sed
1609 1061 1730 1101 cum
1771 1050 1915 1098 esset
1942 1041 1995 1094 in
2026 1041 2092 1095 iis

1762 1133 2108 1195 HOMlLlA
2153 1130 2535 1192 LXXXVII.

1761 1234 1840 1288 De
1866 1233 2093 1287 hostibus
2125 1248 2226 1284 non
2259 1231 2519 1285 timendis.

1939 1321 2327 1376 ADMONlTlO.

575 1427 724 1481 Hanc
750 1440 964 1496 quoque
991 1423 1278 1496 homiliam‘
1307 1419 1673 1496 Mab‘illonius1
1716 1424 1924 1496 erutam
1971 1429 2038 1467 ex
2077 1412 2263 1496 codice
2304 1411 2722 1496 sangall'ens'i‘
2747 1409 2928 1496 Musca
2960 1409 3144 1496 Italico
3172 1409 3471 1496 publicang
3485 1411 3767 1496 poit‘duas

501 1479 893 1568 pnecederites:
925 1491 1375 1568 quemadmodum
1393 1489 1609 1568 “fecisse
1637 1479 1970 1568 Gallandium
2007 1489 2224 1568 constat
2247 1496 2315 1568 ex
2342 1493 2473 1568 tom.
2512 1481 2583 1534 IX
2611 1481 2744 1568 Bibl.
2771 1490 2958 1568 vetor.
2978 1479 3227 1568 Patrum,
3246 1479 3768 1568 pag.

504 1550 644 1636 {apud
663 1550 666 1551 ν
686 1550 804 1620 illos
833 1550 917 1620 est
943 1550 1250 1636 sequentia,
1281 1560 1454 1636 qualis
1477 1560 1531 1613 in
1562 1555 2012 1636 mss-reperitur.
2044 1551 2151 1606 Nos
2177 1550 2255 1636 Die
2283 1551 2510 1636 hostibus
2539 1569 2642 1636 non
2660 1551 2918 1636 timendis
2939 1550 3614 1636 eamdem‘inscripsimus,
3643 1565 3766 1636 cum

502 1619 593 1689 hic
617 1635 676 1688 S.
703 1634 963 1688 Maximus
983 1619 1316 1688 Christianos
1338 1630 1405 1683 ad
1441 1628 1650 1697 agenda
1671 1619 1927 1680 virtutum
1967 1636 2132 1697 opera
2161 1620 2496 1686 adhortetur,
2529 1630 2588 1675 ut
2625 1622 2692 1675 ab
2723 1621 2950 1697 inimicis
2989 1620 3300 1697 liberentur.
3331 1619 3541 1697 Nullius
3561 1619 3769 1697 codicis

504 1705 813 1760 testimonio
853 1703 1196 1771 Sangallense
1238 1716 1339 1754 ms.
1385 1689 1737 1760 illustramus,
1780 1709 1901 1771 eum
1931 1689 2142 1761 penitus
2169 1705 2235 1771 ea
2275 1698 2495 1771 careant
2523 1705 2761 1771 omnes;
2790 1691 2883 1745 sed
2925 1689 3044 1758 quis
3072 1689 3345 1771 ambigere
3371 1691 3570 1771 poterit
3611 1689 3769 1757 hujus

502 1759 705 1844 pariter
733 1759 1019 1827 Maximum
1049 1771 1306 1825 orationis
1352 1775 1630 1822 auctorem
1659 1759 1988 1820 censendum
2037 1761 2192 1816 esse?
2234 1760 2667 1830 quandoquidem
2712 1760 2803 1814 vix
2845 1773 3068 1814 exorsus
3113 1759 3466 1829 praecedentis
3501 1774 3768 1814 summam

501 1844 912 1914 complectitur?

504 1937 611 2007 29
693 1935 1081 1988 ABGUIENTUI.
1107 1961 1176 1973 ——
1213 1925 1621 1999 Inexpugnabile
1663 1933 1739 1979 est
1777 1938 2083 2005 propugna-
2117 1923 2160 1982 Β
2187 1935 2347 1989 quam
2376 1934 2494 1989 qua:
2527 1919 2580 1973 in
2608 1933 2672 1973 ea
2702 1926 2823 1973 sunt
2849 1924 3073 1987 peccata
3099 1923 3399 1971 serventur.
3439 1915 3578 1986 Ergo
3598 1917 3772 1987 quiin

574 1940 742 2057 cadum
780 2010 961 2056 contra
1000 2002 1165 2054 hostes
1195 2001 1429 2052 resistere
1470 1995 1733 2057 ριἐεἱὺιω,
1761 1993 1978 2057 ΙεῘιιηῖίδ
2024 2007 2084 2043 αδ
2188 2008 2407 2057 nomine
2434 2006 2647 2057 Domini
2677 2006 3028 2057 munitionem
3069 2013 3349 2057 praestaret
3385 2005 3620 2057 civitati.
3664 2007 3772 2057 ista

574 2023 633 2058 αι

659 1995 742 2056 um
780 2010 961 2056 contra
1000 2002 1165 2054 hostes
1195 1995 1435 2052 resistere
1469 1995 1978 2067 precibus,_j_ejuniis
2021 2007 2084 2067 ac

571 2073 921 2143 eleemosynis.
957 2068 1056 2133 Qui
1099 2072 1208 2123 sine
1252 2068 1360 2143 Dei
1395 2061 1566 2138 gratia
1612 2061 1956 2143 mnu-itionem.
1987 2061 2086 2114 sibi

573 2134 865 2197 construére
910 2149 1179 2203 conantur,
1226 2134 1449 2208 vulpium
1478 2153 1618 2190 more
1655 2135 1891 2189 ridentur
1931 2134 2088 2202 fovea:

574 2213 674 2267 sibi
704 2210 973 2265 latibulum
999 2224 1322 2280 praeparare.

575 2386 818 2442 Meminit
847 2392 1026 2441 vestra
1064 2384 1282 2440 dilectio
1323 2384 1429 2440 hoc
1464 2399 1565 2439 nos
1593 2381 1882 2457 superiore
1909 2380 2086 2436 domi-

507 2477 624 2532 nica
645 2476 986 2546 pmdicasse,
1009 2482 1068 2529 ut
1088 2475 1243 2529 bonis
1263 2475 1488 2538 actibus,
1510 2473 1734 2528 assiduis
1755 2471 2088 2526 orationibus

508 2573 696 2636 portas
740 2564 895 2619 nobis
935 2563 1155 2632 justitize
1201 2577 1592 2626 reseraremus,
1625 2577 1689 2616 ac
1722 2561 2088 2630 frequentibus

507 2656 884 2728 eleemosynis,
930 2655 1080 2710 velut
1121 2654 1261 2709 vallo
1297 2669 1396 2710 nos
1436 2653 1814 2708 misericordia:
1851 2653 2088 2706 munire-

507 2763 647 2803 mus.
677 2746 860 2802 Murus
888 2746 1028 2801 enim
1074 2746 1289 2814 quidam
1334 2744 1760 2815 inexpugnabilis
1785 2751 1867 2798 est
1897 2752 2084 2798 contra

507 2836 869 2892 adversarium
898 2835 1147 2890 resistere
1173 2834 1548 2904 eleemosynis,
1571 2833 1824 2888 dimicare
1847 2831 2082 2902 jejuniis.

509 2925 766 2991 Quamvis
811 2926 956 2982 enim
1005 2925 1218 2978 inimici
1250 2939 1399 2978 arma
1453 2925 1561 2978 sint
1603 2923 1814 2990 valida,
1863 2923 2085 2978 fortiora

509 3023 688 3069 tamen
717 3016 832 3070 haec
869 3030 1017 3068 arma
1047 3024 1172 3069 sunt
1196 3013 1493 3069 Salvatoris
1527 3032 1540 3067 :
1581 3015 1773 3084 quibus
1811 3014 1902 3083 qui
1932 3015 2087 3068 indu-

513 3114 602 3162 tus
651 3105 832 3174 fuerit,
861 3105 988 3160 licet
1027 3105 1245 3161 inermis
1290 3106 1458 3161 oculis
1501 3105 1778 3161 hominum
1821 3104 2082 3171 videatur,

508 3195 641 3252 satis
667 3203 850 3250 tamen
876 3204 1114 3252 armatus
1139 3205 1253 3264 est,
1280 3196 1405 3265 quia
1433 3211 1557 3251 eum
1590 3195 1851 3251 Divinitas
1878 3211 2084 3252 summa

2188 2008 2407 2062 nomine
2434 2006 2647 2062 Domini
2677 2006 3028 2061 munitionem
3069 2013 3349 2075 praestaret
3385 2005 3620 2070 civitati,
3664 2007 3775 2061 iste

2187 2115 2314 2154 vere
2342 2099 2685 2154 securitatem
2733 2097 2938 2152 civibus
2983 2103 3155 2166 parat.
3206 2095 3340 2149 Nam
3382 2096 3472 2164 qui
3511 2096 3628 2150 sine
3670 2095 3774 2151 Dei

2188 2193 2358 2262 gratia
2389 2192 2739 2246 munitionem
2765 2191 2882 2245 urbi
2912 2198 3227 2246 construere
3258 2198 3501 2255 conatur,
3531 2189 3620 2244 hic
3643 2189 3773 2245 vul-

2190 2285 2334 2356 pium
2357 2300 2508 2339 more
2531 2284 2739 2339 videtur
2764 2282 2929 2338 Iovem
2952 2283 3049 2337 sibi
3075 2282 3351 2344 latibulum
3375 2283 3533 2353 292
3555 2297 3776 2353 praepa-

2187 2389 2328 2429 rare.
2353 2373 2541 2430 Nonne
2562 2374 2702 2429 enim
2724 2374 2825 2428 iste
2847 2383 3100 2442 tanquam
3118 2373 3292 2442 vulpis
3314 2373 3368 2427 in
3395 2387 3460 2427 ea
3489 2374 3640 2428 lovea
3655 2381 3772 2440 est,

2187 2466 2280 2534 qui
2302 2473 2498 2520 terram
2523 2464 2721 2535 jugiter
2748 2463 2900 2529 fodit,
2925 2465 3118 2519 cmlnm
3144 2464 3363 2519 omnino
3383 2479 3491 2520 non
3516 2465 3778 2535 respicit?

2188 2557 2278 2611 Ait
2307 2558 2448 2612 enim
2480 2557 2752 2622 Dominus,
2793 2557 2930 2611 sicut
2976 2557 3172 2612 lectum
3208 2573 3383 2627 nuper
3421 2550 3727 2614 audivimus
3755 2576 3773 2613 :

2196 2646 2382 2717 Vulpes
2406 2649 2575 2718 foveas
2603 2647 2806 2711 habent,
2831 2653 2879 2700 et
2905 2646 3128 2700 volucres
3149 2646 3259 2701 creti
3282 2647 3433 2701 nidos
3452 2646 3537 2700 ubi
3566 2649 3779 2719 requie-

2185 2747 2362 2792 scant:
2377 2738 2516 2807 filius
2537 2746 2708 2790 autem
2728 2738 2950 2791 hominis
2971 2753 3073 2791 non
3096 2736 3246 2792 habet
3268 2737 3354 2791 ubi
3372 2747 3524 2809 caput
3551 2739 3776 2792 reclinet

2190 2827 2402 2898 (Matth.
2432 2827 2544 2897 Vlll)
2567 2845 2580 2880 :
2603 2842 2723 2896 quae
2755 2828 3019 2882 sententia
3042 2842 3201 2897 quem
3222 2827 3549 2883 intellectum
3570 2829 3779 2884 habent

2186 2918 2473 2988 diligenter
2502 2918 2860 2973 intendamus.
2906 2917 3025 2972 Non
3054 2919 3196 2972 enim
3224 2919 3290 2973 de
3320 2920 3437 2988 ipso
3464 2919 3780 2988 specialiter

2187 3009 2403 3062 animali
2440 3009 2649 3063 locutus
2671 3014 2755 3064 est
2783 3009 3041 3065 Dominus
3071 3027 3084 3062 :
3113 3009 3208 3064 sed
3233 3009 3299 3064 de
3327 3009 3414 3064 his
3437 3010 3775 3072 hominibus,

2187 3098 2278 3167 qui
2299 3098 2499 3152 versuti
2527 3113 2741 3169 semper
2767 3107 2821 3152 et
2847 3099 3043 3164 callidi,
3087 3099 3272 3168 vulpes
3296 3100 3532 3156 moribus
3553 3115 3782 3169 semper

2186 3189 2382 3244 imitari
2421 3191 2664 3256 student;
2706 3189 2831 3245 dum
2857 3190 3034 3245 aliena
3080 3190 3443 3252 fraudulenter
3483 3192 3778 3262 diripiunt,

509 3286 762 3343 custodit.
786 3285 994 3342 Bonum
1016 3298 1100 3342 est
1119 3287 1280 3358 igitur
1300 3288 1354 3342 in
1375 3287 1718 3342 tribulatione
1742 3301 1918 3350 orare,
1944 3286 2085 3356 jeju—
2110 3289 2156 3352 Ο
2187 3284 2395 3338 foveam
2415 3299 2523 3337 sua:
2553 3282 2864 3352 perditionis
2906 3281 3190 3348 ell'odiunt;
3225 3283 3345 3338 ideo
3366 3291 3524 3352 caput
3542 3282 3776 3349 Christi,

509 3393 658 3445 nare,
691 3379 938 3449 psallere,
985 3379 1248 3435 misereri.
1290 3379 1385 3436 His
1412 3380 1554 3436 enim
1581 3381 1720 3446 telis,
1762 3380 1899 3435 sicut
1925 3380 2092 3436 David

509 3469 813 3539 exemplum
841 3479 1029 3525 contra
1057 3468 1266 3526 Goliam
1310 3471 1650 3542 protulimus,
1681 3471 1858 3525 solent
1899 3471 2091 3526 adver-

509 3560 681 3615 sarios
723 3575 852 3616 suos
894 3560 1112 3615 vincere
1158 3560 1478 3626 Christiani,
1527 3562 1610 3616 his
1655 3561 1818 3615 armis
1861 3560 2092 3616 civitatis

511 3649 711 3704 mania
733 3649 1027 3706 custodire.
1058 3649 1198 3706 Dicit
1225 3651 1368 3705 enim
1396 3658 1614 3706 sanctus
1636 3651 1897 3721 pmpheta
1926 3668 1938 3704 :
1969 3649 2092 3704 Nisi

510 3738 764 3795 Dominus
793 3741 1089 3795 custodierit
1117 3743 1401 3806 civitatem,
1443 3742 1500 3794 in
1537 3758 1721 3795 vanum
1763 3743 1976 3813 vigilant
2005 3743 2092 3811 qui

508 3830 806 3884 custodiunt
824 3845 938 3882 eam
961 3829 1130 3898 (Psal.
1155 3832 1356 3900 cxxvt).
1389 3831 1445 3884 ln
1468 3847 1661 3885 vanum
1683 3847 1811 3901 ergo
1835 3833 1933 3887 iste
1953 3832 2090 3900 vigi-

513 3919 590 3973 lat
615 3921 705 3988 qui
734 3926 889 3987 putat
935 3932 995 3972 se
1041 3933 1252 3972 armare
1296 3920 1590 3984 civitatem,
1636 3936 1756 3973 cum
1803 3922 1918 3990 ipse
1969 3919 2093 3975 ﬁdei

511 4021 661 4060 arma
687 4022 796 4060 non
825 4005 1041 4059 habeat.
1087 4006 1146 4059 ln
1169 4022 1366 4061 vanum
1407 4008 1565 4077 plane
1592 4009 1800 4063 laborat
1823 4011 1914 4078 qui
1942 4011 2090 4064 aesti-

512 4103 628 4150 mat
653 4110 711 4150 se
739 4096 1019 4150 tuitionem
1047 4097 1136 4150 alii
1165 4112 1357 4168 parare
1385 4114 1563 4168 posse,
1594 4115 1716 4154 cum
1756 4101 1871 4170 ipse
1899 4101 1968 4156 sit
1995 4101 2090 4155 Dei

512 4184 683 4255 gratia
702 4185 1007 4240 destitutus.
1040 4185 1128 4241 Ait
1152 4187 1407 4242 Dominus
1435 4188 1488 4241 in
1512 4187 1800 4259 Evangelio
1826 4209 1838 4242 :
1864 4189 1922 4243 Μ
1925 4191 2088 4258 edice,

512 4294 636 4332 cura
664 4287 714 4331 te
742 4280 907 4350 ipsum
940 4277 1087 4350 (Luc.
1114 4279 1208 4350 IV).
1242 4278 1355 4336 Hoc
1382 4282 1628 4352 exemplo
1656 4282 1936 4338 dicendum
1966 4292 2048 4337 est
2073 4302 2086 4335 :

517 4369 666 4440 prius
712 4377 788 4435 tu,
821 4369 1004 4435 homo,
1037 4380 1140 4426 tua:
1177 4373 1398 4426 consule
1425 4373 1607 4442 saluti,
1639 4381 1696 4428 ut
1721 4375 1896 4445 possis
1932 4374 2091 4428 saluti

513 4462 794 4533 providere
817 4461 1128 4516 multorum.
1161 4463 1425 4518 Caaterum
1449 4480 1571 4519 eum
1600 4474 1654 4520 te
1688 4465 2006 4522 imbecillem
2036 4476 2092 4522 et

514 4553 783 4608 inﬁrmum
813 4552 1023 4606 videam
1041 4593 1055 4617 ,
1088 4567 1151 4608 ac
1191 4551 1497 4610 Divinitatis
1527 4556 1726 4610 auxilio
1754 4557 2085 4624 destitutum,

2193 3373 2336 3443 quod
2365 3381 2448 3428 est
2489 3373 2644 3437 Deus,
2676 3372 3036 3428 habitaculum
3067 3374 3119 3427 in
3162 3373 3243 3427 his
3283 3389 3390 3426 non
3417 3381 3591 3443 potest
3618 3373 3786 3429 inve-

2193 3465 2308 3518 nire
2332 3465 2425 3533 qui
2453 3463 2696 3518 habitant
2723 3464 2777 3518 in
2806 3463 3052 3519 defossis.
3095 3462 3232 3530 Quid
3261 3473 3440 3518 autem
3465 3464 3786 3533 specialiter

2191 3555 2427 3609 hzeretici
2469 3555 2714 3624 vulpibus
2741 3554 3134 3625 comparantur
3171 3555 3314 3610 nulla
3354 3557 3622 3611 cunetatio
3659 3566 3783 3612 est.

2193 3643 2328 3699 Sunt
2354 3646 2516 3710 enim,
2541 3645 2677 3700 sicut
2707 3647 2907 3716 vulpes,
2941 3647 3134 3710 dolosi,
3172 3647 3460 3718 importuni
3489 3657 3542 3702 et
3569 3649 3785 3715 timidi;

2191 3736 2282 3790 ubi
2309 3736 2546 3804 quietem
2571 3737 2854 3800 senserint,
2895 3736 2964 3791 ibi
2995 3738 3196 3792 rabiem
3225 3752 3335 3792 sua:
3359 3737 3584 3792 levitatis
3612 3752 3790 3792 exer-

2191 3835 2341 3891 cent;
2366 3827 2456 3880 ubi
2476 3827 3141 3896 vigilantiam-repererint,
3165 3827 3360 3882 exinde
3379 3827 3562 3881 dolosa
3584 3826 3790 3881 fraude

2192 3915 2493 3984 dill'ugiunt.
2525 3916 2659 3970 Nam
2689 3917 2826 3971 sicut
2850 3926 3204 3972 memoratum
3230 3918 3426 3972 animal
3449 3933 3658 3987 semper
3688 3924 3792 3974 est

2193 4004 2374 4070 fallax,
2399 4022 2612 4077 semper
2633 4008 2914 4075 incertum,
2939 4023 3038 4063 nec
3057 4009 3344 4077 aliquando
3365 4024 3570 4063 morum
3592 4016 3792 4077 potest

2190 4107 2399 4154 mutare
2441 4099 2751 4166 versutiam,
2803 4100 2876 4152 ita
2919 4108 2974 4153 et
3020 4100 3195 4155 omnis
3235 4099 3515 4154 haereticus
3557 4114 3793 4168 semper

2190 4189 2368 4256 fallax,
2407 4207 2620 4261 semper
2648 4192 2882 4246 incertus
2921 4199 3004 4245 est
3019 4209 3038 4256 ;›
3079 4199 3134 4246 et
3171 4207 3291 4245 cum
3334 4199 3506 4245 tecum
3528 4189 3794 4244 videatur

2190 4281 2505 4350 simpliciter
2531 4281 2710 4350 loqui,
2742 4290 2911 4335 mutat
2932 4283 3125 4349 verba,
3155 4281 3249 4336 sed
3287 4297 3394 4336 non
3425 4295 3619 4345 mores,
3647 4297 3794 4337 mo-

2191 4373 2415 4429 destiam
2442 4389 2688 4428 sermone
2719 4374 3010 4442 promittit,
3052 4375 3256 4429 rabiem
3295 4375 3458 4430 corde
3485 4375 3792 4444 depromit.

2192 4463 2376 4534 Vulpis
2423 4463 2591 4519 cauda
2640 4463 2804 4529 fallit,
2848 4465 3129 4519 haereticus
3175 4465 3352 4534 lingua
3390 4465 3795 4533 circumvenit;

2190 4557 2363 4628 vulpis
2389 4557 2849 4614 mansuetudinem
2891 4558 3210 4612 animalibus
3253 4557 3437 4626 lingit,
3475 4567 3532 4611 ut
3556 4556 3795 4625 capiat;

513 4663 623 4702 non
651 4645 824 4702 solum
871 4643 1122 4709 civitatis,
1163 4661 1282 4714 quae
1325 4661 1422 4716 per
1462 4654 1517 4702 te
1565 4656 1804 4717 paratur,
1853 4652 2172 4720 custodian
2198 4650 2478 4704 hzereticus
2506 4649 2930 4704 moderationem
2954 4649 3258 4703 hominibus
3285 4648 3568 4718 promittit,
3592 4643 3650 4700 ut
3679 4663 3802 4700 no—

513 4755 620 4794 non
651 4737 884 4802 conﬁdo,
912 4737 1007 4793 sed
1041 4755 1231 4794 vereor
1257 4756 1326 4795 ne
1353 4743 1636 4797 conturbet
1665 4752 1753 4798 tua
1783 4743 2086 4815 desperatio

513 4829 805 4884 civitatem.
839 4828 989 4884 Tunc
1014 4844 1141 4899 ergo
1170 4831 1358 4885 civitas
1383 4833 1586 4887 munita
1611 4842 1711 4901 est,
1734 4837 1948 4904 quando
1971 4851 2089 4891 eam

515 4919 684 4988 magis
714 4921 853 4976 Deus
882 4920 995 4991 ipse
1023 4920 1254 4976 custodit
1291 4939 1302 4974 :
1337 4930 1465 4978 tunc
1493 4934 1672 4979 autem
1703 4941 1821 4980 eam
1859 4928 2092 4982 custodit

517 5006 658 5062 Deus
676 5011 813 5065 sicut
831 5013 1085 5082 scriptum
1115 5020 1215 5076 est,
1237 5013 1453 5081 quando
1475 5015 1778 5071 habitantes
1798 5017 1850 5070 in
1879 5032 1943 5071 ea
1968 5027 2092 5073 sunt

517 5113 706 5153 omnes
732 5101 1012 5169 moderati,
1043 5118 1263 5173 graves,
1305 5103 1594 5161 Christiani
1624 5116 1785 5176 atque
1815 5111 2085 5166 catholici.

517 5183 747 5242 Necesse
785 5195 868 5241 est
908 5191 1083 5258 enim,
1129 5200 1189 5246 ut
1232 5194 1504 5250 civitatem
1545 5206 1828 5252 conservet
1855 5197 1996 5253 Deus
2035 5202 2089 5255 in

516 5291 623 5349 qua
650 5277 718 5332 de
740 5281 1016 5348 praeceptis
1052 5284 1164 5339 suis
1201 5285 1438 5341 inveniat
1463 5287 1607 5358 quod
1629 5299 1885 5347 reservet.
1915 5290 2090 5347 Caete-

516 5382 634 5424 rum
658 5367 747 5423 ubi
765 5375 849 5423 est
877 5367 1082 5424 luxuria
1102 5409 1117 5435 ,
1144 5376 1362 5442 perlldia
1386 5387 1546 5447 atque
1565 5379 1918 5449 blasphemia,
1943 5382 2092 5437 illam

515 5457 790 5514 civitatem
823 5475 932 5514 non
959 5469 1137 5516 servat
1165 5461 1450 5534 Dominus;
1499 5484 1568 5526 ne
1594 5485 1704 5525 non
1745 5478 1855 5526 tam
1882 5472 2087 5542 civitas,

592 5694 616 5725 ⁸
643 5684 789 5743 idem
811 5687 934 5744 cod.
962 5687 1018 5745 S.
1051 5687 1237 5745 Crucis
1266 5687 1317 5742 in
1347 5689 1477 5756 lena,
1504 5691 1554 5744 in
1584 5691 1826 5762 ﬁguram.

2193 4751 2342 4809 ceat;
2369 4744 2456 4797 illa
2473 4745 2654 4797 autem
2677 4742 2912 4811 proludit
2936 4751 2994 4795 ut
3016 4741 3244 4810 jugulet,
3277 4741 3362 4795 hic
3390 4740 3538 4809 prius
3566 4740 3802 4794 blandi-

2195 4843 2283 4889 tur
2319 4843 2375 4889 ut
2403 4835 2683 4903 exspoliet.
2735 4834 3018 4887 Familiare
3066 4841 3245 4886 autem
3274 4832 3417 4901 vulpi
3456 4839 3539 4885 est
3565 4830 3802 4898 gallina:

2196 4943 2407 4996 semper
2454 4926 2692 4980 insidiari
2735 4935 2790 4980 et
2829 4927 3016 4995 pullis,
3062 4933 3119 4978 ut
3156 4925 3198 4980 si
3231 4941 3262 4978 a
3299 4933 3471 4978 matre
3511 4923 3803 4993 quispiam

2196 5017 2404 5088 longius
2430 5019 2651 5084 abierit,
2687 5019 2742 5072 in
2775 5018 2890 5087 ejus
2919 5018 3148 5087 praedam
3177 5026 3450 5086 captetur;
3483 5017 3552 5069 ita
3583 5025 3636 5068 et
3660 5015 3804 5070 ha:-

2195 5111 2394 5165 reticus
2435 5111 2590 5164 matri
2625 5108 2876 5165 Ecclesia:
2905 5124 3120 5179 semper
3149 5109 3435 5162 insidiatur
3460 5115 3516 5162 et
3547 5106 3690 5168 filiis,
3733 5119 3804 5164 ut

2197 5203 2242 5257 si
2267 5202 2402 5258 forte
2441 5203 2671 5272 aliquem
2701 5201 3144 5272 negligentiorem
3172 5197 3463 5263 invenerit,
3493 5211 3587 5250 sua
3628 5193 3804 5252 illum

2199 5295 2346 5350 rabie
2375 5295 2796 5350 circumscribat.
2829 5292 2979 5360 Quod
3015 5299 3192 5347 autem
3222 5291 3429 5360 gallina:
3456 5295 3601 5344 recte
3627 5302 3805 5343 com-

2197 5395 2418 5457 paretur
2443 5387 2701 5450 Ecclesia,
2735 5386 2788 5440 in
2819 5385 3112 5454 Evangelio
3142 5384 3397 5453 legimus,
3427 5382 3635 5437 dicente
3664 5379 3803 5436 Do-

2199 5479 2344 5538 mino
2373 5479 2441 5535 ad
2467 5478 2764 5535 Jerusalem
2798 5496 2810 5532 :
2842 5477 3152 5545 Jerusalem,
3181 5477 3373 5551 quoties
3401 5474 3535 5530 volui
3561 5489 3804 5546 congre-
