4054 6190
332 272 433 328 455

326 405 448 460 gare
470 389 612 460 ﬁlios
641 400 778 460 tuos,
799 394 933 448 sicut
956 395 1151 467 gallina
1173 408 1450 469 congregat
1468 400 1634 469 pullos
1664 417 1783 454 suos
1812 402 1903 455 sub

324 479 436 532 alas
457 496 582 534 suas
604 481 754 553 (Luc.
784 486 931 556 xm)?
961 486 1124 542 Recte
1145 497 1324 544 autem
1350 500 1693 561 comparatur
1712 493 1906 560 gallina

322 567 594 625 Ecclesiae.
627 572 781 628 Sicut
807 576 950 630 enim
997 593 1105 633 non
1151 580 1324 635 solum
1371 598 1499 637 suos
1538 582 1675 638 ﬁlios
1718 586 1905 650 nutrit,

320 661 416 717 sed
444 662 610 717 etiam
646 664 852 721 alienos
897 670 1120 739 suscipit
1164 672 1476 739 venientes;
1526 675 1599 729 ita
1630 683 1684 729 et
1711 676 1905 745 gallina

1636 285 1916 343 iIOlIILIA
1954 287 2267 345 LXXXVIII.

3483 303 3589 360 154

2007 404 2282 473 appositos
2301 404 2402 458 sibi
2424 404 2617 461 educat
2634 408 2859 466 alienos.
2883 409 3069 482 Igitur,
3090 410 3299 480 fratres,
3322 430 3599 474 armemus

2012 511 2112 550 nos
2132 511 2228 565 per
2246 496 2383 551 hanc
2402 497 2789 556 hebdomadam
2806 502 3047 573 jejuniis,
3070 504 3403 561 orationibus
3430 517 3591 577 atque

2011 587 2202 656 vigiliis
2231 595 2306 650 ut,
2337 587 2725 646 interveniente
2750 594 3113 649 misericordia
3150 595 3277 665 Dei,
3314 606 3370 652 et
3396 597 3588 653 barba-

2011 693 2193 731 rorum
2217 678 2539 747 repellamus
2562 680 2859 753 feritatem,
2889 694 2943 739 et
2972 684 3342 742 litereticorum
3370 688 3593 743 insidias

320 768 427 808 non
455 754 633 809 solum
662 771 758 812 eos
781 757 948 828 nutrit
976 774 1112 828 quos
1140 760 1253 831 ipsa
1277 763 1599 830 excluserit,
1631 765 1725 819 sed
1743 766 1906 820 etiam
2013 768 2381 824 retundamus.
2414 769 2663 841 Explicit.

1541 875 1887 936 HOMILIA
1933 877 2350 940 LXXXVIII.

840 966 921 1022 De
948 986 1049 1023 non
1079 971 1320 1025 timendis
1348 973 1573 1027 hostibus
1609 975 1903 1029 carnalibus
1931 986 1981 1030 et
2011 978 2076 1031 de
2102 981 2284 1049 gratiis
2311 990 2427 1051 post
2454 982 2621 1035 cibum
2650 982 2762 1038 Deo
2791 988 3007 1056 agendis
3039 986 3088 1042 I.

1760 1066 2148 1121 ADMONITIO.

389 1151 552 1231 293
574 1149 1181 1231 Fortasseilniibitabitur
1221 1155 1537 1231 utrumme
1565 1155 1786 1231 honiilia
1811 1173 1933 1231 cum
1976 1160 2310 1231 sermonibus
2339 1160 2704 1215 Ambrosianis
2727 1163 2946 1218 confusa
2978 1166 3127 1228 olim,
3159 1176 3216 1220 ut
3240 1170 3398 1223 docet
3419 1172 3582 1226 editio

314 1219 635 1307 faﬁ‘s'ie'nsis
654 1236 742 1307 an.
771 1219 928 1300 I569,
1037 1221 1726 1307 Malxinioms‘itndecerne‘nda
1744 1244 1767 1307 ,ε
1793 1228 1936 1307 quod
1965 1230 2177 1307 nonnisi
2208 1246 2341 1284 unus
2365 1232 2621 1307 au_t_alter
2642 1233 2962 1307 codex__ejus
3001 1219 3236 1289 assertor
3249 1219 3581 1307 reperiatur:

310 1290 454 1387 Eunt
484 1296 689 1387 autem,
702 1290 1323 1387 hujusrliliodi'codexﬁm
1361 1293 1580 1387 Sauretaz‘
1599 1294 1786 1350 Crucis
1812 1290 1866 1350 in
1911 1296 2205 1387 Jgpsalem
2237 1316 2384 1353 num.
2411 1300 2496 1380 46,
2528 1310 2583 1355 et
2610 1303 2779 1382 codex
2806 1290 3579 1387 Vatic‘aniisnIQGS,pagi—lli:

307 1359 506 1435 Exstat
528 1360 693 1435 etiam
720 1359 771 1413 in
800 1360 988 1435 codice
1016 1360 1375 1435 Laurentiano
1401 1379 1435 1418 χ
1468 1364 1601 1419 Plut.
1635 1382 1722 1419 XIV
1763 1381 1886 1435 pag.
1929 1367 2051 1431 281,
2097 1369 2185 1421 ubi
2230 1371 2465 1423 auctoris
2484 1359 2709 1424 nomine
2738 1381 2905 1425 caret.
2939 1372 3046 1428 Sed
3088 1359 3581 1434 Gennadiustcsti;

305 1431 497 1512 monio
522 1429 856 1512 suo'pleiiam
886 1430 1043 1512 (idem
1065 1432 1164 1487 sibi
1192 1433 1557 1512 vindicat,gui
1588 1429 2044 1512 pnecipui'smotis
2064 1438 2272 1491 titulum
2302 1440 2442 1512 illius
2463 1440 2537 1512 ita
2576 1440 2845 1512 expressit
2871 1458 2883 1493 :
2916 1442 2994 1496 De
3031 1443 3259 1498 hostibus
3284 1429 3581 1503 caritatibus

304 1516 417 1581 non
446 1499 685 1585 timendis
712 1508 762 1551 et
788 1501 852 1585 de
880 1502 1062 1585 gratiis
1089 1512 1205 1570 post
1245 1502 1414 1585 cibum
1439 1499 1551 1585 Dleo
1588 1499 1825 1585 agendis.
1872 1505 2005 1585 Tres
2045 1509 2592 1585 meii_iorati_codice_s_
2636 1499 2843 1585 iisdem-
2864 1526 3003 1585 pene
3030 1513 3221 1585 verbis
3261 1499 3579 1585 conceptam

303 1571 658 1654 θνῖῇτεριιθιῐι
688 1569 1003 1654 βηῗίθΐίωεῖ
1034 1569 1356 1654 ηεῐηιροάεξ
1383 1572 1447 1654 Sf.
1471 1569 1657 1654 Cruth
1687 1578 1737 1629 in
1766 1574 2293 1654 J‘erusalenihabet”:
2332 1578 2664 1654 De_l_zos_tibus
2706 1569 2881 1654 magis
2911 1582 3261 1654 spiritualibus
3284 1569 3579 1654 quam'car:

302 1639 517 1716 galibus
540 1639 845 1716 metuendis,
870 1642 1009 1716 etde
1033 1643 1216 1716 gratiis
1243 1652 1357 1709 post
1381 1642 1548 1716 cibum
1576 1644 1686 1698 Deo
1716 1646 2016 1716 referendis.
2042 1646 2158 1699 Duo
2183 1648 2391 1715 reliqui,
2416 1647 2705 1702 Vaticanus
2727 1639 3214 1716 et'Laurentianus,
3239 1639 3537 1709 cdnsonant
3562 1674 3575 1709 :

300 1709 393 1787 ρε
420 1709 645 1787 hostibus
672 1713 834 1787 magis
858 1709 1215 1787 spiritu—{ilibus
1239 1714 1542 1787 metuendis,
1564 1723 1621 1787 et
1648 1709 2168 1787 post'cibumigratiis
2197 1709 2311 1770 Deo
2334 1709 2572 1787 agendis,
2598 1734 2701 1771 non
2724 1720 3034 1787 amittentes
3056 1720 3155 1776 nisi
3177 1709 3238 1773 de
3258 1723 3573 1779 carnalibus.

300 1778 571 1860 gennadii
600 1778 975 1860 auctoritatem
1005 1781 1451 1860 plurimihfecisse
1494 1778 1739 1860 videntur
1777 1778 2395 1860 Bcnediétini_iii_ona_chi
2438 1778 2690 1855 congreg.
2734 1786 2915 1860 Sancti
2942 1788 3140 1853 Mauri,
3184 1790 3409 1860 ideoque
3439 1778 3577 1851 hanc

300 1849 583 1904 homiliam
606 1850 673 1903 ab
715 1849 838 1903 albo
876 1849 1183 1905 sermonum
1223 1850 1279 1905 8.
1330 1852 1596 1907 Ambrosii
1622 1855 1970 1917 deleverunt,
2014 1863 2070 1909 et
2099 1856 2156 1911 S.
2190 1857 2421 1909 Maximo
2449 1849 2811 1917 asséruérunt.
2845 1849 3165 1914 adnotantes
3208 1860 3259 1913 iii
3306 1849 3576 1917 veteribus

299 1918 575 2001 “DIES-II
598 1918 922 2001 editionibus
950 1920 1140 2001 haberi
1156 1920 1375 2001 titulum
1402 1940 1415 1974 :
1446 1921 1614 2001 Super
1641 1934 1807 2001 caput
1823 1941 1893 2001 vii
1921 1924 2240 2001 lubrici-mo,
2264 1934 2388 2001 etc.‘
2415 1925 3255 2001 Verum‘posterioreseditores,
3278 1928 3572 2001 Gymnicus

296 2004 431 2112 ἕεις.
625 1986 926 2085 Calesinius
965 2003 1085 2059 pag.
1105 1989 1241 2071 υτ,
1286 1986 1610 2062 Raynaudus
1632 1986 1751 2063 pag.
1777 1993 1901 2062 240,
1934 2003 1990 2049 et
2016 1986 2347 2065 Margarinus
2374 1996 2429 2049 in
2458 1996 2595 2050 Bibl.
2622 1986 2761 2049 Aiax.
2789 2005 2918 2051 tom.
2952 1996 3049 2075 VI,
3072 2013 3191 2068 pag.
3220 1986 3307 2063 43,
3329 1986 3575 2056 camdeiii

357 2060 567 2112 eimadii
591 2066 993 2112 inscriptionem
1016 2068 1372 2112 retinuerunt.

357 2060 567 2112 eimadii
591 2060 993 2128 inscriptionem
1016 2060 1380 2115 retinuerunt.
1632 2060 1647 2062 “
1708 2060 1724 2063 ⁷
1886 2060 1893 2062 ⁷
2134 2060 2157 2065 ’
2975 2068 2983 2075 ·

296 2172 771 2246 Διαωιεκτωιέ-
790 2174 1016 2246 Adversa
1039 2176 1258 2229 tolerare
1274 2176 1496 2245 sapienti
1515 2176 1716 2230 virtutis
1741 2194 1888 2230 εχει·-
1922 2180 1961 2239 Β
1992 2177 2097 2230 vita
2119 2176 2297 2229 omnia
2319 2176 2668 2245 experiantur
2686 2176 2856 2241 mala;
2883 2177 3194 2246 piraterium
3220 2179 3361 2232 enim
3384 2179 3572 2235 Latine

378 2246 554 2316 citium
581 2254 684 2309 est,
716 2245 979 2316 insipienti
1006 2246 1444 2316 prmaricationis
1473 2248 1692 2299 occasio.
1721 2246 1885 2298 Bene-

376 2314 611 2386 ﬁciorum
637 2322 713 2367 est
739 2314 1013 2369 retributio
1030 2315 1314 2369 divinorum
1332 2354 1347 2379 ,
1389 2326 1443 2368 ut
1483 2317 1658 2386 refecti
1688 2318 1887 2386 gratias

380 2382 487 2438 Deo
512 2386 815 2455 referam.

369 2536 709 2607 Frequenter
746 2535 997 2591 admonui
1026 2552 1144 2605 vos,
1187 2536 1401 2607 fratres,
1442 2546 1523 2605 ut,
1567 2536 1690 2591 dum
1740 2537 1882 2602 licet,

293 2636 327 2664 ³
361 2626 492 2681 dum
519 2626 572 2680 in
602 2627 778 2695 spatio
830 2634 936 2694 est,
981 2626 1141 2681 saluti
1189 2635 1379 2681 vestrae
1421 2628 1669 2682 omnibus
1714 2627 1886 2682 modis

291 2716 679 2784 consuleretis,
710 2723 764 2770 et
791 2716 843 2770 in
873 2716 975 2772 hac
1007 2717 1116 2771 vita
1152 2718 1302 2772 brevi
1329 2719 1495 2771 vitam
1524 2719 1676 2773 vobis
1704 2718 1885 2788 provi-

289 2808 503 2865 deretis
547 2817 824 2862 aeternam.
888 2808 1113 2879 Sapiens
1157 2810 1296 2864 enim
1353 2810 1580 2879 quisque
1636 2810 1885 2880 intelligit

289 2898 448 2970 quod
487 2899 601 2952 haec
635 2898 744 2952 vita
786 2899 1061 2953 hominum
1103 2916 1210 2954 non
1240 2899 1307 2953 ad
1337 2900 1574 2969 quietem
1599 2900 1723 2954 data
1743 2943 1759 2967 ,
1789 2899 1883 2955 sed

288 2992 362 3046 ad
398 2991 662 3057 laborem,
692 2991 795 3045 hoc
824 2996 926 3053 est,
967 2998 1025 3044 ut
1054 2990 1141 3045 hic
1179 2991 1390 3045 laboret
1429 2998 1484 3045 et
1518 2992 1569 3044 in
1605 3000 1881 3061 posterum

289 3083 620 3152 requiescat.
655 3084 668 3113 ¹
702 3081 799 3137 Hic
843 3088 1022 3135 autem
1070 3081 1282 3150 requies
1328 3081 1500 3143 nulla;
1547 3082 1709 3135 tantis
1737 3082 1881 3135 enim

290 3174 459 3228 malis
477 3174 589 3227 huic
607 3174 716 3226 vita
738 3172 942 3242 repleta
964 3179 1066 3239 est,
1088 3178 1147 3226 ut
1173 3173 1573 3241 comparatione
1594 3171 1710 3240 ejus
1733 3187 1880 3227 mors

286 3263 316 3303 δ
349 3263 593 3319 remedio
614 3271 827 3333 putetur
848 3277 985 3327 esse,
1010 3278 1116 3317 non
1143 3277 1329 3332 pinna;
1361 3277 1484 3315 nam
1511 3261 1631 3315 ideo
1660 3263 1878 3316 brevem

287 3356 444 3411 illam
471 3354 595 3409 fecit
621 3354 783 3421 Deus,
813 3362 872 3407 ut
899 3354 1156 3409 molestite
1203 3353 1337 3423 ejus,
1364 3353 1488 3422 quia
1520 3353 1880 3422 prosperitate

287 3460 407 3499 non
432 3451 696 3513 poterant,
722 3442 981 3512 temporis
1000 3442 1289 3512 exiguitate
1314 3440 1612 3497 ﬁnirentur.
1638 3441 1878 3512 Denique

1990 2268 2414 2337 experimentum
2462 2268 2563 2321 dici
2620 2276 2826 2337 potest;
2883 2284 2980 2322 seu
3034 2277 3180 2323 certe
3235 2271 3578 2340 piraterium,

1987 2357 2211 2426 quodin
2242 2357 2343 2411 hac
2369 2357 2478 2411 vita
2517 2356 2659 2411 circa
2706 2358 2949 2411 homines
2993 2357 3270 2426 diabolus,
3314 2368 3568 2427 tanquam

1987 2449 2156 2520 pirata
2179 2449 2459 2511 desaeviat;
2488 2448 2797 2518 piraterium
2814 2449 2955 2502 enim
2982 2448 3338 2503 habitaculum
3360 2450 3563 2518 pirata-

1986 2555 2105 2593 rum
2128 2547 2228 2593 est.
2262 2538 2467 2592 Tandiu
2497 2552 2625 2606 ergo
2654 2538 2706 2591 in
2732 2539 2988 2607 piraterio
3017 2553 3220 2605 sumus,
3253 2539 3486 2606 quamliu
3515 2540 3568 2595 in

1984 2629 2088 2685 hac
2110 2644 2270 2684 carne
2292 2628 2454 2699 positi
2475 2628 2785 2698 praedonum
2806 2628 3161 2697 spiritualium
3184 2629 3568 2685 tentationibua

1982 2719 2348 2787 subjacemus;
2375 2718 2618 2790 quamvis
2640 2718 2691 2771 in
2722 2718 2823 2772 hac
2852 2717 2965 2787 ipsa
2992 2718 3101 2771 vita
3126 2717 3286 2772 etiam
3312 2720 3561 2774 carnales

1982 2810 2161 2878 nobis,
2187 2809 2277 2878 qui
2320 2816 2442 2863 sunt
2485 2808 2727 2874 barbari,
2767 2807 2954 2875 pirata:
2982 2822 3089 2861 non
3118 2806 3341 2873 desunt;
3387 2809 3565 2864 minus

1984 2906 2161 2954 tamen
2191 2914 2285 2953 eos
2316 2899 2478 2953 timeo
2515 2898 2629 2966 qui,
2674 2897 2772 2952 etsi
2809 2895 3055 2951 auferunt
3079 2897 3421 2967 patrimonia,
3452 2914 3563 2953 non

1982 2998 2207 3060 possunt
2250 2990 2460 3043 auferre
2493 2988 2787 3057 justitiam;
2832 2986 2994 3059 295
3018 2988 3064 3042 si
3110 3003 3296 3042 aurum
3342 2989 3555 3054 tollunt,

1980 3077 2251 3134 Christum
2282 3089 2429 3135 certe
2460 3080 2648 3134 tollere
2686 3095 2794 3134 non
2835 3084 3089 3149 possunt;
3120 3079 3164 3133 si
3192 3079 3449 3148 diripiunt
3476 3096 3563 3135 ar-

1979 3177 2219 3237 gentum,
2243 3186 2351 3224 non
2375 3178 2599 3238 possunt
2619 3169 2850 3238 diripere
2869 3168 3225 3224 Salvatorem.
3254 3169 3384 3235 Quis
3405 3172 3562 3240 igitur

1981 3276 2087 3314 non
2111 3271 2134 3299 ε
2160 3260 2375 3314 festinat
2402 3260 2601 3315 habere
2628 3260 2728 3315 sibi
2756 3258 3048 3327 Christum,
3076 3275 3233 3328 quem
3257 3277 3364 3316 non
3392 3262 3561 3334 possit

1979 3351 2047 3405 ab
2076 3366 2142 3405 eo
2171 3366 2270 3405 nec
2314 3350 2493 3419 praedo
2539 3349 2793 3419 diripere,
2840 3362 2940 3406 nec
2982 3351 3152 3406 hostis
3194 3351 3434 3420 auferre,
3459 3369 3561 3409 nec

1978 3443 2262 3512 captivitas
2284 3443 2572 3512 separare?
2600 3440 2702 3508 Qui
2719 3442 2859 3496 enim
2883 3443 3045 3497 habet
3064 3442 3357 3510 Christum,
3384 3446 3560 3499 homi-

287 3542 515 3590 sanctus
538 3531 638 3586 Job
667 3531 833 3586 dicit:
866 3530 1180 3585 Piraterium
1208 3539 1284 3585 est
1321 3530 1426 3584 vita
1466 3532 1687 3586 hominis
1728 3548 1879 3601 super
1906 3544 1949 3606 (ς
1982 3548 2106 3588 nem
2155 3550 2264 3588 non
2315 3544 2532 3588 veretur
2575 3533 2866 3586 inimicum.
2932 3531 3069 3598 Quid
3124 3532 3266 3585 enim
3320 3532 3559 3588 facturus

288 3636 484 3681 terram
516 3622 633 3695 (Job
661 3623 786 3690 vui;
817 3624 921 3679 hoc
947 3632 1051 3692 est,
1082 3624 1195 3679 sive
1235 3622 1379 3693 quod
1418 3624 1664 3680 homines
1692 3624 1746 3679 in
1776 3625 1878 3681 hac

361 3785 391 3814 ³
419 3774 596 3831 Codd.
620 3772 676 3830 S.
701 3772 891 3829 Crucis
910 3790 964 3829 in
992 3772 1101 3828 Jer.
1133 3782 1190 3828 et
1211 3773 1464 3831 Laurent.
1489 3774 1725 3840 addunt,
1755 3776 1876 3831 dum

285 3856 493 3917 ιαυιριιε
522 3847 576 3899 in
605 3845 772 3971 sgatio
792 3855 897 3909 est,
919 3844 1074 3927 soluti
1100 3854 1279 3899 vestrae
1306 3847 1634 3910 omnimodis,
1659 3856 1743 3901 etc

359 3917 391 3957 δ
421 3915 592 3972 Codd.
659 3914 692 3969 9
720 3915 777 3969 ὃ.
801 3914 986 3971 CruCIs
1015 3932 1064 3968 in
1087 3912 1194 3969 Jer.
1228 3924 1283 3969 et
1324 3914 1437 3969 Vat.
1473 3915 1632 3984 1268,
1664 3933 1875 3987 compa-

362 4078 379 4109 ¹
416 4074 518 4127 Hic
546 4081 716 4127 autem
737 4073 932 4143 requies
953 4073 1097 4126 nulla
1117 4082 1224 4137 est;
1252 4074 1409 4127 tantis
1430 4090 1567 4126 enim
1588 4076 1739 4127 malis
1762 4076 1870 4127 Iure

286 4150 397 4203 vita
422 4144 619 4214 repleta
642 4151 748 4207 est,
786 4154 870 4214 ut_
881 4145 1269 4214 comparatione
1308 4144 1439 4214 ejus,
1463 4160 1602 4197 mors
1646 4146 1870 4214 remedio

287 4211 496 4289 putetur
516 4230 623 4289 non
650 4229 818 4289 paena.
843 4211 1126 4289 amideo
1155 4212 1349 4289 brevem
1382 4213 1526 4267 illam
1554 4213 1673 4282 fecit
1707 4213 1866 4279 Deus,

286 4283 343 4340 iit
376 4284 624 4339 molestia:
651 4283 783 4352 ejus,
812 4284 931 4353 quia
969 4284 1309 4353 prosperitate
1337 4298 1437 4335 non
1460 4291 1717 4353 poterant,
1742 4293 1869 4336 tem-

360 4357 434 4409 ris
461 4351 739 4423 exiguitate
765 4351 1520 4423 [inirenturn—Admmmerat
1541 4361 1665 4406 ante
1689 4352 1872 4407 fideles

360 4374 434 4409 ηε
461 4374 739 4423 επιςιιιιαιε
765 4374 1520 4420 μηινυηιιιν.--Λυιιιυιιυυι“ἱ1ι
1541 4374 1665 4406 ante
1690 4374 1872 4407 IIUCICS

288 4374 556 4479 nouimus
582 4422 650 4475 de
672 4422 793 4475 vitie
818 4421 1101 4486 brevitate,
1142 4422 1193 4474 in
1236 4437 1337 4491 qua
1368 4421 1749 4491 elaborandum
1791 4431 1875 4477 est

288 4493 560 4553 omnibus,
588 4501 649 4545 ut
669 4506 766 4560 per
785 4505 1011 4561 agonem
1031 4490 1283 4561 virtutum
1307 4492 1592 4561 acquisitio
1613 4490 1705 4546 ﬁat
1723 4501 1874 4546 aeter-

290 4580 379 4618 na:
408 4559 695 4617 felicitatis.
721 4559 923 4614 Deinde
947 4559 1108 4613 docet
1136 4560 1361 4615 libenter
1389 4559 1720 4616 subeundam
1752 4578 1873 4617 esse

291 4642 553 4696 mortem;
593 4631 743 4699 cujus
777 4645 874 4699 per
901 4645 1017 4683 eam
1062 4637 1287 4684 terrenae
1319 4647 1513 4699 omnes,
1541 4632 1873 4687 calamitates

290 4713 350 4758 et
398 4697 689 4765 molestias,
741 4697 874 4768 quas
922 4700 1103 4770 mundi
1152 4699 1309 4767 hujus
1354 4697 1656 4770 voluptates
1705 4701 1870 4756 lenire

291 4780 571 4840 nequeunt
614 4785 716 4825 nec
758 4771 987 4832 auferre,
1036 4769 1192 4823 linem
1236 4770 1455 4824 habent.
1483 4769 1646 4824 ’Mors
1688 4770 1864 4840 igitur,

290 4839 536 4911 quamvis
558 4840 628 4895 sit
656 4855 811 4909 poena
837 4839 1058 4911 peccati,
1092 4856 1198 4893 non
1226 4849 1309 4895 est
1337 4842 1575 4894 omnium
1605 4839 1865 4911 malarum

291 4908 607 4991 maximum,
650 4908 1102 4991 quemadmodum
1143 4911 1368 4991 gentiles
1398 4910 1699 4991 philosophi
1744 4926 1865 4991 eam

290 4978 653 5056 appellabant,
668 4977 779 5033 sed
804 4977 1097 5056 remedium
1125 4977 1509 5056 salu_tare_,_quo
1533 4977 1778 5056 homiqu
1799 4981 1865 5035 ab
1897 4999 1936 5056 ῃ

290 5048 704 5104 adversitatibus
745 5059 800 5103 et
819 5048 1071 5101 aerumnis
1109 5050 1329 5104 omnino
1358 5048 1670 5104 liberantur.
1702 5049 1865 5104 Eam-

288 5120 413 5175 dem
436 5119 743 5174 doctrinam
772 5118 935 5171 tradit
961 5116 1017 5171 8.
1056 5116 1367 5174 Ambrosius
1403 5120 1494 5174 lib.
1528 5121 1594 5174 de
1623 5119 1750 5174 Fide
1781 5136 1867 5175 re-

286 5190 667 5260 surrectionis;
698 5203 817 5260 seu
843 5187 977 5242 libro
1017 5187 1159 5260 iiude
1184 5186 1434 5260 _I_:‘.xcessu
1463 5188 1861 5260 Satyrifratris,

288 5274 439 5313 num.
470 5257 558 5322 46,
589 5266 723 5312 tom.
754 5257 817 5311 IV
849 5273 974 5327 opp.
1020 5257 1148 5311 edit.
1184 5257 1395 5313 Veneta:
1437 5275 1526 5313 an.
1562 5257 1733 5325 ’I75l,
1777 5262 1865 5315 ubi

286 5329 533 5450 pluribus
559 5328 884 5395 argumentis
895 5327 1106 5449 lprobat
1146 5336 1376 5383 mortem
1421 5339 1642 5384 strenuo
1683 5330 1864 5384 animo

308 5413 406 5450 ore
452 5397 842 5450 perferendam.
940 5397 1074 5449 rimo
1122 5398 1265 5450 enim
1314 5398 1433 5450 loco
1473 5400 1625 5450 nobis
1666 5397 1864 5450 Christi

308 5398 406 5452 'ore
452 5397 842 5467 perferendam.
895 5397 1074 5449 Primo
1122 5398 1265 5452 enim
1314 5398 1433 5455 loco
1473 5400 1625 5453 nobis
1666 5397 1864 5454 Christi

287 5467 595 5536 exemphim
615 5468 885 5535 proponit,
903 5467 992 5536 qui
1017 5472 1188 5535 potu't
1210 5484 1314 5523 non
1339 5470 1495 5531 mori,
1513 5469 1556 5522 si
1582 5470 1859 5523 voluisset:

291 5534 399 5589 Sed
422 5534 959 5609 nequeurefu’gtendam
982 5534 1193 5590 mortem
1212 5542 1357 5608 quasi
1379 5540 1614 5609 ignavam
1642 5541 1858 5609 putavit,

290 5618 452 5673 neque
494 5607 674 5679 melius
716 5623 809 5659 nos
849 5623 1002 5679 quam
1048 5607 1312 5662 moriendo
1357 5607 1648 5663 servasset.
1679 5608 1863 5679 Itaque

292 5686 429 5740 mors
455 5675 567 5745 ejus
594 5676 697 5730 vita
725 5685 799 5730 est
825 5678 1050 5731 omnium
1082 5715 1095 5731 .
1126 5716 1139 5731 .
1175 5716 1187 5730 .
1222 5718 1237 5733 .
1266 5718 1279 5733 .
1312 5718 1326 5734 .
1354 5695 1489 5734 mors
1517 5678 1625 5751 ejus
1648 5675 1861 5735 victoria

1982 3625 2246 3680 saoienti?
2274 3624 2473 3679 Pecora
2493 3622 2609 3693 ejus
2633 3623 2894 3677 abducet?
2922 3621 3037 3677 Hoc
3056 3622 3218 3677 etiam
3240 3623 3413 3678 morbi
3442 3624 3558 3680 lues

1981 3779 2182 3846 ratione
2208 3776 2319 3845 ejus
2342 3793 2478 3846 mors
2504 3777 2781 3830 remedium
2802 3786 3004 3845 putetur
3018 3792 3156 3846 _esse,
3190 3792 3293 3830 non
3322 3795 3491 3846 paena.

2056 3859 2078 3886 ε
2113 3842 2276 3900 Iidem
2305 3845 2465 3900 codd.
2498 3846 2566 3899 90
2594 3847 2649 3900 S.
2698 3842 2880 3901 Crucis
2920 3847 2972 3900 in
3010 3842 3118 3899 Jer.
3154 3855 3208 3900 et
3251 3842 3395 3915 Vat.,
3428 3848 3554 3914 Quis

1982 3917 2140 3988 igitur
2164 3932 2267 3969 non
2294 3917 2518 3987 festinet.

1975 4085 2069 4139 est,
2101 4072 2373 4146 morsejus
2399 4082 2776 4146 sacramentum
2792 4084 2907 4146 est;
2947 4093 3051 4129 non
3096 4078 3255 4146 igitur
3291 4080 3552 4134 maerenda

1977 4161 2132 4207 mors,
2159 4160 2310 4220 quam
2334 4142 2427 4220 Dei
2450 4142 2619 4194 Filius
2636 4160 2743 4220 non
2764 4145 3070 4220 dedigngtus
3091 4142 3185 4211 est,
3209 4150 3552 4220 nonrefugit;

1977 4230 2078 4267 non
2110 4212 2434 4267 resolvendus
2455 4220 2531 4264 est
2551 4212 2676 4264 ordo
2698 4212 2916 4265 naturai.
2948 4212 3214 4269 Przeterea
3235 4212 3553 4272 addit'coni-

1977 4296 2335 4355 inuneinqesse
2362 4282 2599 4355 omnium
2640 4280 2913 4334 hominum
2955 4284 3355 4355 conditionem,
3385 4301 3414 4339 a
3444 4303 3549 4355 qua

1978 4368 2135 4406 nemo
2161 4352 2294 4404 liber
2318 4351 2522 4413 evadit,
2548 4357 2604 4403 et
2630 4366 2749 4404 cum
2773 4353 3077 4406 necessario
3101 4354 3434 4407 moriendum
3457 4351 3548 4420 sit,

1975 4422 2193 4475 levitate
2236 4420 2446 4475 laborat
2493 4420 2722 4487 animus,
2771 4421 2861 4486 qui
2907 4420 3161 4475 formidat
3208 4432 3454 4485 mortem,
3494 4432 3549 4479 et

1975 4491 2245 4546 tristitiam
2268 4491 2561 4545 luctuosam
2585 4489 2731 4545 facit.
2777 4489 2959 4544 Tertio
2998 4490 3280 4546 confirmat
3319 4491 3549 4548 Ambro-

1975 4563 2086 4615 sius
2107 4563 2242 4615 hanc
2262 4562 2563 4621 veritatem,
2590 4561 2731 4628 quod
2755 4576 2900 4613 mors
2922 4560 3133 4631 quidem
3158 4560 3211 4614 in
3231 4570 3417 4613 natura
3441 4578 3547 4618 non

1977 4631 2095 4695 fuit,
2126 4632 2219 4685 sed
2248 4646 2506 4685 conversa
2539 4631 2589 4683 in
2621 4639 2866 4684 naturam
2896 4640 3008 4696 est;
3038 4647 3143 4683 non
3170 4631 3314 4684 enim
3339 4645 3368 4683 a
3395 4631 3546 4699 prin-

1970 4702 2112 4770 cipio
2154 4701 2293 4754 Deus
2333 4710 2561 4755 mortem
2607 4701 2854 4767 instituit,
2897 4717 3016 4755 cum
3059 4700 3259 4769 primos
3297 4709 3548 4768 parentes

1970 4770 2296 4841 immortales
2327 4771 2530 4833 fecerit,
2574 4779 2631 4825 et
2675 4771 2908 4841 paradisi
2949 4770 3545 4841 incolasconstituerit;

1967 4838 2059 4893 sed
2089 4854 2273 4893 eorum
2297 4838 2717 4908 praevaricatione
2744 4840 2989 4892 damnata
3018 4840 3069 4891 in
3113 4839 3294 4892 labore
3331 4839 3544 4906 diurno,

1935 4930 1938 4934 η
1966 4909 2272 4977 gemituque
2296 4909 2629 4963 intolerando
2650 4911 2760 4962 vita
2782 4910 3055 4962 hominum
3078 4908 3240 4977 coepit
3281 4924 3402 4963 esse
3442 4911 3544 4964 mi-

1967 4978 2209 5032 serabilis
2230 5020 2242 5042 ,
2272 4978 2455 5033 debuit
2482 4979 2594 5032 dari
2640 4980 2757 5032 linis
2796 4978 3078 5041 malorum,
3108 4978 3545 5048 quandoquidem

1967 5049 2128 5103 etiam
2158 5064 2305 5103 mors
2326 5058 2641 5117 prmniatura
2662 5058 2914 5102 aeternam
2942 5048 3077 5117 parit
3105 5049 3364 5113 salutem;
3398 5051 3547 5106 ideo-

1968 5135 2071 5189 que
2093 5120 2160 5173 de
2184 5116 2544 5188 justo’lcgitur
2566 5118 2691 5187 Sap.
2719 5132 2837 5189 cap.
2865 5133 2916 5189 iv
2942 5136 2954 5170 :
2984 5116 3180 5188 Raptus
3202 5127 3295 5178 est,
3329 5134 3391 5172 ne
3431 5137 3544 5173 ma-

1966 5186 2078 5242 lilia
2120 5186 2341 5243 mutaret
2380 5186 2686 5241 intellectum
2709 5186 2837 5257 ejus.
2871 5186 3003 5240 Nam
3031 5186 3390 5242 a‘cariialibus
3425 5198 3482 5243 et
3508 5205 3540 5246 a

1966 5259 2150 5313 mundi
2171 5259 2434 5315 illecebris
2462 5258 2713 5310 liberatus
2740 5256 2851 5310 Deo
2873 5258 3023 5319 vivit,
3049 5258 3139 5326 qui
3168 5273 3290 5311 eum
3322 5267 3537 5314 terreno

1965 5345 1996 5385 e
2019 5345 2237 5385 carcere
2258 5328 2442 5384 eduxit
2463 5338 2517 5380 et
2540 5326 2810 5380 transtulit
2828 5326 2881 5379 in
2905 5342 3124 5395 regnum
3147 5342 3320 5382 suum.
3340 5328 3539 5384 Natura

1962 5402 2106 5453 enim
2134 5401 2362 5453 humana
2386 5412 2481 5466 per
2504 5405 2728 5450 mortem
2753 5412 2859 5449 non
2887 5396 3207 5459 destruitur;
3245 5397 3338 5451 sed
3367 5398 3539 5464 gratia

1965 5469 2257 5524 Salvatoris
2286 5465 2555 5536 aspirante
2583 5466 2771 5535 recipit
2810 5465 3293 5536 immortalitatem,
3342 5467 3393 5536 in
3432 5482 3537 5534 qua

1965 5539 2178 5595 condita
2202 5534 2393 5604 fuerat,
2428 5544 2485 5591 et
2523 5534 2793 5591 CreatOris
2816 5535 2992 5604 imago
3030 5543 3086 5590 et
3106 5534 3398 5604 similitudo
3420 5550 3539 5603 quae

1967 5610 2020 5664 in
2051 5610 2287 5677 homine,
2311 5602 2437 5661 dum
2458 5606 2800 5671 conderetur,
2827 5602 3085 5677 impressa
3106 5602 3223 5669 fuit,
3247 5602 3541 5676 perfectior

1966 5687 2125 5749 atque
2153 5676 2435 5733 formosior
2464 5678 2716 5748 resurgit.
