4054 6190
489 320 597 374 435

1710 317 1764 373 S.
1808 315 2049 371 MAXIM!
2090 274 2549 374 TAURINENSIS.

3655 313 3761 372 156

489 437 665 490 facere
691 433 989 490 consuevit.
1039 433 1292 492 Armenta
1336 428 1587 501 diripiet?
1633 427 1777 484 Istud
1815 427 2068 482 damnum
2097 435 2145 490 Α
2173 431 2548 484 eontcnmatis.
2581 428 2714 484 Cum
2743 429 2886 485 enim
2909 427 3262 499 jejimandum
3289 427 3538 495 dicimus,
3561 436 3766 496 praeter

491 525 771 578 abactores
793 522 1075 578 tolerando
1096 521 1207 591 jam
1227 519 1430 575 didicit.
1452 518 1628 589 Ipsum
1658 517 1900 573 fortassis
1919 527 1944 556 ι
1965 534 2076 572 non

490 614 566 668 illi
589 614 840 668 admovet
867 613 1042 677 mdia,
1073 611 1167 666 sed
1189 618 1457 676 removet;
1489 609 1595 664 hoc
1614 609 1756 664 enim
1778 609 1853 663 illi
1875 608 2074 674 intulit,

492 703 633 772 quod
666 704 871 771 majore
897 717 1020 757 cum
1049 701 1295 756 molestia
1321 701 1483 755 febris
1505 697 1718 754 all'crret
1736 739 1752 763 ,
1777 699 2076 769 prmsertim

489 812 609 850 cum
639 796 778 850 dicat
807 796 1062 850 Dominus
1103 813 1114 847 :
1161 792 1339 848 Nolite
1380 795 1556 848 timere
1588 810 1674 847 eos
1713 795 1798 863 qui
1840 792 2078 847 occidunt

489 906 692 957 corpus,
713 890 941 941 animum
964 896 1132 940 autem
1154 903 1257 941 non
1278 894 1493 956 possunt
1513 883 1743 938 occidere
1762 883 1975 952 (Matth.
1996 884 2073 954 χ).

490 979 568 1033 llli
599 979 759 1049 igitur
787 978 1093 1048 spirituales
1123 977 1239 1047 plus
1269 975 1540 1030 metuendi
1580 975 1766 1045 pirata:
1802 983 1955 1044 sunt,
1986 976 2076 1045 qui

491 1087 601 1125 non
630 1070 804 1125 solum
834 1084 1060 1139 corpora
1083 1068 1379 1130 hominum,
1413 1065 1506 1119 sed
1535 1073 1590 1119 et
1619 1065 1823 1118 animas
1845 1065 2078 1134 spoliare

491 1169 919 1218 consueverunt;
952 1159 1040 1226 qui
1073 1174 1180 1211 non
1213 1165 1318 1210 tam
1349 1171 1538 1209 aurum
1574 1153 1756 1208 mundi
1785 1169 1945 1225 quam
1983 1170 2078 1208 au-

493 1267 611 1305 rum
640 1249 759 1304 fidei
793 1249 1003 1303 auferre
1033 1249 1301 1311 nituntur;
1328 1246 1419 1314 qui
1449 1261 1556 1299 non
1598 1254 1707 1298 tam
1737 1244 1916 1299 saiculi
1954 1244 2079 1299 sub-

489 1342 740 1397 stantiam
769 1355 930 1408 quam
959 1337 1158 1393 Christi
1186 1337 1503 1406 sapientiam
1525 1335 1919 1404 deprzedantur.
1945 1334 2078 1388 Nam

492 1433 594 1502 ipsi
636 1431 788 1485 nobis
814 1429 1121 1500 spirituales
1146 1428 1330 1481 hostes
1359 1427 1458 1479 hos
1480 1425 1722 1479 carnales
1764 1424 2075 1489 immittunt,

491 1532 551 1578 ut
577 1523 868 1593 probemur
898 1521 950 1573 in
992 1519 1337 1572 tribulatione
1374 1517 1536 1587 positi
1563 1532 1724 1586 quam
1753 1516 1919 1572 simus
1946 1531 2078 1572 con-

495 1612 718 1667 fidentes
748 1612 800 1665 in
828 1612 958 1675 Deo,
989 1611 1081 1681 qui
1120 1609 1188 1664 de
1225 1610 1344 1664 solo
1372 1609 1488 1680 ipso
1520 1609 1813 1664 remedium
1843 1609 2081 1678 postule-

493 1720 632 1759 mus.
677 1701 814 1756 Sunt
859 1701 1001 1756 enim
1033 1700 1250 1769 quidam
1279 1699 1393 1768 qui,
1438 1699 1492 1752 in
1524 1698 1868 1753 tribulatione
1897 1698 2078 1768 positi,

2177 534 2378 588 paucos
2417 536 2576 575 nemo
2615 520 2855 590 jejunat;
2905 537 3029 575 eum
3073 519 3431 592 eleemosynze
3479 517 3758 581 faciendas,

2178 609 2352 678 major
2375 610 2598 664 avaritia
2624 627 2719 666 vos
2746 611 3080 679 constringit.
3121 608 3292 665 Orare
3315 617 3494 663 autem
3518 617 3573 663 et
3601 622 3766 678 agere

2178 697 2291 754 Deo
2319 701 2536 768 gratias,
2580 701 2707 770 quid
2755 702 2842 765 sit,
2895 701 3181 770 plerosque
3219 699 3289 756 de
3336 699 3489 754 vobis
3531 699 3766 754 arbitror

2179 790 2457 862 ignorare;
2513 795 2607 862 qui
2649 803 2931 863 surgentes
2957 794 3131 864 primo
3166 792 3402 848 diluculo
3441 791 3656 847 nonnisi
3695 791 3767 846 de

2177 883 2404 953 prandio
2432 885 2696 954 cogitent:
2724 900 2844 939 cum
2868 884 3200 955 pranderint,
3232 897 3425 938 somno
3447 898 3506 938 se
3527 881 3766 949 tradant,

2178 990 2452 1044 nunquam
2495 976 2766 1030 Divinitati
2811 976 3009 1046 gratias
3054 974 3378 1039 referentes,
3420 988 3538 1043 quze
3579 973 3682 1027 illis
3708 981 3768 1027 et

2179 1069 2460 1138 prandium
2508 1067 2575 1122 ad
2620 1067 3002 1134 refectionem,
3051 1075 3106 1120 et
3149 1080 3398 1121 somnum
3445 1063 3655 1119 dederit
3697 1063 3770 1118 ad

2180 1162 2437 1231 quietem.
2458 1159 2683 1229 Utique,
2700 1167 2756 1214 tu
2776 1158 3097 1224 Christiane,
3121 1157 3166 1212 si
3186 1173 3243 1211 es
3264 1156 3431 1220 utilis,
3458 1155 3771 1210 meminisse

2180 1251 2346 1306 debes
2371 1249 2524 1319 cujus
2552 1264 2748 1320 panem
2777 1247 3035 1313 comedis,
3077 1257 3130 1302 et
3165 1246 3218 1301 ei
3256 1245 3466 1300 laudem
3497 1246 3659 1318 236
3685 1244 3771 1300 di-

2180 1357 2322 1396 cere.
2355 1340 2450 1396 Dic
2477 1340 2606 1395 mihi
2631 1356 2777 1406 num,
2809 1341 2853 1394 si
2887 1337 3086 1408 aliquid
3110 1337 3178 1392 de
3207 1346 3300 1392 tuo
3328 1323 3624 1407 cuicunque
3658 1336 3770 1389 lar-

2180 1431 2329 1501 giris,
2373 1438 2655 1500 exspectas
2704 1438 2763 1484 ut
2807 1430 2903 1484 tibi
2945 1429 3145 1498 gratias
3188 1435 3338 1497 agat,
3387 1435 3445 1480 ut
3482 1426 3773 1480 benedicat

2180 1521 2393 1575 demum
2417 1520 2484 1575 de
2513 1536 2620 1589 quo
2649 1521 2699 1574 ei
2727 1520 3035 1575 humanitas
3062 1519 3132 1575 sit
3161 1519 3394 1574 tributa?
3430 1517 3527 1572 Cui
3557 1518 3602 1572 si
3629 1517 3771 1574 forte

2181 1613 2381 1683 gratias
2427 1629 2535 1668 non
2575 1614 2718 1682 agit,
2750 1613 3202 1682 quemadmodum
3226 1629 3257 1667 a
3283 1620 3338 1668 te
3367 1613 3657 1668 denotatur
3687 1613 3772 1667 in-

2184 1707 2401 1775 gratus?
2445 1704 2522 1758 lta
2550 1719 2678 1774 ergo
2708 1713 2762 1758 et
2791 1720 2820 1757 a
2849 1704 3004 1758 nobis
3031 1712 3308 1772 exspectat
3337 1703 3427 1772 qui
3471 1719 3570 1758 nos
3595 1705 3776 1772 pascit

491 1797 674 1852 dicant
702 1796 857 1850 malis
884 1794 1090 1848 artibus
1118 1794 1303 1848 hostes
1330 1793 1574 1856 vincere,
1607 1789 1796 1844 iisdem
1827 1805 1922 1844 eos
1949 1790 2080 1843 arti-
2111 1802 2156 1864 Β
2187 1798 2345 1862 Deus,
2371 1805 2428 1851 ut
2448 1813 2546 1867 pro
2571 1796 2822 1866 praestitis
2842 1796 2908 1850 ab
2931 1811 2996 1850 eo
3022 1795 3157 1850 escis
3179 1792 3203 1831 ἀ
3228 1796 3427 1864 gratias
3448 1794 3770 1862 referamus,

492 1889 591 1942 bus
619 1887 815 1941 debere
836 1885 1100 1955 superari,
1124 1884 1473 1954 desperantes
1500 1881 1566 1936 de
1606 1881 1738 1944 Deo,
1767 1897 1797 1936 a
1819 1880 2078 1936 daemoni-

493 1982 592 2036 bus
623 1981 902 2035 victoriam
933 1977 1261 2047 flagitantes;
1311 1973 1493 2028 miseri
1540 1973 1787 2026 homines
1833 1973 2081 2027 nesciunt

492 2071 618 2141 quid
649 2071 872 2137 faciunt,
915 2068 1044 2137 quid
1088 2067 1394 2135 loquantur.
1441 2065 1576 2119 Dom
1603 2064 1747 2118 enim
1785 2064 1946 2119 rebus
1970 2064 2081 2118 suis

489 2171 755 2229 metuunt,
778 2162 930 2218 obliti
950 2168 1076 2216 sunt
1098 2159 1373 2228 religionis
1393 2173 1457 2212 ac
1482 2156 1622 2223 fidei,
1647 2157 1736 2228 qui
1759 2172 1847 2212 res
1866 2156 2081 2226 quidem

488 2272 616 2312 suas
639 2254 779 2311 forte
803 2255 964 2326 295
995 2267 1102 2306 non
1125 2248 1152 2288 δ
1175 2249 1426 2320 perdunt,
1449 2247 1542 2302 sed
1571 2248 1717 2318 quod
1745 2259 1827 2303 est
1855 2249 2083 2318 amplius
2109 2288 2118 2296 .

492 2362 620 2402 suas
648 2345 857 2400 animas
879 2343 1249 2415 perdiderunt.
1286 2339 1423 2394 Dicit
1450 2348 1666 2394 sanctus
1697 2337 1799 2394 Job
1824 2357 1836 2392 :
1866 2339 1927 2394 Si
1950 2340 2086 2394 bona

495 2448 518 2477 ε
548 2436 832 2507 excipimus
858 2434 920 2488 de
944 2450 1102 2488 manu
1126 2431 1359 2495 Domini,
1395 2447 1554 2501 quare
1587 2447 1690 2484 non
1720 2431 1860 2486 mala
1891 2432 2082 2486 tolera—

491 2530 655 2585 bimus
685 2527 826 2599 (Job.
863 2525 958 2596 u)?
1007 2525 1121 2579 Hoc
1161 2532 1245 2577 est
1283 2524 1329 2577 si
1379 2523 1536 2576 bonis
1581 2523 2083 2592 supervenientibus

488 2621 880 2694 jucundamur,
937 2634 1106 2690 quare
1157 2634 1267 2674 non
1325 2626 1380 2674 et
1428 2618 1668 2674 adversis
1714 2618 2080 2674 accidentibus

488 2712 889 2769 confortemur?
909 2710 1148 2767 Adversa
1182 2709 1416 2765 tolerare
1446 2709 1676 2780 sapienti
1698 2709 1912 2764 virtutis
1931 2725 2080 2765 exer-

490 2805 709 2874 citium,
757 2803 1031 2875 insipienti
1073 2802 1534 2874 prawaricationis
1561 2811 1646 2857 est
1675 2803 1908 2858 occasio.
1960 2801 2078 2856 Dixi

427 2901 434 2908 '
487 2911 590 2967 ego
637 2897 945 2967 frequenter
991 2905 1051 2951 ut
1097 2895 1152 2949 in
1198 2895 1300 2949 hac
1344 2896 1455 2949 vita
1505 2893 1654 2948 brevi
1697 2894 1862 2948 vitam
1925 2894 2078 2948 vobis

489 2988 810 3059 providentis
861 2996 1155 3054 aeternam,
1203 2984 1348 3056 quod
1396 2984 1556 3040 doleo
1607 3001 1705 3040 cur
1749 2984 1855 3038 hoc
1900 2983 2079 3039 facere

2185 1896 2240 1943 et
2266 1888 2490 1942 saturati
2520 1887 2675 1942 donis
2716 1887 2882 1956 ipsius
2923 1886 3109 1940 laudes
3147 1885 3410 1941 dicamus.
3460 1885 3585 1940 Hcce
3622 1886 3773 1941 enim

2186 1977 2569 2033 beneﬁciorum
2591 1986 2672 2032 est
2694 1977 2977 2037 retributio
2997 1977 3322 2044 divinorum,
3348 1985 3405 2031 ut
3429 1993 3552 2031 cum
3581 1975 3774 2031 refecti

2184 2070 2460 2134 fuerimus,
2491 2069 2630 2124 bene
2659 2085 2758 2124 nos
2785 2069 3139 2124 eonlitcamur
3167 2078 3442 2140 acceptos.
3475 2068 3772 2132 Caeterum,

2187 2161 2231 2218 si
2276 2161 2600 2231 accipientes
2635 2161 2815 2216 divina
2845 2176 3104 2228 munera,
3154 2160 3303 2215 taciti
3344 2169 3398 2214 et
3428 2161 3776 2216 immemores

2191 2249 2466 2317 fuerimus,
2496 2261 2751 2323 tanquam
2794 2253 2986 2322 ingrati
3017 2261 3071 2306 et
3094 2251 3298 2320 indigni
3338 2266 3526 2307 eorum
3564 2251 3778 2307 submi-

2187 2343 2507 2400 nistratione
2548 2343 2943 2410 fraudabimur;
2989 2351 3046 2396 ut
3072 2342 3260 2409 Deum,
3291 2357 3451 2412 quem
3493 2341 3779 2396 beneﬁciis

2185 2450 2292 2490 non
2316 2435 2666 2504 cognovimus
2683 2474 2698 2498 ,
2724 2434 2877 2490 malis
2924 2434 3296 2502 ingruentibus
3335 2434 3686 2504 requiramus,
3713 2442 3778 2488 et

2186 2526 2427 2582 adversis
2449 2525 2789 2580 stimulemur
2811 2523 2880 2578 ad
2906 2523 3234 2593 rogandum,
3267 2533 3290 2562 ε
3315 2525 3461 2593 quod
3496 2525 3776 2595 prosperis

2183 2618 2381 2687 gratias
2409 2633 2516 2670 non
2540 2616 2746 2684 egimus
2775 2615 2842 2669 ad
2884 2614 3185 2678 fruendum,
3215 2614 3352 2670 sicut
3393 2631 3532 2670 nunc
3577 2613 3594 2652 ί
3632 2631 3775 2671 eon-

2185 2709 2361 2777 tingit,
2393 2715 2452 2762 ut
2472 2707 2562 2776 qui
2592 2707 2645 2760 in
2669 2722 2801 2776 pace
2841 2706 2977 2777 pigri
3017 2705 3276 2762 fuerimus
3316 2705 3385 2760 ad
3417 2705 3602 2761 laudes
3627 2706 3776 2761 refe~

2180 2797 2406 2862 rendas,
2449 2795 2614 2851 modo
2658 2796 2711 2849 in
2755 2796 3100 2853 tribulatione
3141 2795 3334 2868 trepidi
3377 2797 3667 2853 existamus
3702 2797 3776 2852 ad

2179 2889 2417 2960 pericula
2449 2888 2804 2959 deploranda.

1761 3075 2105 3136 HOMILIA
2157 3075 2518 3136 LXXXIX.

1765 3171 1846 3226 De
1873 3174 2050 3228 eodem
2089 3185 2390 3245 argumento
2422 3171 2506 3228 II.

1933 3261 2326 3318 ADMONITIO.

613 3357 719 3435 97
753 3356 920 3435 _Cu_m_
953 3355 1070 3410 haec
1123 3353 1342 3435 humilia
1363 3353 1434 3408 sit
1453 3353 1787 3435 continuatio
1830 3354 2201 3435 praecedentis,
2227 3355 2379 3435 cujus
2404 3355 2713 3435 meminisse
2741 3355 3076 3435 Gennadium
3102 3356 3357 3435 diximus,
3387 3356 3440 3412 id
3453 3371 3776 3435 agnoscen-

485 3423 924 3482 tes-Benedictini
951 3424 1202 3480 monachi
1233 3440 1488 3494 congreg.
1523 3424 1578 3479 S.
1605 3423 1774 3478 Mauri
1797 3423 2040 3494 ejusdem
2069 3423 2375 3481 auctoritati
2404 3426 2764 3481 adlueserunt.
2797 3425 2878 3494 Ita
2902 3427 2956 3479 in
2987 3429 3133 3494 pratl‘.
3167 3427 3232 3480 ad
3262 3443 3422 3481 serm.
3451 3423 3521 3482 Sf
3540 3429 3776 3484 Ambro-

483 3499 567 3554 sii.
599 3497 795 3550 Eorum
825 3497 1175 3550 assertionem
1206 3493 1528 3565 conﬁrmant
1557 3495 1867 3549 testimonia
1895 3493 2124 3549 duorum
2153 3495 2400 3550 codicum
2443 3512 2598 3562 mss.,
2627 3511 2824 3565 nempe
2851 3493 2938 3561 99,

3016 3537 3030 3550 .
3061 3496 3249 3551 Crucis
3281 3513 3335 3551 in
3363 3497 3498 3562 Jer.,
3530 3508 3587 3553 et
3615 3499 3776 3554 Vati-

484 3569 604 3624 cani
653 3567 810 3632 l268,
841 3567 932 3640 qui
977 3566 1035 3620 S.
1065 3565 1319 3640 antistitis
1374 3563 1721 3640 Tauriuensis
1767 3565 1987 3640 nomine
2035 3580 2156 3621 eam
2183 3565 2537 3640 adornarunt,
2563 3576 2620 3621 et
2648 3563 2904 3635 tanquam
2933 3568 3254 3640 concionem
3282 3583 3401 3623 cum
3429 3570 3606 3640 priore
3634 3587 3777 3625 eon-

484 3654 678 3694 nesam
728 3633 1046 3693 retulerunt.
1097 3636 1154 3690 In
1201 3637 1388 3692 codice
1427 3634 1790 3707 Laurentiano
1822 3651 1856 3690 ι
1876 3633 2026 3707 Plut.
2069 3636 2305 3707 xwwhzec
2331 3636 2552 3692 humilia
2583 3645 2666 3692 est
2692 3633 2959 3707 anonyma
2980 3677 2996 3701 ,
3025 3637 3142 3705 ejus
3165 3649 3347 3707 tamen
3370 3633 3554 3695 titulus
3585 3657 3597 3692 :
3631 3640 3776 3695 Item

483 3709 762 3780 sequentia,
795 3708 862 3761 ad
890 3723 1009 3760 eam
1037 3721 1155 3774 quae
1193 3707 1240 3760 ei
1283 3705 1541 3776 pnecedit
1579 3715 1827 3828 s‘pectare
1857 3705 2115 3761 declarat.
2149 3706 2489 3776 QuaprOpter
2516 3705 3223 3768 collectoreshomiliarum,
3253 3706 3477 3764 Cumdio
3507 3719 3776 3779 excepto,

483 3780 573 3829 (Illi
601 3778 888 3829 senaratim
908 3776 1143 3829 vulgavit
1172 3776 1358 3829 tom.l.
1383 3792 1504 3829 nae.
1527 3775 1596 3829 15
1633 3817 1648 3829 .
1682 3786 1965 3829 utramoue
1992 3780 2294 3829 successive
2316 3777 2619 3829 ediderunt.
2642 3775 2934 3829 vanicus
2961 3778 3165 3829 scilicet
3187 3793 3307 3829 nae.
3327 3777 3776 3829 27LGalesinins

483 3775 573 3846 qui
601 3778 888 3898 separatim
908 3776 1143 3844 vulgavit
1172 3775 1358 3838 t0m.l,
1383 3792 1504 3845 pag.
1527 3775 1551 3827 l

485 3861 604 3916 pag.
632 3847 652 3898 -Ι
699 3845 750 3909 2,
776 3845 1100 3914 Raynaudus
1129 3859 1250 3913 pag.
1282 3845 1368 3908 41,
1393 3844 1551 3913 Marg:

485 3916 711 3986 ejusdem
731 3917 866 3967 unde
887 3929 1064 3981 supra.

1609 3775 1648 3857 ξ,
1682 3786 1965 3859 utramque
1992 3775 2294 3859 successive
2316 3777 2619 3859 ediderunt,
2642 3775 3165 3859 Gymnicus-scilicet
3187 3775 3777 3859 pag_._27l.,‘_Galesinii_ts

699 3845 750 3909 Ξ,
776 3845 1100 3918 Raynaudus
1129 3859 1250 3913 pag.
1282 3845 1368 3908 41,
1391 3844 1727 3913 Margarinus
1756 3846 1809 3898 in
1841 3845 1975 3899 Bibl.
2026 3845 2168 3901 Max.
2221 3855 2351 3900 tam.
2383 3847 2470 3911 lV,
2498 3863 2620 3917 pag.
2655 3844 2742 3912 Η,
2767 3849 3015 3918 apposito
3046 3844 3203 3902 titulo
3228 3865 3240 3900 :
3262 3844 3509 3903 'ﬂomilia
3537 3853 3773 3904 secunda

485 4006 977 4081 Αιιευξιεκτωιοςο
1003 4003 1064 4058 8ο
1097 4003 1292 4081 Doctor
1318 4001 1495 4072 ﬁdeles
1524 4002 1782 4081 Ιιοζιαειιτ,
1814 4011 1869 4055 αι
1898 4020 2074 4081 omnes
2103 4007 2148 4070 C
2177 4007 2224 4062 si
2262 4022 2450 4063 servus
2488 4023 2578 4074 es,
2617 4007 2781 4064 redde
2823 4008 3052 4064 Domino
3083 4009 3291 4067 timoris
3329 4010 3675 4081 obsequium;
3726 4013 3778 4069 si

551 4077 836 4155 actiouesa
861 4073 1344 4155 Deoauspicentur,
1375 4083 1424 4126 et
1445 4089 1538 4155 pro
1567 4073 1785 4155 singulis
1813 4074 2074 4155 quotidia-

555 4145 636 4199 uis
673 4146 822 4199 donis
864 4146 1061 4216 gratias
1086 4145 1134 4197 ei
1170 4146 1438 4216 referant;
1467 4144 1618 4215 idque
1647 4152 1702 4216 ut
1729 4144 1958 4216 faciant,
1988 4162 2074 4198 eos

555 4233 656 4270 non
686 4215 854 4270 solum
866 4213 1049 4269 doceri
1077 4213 1298 4279 ratione,
1322 4214 1413 4268 sed
1431 4213 1589 4268 etiam
1609 4213 1880 4268 admoneri
1908 4232 2076 4268 exent-

559 4287 676 4358 plis,
709 4286 953 4340 ostendit.

555 4465 700 4522 Salis
741 4463 1061 4531 abundeque
1089 4461 1289 4517 dixisse
1316 4475 1404 4514 me
1443 4459 1607 4514 credo
1648 4457 1927 4528 superiore
1967 4456 2075 4510 Do-

483 4563 680 4622 miuiea
709 4560 777 4615 ad
814 4557 1214 4627 correptiouem
1242 4569 1430 4610 eorum
1459 4553 1569 4621 qui,
1613 4552 1806 4606 divinis
1835 4551 2074 4604 muneri-

484 4654 584 4709 bus
620 4649 976 4722 perfrueutes,
1015 4645 1216 4715 gratias
1259 4659 1366 4698 non
1408 4640 1652 4696 referunt
1694 4639 1976 4705 Creatori;
2020 4647 2076 4694 ct

485 4754 696 4801 utentes
725 4739 998 4798 beneﬁciis
1023 4737 1351 4801 coelestibus,
1383 4744 1638 4805 tanquam
1669 4734 1865 4804 ingrati
1903 4741 1960 4788 et
1987 4733 2073 4788 in-

485 4835 628 4904 digni
675 4831 1079 4892 beneliciorum,
1129 4842 1237 4880 non
1285 4834 1700 4880 remunerantur
1747 4831 2063 4889 auctorem;

486 4925 698 4992 ingrati,
731 4925 978 4992 inquam,
1010 4920 1104 4990 qui
1141 4918 1309 4973 Deum
1337 4933 1441 4972 nec
1468 4916 1622 4986 quasi
1653 4915 1795 4972 servi
1822 4923 2071 4970 metuunt

486 5013 794 5078 Dominum,
823 5028 924 5068 nec
957 5011 1109 5081 quasi
1139 5008 1227 5063 lilii
1268 5005 1626 5062 honorificam
1664 5016 1724 5060 ut
1763 5013 2064 5076 parentem.

487 5102 622 5159 Dicit
642 5115 738 5170 per
765 5103 1081 5170 prophetam
1105 5101 1246 5156 Deus
1271 5119 1282 5153 :
1306 5099 1366 5154 Si
1387 5097 1638 5153 Dominus
1655 5115 1786 5162 sum,
1810 5098 1895 5152 ubi
1914 5099 2070 5151 timor

485 5191 668 5251 meus?
699 5191 742 5244 si
762 5199 926 5258 pater,
952 5189 1038 5242 ubi
1059 5208 1204 5246 amor
1233 5206 1374 5244 meus
1419 5187 1497 5258 (Μ
1503 5188 1673 5242 αΙαεΙι.
1707 5190 1744 5258 ι)
1770 5189 1793 5241 ?
1821 5187 1937 5244 Hoc
1963 5197 2066 5255 est,

560 5335 584 5360 ³³
614 5321 745 5377 Cod.
775 5320 921 5385 Vat.,
953 5318 1127 5390 Ipsum
1153 5323 1386 5388 fortassis
1415 5319 1726 5374 acciditnon
1751 5317 1845 5371 illi.

558 5392 588 5432 ιι
610 5393 742 5446 Cod.
775 5390 920 5454 Vat.,
990 5390 1184 5442 erdem.

563 5474 586 5503 α
617 5463 762 5514 Idem
791 5459 914 5514 cod.
949 5408 1089 5514 eat"
1113 5460 1284 5514 excepi

563 5474 586 5503 ε
617 5463 762 5516 Idem
791 5459 914 5514 cod.
949 5459 1089 5522 Vat.,
1113 5460 1420 5528 excepimus.

561 5530 589 5572 ἀ
612 5532 757 5586 Idem
797 5529 956 5585 codd.
981 5528 1038 5584 S.
1065 5525 1251 5583 Crucis
1290 5529 1342 5582 in
1370 5527 1479 5582 Jer.
1507 5535 1561 5584 et
1588 5527 1736 5596 Vat.,
1766 5525 1844 5580 illi
1868 5527 2067 5598 gratias

487 5607 794 5678 referamus.

565 5684 588 5713 ο
619 5672 758 5727 idem
785 5668 912 5724 cod.
942 5668 1001 5725 S.
1042 5666 1230 5726 Crucis
1275 5667 1328 5720 in
1370 5665 1503 5732 Jer.,
1533 5676 1588 5721 et
1632 5667 1750 5722 Vat.
1793 5666 1940 5737 legit,
1982 5667 2068 5738 qui

495 5743 771 5816 prosperis.
799 5748 905 5798 etc.

2181 4096 2340 4165 filius,
2370 4100 2567 4155 exhibe
2608 4099 2980 4170 patrifamilias
3017 4101 3286 4157 allectum.
3331 4103 3412 4158 Tu
3438 4112 3614 4159 autem
3643 4119 3774 4159 cum

2178 4191 2379 4259 gratias
2407 4207 2516 4246 non
2538 4192 2672 4259 agis,
2699 4191 2867 4246 Deum
2897 4207 3000 4246 nec
3026 4191 3224 4260 diligis,
3246 4209 3348 4248 nec
3369 4194 3600 4259 vereris;
3625 4194 3777 4252 unde

2179 4287 2271 4333 aut
2299 4288 2589 4333 contumax
2625 4295 2834 4342 servus,
2875 4289 2971 4334 aut
2997 4281 3264 4350 superbus
3302 4298 3362 4338 es
3405 4283 3563 4339 lilius.
3596 4293 3620 4330 κ
3665 4282 3778 4350 Qui

2179 4378 2262 4424 est
2302 4369 2463 4436 igitur
2499 4369 2645 4425 utilis
2689 4369 3028 4428 Christianus
3071 4387 3288 4442 semper
3325 4373 3486 4428 debet
3523 4371 3668 4428 Patri
3707 4390 3778 4431 ac

2182 4459 2410 4514 Domino
2435 4476 2535 4515 suo
2574 4459 2759 4516 laudes
2786 4461 2987 4525 dicere,
3017 4471 3074 4517 et
3101 4463 3155 4518 in
3195 4464 3311 4532 ejus
3332 4465 3558 4534 gloriam
3583 4468 3774 4524 omnia

2181 4564 2503 4621 procurare;
2534 4551 2673 4606 sicut
2701 4552 2777 4604 ait
2804 4551 2994 4608 beatus
3033 4553 3350 4624 Apostolus,
3393 4556 3615 4612 dicens:
3647 4557 3780 4612 Sive

2180 4642 2528 4708 manducetis,
2559 4644 2662 4698 sive
2688 4642 2879 4709 bibitis,
2909 4642 2935 4681 δ
2966 4646 3071 4700 sive
3102 4646 3250 4700 aliud
3283 4649 3480 4718 facitis,
3509 4650 3685 4702 omnia
3715 4651 3777 4703 in

2181 4731 2403 4804 gloriam
2431 4731 2709 4806 Dei'facite
2734 4733 2788 4805 (Ι
2802 4733 2922 4789 Cor.
2940 4736 3215 4806 x).Videte
3240 4738 3400 4806 quale
3436 4737 3451 4775 ι
3479 4739 3576 4793 viri
3605 4739 3774 4795 Chri-

2175 4824 2335 4878 stiani
2365 4823 2655 4893 Apostolus
2680 4826 2851 4880 voluit
2871 4842 2993 4881 esse
3018 4828 3348 4896 convivium,
3364 4837 3425 4884 ut
3443 4830 3612 4900 magis
3634 4828 3776 4888 lich

2175 4914 2371 4970 Christi
2403 4931 2564 4984 quam
2595 4917 2802 4988 prandii
2823 4919 3007 4986 sagina
3037 4920 3371 4985 comedatur,
3405 4930 3459 4975 et
3489 4921 3606 4991 plus
3635 4921 3773 4977 refi-

2177 5008 2286 5064 ciat
2324 5007 2595 5062 hominem
2635 5009 2892 5064 dominici
2927 5010 3166 5066 nominis
3202 5008 3458 5080 frequens
3495 5012 3778 5069 invocatio

2176 5112 2337 5167 quam
2363 5098 2641 5167 epularum
2684 5099 2962 5168 multiplex
3003 5108 3060 5154 et
3105 5101 3323 5170 copiosa
3369 5101 3604 5164 collatio,
3649 5117 3777 5157 me-

2178 5187 2388 5259 liusque
2417 5196 2602 5258 pascat
2628 5189 2954 5244 esurientem
2993 5189 3182 5261 religio
3213 5205 3373 5260 quam
3398 5192 3603 5261 sagina.
3631 5189 3773 5245 0m-

2253 5319 2272 5356 ί
2307 5316 2444 5390 Cod.
2464 5318 2625 5390 _Vat.,
2651 5321 2895 5390 concipit.

2229 5397 2274 5470 _8
2296 5385 2429 5444 Cod.
2463 5388 2583 5444 Vat.
2614 5385 2933 5459 '1268legit:
2961 5389 3100 5455 Quid
3125 5402 3201 5447 est
3220 5393 3418 5465 igitur?
3442 5397 3584 5449 utilis
3609 5397 3773 5452 Clari-

2177 5468 2718 5599 ωἶηέἕίιῗῗξιυτθηί.
2760 5529 2826 5584 10
2855 5531 2982 5599 legit
3015 5549 3027 5585 :
3058 5535 3104 5587 si
3141 5532 3339 5599 aliquid
3385 5535 3530 5589 aliud
3569 5536 3771 5599 facitis.

2256 5597 2270 5636 ί
2302 5598 2436 5677 de.
2470 5600 2588 5654 Vat.
2620 5619 2632 5652 :
2665 5599 2844 5677 Videte
2877 5597 3032 5672 quale
3061 5605 3179 5658 viris
3205 5597 3516 5660 Christianis
3540 5597 3772 5677 Aposto-

2177 5667 2258 5722 lus
2279 5670 2438 5724 voluit
2465 5688 2580 5725 esse
2606 5667 2908 5725 convirium.
