4054 6190
312 264 413 317 δεῖ

1781 271 2062 329 ΗΟΜῘΙᾸΑ
2100 274 2187 330 XC
2203 318 2215 328 .

3475 294 3578 345 ιηδ

309 394 415 441 nm,
448 378 643 447 inquit,
671 378 726 431 in
750 379 969 449 gloriam
996 379 1093 434 Dei
1126 383 1300 451 facite.
1347 380 1546 439 Omnes
1580 398 1708 453 ergo
1748 396 1901 441 actus
1930 392 1974 448 Α
2006 388 2125 458 plis.
2144 388 2370 443 Nonne'
2392 391 2632 447 videmus
2648 401 2703 447 et
2721 397 3102 453 minutissimas
3128 414 3277 463 aves,
3310 416 3430 456 cum
3455 404 3573 459 illu-

307 476 331 505 ⁸
356 475 573 522 nostros
601 466 816 524 Christo
849 470 995 523 velut
1030 471 1180 525 socio
1202 472 1289 526 vel
1315 480 1449 528 teste
1469 475 1725 544 compleri
1744 517 1757 541 ,
1789 476 1892 531 hac

305 558 512 612 scilicet
542 562 774 627 ratione,
807 571 864 614 ut
885 562 1024 615 bona
1054 563 1171 632 ipso
1195 574 1415 619 auctore
1438 563 1724 631 faciamus;
1750 569 1890 623 mala

302 659 531 716 propter
559 651 725 719 ipsius
749 653 1160 707 contubernium
1188 655 1538 729 declinemus.
1572 659 1734 728 293
1763 657 1894 711 Eru-

301 738 474 790 bescit
503 740 647 791 enim
680 742 819 793 tnala
850 741 1027 796 facere
1055 744 1144 812 qui
1176 745 1277 797 scit
1303 742 1574 800 Christum
1604 763 1662 801 se
1693 748 1891 801 habere

298 829 643 895 participem.
674 829 919 886 Christus
947 841 1127 887 autem
1173 836 1226 888 in
1255 835 1410 891 bonis
1439 828 1651 904 adjutor
1689 846 1789 901 est,
1837 838 1890 891 in

298 919 463 971 malis
483 930 670 974 noster
693 928 774 974 est
800 932 1167 977 conservator.
1201 923 1341 993 Ergo
1363 942 1482 979 cum
1512 926 1745 980 diluculo
1769 944 1889 981 sur-

296 1010 499 1075 gimus,
531 1010 808 1073 debemus,
843 1012 1151 1082 priusquam
1180 1016 1534 1083 procedamus
1563 1034 1593 1072 e
1622 1019 1887 1086 cubiculo,

296 1102 501 1168 gratias
532 1116 694 1167 agere
722 1100 1009 1167 Salvatori,
1043 1112 1099 1157 et
1138 1115 1264 1159 ante
1293 1124 1481 1163 omnes
1504 1118 1657 1164 actus
1686 1113 1887 1177 saeculi,

294 1204 456 1248 actus
482 1195 681 1248 habere
704 1195 937 1263 pietatis,
962 1198 1052 1264 qui
1076 1214 1175 1251 nos
1196 1201 1536 1266 quiescentes
1557 1208 1610 1254 et
1629 1201 1894 1257 dormien-

299 1293 386 1338 trs
426 1286 479 1338 in
517 1285 729 1340 lectulis
768 1287 1080 1341 custodivit.
1113 1287 1242 1354 Quis
1271 1292 1412 1344 enim
1442 1292 1545 1346 nisi
1587 1292 1729 1347 Deus
1765 1294 1890 1348 dor-

293 1378 558 1429 mientem
614 1377 873 1430 custodit.
893 1378 1211 1432 hominem?
1260 1382 1350 1448 qui
1401 1382 1472 1435 ita
1524 1384 1789 1438 resolutus
1837 1386 1891 1438 in

290 1485 577 1535 somnum,
602 1479 658 1522 et
686 1469 885 1524 oblitus
913 1471 995 1524 sui
1028 1471 1223 1537 vigoris
1252 1472 1505 1539 humani,
1537 1490 1565 1527 a
1596 1489 1655 1529 se
1683 1475 1890 1531 alienus

291 1562 555 1624 efﬁcitur,
590 1568 649 1613 ut
674 1562 880 1614 nesciat
899 1561 1026 1628 quid
1056 1563 1168 1629 ipse
1192 1563 1280 1623 sit,
1314 1565 1531 1617 ubinam
1556 1564 1884 1629 demoretur,

290 1650 493 1705 adesse
530 1650 630 1704 sibi
670 1658 817 1703 certe
847 1650 960 1719 ipse
991 1667 1097 1704 non
1127 1653 1313 1721 possit.
1356 1652 1701 1709 Necessarius
1729 1656 1889 1724 igitur

1993 489 2297 534 cescentem
2326 480 2466 536 diem
2490 499 2684 539 aurora
2707 486 2973 555 producit,
3006 490 3060 543 in
3088 491 3402 559 quibusdam
3432 496 3578 551 nido-

1992 584 2110 623 rum
2142 571 2401 627 cubiculis
2428 574 2579 628 varia
2625 575 2907 634 dulcedine
2937 596 3248 649 personare,
3281 592 3337 637 et
3364 585 3418 638 id
3462 594 3579 642 stu-

1992 661 2141 715 diose
2177 677 2356 731 agere,
2392 665 2700 735 priusquam
2754 671 3086 738 procedant,
3142 682 3201 726 ut
3262 672 3577 733 Creatorem

1992 767 2165 817 suum,
2217 754 2343 821 quia
2396 754 2607 823 loquela
2658 773 2763 812 non
2808 770 3050 828 possunt,
3082 764 3347 819 suavitate
3375 767 3583 821 demul—

1991 854 2177 908 ceant;
2202 852 2256 897 et
2276 846 2722 913 quemadmodum
2745 866 3079 919 unaquazque
3099 869 3303 922 earum,
3325 858 3579 926 quoniam

1991 933 2327 990 confessione
2376 938 2590 1004 nequit,
2622 938 2851 994 modulis
2890 943 3082 1010 prodat
3129 946 3472 1015 obsequium;
3506 948 3579 1002 ita

1992 1035 2050 1080 ut
2079 1027 2323 1081 videatur
2348 1028 2449 1082 sibi
2494 1029 2739 1085 devotius
2768 1034 2965 1101 gratias
3004 1048 3184 1102 agere,
3225 1052 3344 1106 qme
3372 1037 3580 1094 dulcius

1990 1120 2321 1188 personavit,
2351 1121 2457 1177 hoc
2485 1124 2668 1187 etiam,
2698 1134 2918 1193 peracto
2963 1126 3065 1179 diei
3114 1143 3300 1193 cursu,
3331 1130 3580 1185 similiter

1990 1208 2356 1275 facere?Quid
2380 1227 2508 1280 ergo
2538 1213 2638 1267 sibi
2668 1214 2781 1267 vult
2807 1214 2907 1267 ista
2930 1216 3091 1270 certis
3113 1219 3441 1286 temporibus
3470 1219 3579 1274 dis-

1992 1302 2166 1371 posita
2211 1302 2480 1355 cantilena
2522 1312 2575 1356 et
2624 1304 2767 1373 jugis
2825 1305 3070 1370 intentio,
3128 1306 3226 1359 nisi
3282 1309 3575 1375 gratiarum

1990 1391 2233 1461 qnzcdam
2255 1392 2323 1445 sit
2350 1392 2699 1447 immoderata
2730 1394 3035 1465 confessio?
3064 1395 3274 1451 Pastori
3302 1399 3446 1455 enim
3476 1414 3576 1455 suo

1990 1484 2103 1535 avis
2158 1482 2397 1550 innoxia,
2427 1485 2551 1551 quia
2601 1500 2854 1539 sermone
2908 1502 3016 1540 non
3060 1468 3266 1557 ‘potest,
3315 1491 3581 1544 suavitate

1988 1573 2259 1626 blanditur
2282 1591 2295 1637 ;
2328 1574 2529 1627 habent
2549 1575 2690 1627 enim
2720 1583 2773 1627 et
2795 1590 2919 1629 aves
2941 1585 3213 1645 pastorem
3242 1592 3417 1644 suum,
3443 1581 3582 1634 sicut

1990 1666 2063 1717 ait
2090 1663 2347 1718 Dominus
2382 1683 2394 1716 :
2433 1663 2689 1735 Respicite
2717 1665 2949 1719 volatilia
2988 1668 3119 1729 caeli,
3150 1668 3395 1736 quoniam
3434 1669 3445 1704 ί
3477 1685 3582 1721 non

292 1744 446 1799 Deus
467 1745 619 1799 adest
640 1745 1048 1812 dormientibus,
1074 1747 1197 1815 quia
1228 1747 1558 1802 dormientes
1577 1748 1675 1802 sibi
1699 1749 1887 1803 adesse
1920 1749 1963 1806 Β
1994 1764 2190 1820 serunt,
2222 1771 2382 1825 neque
2403 1763 2617 1820 metunt,
2649 1764 2696 1808 et
2727 1754 2885 1808 Pater
2912 1766 3098 1823 uester,
3129 1759 3214 1828 qui
3234 1758 3287 1810 in
3314 1760 3457 1812 catis
3482 1771 3579 1826 est,

292 1852 412 1890 non
436 1845 661 1904 possunt
690 1853 703 1901 ;
730 1844 786 1889 et
815 1851 844 1888 a
874 1838 1153 1891 nocturnis
1183 1837 1388 1893 insidiis
1415 1852 1587 1905 genus
1608 1839 1885 1893 hominum

298 1930 425 1997 ipse
455 1928 753 1992 custodiat;
785 1929 910 1995 quia
934 1928 985 1981 id
1015 1930 1274 1997 temporis
1302 1928 1326 1966 δ
1356 1946 1514 1985 nemo
1545 1931 1680 1984 alter
1707 1933 1887 2001 pervi—

293 2020 454 2089 gilat,
480 2018 648 2073 debeo
670 2034 799 2088 ergo
824 2020 898 2072 illi
932 2020 1157 2085 gratiam
1188 2019 1299 2087 qui,
1329 2029 1384 2073 ut
1407 2036 1505 2089 ego
1525 2037 1746 2076 securus
1766 2021 1889 2075 dor-

292 2113 489 2177 miam,
516 2111 603 2164 ille
629 2111 929 2179 pervigilat.
954 2109 1073 2179 Ipse
1102 2112 1242 2164 enim
1268 2128 1367 2166 nos
1395 2113 1536 2167 Deus
1559 2115 1727 2167 ituros
1746 2114 1891 2167 cubi-

291 2212 416 2256 tum
460 2202 691 2271 quodam
745 2203 949 2270 gremio
993 2203 1207 2271 quietus
1248 2205 1490 2273 suscipit,
1534 2213 1589 2259 et
1634 2205 1888 2261 thesauro

291 2294 454 2364 pacis
477 2294 755 2349 recondito
777 2303 975 2355 servat,
1004 2304 1057 2349 et
1082 2295 1368 2364 caliginum
1400 2296 1630 2365 quadam
1662 2298 1889 2351 tuitione

292 2386 359 2439 in
400 2385 573 2438 lucem
600 2382 871 2447 defendit;
904 2394 961 2437 ut
1005 2385 1205 2437 malitia
1239 2385 1575 2439 inimicorum
1614 2387 1887 2441 hominum

292 2476 594 2545 repellatur
628 2475 885 2540 tenebris,
926 2491 1046 2544 qua:
1079 2491 1183 2529 non
1226 2484 1405 2545 potest
1429 2477 1762 2547 benignitate
1790 2477 1887 2532 de-

292 2570 427 2639 pelli
452 2586 467 2633 ;
497 2576 554 2623 et
582 2583 770 2638 pacem
800 2568 954 2623 fessis
982 2578 1202 2638 praestet
1230 2570 1551 2635 obscuritas,
1591 2585 1752 2638 quam
1780 2586 1889 2623 non

292 2662 590 2731 praestabat
619 2662 963 2722 humanitas;
1007 2662 1133 2715 dum
1177 2663 1321 2716 enim
1358 2663 1532 2718 nescit
1569 2663 1733 2717 homo
1798 2660 1888 2715 ubi

290 2768 454 2809 suum
478 2753 842 2807 adversarium
866 2761 1241 2822 persequatur,
1275 2768 1486 2821 pacem,
1519 2768 1679 2821 quam
1701 2752 1890 2807 volens

290 2853 551 2915 pnestare
573 2844 764 2909 noluit,
796 2852 1017 2913 praestat
1060 2845 1276 2898 invitus.
1309 2842 1576 2898 Debemus
1602 2858 1735 2913 ergo
1764 2859 1888 2898 sur—

288 2944 485 3005 gentes
512 2936 712 3002 gratias
746 2946 768 2974 ¢
801 2935 913 2989 Deo
952 2949 1130 3003 agere,
1164 2944 1219 2990 et
1246 2951 1407 2989 omne
1435 2936 1540 2991 diei
1569 2952 1704 3006 opus
1734 2937 1786 2990 in
1813 2938 1889 2992 si-

290 3042 405 3095 gno
434 3024 611 3081 facere
639 3025 953 3082 Salvatoris.
986 3027 1174 3082 Nonne
1211 3044 1333 3082 cum
1362 3028 1537 3083 adhuc
1564 3029 1779 3097 gentilis
1806 3044 1891 3084 es-

1991 1848 2156 1917 pasrit
2184 1847 2276 1900 illa
2300 1846 2513 1912 (Matth.
2541 1850 2634 1917 vi).
2663 1848 2731 1900 At
2749 1848 2942 1916 quibus
2968 1848 3178 1902 tandem
3200 1850 3335 1905 cibis
3357 1866 3586 1920 pascun-

1990 1947 2078 1991 tur
2107 1938 2265 1991 aves?
2286 1937 2558 1991 vilissimis
2586 1937 2793 1991 scilicet
2823 1944 2877 1990 et
2901 1939 3155 1992 terrenis:
3175 1954 3303 1994 aves
3316 1955 3446 2009 ergo
3468 1957 3584 2011 pro-

1991 2038 2112 2100 pter
2140 2032 2302 2099 303
2330 2030 2460 2083 viles
2489 2044 2639 2083 escas
2664 2030 2863 2095 gratias
2883 2038 3067 2097 agunt,
3099 2037 3153 2083 tu
3185 2030 3584 2099 pretiosissimis

1989 2120 2161 2188 epulis
2184 2120 2438 2189 pasceris,
2471 2127 2526 2172 et
2567 2120 2805 2186 ingratus
2834 2134 2910 2172 es.
2943 2118 3073 2184 Quis
3125 2119 3287 2187 igitur
3314 2135 3422 2173 non
3460 2135 3583 2174 eru-

1938 2246 1945 2252 -
1989 2213 2191 2274 bescat,
2222 2225 2439 2264 sensum
2474 2209 2707 2262 hominis
2731 2208 2955 2271 habens,
2987 2209 3104 2263 sine
3134 2209 3462 2278 psalmorum
3494 2225 3583 2263 ce-

1968 2301 2237 2355 ‘lebritate
2265 2300 2407 2354 diem
2437 2300 2715 2363 claudere;
2744 2315 2861 2352 cum
2886 2299 3013 2368 ipsae
3037 2314 3164 2354 aves
3182 2300 3251 2353 ad
3276 2300 3582 2367 gratillcan-

1990 2392 2117 2446 dum
2168 2391 2406 2461 psalterii
2436 2390 2701 2444 suavitate
2729 2391 3059 2459 persultent;
3090 2399 3143 2444 et
3196 2390 3313 2460 ejus
3358 2391 3581 2459 gloriam

1989 2498 2096 2537 non
2127 2496 2380 2536 versuum
2409 2480 2689 2534 dulcedine
2717 2495 3030 2548 personare,
3061 2480 3214 2548 cujus
3251 2481 3462 2535 laudem
3485 2495 3579 2537 vo-

1989 2574 2164 2628 lucres
2189 2572 2463 2627 modulata
2491 2570 2760 2626 cantilena
2786 2571 3170 2641 pronuntiant?
3195 2570 3408 2626 Imitare
3430 2586 3581 2642 ergo,

1991 2663 2176 2729 frater,
2207 2664 2593 2718 minutissimas
2619 2678 2748 2717 aves
2776 2669 2934 2719 m’ane
2969 2671 3026 2718 et
3070 2679 3297 2733 vespere
3336 2664 3513 2720 Creati
3536 2668 3582 2721 ri

1989 2757 2188 2824 gratias
2209 2755 2522 2820 referendo;
2555 2764 2609 2809 et
2628 2755 2672 2808 si
2702 2770 2763 2809 cs
2779 2754 3028 2810 devotior
3048 2755 3260 2811 imitare
3276 2757 3579 2822 lusciniam,

1989 2850 2073 2903 cui
2104 2849 2358 2917 quoniam
2395 2847 2461 2901 ad
2490 2845 2745 2901 dicendas
2772 2846 2957 2901 laudes
2984 2847 3100 2901 dies
3133 2848 3248 2902 sola
3283 2864 3390 2902 non
3425 2849 3577 2903 suffi-
3652 2915 3663 2927 .

1990 2941 2082 2999 cit.
2108 2948 2369 2994 nocturna
2391 2938 2564 3007 spatia
2596 2937 2837 3007 pervigili
2859 2937 3125 2992 cantilena
3145 2937 3413 3004 decurrit;
3442 2948 3497 2993 et
3525 2948 3582 2994 tu

1992 3033 2152 3101 igitur
2176 3030 2421 3085 laudibus
2450 3030 2556 3083 tuis
2582 3028 2726 3083 diem
2755 3029 2975 3083 vincens
3003 3030 3153 3098 Operi
3200 3036 3293 3085 tuo
3320 3030 3457 3085 adde
3486 3045 3584 3084 no-

292 3136 410 3183 ses,
439 3120 652 3175 solebas
690 3120 839 3188 signa
870 3121 1202 3190 perquirere,
1234 3136 1353 3190 quae
1382 3122 1553 3190 signa,
1585 3123 1779 3191 quibus
1799 3138 1889 3177 re-
1918 3116 1963 3178 C
1994 3134 2183 3180 cturua
2203 3124 2475 3179 canentia
2504 3122 2792 3187 curricula,
2824 3130 2881 3176 et
2910 3122 3209 3176 insomnem
3238 3123 3473 3192 suscepti
3509 3123 3584 3177 la-

294 3214 399 3267 bus
413 3220 591 3268 essent
605 3228 881 3284 prospera,
897 3229 1085 3283 magna
1108 3216 1456 3284 inquisitione
1472 3216 1885 3285 eolligere‘tlam

294 3321 442 3361 nunc
469 3305 596 3359 nolo
625 3320 774 3360 erres
815 3306 869 3359 in
901 3322 1154 3373 numero;
1187 3308 1323 3363 scito
1361 3308 1485 3378 quia
1515 3309 1569 3362 in
1598 3324 1705 3364 uno
1733 3309 1888 3376 signo

293 3397 497 3453 Christi
528 3398 770 3452 omnium
818 3414 996 3453 rerum
1028 3407 1110 3453 est
1156 3408 1270 3453 tuta
1308 3401 1657 3469 prosperitas.
1690 3399 1791 3466 Qui
1833 3402 1887 3477 in

293 3489 401 3542 hoc
418 3488 575 3557 signo
604 3488 870 3542 seminare
898 3490 1139 3558 cmperit,
1173 3490 1293 3543 vitre
1321 3490 1553 3544 fructum
1585 3506 1886 3561 conseque-

299 3588 390 3632 tur
416 3586 662 3643 aeternae,
695 3579 787 3647 qui
816 3579 869 3631 in
906 3580 1011 3633 hoc
1038 3580 1193 3649 signo
1223 3581 1323 3635 iter
1352 3578 1528 3635 facere
1555 3582 1885 3650 aggreditur,

294 3671 364 3723 ad
394 3670 557 3741 299
584 3670 780 3725 emtum
810 3685 977 3739 usque
1000 3672 1298 3740 perveniet.
1321 3671 1377 3725 In
1399 3672 1506 3726 hoc
1525 3673 1686 3743 igitur
1714 3674 1887 3727 nomi-

295 3777 368 3815 ne
407 3776 596 3815 omnes
636 3769 787 3816 actus
834 3761 1003 3815 nostri
1051 3761 1313 3829 dirigendi
1343 3770 1487 3827 sunt,
1521 3769 1575 3816 et
1604 3762 1672 3816 ad
1714 3762 1887 3831 ipsum

296 3851 467 3906 totius
495 3852 844 3907 vitanostrte
881 3852 1174 3906 commotio
1218 3850 1539 3919 referenda;
1569 3854 1716 3922 quia,
1747 3854 1887 3908 sicut

293 3943 373 3995 ait
402 3941 692 4011 Apostolus
722 3960 735 3994 :
770 3940 837 3995 In
881 3943 993 4012 ipso
1040 3942 1580 4008 vivimus,,movemur
1620 3954 1670 3997 et
1709 3960 1886 3998 sumus

296 4036 441 4102 (Act.
472 4049 599 4098 xvu,
628 4032 740 4103 28).
764 4031 871 4087 Sed
898 4040 1092 4088 etcum
1112 4049 1341 4104 vespera
1369 4034 1511 4089 diem
1532 4036 1749 4102 claudit,
1784 4037 1887 4107 ipsi

293 4124 558 4179 debemus
587 4140 684 4194 per
729 4124 1041 4194 psalterium
1088 4124 1300 4179 laudem
1328 4124 1530 4190 dicere,
1559 4133 1616 4180 et
1660 4125 1885 4194 gloriam

294 4216 416 4284 ejus
443 4214 716 4270 modulata
744 4215 1011 4271 suavitate
1036 4216 1349 4281 concinere,
1373 4230 1502 4285 quo,
1534 4230 1757 4286 operum
1787 4233 1887 4271 no-

294 4316 538 4362 strorum
582 4314 955 4361 consummato
989 4306 1303 4372 certamine,
1327 4307 1493 4361 veluti
1522 4308 1753 4363 victores
1794 4323 1884 4363 re-

295 4398 480 4467 quiem
510 4397 536 4434 d
567 4398 931 4467 acquiramus,
962 4406 1019 4453 et
1057 4398 1255 4453 laboris
1300 4399 1543 4468 quaedam
1584 4400 1759 4470 palma
1816 4401 1887 4455 sit

1990 3216 2137 3269 boris
2165 3213 2482 3267 industriam
2504 3213 2741 3282 psalterii
2762 3213 2903 3266 serie
2928 3213 3230 3267 consolare.
3262 3212 3331 3266 Et
3358 3214 3483 3282 quia
3512 3214 3581 3269 de

1988 3307 2071 3361 his
2100 3306 2289 3359 avibus
2308 3305 2641 3359 mentionem
2662 3302 2761 3359 feci
2787 3320 2907 3373 qua:
2937 3305 3185 3359 noctibus
3208 3305 3449 3372 vigilant,
3482 3322 3583 3360 no-

1987 3398 2041 3452 lo
2069 3407 2124 3451 te
2153 3398 2479 3451 imitatorem
2508 3410 2629 3449 esse
2670 3402 2911 3459 noctuas,
2943 3409 3062 3462 quat
3090 3394 3215 3449 licet
3242 3411 3339 3465 per
3366 3406 3581 3452 noctem

1986 3491 2189 3558 vigilet,
2217 3505 2315 3559 per
2340 3488 2482 3543 diem
2511 3496 2693 3543 tamen
2722 3488 2872 3557 pigra
2904 3487 2986 3542 vel
3009 3504 3147 3543 (mea
3169 3498 3272 3556 est,
3290 3505 3409 3559 qua:
3430 3505 3583 3558 gran-

1989 3581 2146 3636 dibus
2174 3582 2344 3636 oculis
2376 3580 2717 3635 tenebrarum
2745 3580 3001 3647 caligines
3023 3580 3214 3648 diligit,
3233 3581 3581 3651 splendorem

1989 3672 2119 3727 solis
2133 3670 2421 3737 horrescit,
2435 3671 2630 3725 mirum
2649 3670 2793 3724 enim
2814 3670 2868 3723 in
2891 3670 3109 3726 modum
3130 3670 3461 3726 illuminatur
3480 3672 3580 3725 ob-

1987 3763 2267 3826 scuritate,
2293 3763 2411 3816 luce
2439 3768 2693 3815 caecatur.
2720 3760 2864 3816 Istud
2888 3761 3085 3815 animal
3113 3761 3487 3816 hmreticorum
3518 3764 3580 3814 ti-

1987 3868 2119 3922 gura
2150 3861 2233 3907 est
2266 3860 2429 3922 atque
2454 3852 2756 3918 gentilium,
2786 3852 2875 3920 qui
2906 3853 3158 3906 tenebras
3186 3852 3581 3922 amplectuntur

1987 3943 2208 4007 diaboli,
2238 3943 2413 3997 lucem
2432 3941 2728 3995 Salvatoris
2752 3940 3088 4002 horrescunt,
3103 3948 3161 3995 et
3187 3941 3482 4009 grandibus
3506 3944 3583 3997 di-

1987 4034 2349 4104 sputationum
2372 4032 2543 4088 oculis
2562 4038 2791 4085 cernunt
2810 4046 2946 4084 vana
2962 4070 2976 4095 ,
3001 4046 3109 4085 non
3124 4031 3421 4101 respiciunt
3442 4048 3582 4085 sem-

1988 4126 2217 4195 piterna.
2250 4122 2327 4177 De
2372 4123 2456 4176 bis
2481 4122 2556 4175 ait
2583 4120 2841 4175 Dominus
2873 4138 2886 4172 :
2923 4117 3114 4174 Oculos
3153 4119 3362 4187 habent,
3391 4128 3439 4174 et
3478 4138 3579 4176 non

1987 4214 2272 4271 uidebunt:
2323 4215 2378 4267 in
2424 4210 2648 4266 tenebris
2695 4208 2963 4263 ambulant
3019 4208 3191 4279 (Psal.
3225 4210 3395 4279 cxnt).
3444 4209 3581 4263 Sunt

1988 4311 2133 4366 enim
2166 4307 2310 4363 acuti
2356 4304 2424 4359 ad
2452 4301 2846 4372 superstitiosa,
2877 4301 3100 4354 hebetes
3127 4298 3195 4352 ad
3222 4300 3432 4363 divina;
3482 4300 3573 4368 qni

1988 4402 2116 4457 dum
2168 4414 2229 4454 se
2281 4400 2474 4467 putant
2529 4403 2553 4442 Β
2610 4391 2890 4447 sublimius
2938 4389 3155 4445 evolare
3217 4387 3574 4453 sermonibus,

296 4488 511 4558 soporis
539 4488 758 4543 oblivio.
783 4487 898 4543 Hoc
924 4496 1103 4543 autem
1132 4497 1192 4542 ut
1218 4488 1495 4556 faciamus,
1525 4489 1735 4557 fratres,
1778 4507 1887 4547 non
1915 4478 1967 4538 Ι)
1995 4500 2249 4560 tanquam
2278 4494 2490 4543 noctua:
2512 4484 2624 4540 veri
2653 4482 2869 4537 luminis
2893 4480 3179 4552 splendore
3205 4479 3503 4535 turbantur.

295 4580 475 4635 solum
496 4579 753 4635 docemur
780 4580 1010 4646 ratione,
1033 4580 1129 4635 sed
1149 4582 1311 4635 etiam
1332 4582 1684 4637 admonemur
1702 4599 1887 4639 exem—

1673 4676 2017 4739 HOMILIA
2066 4675 2196 4737 XC.

1366 4774 1443 4830 De
1469 4778 1767 4847 poenitentia
1795 4787 1845 4830 et
1857 4778 2074 4847 jejuniis
2106 4772 2458 4826 Ninivitarum
2482 4767 2531 4822 I.

1755 4866 2147 4923 ADMONITIU.

371 4960 530 5037 3‘01
554 4960 615 5037 _Si
643 4960 711 5015 de
737 4960 972 5037 homiliae
1000 4968 1220 5016 auctore
1246 4961 1336 5016 hic
1359 4960 1537 5037 solum
1557 4961 1821 5037 agendum
1849 4969 2011 5037 esset,
2038 4976 2105 5015 ex
2159 4956 2438 5037 codicibus
2464 4970 2595 5037 mss.
2626 4968 2746 5008 eam
2910 4950 3582 5037 M:_t_xi_mo‘d‘ccernentihus

302 5020 568 5106 res'ln'efvi
598 5030 1036 5106 concluderetur;
1069 5039 1123 5084 at
1139 5047 1271 5106 cum
1288 5032 1473 5106 _mu|ta_
1496 5032 1566 5106 sit
1591 5020 1645 5106 in
1677 5034 1837 5106 titulo
1848 5020 2219 5106 discrepantia
2249 5027 2317 5082 ad
2330 5024 2926 5106 longioremucogimur
2944 5021 3417 5106 disceptationem.
3446 5020 3577 5103 ,Ου-

300 5104 450 5157 dices
468 5102 633 5170 aliqui
660 5101 890 5170 simplici
929 5101 1031 5155 hac
1066 5102 1354 5171 epigraphe
1385 5119 1399 5155 :
1431 5100 1511 5155 De
1521 5102 1740 5172 jejuniis
1784 5096 2165 5165 Ninivitarum,
2199 5098 2475 5153 homiliam
2503 5096 2835 5159 inscribunt;
2867 5096 2960 5161 qui
3009 5098 3135 5146 sunt
3188 5096 3577 5149 vetustissimus

374 5265 404 5339 ς
430 5256 561 5339 Cod.
594 5255 849 5311 Laurent.
884 5255 1049 5311 habet
1080 5273 1093 5309 :
1139 5253 1330 5310 Omnes
1368 5273 1491 5328 ergo
1518 5266 1661 5311 actus
1691 5256 1894 5312 Christo

298 5327 410 5381 vult
429 5329 586 5380 socio.
1432 5327 1439 5328 “

376 5396 405 5435 ιο
432 5398 603 5451 Codd.
634 5395 691 5449 8.
723 5394 907 5449 Crucis
935 5394 987 5450 in
1032 5396 1166 5460 Jer.,
1213 5395 1467 5451 Laurent.
1519 5396 1585 5451 I0
1614 5405 1667 5451 et
1696 5396 1891 5460 Vatic.,

296 5469 423 5549 auia
476 5468 533 5519 id
576 5467 815 5535 temporis
853 5465 922 5518 ad
958 5467 1346 5522 custodiendum
1389 5467 1520 5521 alter
1548 5484 1694 5522 nemo
1724 5467 1897 5536 pervi-

300 5540 607 5664 ςβίῗεέὶοείεὶ.
647 5606 706 5661 8.
734 5605 923 5662 Crucis
967 5606 1020 5661 in
1045 5606 1155 5663 Jer.
1188 5616 1245 5663 et
1272 5607 1393 5663 Vat.
1425 5607 1609 5676 legunt
1642 5625 1653 5659 :
1686 5605 1894 5660 Christo

298 5695 478 5750 agere.

596 5740 869 5833 Parant.
923 5770 1111 5833 LVII.

2072 5252 2097 5292 ἀ
2128 5253 2265 5308 Cod.
2298 5253 2419 5308 Vat.
2450 5249 2607 5317 1268,
2636 5258 2692 5306 et
2709 5247 3010 5305 Galesinius
3038 5249 3167 5319 legit
3198 5269 3209 5302 :
3244 5248 3411 5305 Veluti
3434 5253 3592 5307 victo-

1997 5337 2667 5455 tes-'quiiiﬂmismié
2693 5390 2829 5443 enim
2863 5388 3109 5444 videmus.

2075 5463 2095 5502 ί
2128 5463 2297 5519 Codd.
2328 5462 2385 5517 S.
2409 5460 2596 5516 Crucis
2632 5461 2685 5515 in
2734 5458 2844 5515 Jer.
2880 5468 2936 5514 et
2974 5460 3096 5514 Vat.
3142 5459 3397 5515 omittunt
3424 5475 3581 5529 neque

1999 5544 2259 5656 θεῖ’ἕὸύ.
2292 5601 2347 5656 8.
2378 5601 2567 5656 Crucis
2589 5600 2641 5654 in
2670 5598 2805 5663 εἰει-η
2833 5608 2889 5655 et
2908 5598 3212 5671 Galesinius
3232 5639 3248 5666 ,
3279 5599 3365 5671 qui
3385 5598 3504 5651 dum
3529 5614 3582 5653 se

1999 5682 2180 5747 putant
2204 5671 2471 5728 subtilibus
2499 5672 2702 5727 evolare
2726 5670 3063 5727 sermonibus.
3264 5758 3339 5817 15
