4054 6190
331 245 418 298 Mil

1658 247 1936 305 ΗΘΜ-ΠΜ
1977 252 2085 309 XCI
2094 296 2106 307 .

3471 265 3579 319 liii

323 362 564 430 juventus
590 358 852 414 ablueret.
902 359 1005 414 Ista
1048 370 1249 427 autem,
1280 359 1500 425 fratres,
1533 362 1711 415 omnia
1761 371 1787 399 ι
1838 363 1891 415 in
1920 369 1967 425 Α
2001 364 2134 420 vitas
2156 364 2448 434 jejunavit;
2488 368 2502 405 ί
2538 370 2698 436 bene,
2728 373 2872 440 quod
2901 373 3055 441 dixit,
3088 384 3231 440 tota;
3263 394 3369 431 non
3399 381 3571 435 solum

326 450 786 507 commonitionem
851 452 1019 506 nostri
1081 450 1219 505 facta
1274 466 1393 507 esse
1452 467 1614 507 nemo
1669 462 1751 508 est
1802 454 1892 522 qui

326 543 548 603 nesciat,
584 550 639 595 ut
678 544 1099 613 quotiescunque
1148 544 1583 600 tribulationibus
1638 560 1893 615 perurge-

325 651 436 688 lltlll‘
472 635 537 687 ad
568 635 682 689 haec
712 635 954 703 prmsidia
990 652 1397 702 concurramus;
1429 645 1486 691 ut
1508 646 1633 707 puta
1656 680 1669 705 ,
1700 639 1891 692 adver-

323 728 485 781 sarius
514 726 775 789 imminet,
810 727 1055 782 inimicus
1086 729 1137 781 in
1162 738 1411 798 promptu
1457 739 1559 796 est,
1587 729 1891 798 jejunemus

324 827 373 870 et
400 816 425 854 δ
450 817 747 871 vincamus.
806 816 994 872 Solent
1036 830 1057 856 ο
1083 819 1299 887 quidam
1347 819 1612 882 homines,
1653 820 1892 888 quoties-

322 922 520 975 cunque
570 907 941 962 necessitatem
997 910 1217 963 arduam
1268 911 1431 965 nimis
1468 912 1763 979 patiuntur,
1821 912 1889 966 ad

322 998 582 1068 proximas
609 1007 796 1066 gentes
816 1001 999 1054 auxilii
1020 1017 1183 1056 causa
1204 1002 1473 1057 destinare
1505 1003 1727 1070 legatos.
1760 1001 1884 1064 Nos,

320 1090 453 1158 quod
482 1099 565 1144 est
593 1090 813 1157 melius,
844 1091 1165 1158 legationem
1213 1093 1280 1147 ad
1326 1093 1493 1147 Deum
1539 1109 1635 1162 per
1684 1092 1885 1160 jejunia

319 1183 637 1238 destinemus
661 1200 674 1249 ;
706 1183 773 1236 ab
794 1184 910 1250 ipso
937 1184 1281 1251 imploremus
1305 1183 1329 1220 ἀ
1360 1185 1557 1237 auxilia
1579 1223 1595 1247 ,
1619 1183 1683 1237 ad
1714 1184 1885 1253 ipsum

319 1290 411 1330 nos
437 1273 601 1328 corde
630 1282 685 1327 et
709 1274 1042 1328 orationibus
1069 1273 1436 1339 conferamus;
1460 1274 1712 1327 auxilium
1743 1274 1884 1327 enim

318 1364 385 1418 illi
413 1379 518 1418 non
539 1363 757 1417 aliunde
780 1362 1018 1432 rogando
1046 1364 1381 1433 petiverunt,
1404 1364 1502 1419 sed
1549 1365 1615 1418 de
1670 1366 1780 1419 suis
1812 1362 1889 1432 je-

316 1438 545 1525 juna'ndo
574 1453 865 1509 visceribus
891 1463 1203 1522 exegerunt.
1236 1452 1344 1509 Cur
1370 1469 1498 1523 ergo
1525 1463 1675 1524 petat
1708 1456 1775 1509 ab
1803 1455 1885 1508 al-

315 1557 425 1601 tero
448 1588 462 1613 ,
488 1547 581 1616 qui
613 1547 751 1600 intra
772 1562 832 1601 se
856 1553 1037 1616 potest
1078 1547 1319 1602 invenire
1354 1548 1516 1619 304
1549 1548 1692 1616 quod
1740 1562 1887 1618 qua:-

314 1638 414 1692 rit?
434 1636 651 1703 Quanto
675 1646 698 1675 °
731 1638 873 1691 enim
912 1637 1024 1692 Deo
1076 1639 1363 1693 viciniores
1418 1640 1704 1705 fuerimus,
1736 1648 1887 1696 tanto

1997 456 2139 508 enim
2167 472 2342 521 senes,
2368 459 2597 525 juvenes
2625 470 2680 515 et
2700 462 2950 530 infantes,
2979 465 3072 517 sed
3092 465 3253 519 etiam
3288 468 3302 515 i
3341 470 3572 537 pecudes

1995 546 2218 615 legimus
2247 549 2539 619 jejunasse.
2598 552 2731 607 Mira
2782 570 2904 609 res:
2928 556 3137 623 jejunat
3189 572 3290 627 pro
3343 558 3571 615 civitatis

1994 648 2248 705 peccato,
2302 656 2459 708 quem
2508 645 2715 711 peccati
2759 646 2997 701 conditio
3062 662 3167 701 non
3233 651 3570 720 constringit.

1996 726 2147 783 Unde
2174 738 2230 783 et
2259 746 2375 794 nos,
2406 731 2597 787 fratres
2642 735 2935 802 carissimi,
2968 744 3268 806 temporum
3299 741 3571 806 angustias

1992 818 2316 895 sustinentes
2337 836 2526 875 omnes
2560 824 2760 891 pariter
2799 825 3046 893 jejunare
3084 828 3369 893 debemus,
3398 838 3454 883 et
3477 832 3570 885 mi-

1992 908 2338 964 sericordiam
2382 910 2476 964 Dei
2527 921 2839 968 cunctorum
2891 916 3214 971 abstinentia
3257 919 3564 989 implorare.

1992 998 2015 1037 ⁸
2050 999 2180 1053 Nam
2207 1000 2363 1067 quale
2393 1001 2462 1065 sit
2490 1001 2592 1056 hoc
2613 1001 2973 1059 Christianum
3004 1022 3101 1075 pro
3130 1007 3303 1063 salute
3343 1025 3437 1064 sua
3461 1027 3567 1065 non

1991 1093 2166 1149 facere
2194 1094 2340 1163 quod
2366 1095 2598 1163 pecudes
2629 1111 2728 1164 pro
2761 1098 3035 1152 hominum
3074 1100 3246 1155 salute
3293 1102 3568 1157 fecerunt?

1989 1185 2099 1240 Nisi
2128 1186 2272 1254 quod
2308 1184 2321 1222 ι
2359 1187 2606 1241 stolidior
2625 1190 2831 1257 pecude
2860 1199 2967 1254 est,
2999 1192 3089 1259 qui
3116 1193 3316 1249 indicto
3338 1211 3437 1264 pro
3458 1211 3517 1251 se
3536 1214 3565 1250 a

1987 1275 2267 1329 sacerdote
2290 1274 2495 1343 jejunio
2517 1292 2621 1331 non
2640 1277 2882 1345 jejunat;
2906 1296 3088 1335 nonne
3107 1283 3249 1336 enim
3280 1300 3442 1352 pecus
3461 1296 3564 1351 est,

1988 1366 2077 1435 qui
2108 1381 2215 1420 non
2243 1367 2488 1436 intelligit
2519 1369 2647 1436 quid
2677 1369 2753 1423 illi
2782 1372 3073 1435 immineat,
3107 1373 3233 1440 quid
3259 1373 3333 1428 illi
3355 1376 3565 1430 incum-

1988 1460 2116 1513 bat?
2144 1458 2212 1512 Et
2239 1473 2405 1529 pecus
2433 1460 2647 1528 quidem
2677 1462 2867 1517 videns
2886 1464 3122 1519 declinat
3158 1466 3391 1534 foveam,
3414 1478 3568 1522 cavet

1987 1549 2300 1619 praecipitia.
2335 1548 2415 1602 Tu
2441 1557 2618 1603 autem
2650 1566 2755 1605 non
2810 1552 2891 1605 vis
2940 1552 3233 1621 jejunando
3271 1558 3565 1625 periculum

1989 1639 2259 1693 declinare
2309 1639 2450 1708 quod
2488 1639 2698 1694 cernis?
2749 1640 3151 1710 Desperationis
3204 1646 3346 1699 enim
3395 1661 3567 1715 genus

313 1730 599 1785 adversarii
629 1731 796 1785 nostri
820 1746 851 1784 a
879 1732 1035 1785 nobis
1051 1731 1260 1798 longius
1289 1730 1307 1769 ί
1339 1732 1682 1801 repellentur.
1701 1731 1875 1801 Opor-
1912 1738 1954 1791 Β
1980 1737 2063 1785 est
2107 1737 2238 1785 tunc
2257 1739 2296 1766 ω
2324 1738 2376 1785 te
2397 1730 2741 1797 manducare,
2758 1747 2879 1787 cum
2904 1734 3173 1789 abstinere
3195 1736 3415 1802 debeas,
3439 1746 3567 1793 tunc

314 1832 387 1877 tet
414 1823 583 1890 igitur
602 1824 878 1891 proximos
900 1838 998 1877 nos
1023 1821 1136 1877 ﬁeri
1157 1824 1294 1888 Deo;
1323 1823 1576 1892 quoniam
1597 1822 1727 1877 dicit
1754 1838 1881 1892 pro-

311 1912 462 1981 pheta
484 1930 497 1964 :
517 1911 674 1978 Ecce,
689 1914 773 1982 qui
794 1912 1038 1983 elongant
1064 1928 1118 1965 se
1143 1922 1168 1960 Β
1188 1929 1221 1964 a
1244 1923 1308 1973 te,
1324 1911 1555 1980 peribunt
1574 1911 1745 1982 (Psal.
1762 1912 1879 1980 xu).

313 2002 453 2068 Quod
481 2002 528 2055 si
554 2017 585 2055 a
612 2001 725 2057 Deo
753 2002 844 2070 qui
874 2002 1032 2071 longe
1087 2009 1212 2057 sunt
1243 2002 1489 2071 peribunt
1512 2041 1528 2065 ,
1580 2003 1764 2070 utique
1791 2003 1884 2071 qui

312 2101 427 2149 sunt
455 2093 689 2163 proximi
733 2093 1109 2158 salvabuntur;
1147 2093 1302 2147 aliter
1339 2107 1468 2161 ergo
1498 2094 1726 2162 proximi
1773 2093 1885 2148 Deo

313 2206 422 2246 esse
450 2206 562 2245 non
591 2205 900 2259 possumus,
924 2190 1024 2243 nisi
1047 2189 1113 2243 ad
1142 2205 1264 2243 eum
1290 2188 1527 2257 jejuniis,
1558 2188 1889 2243 orationibus

314 2288 363 2335 et
388 2281 748 2350 eleemosynis
766 2280 1207 2350 propinquamus.
1239 2279 1377 2334 Deus
1403 2280 1545 2334 enim
1576 2280 1689 2349 ipse
1732 2280 1892 2333 mise-

314 2373 489 2432 ricors.
516 2371 757 2441 jejunus,
788 2380 843 2427 et
869 2381 1087 2427 sanctus
1116 2380 1230 2436 est;
1268 2381 1431 2440 atque
1478 2371 1599 2426 ideo
1639 2372 1730 2440 qui
1779 2372 1892 2425 vult

314 2462 584 2531 proximus
611 2463 722 2516 Deo
750 2477 898 2527 esse,
952 2461 1115 2517 debet
1145 2460 1173 2498 ιι
1219 2462 1419 2515 imitari
1458 2463 1560 2516 hoc
1606 2476 1725 2517 esse
1748 2460 1893 2530 quod

316 2552 573 2610 Deusest.
596 2551 732 2607 Tota
760 2552 917 2621 igitur
938 2553 991 2607 in
1023 2552 1367 2609 tribulatione
1420 2552 1776 2607 Ninivitarum
1816 2551 1893 2604 ci-

1985 1820 2247 1890 gaudere,
2275 1836 2397 1875 cum
2422 1820 2621 1876 debeas
2650 1830 2675 1856 η
2699 1820 3004 1890 deplorare.
3041 1823 3115 1878 De
3167 1825 3270 1880 hac
3308 1827 3563 1896 despera-

1987 1912 2134 1967 tione
2164 1910 2453 1981 Apostolus
2486 1911 2613 1965 dicit
2640 1911 2784 1981 quod
2838 1928 2868 1966 a
2922 1913 3076 1969 nobis
3123 1922 3332 1970 avertat
3378 1915 3565 1973 Deus:

1988 2000 2359 2055 Manducemus
2387 2009 2435 2054 et
2458 2000 2853 2056 bibamus:cras
2886 2004 3025 2056 enim
3058 2006 3412 2077 moriemurU
3442 2008 3562 2062 Cor.

1990 2111 2056 2149 xv
2076 2096 2117 2161 ).
2145 2094 2456 2162 Jejunemus
2479 2108 2631 2162 ergo,
2664 2094 2876 2159 fratres,
2902 2097 3019 2150 sine
3060 2097 3475 2163 intermissione,
3509 2111 3566 2155 ut

1989 2183 2173 2237 hostes
2210 2193 2425 2235 nostros
2471 2182 2806 2237 orationibus
2844 2191 2900 2237 et
2941 2185 3262 2240 abstinentia
3309 2204 3565 2258 superare

1994 2280 2019 2307 ο
2044 2272 2309 2340 possimus
2332 2270 2624 2324 auxiliante
2653 2270 2881 2325 Domino
2904 2280 3118 2342 nostro,
3140 2276 3232 2343 qui
3260 2292 3380 2331 cum
3408 2276 3568 2332 Patre

1991 2371 2047 2416 et
2074 2361 2277 2430 Spiritu
2305 2368 2492 2414 sancto
2514 2359 2644 2413 vivit
2684 2367 2740 2414 et
2766 2369 2955 2429 regnat
3007 2362 3063 2435 in
3106 2364 3296 2419 saecula
3339 2366 3565 2421 saeculo--

1991 2468 2130 2506 rum.
2162 2451 2349 2505 Amen.

1652 2640 1999 2702 HOMILIA
2043 2633 2209 2695 XCI.
2608 2682 2635 2703 ,

1696 2738 1775 2792 De
1799 2736 2048 2791 Ninivitis
2080 2730 2165 2785 11.

1756 2821 2146 2883 ADMONITIO.

378 2926 539 3007 3.05
570 2924 804 3007 eam
825 2922 1181 3007 Taeinqwm
1210 2920 1974 3007 ξτερίάεηιεμοῑείδηείιξιειεε,
1998 2912 2289 3007 99-195322

2373 2910 2649 2989 arantibus
2687 2913 2767 2989 _ob
2803 2912 3168 2989 imminentem
3198 2895 3601 2989 barbarorum;

317 2981 722 3051 Atlikve'scilidet
750 2993 1019 3065 exercitus
1041 2981 1422 3065 incursionem,
1455 3007 1489 3065 ἓ
1514 2981 1571 3045 S.
1599 2981 1978 3065 Manimohaec
1993 2992 2047 3065 et
2072 2983 2316 3065 superior
2336 2981 2561 3065 homilia
2594 2981 2829 3065 rgcitatte
2847 2983 3114 3065 videntur.
3138 2985 3285 3044 Sicut
3301 2989 3355 3065 in
3372 2981 3566 3060 prima,

316 3049 664 3121 Ninivitarum
705 3063 975 3135 exemplo,
1002 3062 1091 3130 qui
1122 3049 1432 3135 pmnitentia
1462 3060 1628 3135 Deum
1649 3059 1717 3135 ad
1738 3059 1944 3135 veniam
1973 3063 2027 3108 et
2056 3049 2590 3135 ad'misericordiam
2620 3049 2905 3135 ﬂexerunt,
2935 3053 3296 3135 Taurinenses
3326 3049 3575 3116 hortatus

315 3146 389 3191 est
412 3136 700 3198 Maximus,
730 3143 790 3188 ut
810 3125 1008 3187 sanctis
1021 3125 1285 3203 'ope'ribus
1325 3147 1354 3185 a
1380 3130 1867 3203 tantoidiscrimine
1908 3125 2113 3180 servari
2142 3128 2518 3203 mererentur,
2553 3125 2626 3203 ita
2656 3125 2847 3203 iterata
2878 3125 2979 3179 hac
3022 3129 3289 3193 oratione,
3312 3146 3435 3203 non
3464 3137 3573 3203 tam

315 3207 461 3262 novis
508 3191 737 3260 monitis
782 3217 942 3272 quam
984 3191 1334 3256 validioribus
1380 3201 1616 3272 consiliis
1664 3199 1965 3272 timidiores
2007 3192 2310 3272 aggreditur
2332 3206 2405 3272 ne
2434 3191 2986 3272 patriamﬂdeserant,
3019 3211 3218 3272 eosque
3247 3191 3404 3267 erigit
3430 3208 3489 3254 ut
3522 3201 3576 3256 in

317 3259 471 3350 usus
501 3259 659 3350 έρςιη
697 3259 910 3350 omam;
938 3272 1126 3350 sanus
1526 3269 1762 3350 Utraque
1783 3265 2002 3350 temne
2025 3259 3071 3350 separasse.esse:
3095 3259 3576 3350 i!‘spes=w'lentpa-_

316 3329 741 3405 ris-conditione,
776 3354 832 3396 nt
854 3343 1007 3396 alteri
1029 3343 1321 3396 convenire
1345 3348 1594 3408 nequeat.
1621 3329 1696 3392 Ei
1725 3337 1911 3393 codice
1938 3329 2291 3408 Sangallensi,
2436 3329 2763 3408 estnhomilia
2796 3330 2865 3384 72
2893 3335 3161 3408 exscripta
3181 3329 3394 3408 primus
3413 3329 3577 3408 edidit

316 3416 363 3496 in
390 3414 580 3496 φημι
609 3420 763 3496 parte
790 3411 826 3465 2
867 3411 1035 3496 ‘Musei
1065 3410 1265 3496 Italici.
1302 3411 1657 3496 Mahillo‘nius,
1685 3419 1740 3496 et

316 3486 367 3539 S.
390 3486 583 3540 Crucis
607 3472 659 3538 in
682 3482 999 3547 Jerusalem,
1028 3483 1117 3535 ubi
1142 3490 1223 3534 est
1251 3481 1470 3535 homilia
1494 3480 1561 3534 90
1582 3472 1711 3534 cum
1733 3472 1888 3533 titulo
1914 3493 1926 3526 :
1973 3472 2119 3547 Item_
2148 3487 2202 3547 se

317 3556 462 3610 lensi.
495 3557 579 3609 De
601 3553 907 3609 elocutione
936 3541 1067 3605 nihil
1096 3551 1357 3613 addimus,
1376 3567 1440 3605 ea
1464 3551 1706 3621 profecto
1734 3549 1854 3603 talis
1877 3554 1981 3611 est,
2011 3549 2069 3595 ut
2089 3541 2144 3594 S.

1785 3415 1908 3477 post
1935 3398 2109 3477 ipsum
2138 3399 2466 3477 Gallandius.
2519 3398 2903 3477 Confirmatnn
2926 3398 3243 3477 testimoni-op
3282 3407 3485 3477 codicis
3510 3406 3578 3460 99

2302 3469 2546 3545 ntia,_qui
2575 3470 2775 3545 pariter
2805 3471 2995 3545 legitur
3024 3474 3079 3526 in
3126 3474 3313 3530 codice
3355 3476 3578 3545 Sangal-

2230 3539 2389 3593 aximi
2412 3539 2777 3607 eloquentiam
2800 3542 3069 3596 ostendat.

316 3680 706 3725 Anconem“.
738 3701 810 3710 —
837 3668 1029 3721 Iterum
1058 3668 1121 3720 de
1146 3666 1199 3737 Ν
1204 3668 1391 3721 inivitis
1414 3665 1787 3737 paenitentibus,
1811 3664 1896 3734 qui
1924 3662 1970 3724 ο
1997 3656 2155 3713 nibus
2174 3653 2581 3708 subvertendos.
2608 3650 2714 3708 Sed
2742 3661 2942 3723 quanto
2962 3656 3265 3723 proximum
3295 3660 3578 3713 annuntia-

384 3741 674 3809 humilitate
701 3748 748 3792 et
769 3739 971 3809 jejunio
997 3740 1131 3809 iram
1154 3736 1248 3789 Dei
1278 3736 1569 3809 abiexcidio
1589 3736 1731 3789 urbis
1759 3751 1897 3787 arer-

384 3820 575 3863 ternnt.
605 3808 703 3881 His
734 3806 883 3881 atque
908 3806 1159 3861 similibus
1187 3808 1434 3881 operibus
1481 3808 1723 3881 pupulum
1749 3821 1896 3858 suum

380 3882 631 3933 admonet
671 3880 729 3934 S.
762 3878 1048 3949 episcopus,
1077 3884 1134 3929 ut
1154 3878 1251 3931 sibi
1280 3894 1469 3948 magna
1496 3878 1722 3929 instante
1748 3881 1894 3926 cata-

383 3952 565 4004 mitate
584 3951 813 4002 divinum
840 3947 1092 4002 auxilium
1120 3956 1354 4014 exorent,
1377 3958 1684 4017 caveantque
1706 3961 1770 3998 ne
1796 3962 1893 4013 pa-

383 4022 539 4074 triam
569 4020 831 4072 deserant.

384 4111 633 4164 Diximus
663 4108 934 4162 anteriore
960 4106 1227 4161 dominica
1275 4104 1536 4159 Ninivitas
1574 4105 1629 4158 in
1684 4103 1903 4157 tribula-

318 4204 461 4258 tione
488 4202 703 4273 positos
732 4200 1029 4255 Divinitatis
1058 4198 1479 4254 misericordiam
1504 4212 1600 4267 per
1626 4197 1903 4252 abstinen-

320 4293 445 4345 tiam
473 4291 762 4355 meruisse,
786 4298 841 4344 et
857 4290 1127 4344 civitatem
1157 4304 1308 4343 suam
1337 4288 1404 4343 de
1431 4288 1671 4357 periculo
1687 4286 1904 4355 jejuniis

320 4382 613 4447 liberasse;
648 4388 914 4450 tantatque
943 4395 1037 4434 eos
1059 4379 1220 4433 fuisse
1240 4379 1534 4448 sapientiae",
1556 4388 1613 4432 ut
1640 4394 1748 4432 non
1770 4378 1900 4432 alie-

320 4474 398 4527 nis
430 4489 490 4527 se
520 4471 785 4543 praesidiis
813 4467 1187 4533 defenderent,
1218 4471 1310 4524 sed
1357 4471 1574 4540 pr0pria
1614 4470 1900 4524 devotione

319 4564 617 4618 salvarent.
650 4560 781 4615 Nam
808 4576 917 4615 non
943 4561 1121 4614 statim
1161 4560 1579 4629 deSperaverunt
1622 4560 1689 4615 de
1729 4561 1901 4614 salute

320 4672 432 4721 sua;
459 4657 593 4724 quia
622 4653 901 4709 audierant
928 4668 957 4706 a
986 4653 1245 4723 propheta
1276 4668 1395 4707 cum
1424 4652 1654 4707 civitatis
1680 4667 1738 4706 se
1766 4668 1901 4707 mm-

389 4827 412 4855 ⁸
443 4816 622 4873 Codd.
676 4814 799 4869 Vat.
841 4809 977 4866 1270
1020 4818 1077 4865 et
1123 4808 1336 4871 Casin.,
1369 4808 1436 4860 ad
1463 4807 1906 4860 commonitionem

321 4887 729 4959 nostramfacta
757 4900 866 4938 esse
893 4881 1004 4951 quis
1052 4880 1265 4933 nesciat.
1302 4876 1456 4959 .Cod.
1489 4877 1621 4959 .Vat.
1650 4874 1806 4939 6451,
1839 4872 1907 4926 ad

320 4956 774 5011 commonitionem
803 4960 1033 5006 nostram
1055 4965 1201 5001 nemo
1229 4956 1340 5016 quis
1364 4956 1574 5016 nesciat.

1999 3748 2159 3802 batur
2185 3744 2471 3807 excidium,
2505 3750 2656 3797 tanto
2681 3744 2849 3811 magis
2876 3744 3137 3811 religiosis
3174 3748 3380 3803 actibus
3407 3764 3579 3804 arma-

2001 3838 2229 3899 bantur;
2261 3849 2360 3887 nec
2384 3833 2715 3900 reliquerunt
2734 3835 3077 3889 evertendam
3106 3837 3377 3894 civitatem
3399 3856 3548 3895 snam
3565 3883 3579 3904 ,

2004 3927 2101 3982 sed
2132 3927 2185 3980 in
2214 3941 2280 3980 ea
2308 3926 2486 3996 potius
2516 3933 2945 3993 permanserunt,
2973 3928 3242 3995 sapientes
3269 3931 3503 3993 scilicet,
3526 3943 3582 3986 nt

2006 4033 2127 4087 qua:
2155 4017 2350 4072 civium
2398 4016 2697 4069 vexabatur
2738 4017 3000 4084 peccatis,
3032 4018 3226 4072 civium
3255 4021 3585 4076 orationibus

2005 4111 2334 4173 salvaretur;
2367 4116 2420 4161 et
2444 4108 2531 4162 cui
2560 4107 2916 4176 perditionem
2965 4110 3103 4164 mala
3141 4113 3480 4167 conversatio
3509 4114 3592 4167 in-

2004 4201 2219 4264 tulerat,
2244 4199 2294 4252 ei
2322 4198 2548 4252 salutem
2576 4197 2791 4252 devotio
2808 4199 3053 4265 religiosa
3073 4200 3363 4257 conferret.
3381 4202 3587 4257 Iustum

2005 4293 2148 4347 enim
2175 4298 2294 4345 erat
2321 4296 2379 4343 ut
2406 4303 2543 4356 quos
2579 4286 2752 4341 fuerat
2782 4303 2937 4355 passa
2971 4297 3316 4356 peccatores,
3368 4293 3587 4346 eosdem

2002 4383 2227 4436 haberet
2278 4378 2524 4449 proprios
2552 4376 2882 4432 defensores.
2924 4375 3140 4431 Civitati
3184 4380 3326 4432 enim
3374 4380 3585 4433 nonnisi

2006 4480 2225 4544 propter
2253 4470 2445 4525 civium
2485 4476 2767 4538 peccatum
2814 4466 3037 4523 infertur
3080 4467 3365 4523 excidium.
3398 4468 3587 4523 Desine

2006 4578 2135 4632 ergo
2165 4576 2407 4634 peccare,
2445 4569 2501 4616 et
2546 4560 2734 4617 civitas
2761 4576 2869 4615 non
2900 4560 3111 4630 peribit.
3144 4558 3279 4627 Quid
3321 4560 3458 4627 fugis
3497 4576 3586 4629 pa-

2008 4653 2199 4709 triam?
2225 4653 2283 4707 Si
2309 4653 2391 4707 vis
2418 4652 2598 4707 salvus
2630 4666 2767 4717 esse,
2800 4659 2889 4705 tua
2938 4651 3117 4719 potius
3141 4658 3356 4720 peccata
3383 4650 3588 4704 subter-

2012 4804 2137 4858 bene
2161 4805 2291 4870 dixi,
2324 4813 2452 4857 tota.
2486 4803 2656 4857 Codd.
2690 4801 2813 4855 Vat.
2843 4799 2979 4853 1268
3007 4809 3063 4855 et
3090 4800 3246 4868 1270,
3288 4803 3412 4873 quid
3458 4804 3589 4866 dixi,

2013 4883 2119 4992 mil
2140 4875 2277 4998 llod.
2304 4942 2426 4996 Vat.
2456 4941 2592 4995 1270
2622 4949 2676 4996 et
2705 4940 2982 5004 Urbevet.,
3015 4956 3200 5010 pecora
3224 4956 3323 5010 pro
3353 4942 3590 5010 pecudes.

390 5008 767 5081 bivCo—ddﬂres
793 5022 915 5075 Vat.
946 5028 999 5074 et
1027 5018 1082 5072 S.
1114 5008 1301 5072 Cmcis
1330 5017 1381 5069 in
1412 5015 1543 5077 Jer.,
1567 5022 1615 5068 et
1639 5015 1905 5069 vincimus.
1942 5021 1989 5080 ι)
2084 5011 2109 5050 ι
2138 5012 2305 5068 Codd.
2339 5012 2519 5068 Casin.
2551 5021 2605 5065 et
2630 5010 2878 5064 Urbevet.
2915 5008 3114 5076 legunt,
3138 5008 3302 5074 Nam,
3332 5008 3457 5080 quid
3483 5013 3593 5065 est.’

396 5108 419 5134 ο
451 5095 593 5151 Cod.
623 5093 743 5146 Vat.
777 5091 945 5154 1270,
976 5088 1391 5160 Solentquident
1408 5087 1655 5160 homines.

391 5164 417 5204 ἀ
449 5163 627 5221 Codd.
673 5162 798 5218 Vat.
836 5160 991 5224 1270,
1039 5154 1203 5221 645i,
1248 5166 1304 5211 et
1353 5155 1603 5227 Casinen.
1655 5154 1911 5225 singulari

326 5233 941 5379 3263333331220
964 5294 1487 5379 Si
1516 5312 1657 5379 erae-

400 5374 418 5413 τ
451 5373 596 5429 Cod.
619 5371 741 5426 Vat.
772 5370 928 5432 1270,
960 5368 1119 5433 6451,
1150 5374 1204 5420 ct
1232 5366 1410 5422 Casin.
1431 5408 1447 5430 ,
1470 5368 1801 5435 repelluntur.

398 5455 423 5487 κ
454 5442 599 5497 Cod.
629 5442 827 5503 Casin.,
853 5458 885 5492 a
914 5448 990 5503 te,
1022 5437 1266 5499 Domine,
1300 5436 1557 5507 peribunt.

399 5512 423 5551 δ
452 5511 598 5567 Cod.
622 5511 740 5565 Vat.
777 5511 930 5573 1270,
982 5507 1123 5561 debet
1173 5507 1447 5577 jejunare,
1497 5515 1546 5559 et
1573 5506 1785 5567 imitari,
1820 5506 1914 5559 hoc

328 5601 439 5689 eu:
452 5592 695 5715 ίιξιῗέκὶι
718 5648 840 5704 cod.
864 5648 920 5700 S.
954 5646 1138 5701 Crucis
1185 5647 1235 5699 in
1264 5643 1372 5699 Jer.
1396 5662 1408 5707 ;
1431 5642 1731 5699 Galesinius
1760 5659 1909 5705 vero.

2017 5081 2371 5138 Christianum
2398 5099 2491 5153 pro
2519 5083 2683 5153 salute
2708 5081 2921 5153 sua/ioc
2949 5095 3071 5153 nonA
3103 5082 3299 5152 facere,
3328 5083 3464 5153 quod
3507 5098 3593 5153 pe-

2017 5154 2171 5211 cudes
2200 5171 2290 5224 pro
2303 5149 2489 5224 _salute
2515 5152 2775 5224 hominum
2804 5151 3032 5218 fecerunt
3342 5149 3375 5174 ”

2138 5220 2271 5279 God.
2302 5221 2551 5277 Urbevet.
2568 5262 2582 5286 ,
2616 5220 2819 5273 stultior
2842 5233 2940 5286 pro
2964 5220 3220 5275 stolidior.

2153 5292 2286 5349 Cod.
2320 5291 2572 5346 Urbevet.
2629 5304 2733 5341 non
2772 5288 2936 5343 habet
2959 5291 3121 5344 verba
3152 5299 3272 5343 tunc
3294 5299 3342 5343 te
3371 5290 3593 5343 mandu-

2018 5379 2157 5428 care,
2187 5381 2302 5417 cum
2330 5362 2586 5417 abstinere
2614 5358 2819 5413 debeas.

2090 5445 2113 5469 υ
2145 5434 2277 5488 Cod.
2312 5431 2433 5484 Vat.
2455 5470 2470 5495 ,
2493 5446 2605 5483 cum
2635 5429 2819 5483 debeas
2848 5429 3071 5499 plorare.

2089 5513 2113 5539 ⁸
2135 5502 2270 5557 Cod.
2305 5501 2457 5566 Vat.,
2482 5502 2732 5569 possimus
2760 5497 2854 5568 per
2868 5498 3045 5569 Iesum
3100 5497 3361 5554 Christum
3418 5497 3597 5551 Domi-

2016 5591 2137 5627 num
2160 5582 2410 5632 nostrum,
2442 5568 2527 5639 qui
2552 5587 2667 5624 cum
2697 5568 2857 5623 Patre
2884 5580 2933 5622 et
2963 5568 3161 5639 Spiritu
3207 5580 3393 5625 sanctor
3413 5571 3527 5621 vivit
3548 5580 3594 5618 et

2016 5652 2195 5716 regnat
2224 5644 2277 5695 in
2308 5640 2495 5695 scecula
2525 5640 2850 5695 mentorum.
2881 5640 3059 5693 Amen.
