4054 6190
431 261 534 312 665
1649 261 1706 316 S.
1749 260 1988 315 MAXIM!
2025 260 2474 319 TACRINENSIS
3597 265 3700 322 468

428 377 568 446 fuge.
593 375 650 430 Si
682 385 738 430 tu
760 390 984 446 peccare
1003 375 1244 441 desieris,
1273 375 1444 429 victus
1469 381 1549 426 est
1579 375 1842 428 inimicus.
1875 374 2011 428 Dicit
2041 383 2083 434 Α
2116 393 2247 432 neos
2272 381 2515 438 libertate
2542 384 2779 438 victurus
2799 385 2895 438 es?
2917 383 3104 439 Nonne
3125 400 3246 439 cum
3275 385 3423 454 loqui
3450 387 3696 454 coeperis,

427 468 496 522 ad
525 468 794 522 Abraham
839 467 1116 536 Scriptura
1152 466 1331 520 divina
1357 481 1452 535 per
1499 465 1684 520 decem
1723 464 1897 533 justos
1921 481 2013 534 pa-
2119 471 2402 538 objiciatur
2422 474 2536 536 tibi,
2570 476 2708 530 unde
2740 475 2838 530 iste
2865 477 3094 542 exsulat,
3125 477 3266 531 unde
3315 477 3420 532 iste
3451 475 3700 545 fugitivus

430 559 586 614 triam
614 573 776 628 posse
799 557 1015 612 salvari.
1045 556 1213 624 Igitur
1239 556 1286 609 si
1321 556 1451 624 justi
1499 563 1624 610 sunt
1668 556 1757 625 qui
1809 555 2012 608 salvam
2118 561 2370 614 advenit?
2398 562 2528 616 Nam
2558 573 2614 618 et
2659 575 2895 620 nostram
2940 567 3217 621 civitatem
3246 567 3553 636 opprimere
3578 568 3698 622 niti-

427 651 636 706 faciunt'
655 649 902 720 patriam,
953 650 1135 717 utique
1183 648 1364 716 iujusti
1391 656 1515 702 sunt
1541 648 1633 714 qui
1676 649 2010 716 relinquunt;
2119 660 2229 714 tur,
2264 661 2322 704 ut
2347 654 2576 721 patriam
2606 671 2754 709 suam
2779 657 3078 725 oppressit?
3099 656 3126 694 ι)
3149 657 3227 710 lta
3249 657 3600 728 aporiaberis,
3629 659 3696 714 ita

426 752 481 796 et
499 743 545 796 si
574 742 650 795 illi
677 748 897 810 propter
925 740 1262 809 prmsentiam
1291 755 1440 793 suam
1465 749 1866 810 consequuntur
1892 755 2012 808 gra-
2116 743 2546 810 conturbaberis,
2581 753 2638 799 ut
2668 747 2901 800 libertati
2947 756 3052 802 tum
3083 759 3329 804 metuens
3358 751 3598 806 verearis
3633 767 3698 806 ne

428 833 576 894 tiam,
621 845 844 886 necesse
878 838 960 884 est
989 839 1046 883 ut
1073 831 1126 884 hi
1157 838 1378 900 propter
1419 828 1596 897 fugam
1623 831 2009 885 desolationem
2117 831 2431 899 ingenuitati
2481 844 2586 890 tua:
2635 837 2705 892 ibi
2749 855 2856 892 non
2905 840 3146 894 invenias
3197 849 3542 895 assertorem.
3577 841 3697 896 Mihi

428 929 756 978 mereantur.
789 920 1208 992 3061njustus
1246 921 1407 990 plane
1435 929 1489 974 et
1529 921 1720 990 impius
1747 928 1830 974 est
1851 919 2010 984 ﬁlius,
2114 924 2303 989 crede;
2331 926 2382 979 in
2412 927 2584 980 aliena
2610 929 2779 996 patria
2821 937 2964 982 tanta
2995 932 3273 985 auditurus
3301 945 3387 993 es,
3419 939 3620 1000 quanta
3646 932 3697 985 in

427 1015 518 1082 qui
545 1013 945 1084 periclitantem
973 1012 1174 1066 deserit
1215 1021 1460 1066 matrem.
1493 1000 1664 1066 Mater
1700 1011 1843 1066 enim
1871 1027 2011 1080 quo-
2115 1024 2204 1067 tua
2229 1017 2402 1084 patria
2433 1018 2550 1071 aliis
2578 1033 2719 1086 szrpe
2742 1019 2938 1072 dixisti.
2971 1019 3104 1074 lllud
3125 1029 3304 1075 autem
3342 1021 3471 1075 nolo
3499 1021 3692 1089 dicere,

426 1105 714 1161 dammodo
742 1105 914 1159 dulcis
942 1113 1026 1160 est
1054 1105 1244 1174 patria,
1275 1117 1394 1172 qua:
1444 1112 1499 1158 te
1541 1104 1746 1170 genuit,
1792 1118 1912 1172 qua:
1958 1112 2012 1156 te
2111 1105 2254 1173 quod
2278 1109 2522 1175 quamvis
2549 1108 2698 1162 dives
2721 1109 2794 1162 sis
2815 1109 2866 1162 in
2896 1110 3068 1177 patria
3100 1118 3216 1174 tua,
3249 1112 3493 1178 quamvis
3520 1113 3684 1182 copiis

428 1195 670 1260 nutrivit,
692 1209 831 1264 qum,
860 1202 918 1247 ut
948 1191 1132 1262 fugere
1162 1194 1353 1262 possis,
1388 1202 1441 1247 te
1459 1194 1678 1248 divitem
1705 1194 1846 1248 fecit.
1879 1193 2009 1247 Nam
2113 1193 2440 1264 perfruaris;
2471 1197 2653 1250 statim
2685 1207 2742 1250 ut
2761 1198 2955 1251 exieris
2981 1198 3047 1252 de
3067 1198 3227 1253 domo
3255 1209 3375 1268 tua,
3410 1201 3693 1267 mendicus,

427 1289 472 1341 si
499 1303 608 1342 non
636 1287 732 1341 tibi
761 1294 1073 1356 suppeteret
1097 1294 1407 1355 sumptuum
1435 1287 1654 1354 copiosa
1691 1287 2006 1349 substantia,
2113 1294 2168 1338 ct
2197 1301 2398 1355 pauper
2419 1302 2494 1339 es.
2510 1286 2648 1341 Dicit
2669 1302 2797 1355 ergo
2822 1287 2963 1342 Deus
2993 1289 3060 1341 ad
3092 1289 3361 1344 Abraham
3389 1305 3488 1360 per
3515 1290 3693 1347 decem

429 1377 564 1446 fuga
584 1377 887 1447 praesidium
911 1392 1016 1431 non
1047 1377 1302 1441 inuberes;
1331 1385 1492 1447 atque
1522 1377 1642 1432 ideo
1671 1378 1893 1431 avaritia
1922 1377 2015 1431 du-
2106 1376 2282 1445 justos
2311 1379 2579 1434 civitatem
2600 1395 2756 1449 posse
2784 1381 2999 1436 salvari.
3036 1381 3174 1436 Male
3205 1383 3362 1450 igitur
3390 1383 3457 1438 de
3485 1391 3540 1438 te
3573 1401 3695 1450 sen—

429 1479 563 1534 ctus,
605 1469 748 1524 dum-
778 1468 975 1522 metuis
1019 1467 1233 1521 divitias
1273 1477 1394 1522 tuas
1423 1468 1666 1536 perdere,
1716 1468 1909 1537 impius
1958 1468 2010 1520 in
2113 1471 2200 1533 tis,
2233 1471 2426 1539 populc
2453 1470 2775 1537 Christiane,
2805 1474 2850 1526 si
2901 1473 2953 1526 in
3001 1481 3152 1528 tanto
3199 1483 3343 1530 cmtu
3397 1483 3585 1530 nostro
3633 1477 3695 1531 ad

428 1569 653 1617 matrem
681 1575 800 1616 esse
827 1575 936 1614 non
965 1560 1195 1614 dubitas.
1239 1558 1392 1613 Unde
1427 1560 1771 1628 intelligimus
1812 1569 1864 1614 te
1893 1560 2012 1629 plus
2112 1561 2418 1616 salvandam
2467 1562 2623 1632 307
2671 1563 2942 1617 civitatem
2994 1563 3178 1619 decem
3219 1563 3396 1633 justos
3423 1580 3542 1621 esse
3592 1581 3694 1620 non

428 1652 667 1722 pecunia:
699 1659 803 1705 tua:
830 1649 1110 1705 consulere
1130 1665 1288 1718 quam
1317 1647 1603 1703 saluti.Dic
1626 1650 1776 1716 mibi,
1808 1666 1841 1702 ο
1871 1649 2012 1702 bone
2113 1651 2307 1707 credis.
2334 1651 2468 1704 Dum
2507 1653 2648 1706 enim
2678 1653 2883 1707 deseris
2911 1654 3159 1722 patriam,
3192 1654 3464 1724 proﬁteris
3509 1672 3617 1710 non
3645 1657 3695 1709 in

430 1745 582 1809 civis,
607 1759 703 1799 cur
724 1741 908 1811 fugere
931 1742 1206 1810 disponis?
1235 1739 1343 1794 Cur
1388 1741 1617 1810 patriam
1651 1741 2010 1810 derelinquis?
2046 1747 2086 1804 Β
2115 1757 2177 1796 ea
2213 1757 2332 1796 esse
2368 1742 2557 1810 dignos
2585 1759 2813 1812 quorum
2835 1745 3038 1799 meritis
3065 1745 3345 1798 liberetur.
3379 1745 3447 1798 At
3475 1759 3577 1814 ego
3605 1761 3695 1799 ve-

430 1836 810 1904 Captivitatem
841 1831 1069 1887 fortasse
1099 1832 1326 1898 metuis,
1350 1841 1370 1867 ⁸
1403 1831 1529 1885 dare
1557 1831 1768 1886 veniam
1797 1847 1905 1886 non
1936 1833 2016 1885 in-
2116 1849 2241 1886 reor
2263 1847 2350 1898 ne,
2381 1833 2632 1886 omnibus
2679 1833 2732 1886 in
2761 1848 2825 1886 ea
2849 1831 3007 1901 justis
3035 1833 3238 1888 relictis
3260 1876 3275 1900 ,
3326 1843 3383 1888 tu
3410 1835 3578 1901 solus,
3609 1834 3694 1902 qui

430 1925 654 1993 Ielligis?
680 1923 866 1977 Nescis
887 1922 1029 1992 quod
1051 1923 1166 1976 haec
1186 1929 1270 1975 est
1294 1922 1462 1991 prima
1485 1922 1768 1990 captivitas
1787 1924 2014 1992 patriam
2116 1923 2339 1988 deseris,
2367 1923 2658 1977 inveniaris
2699 1921 2945 1990 iujustus.
2991 1921 3099 1977 Sed
3125 1923 3252 1978 nolo
3281 1922 3348 1977 de
3375 1922 3563 1977 decem
3586 1922 3696 1990 jus-

430 2004 552 2070 uon'
570 2014 770 2078 videre,
801 2022 875 2075 et,
908 2011 1055 2081 quod
1084 2011 1297 2079 gravius
1325 2020 1408 2066 est
1433 2012 1578 2066 omni
1608 2012 1780 2077 malo,
1809 2013 2018 2067 hostilis
2117 2025 2291 2068 torum
2313 2031 2537 2069 numero
2568 2023 2620 2068 te
2649 2014 2950 2084 perturbes.
2992 2013 3241 2082 Legimus
3269 2022 3449 2068 autem
3476 2011 3620 2083 quod
3633 2013 3695 2066 de

430 2105 874 2176 peregrinationis
901 2104 1146 2158 exsilium
1174 2103 1480 2159 sustinere?
1500 2102 1672 2170 Solet,
1697 2104 1788 2172 qui
1817 2104 2017 2173 aliquid
2119 2105 2516 2160 Sodomitarmn
2565 2103 2776 2158 excidio
2818 2105 2979 2174 308
3017 2104 3222 2158 meritis
3242 2103 3352 2158 suis
3379 2101 3518 2157 Loth
3556 2101 3698 2157 solus

429 2196 645 2252 sceleris
669 2193 963 2257 admiserit,
987 2191 1290 2260 hujusmodi
1320 2207 1480 2261 pinna
1520 2192 1785 2257 damnari,
1816 2203 1874 2247 ut
1902 2195 2015 2263 pel-
2121 2198 2424 2252 liberaverit
2446 2197 2721 2250 civitatem
2754 2213 2765 2247 :
2809 2195 2952 2264 quod
2979 2195 3098 2265 plus
3121 2195 3351 2248 valuerit
3392 2193 3460 2248 ad
3486 2193 3696 2249 salvan-

430 2288 568 2340 latur
595 2285 789 2355 patria,
815 2283 1128 2351 regionibus
1152 2283 1436 2350 incognitis
1462 2283 1747 2350 relegetur.
1781 2283 1896 2339 Hoc
1923 2285 2015 2352 igi-

2198 2308 2238 2345 ll]
2269 2291 2426 2345 unius
2441 2289 2631 2356 gratia,
2662 2303 2822 2356 quam
2851 2285 2918 2340 ad
2953 2285 3298 2340 everteudum
3323 2293 3546 2356 peccata
3573 2283 3698 2337 mul-
3794 2334 3799 2340 .

429 2389 516 2432 tur
541 2378 736 2432 malum
761 2376 998 2445 propria,
1011 2375 1108 2429 tibi
1141 2374 1393 2445 provides
1422 2376 1716 2442 voluntate,
1755 2377 1898 2447 quod
1925 2393 2014 2432 so-
2116 2394 2310 2438 torum.
2343 2379 2570 2434 Excunti
2592 2379 2736 2434 enim
2777 2377 2853 2431 illi
2890 2377 2957 2430 de
2995 2376 3248 2431 Sodomis
3293 2375 3510 2445 hospitii
3541 2389 3696 2428 causa

431 2471 500 2522 lct
521 2467 768 2537 supplicii
797 2483 960 2522 causa
989 2467 1273 2520 damnatus
1301 2468 1568 2536 excipere.
1599 2467 1707 2524 Sed
1750 2485 2016 2540 ponamus
2115 2478 2286 2542 Segor
2313 2488 2476 2542 parva
2501 2469 2840 2525 conceditur.
2873 2467 3027 2535 Quod
3055 2469 3100 2521 si
3122 2468 3269 2535 justo
3300 2467 3499 2536 hospiti
3532 2465 3698 2520 dona-

431 2572 482 2616 te
533 2561 661 2616 forti
688 2573 810 2615 esse
850 2559 1049 2622 animo,
1098 2566 1154 2612 et
1177 2559 1550 2628 aequanimiter
1596 2561 1828 2616 tolerare
1859 2579 2017 2632 posse
2119 2577 2207 2621 tur
2260 2565 2470 2629 civitas,
2505 2567 2714 2629 quanto
2764 2559 2934 2626 magis
2973 2558 3122 2628 justo
3172 2557 3346 2630 patria
3391 2556 3700 2614 conceditur

431 2651 875 2724 peregrinationis
899 2650 1176 2720 injuriam;
1207 2650 1294 2706 dic
1322 2651 1450 2711 mihi
1470 2692 1486 2718 ,
1518 2669 1622 2723 qua
1653 2654 1794 2710 inter
1837 2665 2009 2712 extra-
2119 2653 2449 2728 possessori?
2484 2650 2734 2721 Explicit.

1778 2749 2123 2812 HOMILIA
2172 2745 2363 2808 XCII.

1171 2845 1250 2900 De
1272 2845 1505 2900 barbaris
1535 2864 1636 2903 non
1667 2849 1903 2905 timendis
1927 2853 1972 2906 ei
1997 2854 2080 2924 qui
2114 2851 2279 2906 Deum
2305 2849 2468 2913 timet,
2492 2855 2541 2899 et
2566 2845 2628 2897 de
2650 2843 2710 2898 S.
2744 2841 2938 2898 Elisazo
2973 2842 3024 2898 1.

1853 2937 2244 2995 ADMONITIO.

501 3027 856 3092 Mabillonius,
881 3027 973 3096 qui
1019 3025 1162 3080 hanc
1192 3033 1247 3079 et
1265 3034 1583 3094 sequentem
1607 3027 1880 3084 homiliam
1921 3033 2124 3096 reperit
2151 3031 2206 3085 in
2234 3027 2435 3084 celebri
2457 3041 2583 3079 mss.
2609 3023 2966 3096 Sangallensi,
2995 3025 3228 3096 priorem
3254 3025 3398 3096 inter
3424 3038 3699 3096 sermones

503 3047 856 3092 mamuontus,
881 3047 973 3096 ψη
1021 3047 1162 3080 nam:
1192 3047 1247 3079 Cl-
1265 3047 1583 3094 sequentem
1607 3047 1880 3084 ttomlltam
1921 3047 1979 3086 re
2020 3047 2124 3087 erlt
2151 3047 2206 3085 In
2234 3047 2435 3084 celeDl'l
2457 3047 2583 3079 11155.
2610 3047 2966 3091 aauguucnsn,
2995 3047 3228 3094 pI'IOI'CIIl
3254 3047 3398 3078 ιηιει·
3424 3047 3699 3079 εει-11101165

435 3099 701 3154 Ambrosii
724 3098 834 3166 jam
863 3098 1132 3165 vulgatam
1171 3096 1340 3161 dixit;
1389 3097 1616 3166 alteram
1657 3099 1711 3153 in
1741 3099 1922 3156 Μυεέο
1964 3047 2151 3156 θαιὶεο
2200 3107 2334 3154 tom.
2366 3097 2409 3166 l,
2440 3104 2594 3166 parte
2623 3095 2676 3160 2,
2709 3103 2764 3148 et
2806 3095 3034 3165 primam
3066 3109 3133 3166 ex
3152 3094 3444 3166 duodecim
3476 3095 3702 3166 homiliis

430 3173 488 3226 S.
521 3163 975 3241 Maximiiueditis
991 3167 1308 3241 publicavit.
1333 3165 1602 3241 Admonet
1627 3174 1808 3241 tamen
1832 3172 1884 3226 in
1915 3173 2248 3241 pnefatione,
2279 3163 2498 3241 quodsi
2529 3163 2964 3241 Masimus'anno
3003 3165 3192 3241 salutis
3235 3163 3358 3229 420,
3385 3164 3539 3241 juxta
3562 3163 3699 3241 Gen-

431 3241 647 3295 nadium
677 3238 745 3292 ad
771 3235 1007 3307 superos
1023 3245 1244 3292 evectus
1284 3235 1616 3304 fuisset,nun
1657 3235 2025 3297 invenirentur
2067 3258 2134 3298 eo
2166 3235 2412 3308 tempore
2439 3235 2654 3308 barbari
2680 3235 2894 3308 italiam
2922 3236 3256 3308 invadentes,
3286 3249 3404 3308 cum
3429 3235 3701 3308 calamitas

432 3312 520 3366 illa
553 3310 721 3365 multo
749 3305 923 3362 serius
952 3308 1210 3374 contigit;
1236 3322 1405 3375 quare
1447 3315 1538 3361 aut
1568 3311 1803 3365 concidit
1829 3310 2095 3368 Gennadii
2143 3305 2513 3366 testimonium
2541 3305 2608 3360 de
2643 3306 2794 3360 obitu
2823 3306 2884 3360 S.
2907 3305 3167 3375 Maximi,
3199 3315 3291 3359 aut
3311 3305 3447 3359 alius
3476 3305 3701 3375 homilia'.

433 3388 622 3453 auctor
649 3388 732 3434 est
760 3378 1127 3447 inquirendus.
1153 3374 1288 3432 Huic
1307 3375 1609 3453 difﬁcultati
1630 3380 1956 3438 satisfecisse
1979 3381 2303 3453 videmurjn
2319 3376 2710 3453 commentario
2732 3376 2866 3453 Vita:
2976 3375 3214 3453 Maximi,
3247 3375 3336 3453 ubi
3367 3390 3465 3445 per
3492 3374 3697 3453 longam

434 3450 776 3506 homiliarum
797 3443 852 3504 et
873 3463 1184 3504 sermonum
1212 3449 1408 3503 seriem
1437 3446 1924 3508 demonstravimus
1967 3460 2182 3506 mtatem
2226 3451 2282 3504 S.
2315 3448 2572 3504 antistitis
2603 3445 2949 3501 Taurinensis
2982 3443 3124 3501 circa
3151 3443 3498 3499 medietatem
3528 3443 3698 3498 saeculi

473 3521 613 3594 uinti
627 3535 745 3594 esse
772 3519 1162 3594 collocandam,
1195 3527 1253 3572 ut
1280 3533 1399 3594 qum
1427 3517 1492 3572 de
1515 3534 1581 3573 eo
1600 3521 1771 3594 certis
1784 3521 2138 3594 documentis
2183 3521 2484 3594 traduntur,
2530 3517 2682 3570 ﬁrma
2719 3517 3038 3594 consistant.
3065 3514 3268 3569 Eadem
3308 3514 3700 3594 recenset-ipse

473 3539 602 3574 Iuntl
627 3539 745 3574 esse
772 3539 1162 3584 COtlocanuam,
1195 3539 1253 3572 Ut
1280 3539 1399 3588 qua:
1427 3539 1492 3572 uc
1515 3539 1581 3573 co
1609 3539 1771 3577 certis
1800 3539 2138 3577 documentis
2183 3539 2484 3578 traduntur,
2530 3539 2682 3570 unua
2719 3539 3038 3571 υυιιδιδιειιιι.
3065 3539 3268 3569 nauem
3308 3539 3560 3569 recenset
3592 3539 3700 3583 Ipse

432 3539 796 3656 glabillonius,
827 3599 1060 3658 suntque
1091 3589 1196 3642 duo
1226 3588 1434 3644 scilicet
1460 3590 1686 3644 concilia
1706 3631 1720 3655 ,
1752 3591 2153 3647 Mediolanense
2182 3599 2342 3659 atque
2373 3589 2696 3652 Romanum,
2719 3586 2914 3659 quibus
2935 3595 3142 3659 certum
3165 3594 3246 3640 est
3267 3592 3512 3659 sanctum
3538 3583 3701 3659 Maxi-

433 3675 580 3732 mum
609 3654 933 3732 interfuisse.
959 3654 1038 3714 Ne
1063 3659 1262 3732 diutius
1290 3672 1420 3726 ergo
1450 3654 1805 3730 inexplorata
1828 3663 2036 3732 epocha
2071 3663 2126 3716 S.
2153 3654 2371 3714 Maiimi
2399 3654 2766 3732 immorernur,
2801 3657 3076 3711 homiliam
3107 3656 3248 3732 hanc
3271 3655 3372 3732 ipsi
3400 3654 3700 3732 conceden-

433 3731 555 3784 dam
585 3730 919 3800 proﬁtemur,
946 3729 1294 3800 suadentibus
1333 3722 1441 3800 non
1485 3722 1719 3800 tam'mvi
1752 3722 1894 3787 illius
1921 3732 2358 3800 circumstantiis,
2389 3743 2550 3800 quam
2593 3727 2764 3800 tribus
2785 3742 3009 3800 summa:
3039 3722 3376 3800 auctoritatis
3401 3722 3694 3800 codicibus,

433 3794 639 3855 scilicet
665 3799 1049 3861 Ambrosiano,
1080 3798 1414 3864 Sangallensi
1446 3799 1631 3853 homil.
1666 3800 1762 3863 75,
1793 3809 1850 3855 et
1893 3801 1948 3856 S.
1996 3802 2184 3857 Crucis
2214 3803 2266 3854 in
2298 3794 2596 3854 Jerusalem
2623 3797 2692 3849 99
2722 3796 2908 3850 homil.
2937 3795 3027 3849 2L
3083 3794 3285 3850 Eorum
3325 3795 3515 3864 titulus
3541 3807 3702 3864 penes

431 3869 536 3924 hos
558 3871 692 3940 duos
721 3868 1049 3940 posteriores
1094 3863 1309 3920 codices
1323 3867 1648 3940 confomis,
1679 3870 1774 3940 sed
1817 3871 2162 3938 imperfectus
2192 3873 2366 3940 (deest
2405 3867 2546 3940 enim
2572 3866 2698 3940 illis)
2731 3868 2810 3921 sic
2840 3867 3070 3940 habetur
3102 3883 3114 3920 :
3148 3863 3495 3940 De‘lgarbaris
3519 3879 3621 3916 non
3642 3863 3703 3914 ti-

436 3939 655 3999 mendis,
687 3934 772 4006 qui
799 3937 1180 4006 Deumtiment,
1210 3943 1260 3985 et
1298 3935 1460 4006 dei.
1495 3934 1709 3990 Eliswo.
1740 3937 1858 3992 Duo
1887 3934 2104 3994 codices
2135 3934 2431 4006 Ambrosio
2461 3936 2736 3989 homiliam
2782 3936 3117 4006 ascribentes
3154 3935 3312 3989 nobis
3338 3934 3701 4006 adversantur,

435 4022 666 4076 quorum
695 4003 833 4076 unus
859 4013 943 4059 est
970 4004 1260 4076 Vaticanus
1308 4003 1442 4056 1277
1472 4018 1591 4072 pag.
1625 4006 1720 4072 60,
1766 4009 1902 4063 alter
1924 4008 2318 4064 Laurentianus
2346 4025 2380 4062 x
2411 4005 2552 4076 Plut.
2583 4021 2670 4076 xiv
2696 4019 2818 4074 pag.
2851 4005 2985 4069 541;
3017 4015 3072 4059 at
3099 4013 3474 4076 argumentum
3506 4003 3578 4076 de_
3600 4017 3702 4076 quo

437 4071 546 4149 agit
583 4075 801 4149 homilia
830 4089 944 4149 aevo
963 4073 1238 4149 ﬁnibrosii
1278 4071 1690 4149 nonconveuit,
1723 4094 1847 4132 cum
1875 4077 1976 4149 sub
2006 4078 2424 4149 imperatoribus
2454 4071 3026 4149 Theodos'io'Seniore
3059 4084 3115 4130 et
3143 4071 3531 4149 Valentiniano
3559 4071 3702 4126 Italia

521 4160 651 4231 pace
688 4145 922 4231 quievit;
946 4143 1137 4231 deinde
1165 4143 1331 4231 dictio
1371 4143 1595 4227 Maximi.
1612 4157 1694 4201 est
1717 4148 1970 4231 propria;
2002 4143 2174 4231 atque.
2193 4148 2337 4231 apud
2364 4160 2558 4231 omnes
2587 4146 2804 4231 criticos
2835 4152 3191 4231 yetustatevet
3219 4145 3584 4231 uastimatione
3605 4157 3696 4196 co-

435 4213 582 4271 dides
611 4214 994 4284 Ambrosianus
1021 4222 1077 4268 et
1101 4213 1465 4282 Sangallensis
1492 4213 1750 4283 majorem
1795 4213 1954 4273 fidem
1998 4213 2098 4273 sibi
2127 4213 2420 4272 vindicant.
2458 4215 2564 4269 Nos
2594 4215 2804 4269 titulum
2828 4217 2984 4284 juxta
3014 4215 3256 4270 codicem
3287 4213 3700 4284 Ambrosianum

435 4286 850 4412 desiignavimusi.
873 4283 1184 4366 Gallandius
1206 4285 1494 4341 lectionem
1523 4282 1835 4355 Mabillonii,
1859 4289 1972 4343 sive
1998 4289 2202 4344 codicis
2228 4286 2594 4356 Sangallensis
2622 4282 2843 4341 secutus
2859 4294 2962 4351 est,
2985 4300 3145 4356 quam
3167 4283 3438 4353 uos-juxta
3461 4282 3706 4338 meliores

435 4373 502 4412 co
541 4372 649 4412 tces
677 4371 812 4412 suun
835 4369 1060 4411 evnmus.
2148 4369 2152 4372 ·

434 4369 649 4412 coaices
677 4369 1060 4426 supplevimus.
2148 4369 2152 4372 ·

435 4445 827 4502 Ancuusmuu.
849 4475 922 4518 -_-
952 4442 1217 4518 Populum
1234 4460 1384 4518 suum
1412 4445 1720 4518 adhortatur
1750 4447 1811 4501 S.
1832 4448 2028 4518 episco-
2053 4455 2098 4517 C
2129 4447 2492 4518 protegendos
2515 4447 2744 4502 famulos
2771 4461 2896 4502 suos
2915 4445 3176 4513 Christus,
3203 4461 3362 4515 quam
3385 4445 3628 4500 diabolus
3645 4441 3708 4497 ad

505 4533 598 4576 pus
629 4523 684 4598 ut
731 4533 793 4569 ne
821 4512 1153 4608 adventantes
1199 4512 1446 4608 barbaros
1491 4517 1682 4598 timeat,
1725 4518 1770 4570 si
1806 4512 2012 4570 dimicet
2069 4512 2097 4517 ⁷

2117 4539 2448 4608 instigandos
2473 4539 2736 4594 inimicos.
2773 4548 2796 4576 ε
2820 4537 3073 4605 Quamvis
3099 4539 3244 4593 enim
3271 4537 3418 4592 idem
3451 4535 3693 4591 diabolus

505 4588 762 4669 oratione,
782 4583 1137 4669 misericpzdia
1167 4591 1320 4653 atque
1336 4583 1570 4669 jejunio,
1587 4603 1700 4669 qiue
1720 4594 1840 4669 sunt
1868 4604 2016 4640 arma

505 4634 1133 4726 διεζίξάεάδῆιῆρληενι
1168 4634 1692 4726 έχξωριξῖῂξίέίίεᾎέίῖ
1717 4634 2020 4726 a",;_;,;
2119 4636 2338 4704 colligat
2366 4636 2469 4692 sibi
2523 4636 2727 4702 turbas,
2759 4643 2816 4691 et
2868 4636 3099 4692 crudelis
3126 4653 3220 4692 eas
3268 4642 3443 4692 armet
3485 4634 3708 4726 insania,

507 4726 677 4807 Syria:
695 4727 948 4807 appetitus
969 4723 1039 4807 ad
1065 4732 1309 4807 mortem,
1333 4724 1398 4776 de
1417 4723 1591 4778 divino
1613 4723 1782 4781 certus
1821 4723 2019 4781 auxilio
2129 4735 2307 4781 tamen
2356 4727 2510 4782 facile
2537 4727 2904 4793 destruuntur,
2937 4727 3061 4798 quia
3107 4726 3423 4782 melioribus
3457 4725 3710 4797 populum

505 4793 617 4864 ejus
638 4793 856 4849 insidias
885 4810 989 4849 non
1012 4793 1329 4865 formidavit.

2128 4833 2284 4871 suum
2300 4815 2549 4873 Salvator
2565 4817 2860 4873 circumdat
2879 4793 3122 4883 auxiliis;
3153 4819 3229 4873 ait
3254 4817 3397 4873 enim
3415 4793 3673 4888 propheta
3692 4831 3703 4865 :

506 4905 660 4976 Stepe
690 4917 712 4945 ο
736 4907 936 4961 dixisse
959 4921 1044 4960 me
1070 4903 1290 4960 memini
1317 4903 1463 4974 quod
1495 4905 1594 4960 hos
1622 4907 1882 4962 tumultus
1902 4906 2019 4961 hcl-
2131 4909 2383 4963 Immittet
2409 4911 2624 4979 angelus
2652 4910 2867 4966 Domini
2897 4913 2951 4966 in
2981 4913 3196 4966 circuitu
3219 4914 3506 4966 timentium
3525 4928 3635 4966 eum
3661 4918 3708 4962 et

437 4996 570 5051 licos
598 4997 788 5052 timere
816 4999 1034 5052 minime
1059 4996 1348 5052 debeamus
1388 5011 1487 5051 nec
1513 4997 1807 5066 quamlibet
1831 4997 2020 5066 copio-
2126 5001 2306 5070 eripiet
2347 5016 2436 5053 eos
2465 4999 2650 5070 (Psal.
2705 5003 2921 5072 xxxm).
2955 5001 3109 5070 Quod
3138 5003 3185 5057 si
3233 5004 3459 5071 angelus
3503 4997 3707 5057 Domini

437 5102 552 5140 sam
583 5087 815 5140 hostium
843 5089 1238 5143 multitudinem
1262 5086 1580 5152 formidare;
1602 5089 1858 5156 quoniam
1884 5089 2025 5142 sicut
2129 5090 2378 5145 timentes
2425 5105 2548 5144 eum
2579 5091 2646 5145 de
2691 5091 2941 5161 periculis
2969 5093 3149 5164 eripit,
3183 5109 3288 5148 non
3318 5102 3500 5163 potest
3528 5093 3706 5146 timere

438 5177 514 5230 ait
536 5173 563 5212 ἀ
597 5175 872 5241 Dominus,
905 5175 1082 5246 Major
1109 5187 1203 5244 est,
1235 5179 1319 5250 qui
1360 5179 1414 5231 in
1443 5179 1589 5230 nobis
1618 5187 1712 5242 est,
1736 5195 1910 5250 quam,
1939 5180 2026 5250 qui
2132 5180 2454 5245 barbarum,
2495 5182 2588 5250 qui
2622 5183 2862 5237 timuerit
2887 5183 3242 5247 Salvatorem,
3274 5200 3374 5239 nec
3393 5192 3570 5254 potest
3597 5195 3704 5236 me-

437 5270 491 5321 in
533 5268 627 5322 hoc
654 5266 843 5320 mundo
875 5265 942 5338 (Ι
967 5267 1124 5322 Joan.
1157 5270 1254 5341 ιν).
1297 5268 1413 5325 [loc
1452 5277 1533 5325 est
1562 5270 1834 5339 potentior
1851 5280 1934 5326 est
1961 5269 2030 5324 ad
2135 5278 2288 5325 tuere
2308 5271 2478 5325 hostis
2501 5271 2748 5342 impetus,
2775 5273 2867 5342 qui
2894 5271 3090 5328 Christi
3111 5283 3380 5344 pracepta
3400 5273 3698 5328 servaverit.

517 5391 541 5420 κ
827 5379 1013 5461 Crucis
1042 5381 1094 5434 in
1133 5380 1781 5461 denEmendatur‘editio
1806 5383 2025 5438 Gallan—
2132 5385 2280 5461 bros.
2314 5385 2452 5441 1569
2472 5387 2636 5461 habet
2669 5407 2680 5440 :
2715 5389 2868 5458 Saepe
2887 5407 2968 5443 me
2992 5391 3190 5444 dixisse
3209 5393 3439 5455 memini,
3474 5392 3604 5461 quod
3622 5390 3700 5442 Ill)-

439 5453 535 5520 dii,
569 5453 653 5524 u_bi
678 5451 910 5524 habetur
937 5451 1005 5503 da
1036 5451 1238 5524 veniam
1255 5468 1359 5524 non
1387 5455 1653 5524 intelligis.
1948 5522 1966 5524 _
2133 5456 2289 5508 stium
2319 5458 2585 5511 tumultus.

517 5529 540 5560 α’
579 5521 712 5575 Cod.
746 5519 1122 5598 l_0_La_ureut.,
1152 5521 1244 5590 qui
1274 5521 1328 5574 in
1357 5519 1573 5578 czetcris
1593 5524 1908 5591 concordat,
1939 5522 2024 5578 Ita
2204 5523 2229 5561 ἀ
2271 5525 2413 5598 Edit.
2443 5525 2730 5598 Gallandii,
2761 5529 2893 5581 sicut
2913 5531 2987 5582 ait
3017 5529 3308 5598 Apostolus.

441 5604 610 5648 autem
633 5591 1006 5663 aporiaberis._
1113 5661 1121 5663 _
1187 5662 1193 5663 γ
1282 5657 1304 5663 _
1493 5661 1502 5663 A
2208 5604 2230 5631 ε
2271 5595 2440 5658 Codd.
2487 5597 2610 5652 Vat.
2660 5597 2789 5651 1277
2815 5607 2869 5652 et
2898 5599 2966 5653 99
2991 5591 3262 5658 SfCrucis
3302 5603 3356 5656 in
3380 5601 3486 5657 Jcr.
3529 5603 3600 5656 ita
3627 5599 3694 5652 le-

520 5677 540 5704 ε
581 5657 807 5718 Ιίοόοίι.
857 5662 914 5718 S.
967 5660 1154 5717 Crucis
1183 5662 1238 5715 in
1276 5657 1411 5727 ,ια’Ὶ
1442 5661 1571 5716 edit.
1605 5663 1774 5720 Paris.
1806 5663 1862 5719 S.
1896 5663 2025 5720 Am-
2133 5673 2283 5733 gunt.
