4054 6190
314 407 414 462 465

1648 405 1929 462 HOMILIA
1971 408 2147 465 XCIII.

3491 420 3592 472 466

311 522 580 593 Ρτίιεεεριτι
604 522 745 577 enim
769 521 962 577 Chl'isli
989 535 1138 576 arma
1153 529 1276 575 sum
1296 520 1646 587 (Σδτίειὶθιιίες
1679 530 1733 575 ει
1759 522 1894 575 divi-
1928 528 1966 581 Α
2000 526 2190 580 adesse
2217 526 2419 581 diceret
2448 528 2781 595 defensores,
2815 531 2958 588 nec‘
2991 539 3169 587 metus
3191 533 3261 588 ab
3288 534 3381 589 illo
3411 546 3594 604 posset

311 633 410 670 nus
442 617 603 670 timor
642 624 901 670 terrorem
932 630 961 668 a
1002 614 1159 668 nobis
1186 614 1408 683 expellit
1437 613 1707 667 hostilem.
1740 614 1901 666 Arma

306 715 487 760 autem
509 706 625 759 haec
654 713 836 759 nostra
866 713 991 759 sunt
1018 704 1212 773 quibus
1229 719 1327 757 nos
1355 702 1602 756 Salvator
1630 702 1901 762 instruxit,

307 797 504 860 oratio,
536 795 924 859 misericordia,
957 804 1117 863 atque
1143 793 1439 862 jejunium:
1468 792 1731 861 jejunium
1760 791 1904 845 enim

306 888 502 943 melius
526 902 690 955 quam
734 900 920 939 murus
961 894 1168 950 tuetur;
1200 883 1566 938 misericordia
1598 880 1804 935 facilius
1840 881 1905 933 li-

308 982 464 1034 berat
512 993 675 1047 quam
727 977 950 1047 rapina;
999 976 1175 1030 oratio
1220 975 1431 1042 longius
1459 974 1705 1027 vulnerat
1744 986 1905 1040 quam

307 1072 525 1139 sagitta.
558 1069 764 1137 Sagitta
813 1068 957 1122 enim
1007 1067 1220 1122 nonnisi
1268 1066 1514 1135 proxime
1556 1073 1903 1133 conspectum

307 1164 545 1234 percutit
595 1163 988 1227 adversarium;
1029 1161 1205 1215 oratio
1256 1168 1435 1214 autem
1482 1159 1645 1213 etiam
1693 1157 1905 1225 longius

310 1256 546 1326 positum
576 1255 824 1308 vulnerat
876 1254 1167 1309 inimicum.
1213 1252 1303 1307 Sic
1330 1266 1563 1321 namque
1592 1249 1650 1305 8.
1683 1248 1905 1304 Elisazus

310 1349 595 1418 pr0pheta,
628 1362 751 1401 cum
774 1346 934 1399 vellet
956 1360 1077 1398 eum
1100 1360 1192 1399 rex
1216 1343 1383 1413 Syria:
1405 1344 1678 1411 captivare
1709 1357 1771 1396 ac
1797 1356 1906 1394 sine

307 1438 541 1493 subdere
567 1436 755 1491 ditioni
774 1477 787 1500 ,
811 1436 1101 1504 multisque
1132 1451 1254 1489 eum
1284 1443 1611 1488 armatorum
1641 1433 1899 1488 cinxisset

309 1528 632 1597 agminibus,
665 1543 776 1581 non
807 1536 891 1581 est
937 1528 1176 1591 territus,
1209 1542 1319 1581 non
1369 1526 1647 1590 turbatus;
1688 1525 1784 1579 sed
1831 1525 1907 1577 ait

312 1622 583 1677 nuntianti
611 1636 783 1692 puero
817 1640 829 1673 :
865 1619 993 1675 Noli
1022 1623 1198 1674 timere
1229 1637 1246 1673 :
1274 1620 1447 1691 plures
1468 1622 1602 1673 enim
1641 1620 1905 1673 nobiscum

311 1725 429 1770 sunt
459 1732 612 1787 quam
641 1731 754 1767 cum
779 1713 884 1767 illis
915 1712 1023 1779 (IV
1058 1712 1187 1783 Reg.
1213 1729 1283 1776 vl,
1318 1710 1430 1779 16).
1460 1721 1484 1747 λ
1510 1710 1554 1763 0
1577 1711 1707 1764 lides
1736 1710 1906 1765 sancti

311 1806 625 1878 prophetae!
660 1806 779 1860 Non
820 1805 974 1859 timet
1002 1804 1360 1867 adversarios,
1391 1818 1529 1871 quos
1572 1801 1597 1839 δ
1628 1802 1900 1872 perspicit,

2006 618 2235 685 auferri;
2276 629 2401 676 tunc
2432 625 2609 677 oravit
2638 624 2705 677 ad
2747 625 3058 690 Dominum,
3089 625 3274 681 dicens
3306 644 3320 679 :
3353 626 3593 691 Domine,

2006 711 2152 779 aperi
2171 713 2345 766 oculos
2367 715 2477 783 ejus
2507 726 2562 767 ut
2587 716 2774 769 videat.
2808 716 2877 770 Et
2899 718 3068 788 aperti
3089 729 3207 772 sunt
3229 720 3362 773 oculi
3386 720 3516 790 ejus,
3547 730 3596 773 et

2005 802 2147 867 vidit,
2174 812 2223 855 et
2251 820 2367 857 ecce
2388 822 2535 859 mons
2567 816 2698 860 totus
2722 808 2906 879 plenus
2932 819 2956 855 8
2988 813 3215 881 equitatu
3236 810 3344 882 (IV
3368 811 3494 883 Reg.
3522 829 3593 874 vl,

2008 892 2119 961 17),
2152 904 2208 948 et
2234 896 2461 964 reliqua.
2486 896 2670 953 Oratio
2699 913 2828 967 ergo
2859 899 3143 971 Propheta:
3172 904 3383 972 aperuit
3412 904 3597 958 oculos

2005 987 2180 1055 pueri.
2205 987 2321 1041 Non
2353 990 2545 1043 mirum
2574 992 2617 1044 si
2649 994 2823 1047 oratio
2851 995 3057 1062 aperuit
3081 996 3285 1060 oculos,
3306 1004 3365 1049 ut
3391 996 3598 1050 videret

2006 1078 2323 1143 exercitum,
2354 1093 2475 1147 qua:
2503 1082 2716 1150 aperuit
2742 1083 2958 1148 cadum,
2988 1093 3048 1138 ut
3076 1087 3281 1141 veniret
3304 1088 3593 1142 exercitus.

2006 1166 2122 1220 Non
2154 1169 2365 1233 mirum,
2411 1170 2649 1240 inquam,
2683 1173 2727 1228 si
2755 1189 2923 1229 novos
2953 1173 2981 1212 ξι
3006 1178 3237 1231 senserit
3266 1179 3425 1247 310
3464 1193 3586 1233 ocu-

2007 1257 2108 1321 los,
2134 1260 2223 1327 qui
2255 1277 2392 1315 nova
2426 1272 2767 1332 promeretur
2787 1266 3005 1320 auxilia.
3046 1267 3061 1303 ί
3097 1268 3203 1321 Aut
3229 1283 3326 1322 cur
3354 1285 3459 1323 non
3482 1270 3597 1323 acie

2006 1350 2271 1418 producat
2301 1352 2599 1417 .obtutum,
2631 1355 2722 1421 qui
2763 1356 2907 1411 acies
2954 1356 3206 1412 instruxit
3250 1358 3596 1426 angelorum?

2007 1439 2132 1507 Cur,
2167 1443 2405 1510 inquam,
2439 1461 2547 1499 non
2570 1448 2818 1502 oratione
2846 1464 2943 1503 sua
2972 1450 2986 1499 i
3034 1450 3395 1504 habitudinem
3423 1452 3597 1520 pupil-

2007 1529 2176 1587 larum
2208 1534 2503 1602 detegeret,
2529 1537 2621 1604 qui
2648 1539 2855 1592 meritis
2875 1540 3158 1621 caliginem
3190 1542 3406 1595 nubium
3428 1558 3597 1611 pene-

2006 1626 2205 1680 travit?
2228 1625 2540 1681 Necessario
2561 1642 2690 1694 ergo
2705 1627 2760 1681 8.
2787 1628 3009 1684 Elisaeus
3040 1630 3143 1684 hoc
3170 1628 3314 1685 facto
3344 1632 3595 1687 ministro

2008 1718 2358 1774 formidoloso
2390 1720 2638 1789 praestitit
2666 1722 3008 1776 securitatem
3027 1763 3041 1786 ,
3074 1723 3159 1777 cui
3184 1722 3295 1789 jam
3326 1723 3597 1778 refuderat

2009 1812 2328 1876 claritatem,
2380 1819 2435 1866 et
2482 1812 2715 1867 removit
2760 1814 2827 1867 ab
2872 1828 2941 1867 eo
2988 1812 3330 1868 formidinem
3375 1814 3595 1877 cordis,

312 1902 478 1970 309
501 1898 759 1967 quoniam
782 1896 883 1950 scit
904 1896 1126 1963 angelos
1154 1910 1333 1949 secum
1355 1909 1497 1957 esse,
1527 1908 1664 1963 quos
1690 1892 1894 1956 credit;
1934 1907 1977 1965 Β
2004 1919 2032 1956 a
2091 1918 2199 1972 quo
2261 1912 2565 1957 removerat
2613 1904 2831 1959 visionis
2880 1905 3211 1972 meantem;
3267 1906 3593 1975 geminoque

313 2011 424 2049 non
456 1992 647 2047 metuit
697 1999 941 2045 terrenas
988 1988 1242 2050 insidias,
1274 1987 1397 2056 quia
1445 1986 1683 2041 cmlestia
1716 1986 1905 2039 adesse

311 2085 415 2139 sibi
447 2083 598 2137 novit
625 2081 841 2135 auxilia.
876 2078 1063 2132 Plures
1091 2080 1228 2132 enim
1270 2079 1535 2131 nobiscum
1586 2084 1723 2138 sunt,
1754 2091 1906 2145 quant

312 2193 425 2229 cum
452 2174 577 2227 illis.
607 2172 739 2226 Mira
771 2171 888 2225 res!
916 2170 1103 2226 Plures
1132 2171 1198 2225 de
1227 2171 1364 2225 cmlo
1387 2170 1699 2224 defensores
1727 2182 1905 2221 mere-

320 2278 407 2321 tur
432 2265 724 2329 sanctitas,
756 2278 919 2331 quam
949 2262 1003 2315 in
1042 2262 1202 2316 terris
1243 2270 1642 2331 oppugnatores
1687 2258 1909 2313 adduxit

314 2356 648 2427 improbitas.
699 2353 884 2408 Plures
934 2352 1198 2407 nobiscum
1240 2362 1387 2417 sunt,
1434 2354 1741 2423 quamcum
1779 2350 1902 2405 illis.

318 2460 341 2487 ε
362 2448 550 2503 Videte
574 2445 922 2501 beatitudinis
941 2446 1213 2500 meritum.
1233 2442 1505 2512 Propheta
1520 2443 1731 2497 nuntiat
1745 2443 1906 2497 etiam

314 2541 379 2595 de
399 2536 760 2602 multitudine,
780 2552 902 2591 cum
932 2552 1067 2605 puer
1081 2534 1256 2589 adhuc
1275 2535 1511 2588 incertus
1525 2534 1596 2587 sit
1617 2533 1683 2587 de
1712 2532 1904 2587 salute.

312 2630 598 2701 Spiritales
628 2629 768 2683 oculi
799 2626 1103 2683 carnalibus
1131 2633 1335 2694 quanto
1372 2625 1494 2694 plus
1521 2624 1777 2679 cernunt!
1812 2623 1911 2677 Hic

312 2722 571 2792 perspicit
598 2728 927 2774 armatorum
982 2733 1285 2782 numerum,
1318 2724 1374 2770 et
1422 2716 1511 2770 ille
1562 2731 1671 2769 non
1728 2716 1902 2770 cernit

310 2812 646 2868 defensionis
674 2811 949 2865 indicium.
974 2808 1185 2875 Quanta
1215 2816 1298 2863 est
1316 2808 1495 2862 divina
1519 2806 1905 2861 misericordia!

316 2904 570 2959 Defertur
598 2878 904 2957 hominibiis
928 2899 1250 2955 beneﬁcium
1271 2939 1286 2964 ,
1317 2914 1419 2954 nec
1466 2897 1677 2953 videtur
1708 2916 1719 2951 :
1754 2898 1910 2951 auxi-

315 2998 443 3052 lium
495 2995 867 3067 periclitantes
912 2999 1351 3061 consequuntur,
1382 2999 1439 3045 et
1486 2991 1752 3045 nesciunt.
1786 2988 1911 3044 Hzec

311 3088 453 3142 enim
484 3094 569 3142 est
589 3086 763 3155 pietas
800 3083 1114 3145 Salvatoris,
1142 3090 1201 3136 ut
1230 3082 1553 3138 interveniat
1585 3082 1766 3147 saluti,
1790 3079 1815 3117 δ
1847 3096 1912 3136 ac

312 3195 371 3234 se
418 3194 535 3233 non
568 3176 762 3248 prodat
790 3184 1041 3245 aspectu,
1072 3175 1337 3229 sentiatur
1382 3171 1687 3237 beneﬁciis,
1720 3180 1775 3227 et
1801 3188 1910 3227 non

2009 2009 2134 2047 eum
2173 2009 2527 2048 remunerans
2575 1993 2875 2060 beneficio,
2926 1996 3155 2050 absolvit
3193 1997 3311 2065 ejus
3358 2006 3596 2058 metum,

2008 2090 2065 2137 et
2117 2083 2349 2137 absolvit
2406 2084 2672 2138 obtutum.
2722 2085 2898 2139 Minus
2951 2087 3139 2141 timere
3197 2088 3399 2156 erepit,
3448 2096 3598 2156 post-

2008 2188 2169 2241 quam
2198 2173 2315 2240 plus
2343 2174 2526 2228 videre
2567 2176 2897 2243 promeruit;
2929 2192 3054 2229 nam
3082 2184 3137 2231 et
3179 2192 3368 2246 pacem
3398 2179 3599 2246 pariter

2008 2263 2335 2331 promeruit,
2356 2261 2382 2299 ¹ι
2411 2270 2469 2318 et
2496 2264 2688 2318 visum.
2721 2264 2778 2318 In
2813 2266 3084 2320 montibus
3127 2279 3257 2334 ergo
3303 2265 3597 2321 cernuntur

2011 2354 2224 2407 armati.
2255 2353 2494 2423 Apparet
2532 2370 2627 2409 eos
2656 2371 2784 2410 vere
2805 2356 3150 2411 descendisse
3172 2357 3241 2412 de
3267 2357 3426 2420 ccelo,
3456 2372 3596 2426 quo-

2010 2458 2128 2497 rum
2157 2442 2420 2499 adventus
2464 2445 2696 2514 primum
2745 2446 2800 2499 in
2844 2447 3119 2501 montibus
3147 2461 3267 2501 esse
3306 2447 3594 2515 reperitur.

2010 2536 2127 2605 Ipsa
2156 2536 2303 2590 enim
2330 2537 2573 2591 locorum
2597 2538 2911 2606 proximitas
2939 2538 3043 2592 hoc
3070 2538 3425 2601 demonstrat,
3456 2537 3599 2605 quod

2009 2626 2400 2682 descendentes
2422 2626 2490 2681 de
2513 2628 2650 2691 caelo
2674 2628 2887 2682 nonnisi
2905 2629 3032 2697 juga
3057 2628 3274 2683 collium
3297 2629 3398 2683 sibi
3426 2629 3599 2683 vicina

1958 2791 1962 2795 _
2010 2719 2354 2774 calcaverint.
2388 2718 2538 2774 Tunc
2590 2720 2751 2787 igitur
2796 2721 2973 2775 oravit
2999 2719 3248 2785 EIiSIBlJS,
3281 2728 3337 2774 et
3381 2735 3597 2774 omnem

2012 2812 2263 2867 hostilem
2286 2812 2581 2867 exercitum
2605 2814 2845 2868 caecitate
2872 2815 3153 2883 percussit.
3188 2814 3301 2867 Non
3331 2814 3523 2866 mirum
3552 2812 3598 2866 si

2012 2903 2331 2958 adversariis
2358 2905 2653 2960 cmcitatem
2683 2905 2880 2969 intulit,
2910 2906 3001 2973 qui
3033 2904 3231 2959 famulo
3270 2904 3490 2973 largitus
3517 2912 3598 2959 est

2011 2995 2344 3061 claritatem;
2369 3003 2425 3050 et
2452 2996 2498 3049 si
2526 2996 2772 3051 hostibus
2803 2994 2822 3033 ι
2857 2997 3093 3050 auferret
3112 2996 3300 3059 visum,
3331 2996 3424 3065 qui
3443 2995 3601 3049 mini-

2012 3096 2127 3142 stro
2177 3088 2427 3157 praestitit
2464 3096 2760 3157 aspectum.
2796 3087 2899 3143 Ubi
2945 3096 3070 3143 sunt
3108 3088 3199 3157 qui
3253 3088 3440 3143 dicunt
3481 3088 3599 3156 plus
3642 3088 3647 3089 ⁷

2011 3192 2172 3247 quam
2204 3192 2392 3247 preces
2419 3185 2727 3232 sanctorum
2748 3178 3026 3231 hominum
3057 3192 3206 3231 arma
3237 3177 3433 3246 posse?
3459 3173 3599 3230 Ecce

310 3280 567 3328 cernatur
596 3270 893 3325 obtutibus.
927 3266 1078 3323 Unde
1106 3275 1252 3322 errat
1278 3266 1370 3335 qui
1404 3274 1586 3336 putat,
1625 3281 1747 3321 cum
1776 3281 1904 3335 pro-
1935 3288 1980 3350 ο
2012 3285 2118 3323 una
2161 3270 2336 3323 oratio
2384 3268 2561 3323 Elisaai
2600 3277 2773 3323 totum
2830 3270 3127 3323 exercitum
3180 3269 3511 3331 vulneravit,
3544 3276 3601 3322 et

310 3380 467 3434 spere
481 3362 683 3431 aliquid
698 3361 940 3430 gesserit,
961 3359 1177 3429 propria
1198 3374 1256 3414 se
1279 3357 1589 3413 fortitudine
1600 3373 1903 3427 superasse.

311 3455 459 3511 Scire
481 3454 629 3509 enim
645 3453 805 3507 debet
825 3451 969 3521 quod
990 3450 1282 3505 adversarii
1313 3450 1519 3505 meritis
1551 3450 1721 3517 magis
1747 3464 1908 3517 quam

313 3547 511 3601 virtute
540 3545 859 3605 vincuntur,
888 3550 944 3597 et
964 3558 1075 3596 non
1104 3550 1214 3595 tam
1242 3543 1440 3597 virtute
1460 3558 1619 3611 quam
1648 3543 1906 3597 sanctita-

314 3646 361 3693 te
388 3645 754 3708 superantur;
777 3637 918 3691 sicut
936 3635 991 3691 S.
1008 3634 1230 3690 Eliszeus
1243 3636 1429 3690 hostes
1458 3651 1585 3691 suos
1605 3652 1712 3691 non
1736 3637 1899 3691 armis

312 3729 628 3801 superabat,
658 3728 754 3783 sed
775 3728 1022 3781 oratione
1049 3727 1314 3782 vincebat.
1357 3725 1490 3781 Nam
1518 3743 1641 3782 cum
1674 3738 1697 3765 ε
1724 3727 1898 3782 eidem

312 3822 565 3877 ministro
607 3835 727 3885 suo,
774 3818 842 3874 ad
870 3804 1249 3889 depellendum
1278 3816 1394 3887 ejus
1421 3818 1686 3884 timorem,
1720 3818 1899 3887 plures

2012 3360 2169 3414 unius
2196 3359 2476 3429 prophetae
2522 3358 2728 3413 meritis
2758 3368 2797 3393 ιιι
2826 3358 3067 3412 omnium
3097 3366 3182 3413 est
3222 3358 3457 3413 hostium
3497 3372 3600 3410 nu-

2008 3471 2190 3510 merus
2218 3454 2537 3523 captivatus.
2569 3452 2700 3519 Quae
2741 3460 2975 3507 catervae
2999 3464 3205 3518 regum,
3232 3466 3351 3519 quae
3374 3460 3400 3486 ιι
3426 3449 3597 3504 turbas

2006 3548 2237 3601 militum
2267 3545 2430 3600 talem
2459 3546 2743 3600 victoriam
2776 3553 3182 3614 perpetrarunt,
3226 3551 3286 3598 ut
3315 3544 3386 3597 ita
3413 3544 3595 3597 hostes

2005 3644 2410 3708 prosternerent
2432 3644 2491 3689 ut
2512 3636 2578 3691 de
2600 3636 2731 3705 ipsis
2753 3636 2930 3691 nullus
2949 3634 3332 3690 occumberet?
3357 3633 3482 3689 Haec
3509 3645 3591 3688 est

2005 3743 2131 3782 vera
2162 3738 2208 3791 ο,
2241 3728 2356 3782 haec
2397 3727 2678 3781 incruenta
2718 3727 2963 3789 victoria,
2997 3726 3089 3781 ubi
3130 3726 3209 3781 sic
3259 3724 3595 3781 adversarius

2006 3820 2255 3883 vincitur,
2287 3825 2346 3872 ut
2382 3817 2450 3871 de
2480 3817 2815 3873 vincentibus
2852 3832 3013 3873 nemo
3053 3816 3299 3873 laedatur.
3342 3815 3589 3887 Explicit.

1634 3927 1979 3990 HOMILIA
2025 3930 2247 3990 XCIII.

1595 4027 1674 4082 De
1701 4030 1879 4083 eodem
1912 4029 1973 4084 S.
2000 4028 2193 4084 Elisao
2226 4028 2308 4082 11.

1749 4119 2145 4173 ADMONITIO.

382 4216 545 4296 3.11

579 4211 918 4284 Consulenda
943 4221 1067 4267 sunt
1094 4228 1214 4284 qua:
1252 4212 1483 4268 diximus
1513 4214 1566 4267 in
1612 4212 1980 4284 admonitione
2017 4215 2315 4284 superiore.
2358 4213 2660 4271 Ostendunt
2698 4216 2841 4269 enim
2883 4216 3025 4269 hanc
3066 4229 3282 4284 quoque
3320 4216 3595 4271 homiliam

314 4283 540 4339 attribui
567 4283 803 4338 Maximo
829 4298 1083 4353 oportere
1102 4283 1126 4346 ξ
1150 4299 1321 4353 eaque
1368 4284 1559 4350 legitur
1588 4284 1641 4337 in
1690 4283 1879 4337 iisdem
1932 4283 2236 4349 codicibus,
2286 4286 2621 4353 Sangallensi
2677 4285 2864 4338 homil.
2900 4284 2990 4347 74,
3025 4283 3406 4349 Ambrosiano,
3448 4294 3503 4339 et
3526 4284 3597 4337 99

314 4356 369 4410 S.
403 4354 681 4424 Crucis_in
704 4353 1000 4408 Jerusalem
1030 4354 1216 4416 homil.
1250 4354 1338 4407 71.
1366 4354 1598 4407 Duorum
1628 4355 1869 4424 priorum
1900 4355 2088 4410 titulus
2116 4363 2197 4409 est
2224 4374 2235 4409 :
2283 4354 2589 4424 Sequentia,
2625 4355 2785 4421 hujus
2811 4354 3072 4423 postremi
3104 4355 3392 4424 inscriptio
3413 4373 3425 4406 :
3461 4354 3595 4424 Item

315 4428 567 4495 sequitur.
601 4422 731 4477 Post
760 4424 1123 4479 Mabillonium
1151 4425 1305 4479 novis
1333 4424 1470 4495 typis
1494 4422 1645 4479 hanc
1661 4426 1943 4495 exornavit
1973 4426 2246 4480 homiliam
2265 4422 2505 4495 Andreas
2532 4422 2853 4495 Gallandius
2872 4432 3004 4495 tom.
3031 4424 3122 4478 XI.
3153 4424 3292 4479 Bibl.
3325 4422 3593 4495 PP.7edAit.

316 4492 510 4549 Venet.
536 4494 903 4563 Scriptoribus
930 4496 1181 4549 codicum
1213 4492 1405 4549 Vatic'f
1432 4495 1565 4548 1277
1595 4509 1715 4565 pag.
1749 4494 1838 4555 61.
1869 4503 1925 4548 et
1951 4495 2203 4550 Laurent.
2235 4513 2269 4549 χ
2304 4494 2442 4550 Plut.
2499 4512 2606 4562 xuv,
2636 4510 2756 4565 pag.
2796 4494 2934 4563 545,
2967 4494 3024 4550 8.
3065 4494 3409 4551 Ambrosium
3438 4492 3596 4561 hujus

316 4568 480 4620 etiam
509 4565 747 4620 humilia:
775 4574 1054 4620 auctorem
1083 4566 1468 4628 asserentiths,
1490 4566 1620 4621 satis
1642 4580 1962 4636 responsum
1990 4567 2360 4622 admonitione
2389 4568 2672 4637 superiore
2701 4583 2731 4620 a
2753 4567 2909 4621 nobis
2936 4574 3209 4637 putamus.

388 4795 413 4824 ι
452 4785 532 4838 Ita
563 4785 719 4841 codd.
752 4786 875 4841 Vat.
908 4786 1067 4854 1277,
1098 4787 1156 4843 8.
1187 4787 1377 4845 Crucis
1406 4790 1460 4843 in
1482 4789 1618 4854 Jer.,
1650 4786 1905 4842 Laurent.

318 4866 373 4912 et
404 4856 658 4911 Ambros.
1010 4888 1023 4901 .

387 4927 415 4967 δ
456 4925 835 4998 Eademedit"
868 4944 995 4998 quos
1014 4930 1278 4998 prospicit.

389 5010 411 5037 ε
456 4996 629 5051 Codd.
664 4996 719 5050 S.
746 4995 931 5052 Crucis
959 4995 1022 5052 in
1058 4995 1192 5061 ,1οΓ..
1226 5000 1344 5053 Vat.
1381 4998 1538 5064 1277,
1571 4999 1820 5055 Ambros.
1853 5007 1908 5054 et

316 5068 579 5123 Laurent.
614 5068 647 5119 4
675 5070 1020 5121 consentiunt
1049 5068 1103 5122 in
1132 5070 1230 5123 hac
1258 5070 1517 5123 variante.

387 5137 414 5175 ἀ
460 5137 586 5208 Al_ii,
637 5145 695 5190 ut
736 5134 1006 5201 Galland.,
1048 5139 1275 5206 a/fectui,
1308 5148 1361 5193 et
1406 5140 1495 5193 alii
1547 5142 1795 5208 aspectui.
1827 5139 1903 5193 Ita

315 5208 474 5291 codd.
514 5206 767 5263 Laurent.
797 5208 829 5260 4
856 5216 913 5262 et
934 5208 1208 5273 Ambros.,
1237 5225 1297 5262 ac
1324 5226 1427 5263 non
1458 5226 1512 5263 se
1538 5206 1725 5280 prodat
1752 5228 1906 5281 aspe-

316 5289 597 5402 “u'LCod.
623 5346 741 5399 Vat.
775 5346 935 5415 1277,
960 5346 1102 5402 Nam
1130 5365 1247 5401 cum
1265 5349 1420 5411 idem,
1444 5358 1548 5403 etc.

393 5418 413 5457 ί
458 5417 596 5473 Cod.
626 5417 746 5471 Vat.
780 5417 938 5485 1277,
992 5435 1084 5472 nec
1129 5429 1317 5473 metum
1362 5419 1426 5471 ab
1469 5421 1562 5474 illo
1614 5428 1781 5490 posset
1811 5437 1908 5473 au-

318 5494 541 5611 fergelta
567 5557 689 5611 cod.
718 5555 756 5611 S
799 5556 987 5613 Crucis
1023 5559 1074 5613 in
1104 5557 1211 5614 Jer.
1238 5557 1549 5613 Gallandius
1571 5558 1735 5613 habet
1768 5562 1909 5631 equi-

318 5640 638 5755 mTLodd.
667 5698 920 5753 Laurent.
953 5698 989 5751 4
1036 5708 1092 5753 et
1118 5699 1365 5755 Ambros.
1390 5742 1404 5768 ,
1436 5700 1480 5753 si
1523 5716 1681 5753 novos
1726 5701 1909 5753 inserit

318 5771 624 5897 ΜειἮάοω
645 5838 802 5896 codd.
830 5838 887 5895 S.
918 5840 1104 5898 Crucis
1134 5840 1189 5896 in
1234 5839 1367 5907 .ler.,
1403 5838 1654 5895 Laurent.
1687 5846 1742 5894 et
1781 5840 1909 5894 Ain-

2007 4787 2179 4846 bros.,
2210 4790 2312 4839 Aut
2338 4804 2430 4839 cur
2456 4788 2620 4841 aciem
2646 4804 2748 4840 non
2768 4787 3022 4855 producat
3049 4785 3351 4855 obtutuum?

2084 4858 2097 4907 i
2147 4857 2315 4911 Codd.
2349 4857 2595 4911 Ambros.
2622 4865 2677 4910 et
2705 4854 2826 4910 Vat.
2862 4856 3025 4918 1277,
3056 4854 3406 4909 hebetudinem
3428 4856 3598 4924 papir-

2009 4928 2177 4980 larum
2224 4927 2546 4999 detergeret,
2579 4928 2664 4997 qui
2716 4927 2910 4980 meritis
2944 4927 3052 4979 suis
3080 4926 3355 4996 caliginem
3386 4926 3595 4979 nubium

2044 5000 2311 5051 enetravit.

2007 5016 2311 5066 penetravit.

2081 5067 2106 5105 ¹ί
2138 5067 2403 5138 Supplent
2440 5066 2623 5138 codd,
2648 5066 2706 5121 S.
2737 5064 2926 5138 Crucis
2971 5065 3026 5120 in
3066 5063 3595 5138 Jeeraurentrlt,

2012 5135 2267 5193 Ambros.
2283 5148 2339 5194 et
2358 5140 2482 5194 Vat.
2509 5136 2665 5201 1277,
2697 5136 3136 5207 concordantque
3157 5136 3211 5190 in
3240 5135 3344 5190 hoc
3383 5137 3599 5206 supple-

2009 5219 2213 5263 mento.

2091 5279 2101 5315 ¹
2140 5278 2214 5333 Ita
2242 5279 2397 5333 codd.
2451 5278 2704 5330 Laurent.
2738 5275 2789 5341 4,
2824 5274 3098 5342 Ambros,
3130 5284 3186 5331 et
3213 5275 3298 5330 99'
3323 5274 3379 5329 S.
3413 5275 3597 5332 Crucis

2011 5350 2065 5403 in
2090 5350 2221 5413 Jer.,
2250 5359 2299 5402 et
2328 5351 2371 5402 si
2401 5347 2629 5401 hostibus
2668 5348 2836 5418 aufert
2859 5348 3037 5415 visum,
3070 5349 3156 5419 qui
3184 5346 3420 5401 ministro
3460 5364 3599 5417 pra-

2011 5431 2113 5474 stat
2134 5429 2416 5490 aspectum.

2086 5501 2123 5527 m
2150 5489 2318 5545 ded.
2377 5491 2433 5543 S.

2013 5570 2108 5626 est,
2140 5569 2245 5615 etc.

2085 5640 2111 5666 ιι
2141 5630 2275 5702 Cod.
2308 5628 2429 5702 Vat.
2458 5628 2614 5695 1277,
2639 5646 2752 5702 qua:
2782 5628 2949 5682 turba.

2085 5709 2109 5736 °
2140 5700 2272 5755 Cod.
2308 5698 2596 5769 Laurent.,
2651 5695 2782 5756 Illuc
2830 5710 2905 5754 est
2948 5716 3065 5753 vera
3116 5708 3164 5752 et
3209 5700 3477 5751 incrueula
3516 5695 3594 5747 vis

2012 5771 2195 5825 ctoria.

2489 5489 2676 5544 Crucis
2723 5490 2777 5541 in
2817 5487 2926 5544 Jer.
2967 5498 3023 5543 et
3068 5489 3189 5544 Vat.
3224 5489 3382 5554 1277,
3432 5492 3601 5545 omnis
