  <div class='ocr_page' id='page_1' title='image "/cluster/home/n/w/nwhite01/storage/ocr_20150623/57/hvd.32044054758669/249.png"; bbox 0 0 4054 6190; ppageno 0'>
   <div class='ocr_carea' id='block_1_1' title="bbox 417 404 514 480">
    <p class='ocr_par' dir='ltr' id='par_1_1' title="bbox 417 404 514 480">
     <span class='ocr_line' id='line_1_1' title="bbox 417 404 514 480; baseline -0.031 1"><span class='ocrx_word' id='word_1_1' title='bbox 417 404 514 480; x_wconf 71' lang='lat' dir='ltr'><strong>to:</strong></span> 
     </span>
    </p>
   </div>
   <div class='ocr_carea' id='block_1_2' title="bbox 1619 411 2446 473">
    <p class='ocr_par' dir='ltr' id='par_1_2' title="bbox 1619 411 2446 473">
     <span class='ocr_line' id='line_1_2' title="bbox 1619 411 2446 473; baseline -0.005 0"><span class='ocrx_word' id='word_1_2' title='bbox 1619 419 1676 473; x_wconf 89' lang='lat' dir='ltr'><strong>S.</strong></span> <span class='ocrx_word' id='word_1_3' title='bbox 1719 415 1958 470; x_wconf 75' lang='lat' dir='ltr'><strong>MAXIM]</strong></span> <span class='ocrx_word' id='word_1_4' title='bbox 1999 411 2446 470; x_wconf 71' lang='lat' dir='ltr'><strong>TAURINENSIS</strong></span> 
     </span>
    </p>
   </div>
   <div class='ocr_carea' id='block_1_3' title="bbox 3579 407 3678 462">
    <p class='ocr_par' dir='ltr' id='par_1_3' title="bbox 3579 407 3678 462">
     <span class='ocr_line' id='line_1_3' title="bbox 3579 407 3678 462; baseline 0.02 -2"><span class='ocrx_word' id='word_1_5' title='bbox 3579 407 3678 462; x_wconf 77' lang='grc'><strong>468</strong></span> 
     </span>
    </p>
   </div>
   <div class='ocr_carea' id='block_1_4' title="bbox 414 518 3675 601">
    <p class='ocr_par' dir='ltr' id='par_1_4' title="bbox 414 518 3675 601">
     <span class='ocr_line' id='line_1_4' title="bbox 414 518 3675 601; baseline -0.006 -6"><span class='ocrx_word' id='word_1_6' title='bbox 414 534 1108 595; x_wconf 61' lang='lat' dir='ltr'><strong>Assanitarum—Rursum</strong></span> <span class='ocrx_word' id='word_1_7' title='bbox 1121 535 1182 586; x_wconf 84' lang='lat' dir='ltr'><strong>de</strong></span> <span class='ocrx_word' id='word_1_8' title='bbox 1196 542 1373 586; x_wconf 79' lang='lat' dir='ltr'><strong>sancto</strong></span> <span class='ocrx_word' id='word_1_9' title='bbox 1387 531 1694 601; x_wconf 75' lang='lat' dir='ltr'><strong>Eliswoagit</strong></span> <span class='ocrx_word' id='word_1_10' title='bbox 1711 528 1991 601; x_wconf 63' lang='lat' dir='ltr'><strong>Max-imas,</strong></span> <span class='ocrx_word' id='word_1_11' title='bbox 2022 530 2071 584; x_wconf 87' lang='lat' dir='ltr'><strong>A</strong></span> <span class='ocrx_word' id='word_1_12' title='bbox 2101 526 2258 580; x_wconf 85' lang='lat' dir='ltr'><strong>ritum</strong></span> <span class='ocrx_word' id='word_1_13' title='bbox 2285 526 2551 595; x_wconf 83' lang='lat' dir='ltr'><strong>duplicem</strong></span> <span class='ocrx_word' id='word_1_14' title='bbox 2581 527 2630 580; x_wconf 92' lang='lat' dir='ltr'><strong>ei</strong></span> <span class='ocrx_word' id='word_1_15' title='bbox 2662 521 2769 580; x_wconf 68' lang='lat' dir='ltr'><strong>suz&#39;e</strong></span> <span class='ocrx_word' id='word_1_16' title='bbox 2798 525 2980 594; x_wconf 69' lang='lat' dir='ltr'><strong>gratim</strong></span> <span class='ocrx_word' id='word_1_17' title='bbox 3009 522 3312 591; x_wconf 76' lang='lat' dir='ltr'><strong>dereliquit.</strong></span> <span class='ocrx_word' id='word_1_18' title='bbox 3353 518 3489 575; x_wconf 84' lang='lat' dir='ltr'><strong>Cum</strong></span> <span class='ocrx_word' id='word_1_19' title='bbox 3538 522 3675 577; x_wconf 87' lang='lat' dir='ltr'><strong>enim</strong></span> 
     </span>
    </p>
   </div>
   <div class='ocr_carea' id='block_1_5' title="bbox 484 597 1994 679">
    <p class='ocr_par' dir='ltr' id='par_1_5' title="bbox 484 597 1994 679">
     <span class='ocr_line' id='line_1_5' title="bbox 484 597 1994 679; baseline -0.007 -19"><span class='ocrx_word' id='word_1_20' title='bbox 484 617 786 679; x_wconf 78' lang='lat' dir='ltr'><strong>patrataque</strong></span> <span class='ocrx_word' id='word_1_21' title='bbox 809 623 920 679; x_wconf 72' lang='lat' dir='ltr'><strong>per</strong></span> <span class='ocrx_word' id='word_1_22' title='bbox 965 621 1078 679; x_wconf 84' lang='lat' dir='ltr'><strong>eum</strong></span> <span class='ocrx_word' id='word_1_23' title='bbox 1124 621 1157 656; x_wconf 87' lang='lat' dir='ltr'><strong>a</strong></span> <span class='ocrx_word' id='word_1_24' title='bbox 1201 602 1310 656; x_wconf 89' lang='lat' dir='ltr'><strong>Deo</strong></span> <span class='ocrx_word' id='word_1_25' title='bbox 1340 601 1576 671; x_wconf 82' lang='lat' dir='ltr'><strong>prodigia</strong></span> <span class='ocrx_word' id='word_1_26' title='bbox 1621 597 1824 679; x_wconf 66' lang='lat' dir='ltr'><strong>narrat.</strong></span> <span class='ocrx_word' id='word_1_27' title='bbox 1883 597 1994 679; x_wconf 83' lang='lat' dir='ltr'><strong>Po-</strong></span> 
     </span>
    </p>
   </div>
   <div class='ocr_carea' id='block_1_6' title="bbox 484 670 1994 745">
    <p class='ocr_par' dir='ltr' id='par_1_6' title="bbox 484 670 1994 745">
     <span class='ocr_line' id='line_1_6' title="bbox 484 670 1994 745; baseline -0.008 -14"><span class='ocrx_word' id='word_1_28' title='bbox 484 670 667 732; x_wconf 57' lang='lat' dir='ltr'><strong>Stremo</strong></span> <span class='ocrx_word' id='word_1_29' title='bbox 696 670 921 745; x_wconf 69' lang='lat' dir='ltr'><strong>explicat</strong></span> <span class='ocrx_word' id='word_1_30' title='bbox 959 677 1222 730; x_wconf 75' lang='lat' dir='ltr'><strong>veritatem</strong></span> <span class='ocrx_word' id='word_1_31' title='bbox 1265 688 1439 726; x_wconf 85' lang='lat' dir='ltr'><strong>eorum</strong></span> <span class='ocrx_word' id='word_1_32' title='bbox 1469 670 1582 743; x_wconf 74' lang='lat' dir='ltr'><strong>qua:</strong></span> <span class='ocrx_word' id='word_1_33' title='bbox 1625 681 1743 723; x_wconf 87' lang='lat' dir='ltr'><strong>tunc</strong></span> <span class='ocrx_word' id='word_1_34' title='bbox 1772 670 1994 739; x_wconf 80' lang='lat' dir='ltr'><strong>ﬁgurate</strong></span> 
     </span>
    </p>
   </div>
   <div class='ocr_carea' id='block_1_7' title="bbox 483 751 823 819">
    <p class='ocr_par' dir='ltr' id='par_1_7' title="bbox 483 751 823 819">
     <span class='ocr_line' id='line_1_7' title="bbox 483 751 823 819; baseline -0.012 -17"><span class='ocrx_word' id='word_1_35' title='bbox 483 751 823 819; x_wconf 65' lang='lat' dir='ltr'><strong>contigerant.</strong></span> 
     </span>
    </p>
   </div>
   <div class='ocr_carea' id='block_1_8' title="bbox 485 893 1992 966">
    <p class='ocr_par' dir='ltr' id='par_1_8' title="bbox 485 893 1992 966">
     <span class='ocr_line' id='line_1_8' title="bbox 485 893 1992 966; baseline -0.003 -14"><span class='ocrx_word' id='word_1_36' title='bbox 485 899 674 953; x_wconf 83' lang='lat' dir='ltr'><strong>Mirum</strong></span> <span class='ocrx_word' id='word_1_37' title='bbox 703 897 925 952; x_wconf 89' lang='lat' dir='ltr'><strong>forsitan</strong></span> <span class='ocrx_word' id='word_1_38' title='bbox 949 907 972 934; x_wconf 71' lang='grc'><strong><em>⁸</em></strong></span> <span class='ocrx_word' id='word_1_39' title='bbox 998 896 1226 960; x_wconf 89' lang='lat' dir='ltr'><strong>videtur,</strong></span> <span class='ocrx_word' id='word_1_40' title='bbox 1258 896 1400 966; x_wconf 87' lang='lat' dir='ltr'><strong>quod</strong></span> <span class='ocrx_word' id='word_1_41' title='bbox 1430 904 1556 951; x_wconf 83' lang='lat' dir='ltr'><strong>ante</strong></span> <span class='ocrx_word' id='word_1_42' title='bbox 1586 896 1700 950; x_wconf 89' lang='lat' dir='ltr'><strong>dies</strong></span> <span class='ocrx_word' id='word_1_43' title='bbox 1729 896 1786 950; x_wconf 92' lang='lat' dir='ltr'><strong>S.</strong></span> <span class='ocrx_word' id='word_1_44' title='bbox 1819 893 1992 948; x_wconf 85' lang='lat' dir='ltr'><strong>Elisaei</strong></span> 
     </span>
    </p>
   </div>
   <div class='ocr_carea' id='block_1_9' title="bbox 413 985 1993 1058">
    <p class='ocr_par' dir='ltr' id='par_1_9' title="bbox 413 985 1993 1058">
     <span class='ocr_line' id='line_1_9' title="bbox 413 985 1993 1058; baseline -0.001 -16"><span class='ocrx_word' id='word_1_45' title='bbox 413 991 637 1058; x_wconf 86' lang='lat' dir='ltr'><strong>gratiam</strong></span> <span class='ocrx_word' id='word_1_46' title='bbox 658 988 1021 1043; x_wconf 85' lang='lat' dir='ltr'><strong>describentes</strong></span> <span class='ocrx_word' id='word_1_47' title='bbox 1057 988 1308 1052; x_wconf 84' lang='lat' dir='ltr'><strong>diximus,</strong></span> <span class='ocrx_word' id='word_1_48' title='bbox 1342 988 1393 1040; x_wconf 88' lang='lat' dir='ltr'><strong>in</strong></span> <span class='ocrx_word' id='word_1_49' title='bbox 1421 985 1784 1042; x_wconf 76' lang='lat' dir='ltr'><strong>defensionem</strong></span> <span class='ocrx_word' id='word_1_50' title='bbox 1825 987 1993 1056; x_wconf 89' lang='lat' dir='ltr'><strong>ipsius</strong></span> 
     </span>
    </p>
   </div>
   <div class='ocr_carea' id='block_1_10' title="bbox 413 1080 1994 1150">
    <p class='ocr_par' dir='ltr' id='par_1_10' title="bbox 413 1080 1994 1150">
     <span class='ocr_line' id='line_1_10' title="bbox 413 1080 1994 1150; baseline -0.001 -14"><span class='ocrx_word' id='word_1_51' title='bbox 413 1082 482 1136; x_wconf 87' lang='lat' dir='ltr'><strong>de</strong></span> <span class='ocrx_word' id='word_1_52' title='bbox 509 1083 658 1137; x_wconf 76' lang='lat' dir='ltr'><strong>ctelis</strong></span> <span class='ocrx_word' id='word_1_53' title='bbox 686 1083 879 1136; x_wconf 83' lang='lat' dir='ltr'><strong>auxilia</strong></span> <span class='ocrx_word' id='word_1_54' title='bbox 901 1080 1260 1144; x_wconf 83' lang='lat' dir='ltr'><strong>descendisse,</strong></span> <span class='ocrx_word' id='word_1_55' title='bbox 1290 1087 1345 1134; x_wconf 92' lang='lat' dir='ltr'><strong>et</strong></span> <span class='ocrx_word' id='word_1_56' title='bbox 1369 1088 1604 1135; x_wconf 91' lang='lat' dir='ltr'><strong>armatos</strong></span> <span class='ocrx_word' id='word_1_57' title='bbox 1625 1081 1853 1150; x_wconf 80' lang='lat' dir='ltr'><strong>equites,</strong></span> <span class='ocrx_word' id='word_1_58' title='bbox 1883 1081 1994 1135; x_wconf 79' lang='lat' dir='ltr'><strong>sive</strong></span> 
     </span>
    </p>
   </div>
   <div class='ocr_carea' id='block_1_11' title="bbox 413 1171 1991 1242">
    <p class='ocr_par' dir='ltr' id='par_1_11' title="bbox 413 1171 1991 1242">
     <span class='ocr_line' id='line_1_11' title="bbox 413 1171 1991 1242; baseline -0.001 -15"><span class='ocrx_word' id='word_1_59' title='bbox 413 1173 699 1242; x_wconf 76' lang='lat' dir='ltr'><strong>quadrigas</strong></span> <span class='ocrx_word' id='word_1_60' title='bbox 728 1173 778 1227; x_wconf 86' lang='lat' dir='ltr'><strong>ei</strong></span> <span class='ocrx_word' id='word_1_61' title='bbox 807 1172 1059 1226; x_wconf 89' lang='lat' dir='ltr'><strong>divinitus</strong></span> <span class='ocrx_word' id='word_1_62' title='bbox 1089 1171 1354 1238; x_wconf 79' lang='lat' dir='ltr'><strong>adfuisse;</strong></span> <span class='ocrx_word' id='word_1_63' title='bbox 1395 1172 1630 1226; x_wconf 86' lang='lat' dir='ltr'><strong>astitisse</strong></span> <span class='ocrx_word' id='word_1_64' title='bbox 1657 1172 1818 1226; x_wconf 89' lang='lat' dir='ltr'><strong>etiam</strong></span> <span class='ocrx_word' id='word_1_65' title='bbox 1849 1171 1991 1225; x_wconf 84' lang='lat' dir='ltr'><strong>circa</strong></span> 
     </span>
    </p>
   </div>
   <div class='ocr_carea' id='block_1_12' title="bbox 415 1262 1991 1334">
    <p class='ocr_par' dir='ltr' id='par_1_12' title="bbox 415 1262 1991 1334">
     <span class='ocr_line' id='line_1_12' title="bbox 415 1262 1991 1334; baseline -0.002 -15"><span class='ocrx_word' id='word_1_66' title='bbox 415 1266 588 1334; x_wconf 86' lang='lat' dir='ltr'><strong>ipsum</strong></span> <span class='ocrx_word' id='word_1_67' title='bbox 632 1264 943 1334; x_wconf 83' lang='lat' dir='ltr'><strong>quadrigam</strong></span> <span class='ocrx_word' id='word_1_68' title='bbox 971 1264 1201 1332; x_wconf 82' lang='lat' dir='ltr'><strong>igneam.</strong></span> <span class='ocrx_word' id='word_1_69' title='bbox 1231 1264 1421 1332; x_wconf 81' lang='lat' dir='ltr'><strong>Magna</strong></span> <span class='ocrx_word' id='word_1_70' title='bbox 1445 1264 1660 1333; x_wconf 86' lang='lat' dir='ltr'><strong>quidem</strong></span> <span class='ocrx_word' id='word_1_71' title='bbox 1701 1279 1807 1327; x_wconf 91' lang='lat' dir='ltr'><strong>res,</strong></span> <span class='ocrx_word' id='word_1_72' title='bbox 1842 1262 1868 1300; x_wconf 71' lang='grc' dir='ltr'>δ</span> <span class='ocrx_word' id='word_1_73' title='bbox 1898 1263 1991 1316; x_wconf 85' lang='lat' dir='ltr'><strong>sed</strong></span> 
     </span>
    </p>
   </div>
   <div class='ocr_carea' id='block_1_13' title="bbox 415 1355 1991 1422">
    <p class='ocr_par' dir='ltr' id='par_1_13' title="bbox 415 1355 1991 1422">
     <span class='ocr_line' id='line_1_13' title="bbox 415 1355 1991 1422; baseline -0.001 -12"><span class='ocrx_word' id='word_1_74' title='bbox 415 1357 466 1410; x_wconf 91' lang='lat' dir='ltr'><strong>in</strong></span> <span class='ocrx_word' id='word_1_75' title='bbox 489 1358 606 1410; x_wconf 89' lang='lat' dir='ltr'><strong>viro</strong></span> <span class='ocrx_word' id='word_1_76' title='bbox 635 1365 822 1410; x_wconf 87' lang='lat' dir='ltr'><strong>sancto</strong></span> <span class='ocrx_word' id='word_1_77' title='bbox 860 1355 1168 1415; x_wconf 85' lang='lat' dir='ltr'><strong>admiranda</strong></span> <span class='ocrx_word' id='word_1_78' title='bbox 1207 1372 1317 1410; x_wconf 91' lang='lat' dir='ltr'><strong>non</strong></span> <span class='ocrx_word' id='word_1_79' title='bbox 1345 1363 1445 1410; x_wconf 89' lang='lat' dir='ltr'><strong>est.</strong></span> <span class='ocrx_word' id='word_1_80' title='bbox 1461 1355 1599 1422; x_wconf 85' lang='lat' dir='ltr'><strong>Quid</strong></span> <span class='ocrx_word' id='word_1_81' title='bbox 1628 1356 1768 1410; x_wconf 87' lang='lat' dir='ltr'><strong>enim</strong></span> <span class='ocrx_word' id='word_1_82' title='bbox 1798 1357 1991 1410; x_wconf 90' lang='lat' dir='ltr'><strong>mirum</strong></span> 
     </span>
    </p>
   </div>
   <div class='ocr_carea' id='block_1_14' title="bbox 411 1445 1992 1516">
    <p class='ocr_par' dir='ltr' id='par_1_14' title="bbox 411 1445 1992 1516">
     <span class='ocr_line' id='line_1_14' title="bbox 411 1445 1992 1516; baseline -0.001 -13"><span class='ocrx_word' id='word_1_83' title='bbox 411 1449 457 1503; x_wconf 94' lang='lat' dir='ltr'><strong>si</strong></span> <span class='ocrx_word' id='word_1_84' title='bbox 485 1448 681 1502; x_wconf 79' lang='lat' dir='ltr'><strong>auxilia</strong></span> <span class='ocrx_word' id='word_1_85' title='bbox 716 1455 954 1500; x_wconf 88' lang='lat' dir='ltr'><strong>meretur</strong></span> <span class='ocrx_word' id='word_1_86' title='bbox 981 1462 1012 1500; x_wconf 88' lang='lat' dir='ltr'><strong>e</strong></span> <span class='ocrx_word' id='word_1_87' title='bbox 1039 1447 1176 1500; x_wconf 76' lang='lat' dir='ltr'><strong>omlo</strong></span> <span class='ocrx_word' id='word_1_88' title='bbox 1210 1457 1231 1484; x_wconf 73' lang='grc' dir='ltr'><em>ε</em></span> <span class='ocrx_word' id='word_1_89' title='bbox 1274 1445 1428 1513; x_wconf 87' lang='lat' dir='ltr'><strong>cujus</strong></span> <span class='ocrx_word' id='word_1_90' title='bbox 1463 1446 1672 1500; x_wconf 85' lang='lat' dir='ltr'><strong>animos</strong></span> <span class='ocrx_word' id='word_1_91' title='bbox 1697 1461 1910 1516; x_wconf 88' lang='lat' dir='ltr'><strong>semper</strong></span> <span class='ocrx_word' id='word_1_92' title='bbox 1937 1447 1992 1501; x_wconf 93' lang='lat' dir='ltr'><strong>in</strong></span> 
     </span>
    </p>
   </div>
   <div class='ocr_carea' id='block_1_15' title="bbox 410 1535 1990 1607">
    <p class='ocr_par' dir='ltr' id='par_1_15' title="bbox 410 1535 1990 1607">
     <span class='ocr_line' id='line_1_15' title="bbox 410 1535 1990 1607; baseline -0.002 -14"><span class='ocrx_word' id='word_1_93' title='bbox 410 1539 549 1593; x_wconf 81' lang='lat' dir='ltr'><strong>ctelo</strong></span> <span class='ocrx_word' id='word_1_94' title='bbox 579 1538 693 1592; x_wconf 87' lang='lat' dir='ltr'><strong>est?</strong></span> <span class='ocrx_word' id='word_1_95' title='bbox 719 1536 868 1591; x_wconf 89' lang='lat' dir='ltr'><strong>Sicut</strong></span> <span class='ocrx_word' id='word_1_96' title='bbox 900 1538 974 1590; x_wconf 91' lang='lat' dir='ltr'><strong>ait</strong></span> <span class='ocrx_word' id='word_1_97' title='bbox 1004 1535 1199 1591; x_wconf 86' lang='lat' dir='ltr'><strong>Paulus</strong></span> <span class='ocrx_word' id='word_1_98' title='bbox 1239 1537 1513 1607; x_wconf 88' lang='lat' dir='ltr'><strong>apostolus</strong></span> <span class='ocrx_word' id='word_1_99' title='bbox 1545 1555 1558 1587; x_wconf 90' lang='lat'>:</span> <span class='ocrx_word' id='word_1_100' title='bbox 1592 1535 1791 1590; x_wconf 87' lang='lat' dir='ltr'><strong>Nostra</strong></span> <span class='ocrx_word' id='word_1_101' title='bbox 1825 1547 1990 1590; x_wconf 84' lang='lat' dir='ltr'><strong>autem</strong></span> 
     </span>
    </p>
   </div>
   <div class='ocr_carea' id='block_1_16' title="bbox 411 1627 1989 1700">
    <p class='ocr_par' dir='ltr' id='par_1_16' title="bbox 411 1627 1989 1700">
     <span class='ocr_line' id='line_1_16' title="bbox 411 1627 1989 1700; baseline -0.002 -16"><span class='ocrx_word' id='word_1_102' title='bbox 411 1632 726 1684; x_wconf 74' lang='lat' dir='ltr'><strong>conversatio</strong></span> <span class='ocrx_word' id='word_1_103' title='bbox 764 1630 817 1683; x_wconf 89' lang='lat' dir='ltr'><strong>in</strong></span> <span class='ocrx_word' id='word_1_104' title='bbox 863 1630 1003 1683; x_wconf 61' lang='lat' dir='ltr'><strong>cretis</strong></span> <span class='ocrx_word' id='word_1_105' title='bbox 1031 1637 1106 1683; x_wconf 82' lang='lat' dir='ltr'><strong>est</strong></span> <span class='ocrx_word' id='word_1_106' title='bbox 1147 1628 1167 1700; x_wconf 90' lang='lat'>(</span> <span class='ocrx_word' id='word_1_107' title='bbox 1194 1627 1389 1699; x_wconf 79' lang='lat' dir='ltr'><strong>Philip.</strong></span> <span class='ocrx_word' id='word_1_108' title='bbox 1423 1628 1522 1696; x_wconf 86' lang='grc' dir='ltr'><strong>ιι).</strong></span> <span class='ocrx_word' id='word_1_109' title='bbox 1574 1627 1716 1698; x_wconf 85' lang='lat' dir='ltr'><strong>Ergo</strong></span> <span class='ocrx_word' id='word_1_110' title='bbox 1744 1629 1787 1682; x_wconf 89' lang='lat' dir='ltr'><strong>si</strong></span> <span class='ocrx_word' id='word_1_111' title='bbox 1810 1637 1989 1683; x_wconf 89' lang='lat' dir='ltr'><strong>nostra</strong></span> 
     </span>
    </p>
   </div>
   <div class='ocr_carea' id='block_1_17' title="bbox 409 1719 1990 1782">
    <p class='ocr_par' dir='ltr' id='par_1_17' title="bbox 409 1719 1990 1782">
     <span class='ocr_line' id='line_1_17' title="bbox 409 1719 1990 1782; baseline -0.002 -6"><span class='ocrx_word' id='word_1_112' title='bbox 409 1722 746 1776; x_wconf 84' lang='lat' dir='ltr'><strong>conversatio</strong></span> <span class='ocrx_word' id='word_1_113' title='bbox 794 1729 876 1776; x_wconf 88' lang='lat' dir='ltr'><strong>est</strong></span> <span class='ocrx_word' id='word_1_114' title='bbox 929 1721 982 1775; x_wconf 91' lang='lat' dir='ltr'><strong>in</strong></span> <span class='ocrx_word' id='word_1_115' title='bbox 1025 1720 1192 1782; x_wconf 77' lang='lat' dir='ltr'><strong>cmlis,</strong></span> <span class='ocrx_word' id='word_1_116' title='bbox 1235 1729 1289 1775; x_wconf 90' lang='lat' dir='ltr'><strong>et</strong></span> <span class='ocrx_word' id='word_1_117' title='bbox 1326 1719 1623 1776; x_wconf 79' lang='lat' dir='ltr'><strong>cmlestium</strong></span> <span class='ocrx_word' id='word_1_118' title='bbox 1653 1720 1990 1774; x_wconf 86' lang='lat' dir='ltr'><strong>conversatio</strong></span> 
     </span>
    </p>
   </div>
   <div class='ocr_carea' id='block_1_18' title="bbox 410 1810 1988 1882">
    <p class='ocr_par' dir='ltr' id='par_1_18' title="bbox 410 1810 1988 1882">
     <span class='ocr_line' id='line_1_18' title="bbox 410 1810 1988 1882; baseline -0.001 -16"><span class='ocrx_word' id='word_1_119' title='bbox 410 1810 436 1848; x_wconf 71' lang='grc' dir='ltr'><em>δ</em></span> <span class='ocrx_word' id='word_1_120' title='bbox 465 1820 645 1882; x_wconf 85' lang='lat' dir='ltr'><strong>potest</strong></span> <span class='ocrx_word' id='word_1_121' title='bbox 670 1826 786 1864; x_wconf 83' lang='lat' dir='ltr'><strong>esse</strong></span> <span class='ocrx_word' id='word_1_122' title='bbox 816 1811 1091 1865; x_wconf 84' lang='lat' dir='ltr'><strong>nobiscum</strong></span> <span class='ocrx_word' id='word_1_123' title='bbox 1117 1829 1128 1862; x_wconf 88' lang='lat'>:</span> <span class='ocrx_word' id='word_1_124' title='bbox 1156 1811 1258 1865; x_wconf 92' lang='lat' dir='ltr'><strong>hoc</strong></span> <span class='ocrx_word' id='word_1_125' title='bbox 1286 1819 1387 1872; x_wconf 90' lang='lat' dir='ltr'><strong>est,</strong></span> <span class='ocrx_word' id='word_1_126' title='bbox 1422 1819 1479 1865; x_wconf 91' lang='lat' dir='ltr'><strong>ut</strong></span> <span class='ocrx_word' id='word_1_127' title='bbox 1507 1810 1597 1880; x_wconf 88' lang='lat' dir='ltr'><strong>qui</strong></span> <span class='ocrx_word' id='word_1_128' title='bbox 1627 1810 1733 1864; x_wconf 87' lang='lat' dir='ltr'><strong>vita</strong></span> <span class='ocrx_word' id='word_1_129' title='bbox 1765 1811 1988 1865; x_wconf 77' lang='lat' dir='ltr'><strong>vivimus</strong></span> 
     </span>
    </p>
   </div>
   <div class='ocr_carea' id='block_1_19' title="bbox 2096 614 3672 685">
    <p class='ocr_par' dir='ltr' id='par_1_19' title="bbox 2096 614 3672 685">
     <span class='ocr_line' id='line_1_19' title="bbox 2096 614 3672 685; baseline -0.002 -14"><span class='ocrx_word' id='word_1_130' title='bbox 2096 617 2220 672; x_wconf 90' lang='lat' dir='ltr'><strong>data</strong></span> <span class='ocrx_word' id='word_1_131' title='bbox 2269 626 2412 672; x_wconf 82' lang='lat' dir='ltr'><strong>esset</strong></span> <span class='ocrx_word' id='word_1_132' title='bbox 2459 617 2681 671; x_wconf 82' lang='lat' dir='ltr'><strong>facultas</strong></span> <span class='ocrx_word' id='word_1_133' title='bbox 2731 615 2922 672; x_wconf 72' lang='lat' dir='ltr'><strong>Eliszeo</strong></span> <span class='ocrx_word' id='word_1_134' title='bbox 2963 623 3019 670; x_wconf 94' lang='lat' dir='ltr'><strong>ut</strong></span> <span class='ocrx_word' id='word_1_135' title='bbox 3066 622 3276 685; x_wconf 84' lang='lat' dir='ltr'><strong>peteret</strong></span> <span class='ocrx_word' id='word_1_136' title='bbox 3315 614 3458 682; x_wconf 94' lang='lat' dir='ltr'><strong>quod</strong></span> <span class='ocrx_word' id='word_1_137' title='bbox 3487 614 3672 679; x_wconf 85' lang='lat' dir='ltr'><strong>vellet,</strong></span> 
     </span>
    </p>
   </div>
   <div class='ocr_carea' id='block_1_20' title="bbox 2096 704 3675 779">
    <p class='ocr_par' dir='ltr' id='par_1_20' title="bbox 2096 704 3675 779">
     <span class='ocr_line' id='line_1_20' title="bbox 2096 704 3675 779; baseline -0.003 -14"><span class='ocrx_word' id='word_1_138' title='bbox 2096 719 2384 778; x_wconf 87' lang='lat' dir='ltr'><strong>antequam</strong></span> <span class='ocrx_word' id='word_1_139' title='bbox 2416 709 2484 763; x_wconf 88' lang='lat' dir='ltr'><strong>ab</strong></span> <span class='ocrx_word' id='word_1_140' title='bbox 2531 725 2597 763; x_wconf 92' lang='lat' dir='ltr'><strong>eo</strong></span> <span class='ocrx_word' id='word_1_141' title='bbox 2627 718 2904 779; x_wconf 88' lang='lat' dir='ltr'><strong>raperetur</strong></span> <span class='ocrx_word' id='word_1_142' title='bbox 2930 707 3108 771; x_wconf 86' lang='lat' dir='ltr'><strong>Elias,</strong></span> <span class='ocrx_word' id='word_1_143' title='bbox 3149 706 3340 776; x_wconf 89' lang='lat' dir='ltr'><strong>petivit</strong></span> <span class='ocrx_word' id='word_1_144' title='bbox 3376 713 3436 759; x_wconf 89' lang='lat' dir='ltr'><strong>ut</strong></span> <span class='ocrx_word' id='word_1_145' title='bbox 3481 704 3675 776; x_wconf 78' lang='lat' dir='ltr'><strong>duplex</strong></span> 
     </span>
    </p>
   </div>
   <div class='ocr_carea' id='block_1_21' title="bbox 2094 798 3674 872">
    <p class='ocr_par' dir='ltr' id='par_1_21' title="bbox 2094 798 3674 872">
     <span class='ocr_line' id='line_1_21' title="bbox 2094 798 3674 872; baseline -0.004 -14"><span class='ocrx_word' id='word_1_146' title='bbox 2094 804 2314 872; x_wconf 83' lang='lat' dir='ltr'><strong>spiritus</strong></span> <span class='ocrx_word' id='word_1_147' title='bbox 2343 801 2471 856; x_wconf 67' lang='lat' dir='ltr'><strong>Elia:</strong></span> <span class='ocrx_word' id='word_1_148' title='bbox 2496 800 2647 857; x_wconf 83' lang='lat' dir='ltr'><strong>fieret</strong></span> <span class='ocrx_word' id='word_1_149' title='bbox 2667 803 2719 855; x_wconf 91' lang='lat' dir='ltr'><strong>in</strong></span> <span class='ocrx_word' id='word_1_150' title='bbox 2751 802 2886 871; x_wconf 88' lang='lat' dir='ltr'><strong>ipso.</strong></span> <span class='ocrx_word' id='word_1_151' title='bbox 2909 799 3062 854; x_wconf 93' lang='lat' dir='ltr'><strong>Tunc</strong></span> <span class='ocrx_word' id='word_1_152' title='bbox 3083 799 3216 852; x_wconf 79' lang='lat' dir='ltr'><strong>dixit</strong></span> <span class='ocrx_word' id='word_1_153' title='bbox 3248 798 3391 853; x_wconf 84' lang='lat' dir='ltr'><strong>Elias</strong></span> <span class='ocrx_word' id='word_1_154' title='bbox 3424 817 3437 852; x_wconf 91' lang='lat'><strong>:</strong></span> <span class='ocrx_word' id='word_1_155' title='bbox 3475 802 3488 847; x_wconf 76' lang='lat' dir='ltr'><strong>l</strong></span> <span class='ocrx_word' id='word_1_156' title='bbox 3530 798 3674 853; x_wconf 81' lang='lat' dir='ltr'><strong><em>Dura</em></strong></span> 
     </span>
    </p>
   </div>
   <div class='ocr_carea' id='block_1_22' title="bbox 2093 891 3675 964">
    <p class='ocr_par' dir='ltr' id='par_1_22' title="bbox 2093 891 3675 964">
     <span class='ocr_line' id='line_1_22' title="bbox 2093 891 3675 964; baseline 0 -16"><span class='ocrx_word' id='word_1_157' title='bbox 2093 898 2286 964; x_wconf 79' lang='lat' dir='ltr'><strong>petisti,</strong></span> <span class='ocrx_word' id='word_1_158' title='bbox 2315 895 2409 948; x_wconf 83' lang='lat' dir='ltr'><strong>sed</strong></span> <span class='ocrx_word' id='word_1_159' title='bbox 2429 895 2518 964; x_wconf 84' lang='lat' dir='ltr'><strong>ﬁet</strong></span> <span class='ocrx_word' id='word_1_160' title='bbox 2540 894 2630 947; x_wconf 86' lang='lat' dir='ltr'><strong>tibi</strong></span> <span class='ocrx_word' id='word_1_161' title='bbox 2659 893 2772 964; x_wconf 84' lang='lat' dir='ltr'><strong>(IV</strong></span> <span class='ocrx_word' id='word_1_162' title='bbox 2805 893 2933 964; x_wconf 85' lang='lat' dir='ltr'><strong>Reg.</strong></span> <span class='ocrx_word' id='word_1_163' title='bbox 2965 910 3020 956; x_wconf 83' lang='grc' dir='ltr'><strong>ιι,</strong></span> <span class='ocrx_word' id='word_1_164' title='bbox 3042 891 3147 962; x_wconf 85' lang='lat' dir='ltr'><strong>l0).</strong></span> <span class='ocrx_word' id='word_1_165' title='bbox 3173 891 3217 945; x_wconf 93' lang='grc' dir='ltr'><strong>Ο</strong></span> <span class='ocrx_word' id='word_1_166' title='bbox 3244 892 3527 947; x_wconf 73' lang='lat' dir='ltr'><strong>hzereditas</strong></span> <span class='ocrx_word' id='word_1_167' title='bbox 3557 909 3675 962; x_wconf 50' lang='lat' dir='ltr'><strong>prec</strong></span> 
     </span>
    </p>
   </div>
   <div class='ocr_carea' id='block_1_23' title="bbox 2094 983 3671 1055">
    <p class='ocr_par' dir='ltr' id='par_1_23' title="bbox 2094 983 3671 1055">
     <span class='ocr_line' id='line_1_23' title="bbox 2094 983 3671 1055; baseline -0.003 -14"><span class='ocrx_word' id='word_1_168' title='bbox 2094 987 2262 1041; x_wconf 87' lang='lat' dir='ltr'><strong>tiosa!</strong></span> <span class='ocrx_word' id='word_1_169' title='bbox 2289 987 2341 1039; x_wconf 92' lang='lat' dir='ltr'><strong>in</strong></span> <span class='ocrx_word' id='word_1_170' title='bbox 2370 1000 2474 1054; x_wconf 87' lang='lat' dir='ltr'><strong>qua</strong></span> <span class='ocrx_word' id='word_1_171' title='bbox 2503 985 2623 1055; x_wconf 86' lang='lat' dir='ltr'><strong>plus</strong></span> <span class='ocrx_word' id='word_1_172' title='bbox 2658 983 2857 1038; x_wconf 75' lang='lat' dir='ltr'><strong>hmredi</strong></span> <span class='ocrx_word' id='word_1_173' title='bbox 2893 983 3208 1052; x_wconf 89' lang='lat' dir='ltr'><strong>relinquitur</strong></span> <span class='ocrx_word' id='word_1_174' title='bbox 3235 997 3395 1052; x_wconf 84' lang='lat' dir='ltr'><strong>quam</strong></span> <span class='ocrx_word' id='word_1_175' title='bbox 3424 983 3671 1049; x_wconf 87' lang='lat' dir='ltr'><strong>habetur,</strong></span> 
     </span>
    </p>
   </div>
   <div class='ocr_carea' id='block_1_24' title="bbox 2091 1073 3670 1148">
    <p class='ocr_par' dir='ltr' id='par_1_24' title="bbox 2091 1073 3670 1148">
     <span class='ocr_line' id='line_1_24' title="bbox 2091 1073 3670 1148; baseline -0.001 -16"><span class='ocrx_word' id='word_1_176' title='bbox 2091 1079 2213 1148; x_wconf 89' lang='lat' dir='ltr'><strong>plus</strong></span> <span class='ocrx_word' id='word_1_177' title='bbox 2242 1077 2588 1148; x_wconf 90' lang='lat' dir='ltr'><strong>consequitur</strong></span> <span class='ocrx_word' id='word_1_178' title='bbox 2616 1076 2708 1145; x_wconf 86' lang='lat' dir='ltr'><strong>qui</strong></span> <span class='ocrx_word' id='word_1_179' title='bbox 2750 1075 2964 1145; x_wconf 87' lang='lat' dir='ltr'><strong>accipit,</strong></span> <span class='ocrx_word' id='word_1_180' title='bbox 3003 1090 3167 1143; x_wconf 90' lang='lat' dir='ltr'><strong>quam</strong></span> <span class='ocrx_word' id='word_1_181' title='bbox 3195 1073 3217 1110; x_wconf 82' lang='grc' dir='ltr'><strong>¹ι</strong></span> <span class='ocrx_word' id='word_1_182' title='bbox 3250 1073 3551 1144; x_wconf 88' lang='lat' dir='ltr'><strong>possederit</strong></span> <span class='ocrx_word' id='word_1_183' title='bbox 3583 1075 3670 1145; x_wconf 89' lang='lat' dir='ltr'><strong>qui</strong></span> 
     </span>
    </p>
   </div>
   <div class='ocr_carea' id='block_1_25' title="bbox 2093 1167 3672 1241">
    <p class='ocr_par' dir='ltr' id='par_1_25' title="bbox 2093 1167 3672 1241">
     <span class='ocr_line' id='line_1_25' title="bbox 2093 1167 3672 1241; baseline -0.001 -15"><span class='ocrx_word' id='word_1_184' title='bbox 2093 1172 2335 1241; x_wconf 85' lang='lat' dir='ltr'><strong>largitur.</strong></span> <span class='ocrx_word' id='word_1_185' title='bbox 2365 1169 2606 1225; x_wconf 87' lang='lat' dir='ltr'><strong>Pretiosa</strong></span> <span class='ocrx_word' id='word_1_186' title='bbox 2636 1170 2793 1239; x_wconf 85' lang='lat' dir='ltr'><strong>plane</strong></span> <span class='ocrx_word' id='word_1_187' title='bbox 2822 1167 3121 1232; x_wconf 84' lang='lat' dir='ltr'><strong>hacreditas,</strong></span> <span class='ocrx_word' id='word_1_188' title='bbox 3163 1183 3281 1236; x_wconf 66' lang='lat' dir='ltr'><strong>qua:</strong></span> <span class='ocrx_word' id='word_1_189' title='bbox 3311 1169 3434 1222; x_wconf 89' lang='lat' dir='ltr'><strong>dum</strong></span> <span class='ocrx_word' id='word_1_190' title='bbox 3463 1184 3494 1223; x_wconf 86' lang='lat' dir='ltr'><strong>a</strong></span> <span class='ocrx_word' id='word_1_191' title='bbox 3521 1179 3672 1239; x_wconf 88' lang='lat' dir='ltr'><strong>patre</strong></span> 
     </span>
    </p>
   </div>
   <div class='ocr_carea' id='block_1_26' title="bbox 2093 1259 3668 1329">
    <p class='ocr_par' dir='ltr' id='par_1_26' title="bbox 2093 1259 3668 1329">
     <span class='ocr_line' id='line_1_26' title="bbox 2093 1259 3668 1329; baseline -0.003 -11"><span class='ocrx_word' id='word_1_192' title='bbox 2093 1261 2411 1318; x_wconf 83' lang='lat' dir='ltr'><strong>transfertur</strong></span> <span class='ocrx_word' id='word_1_193' title='bbox 2434 1262 2501 1316; x_wconf 90' lang='lat' dir='ltr'><strong>ad</strong></span> <span class='ocrx_word' id='word_1_194' title='bbox 2537 1261 2720 1325; x_wconf 89' lang='lat' dir='ltr'><strong>lilium,</strong></span> <span class='ocrx_word' id='word_1_195' title='bbox 2752 1261 3067 1314; x_wconf 89' lang='lat' dir='ltr'><strong>meritorum</strong></span> <span class='ocrx_word' id='word_1_196' title='bbox 3095 1259 3328 1329; x_wconf 87' lang='lat' dir='ltr'><strong>quodam</strong></span> <span class='ocrx_word' id='word_1_197' title='bbox 3359 1259 3544 1315; x_wconf 85' lang='lat' dir='ltr'><strong>fenore</strong></span> <span class='ocrx_word' id='word_1_198' title='bbox 3571 1264 3668 1314; x_wconf 86' lang='lat' dir='ltr'><strong>dn-</strong></span> 
     </span>
    </p>
   </div>
   <div class='ocr_carea' id='block_1_27' title="bbox 2092 1349 3670 1427">
    <p class='ocr_par' dir='ltr' id='par_1_27' title="bbox 2092 1349 3670 1427">
     <span class='ocr_line' id='line_1_27' title="bbox 2092 1349 3670 1427; baseline -0.002 -17"><span class='ocrx_word' id='word_1_199' title='bbox 2092 1358 2341 1427; x_wconf 88' lang='lat' dir='ltr'><strong>plicatur.</strong></span> <span class='ocrx_word' id='word_1_200' title='bbox 2392 1355 2558 1423; x_wconf 87' lang='lat' dir='ltr'><strong>Igitur</strong></span> <span class='ocrx_word' id='word_1_201' title='bbox 2601 1353 2764 1417; x_wconf 86' lang='lat' dir='ltr'><strong>Elias,</strong></span> <span class='ocrx_word' id='word_1_202' title='bbox 2819 1369 2942 1407; x_wconf 90' lang='lat' dir='ltr'><strong>cum</strong></span> <span class='ocrx_word' id='word_1_203' title='bbox 2975 1349 2990 1388; x_wconf 85' lang='grc' dir='ltr'>ι</span> <span class='ocrx_word' id='word_1_204' title='bbox 3027 1351 3325 1420; x_wconf 86' lang='lat' dir='ltr'><strong>simplicem</strong></span> <span class='ocrx_word' id='word_1_205' title='bbox 3371 1353 3670 1407; x_wconf 89' lang='lat' dir='ltr'><strong>sanctitatis</strong></span> 
     </span>
    </p>
   </div>
   <div class='ocr_carea' id='block_1_28' title="bbox 2093 1441 3670 1516">
    <p class='ocr_par' dir='ltr' id='par_1_28' title="bbox 2093 1441 3670 1516">
     <span class='ocr_line' id='line_1_28' title="bbox 2093 1441 3670 1516; baseline -0.003 -16"><span class='ocrx_word' id='word_1_206' title='bbox 2093 1448 2209 1516; x_wconf 87' lang='lat' dir='ltr'><strong>ipse</strong></span> <span class='ocrx_word' id='word_1_207' title='bbox 2237 1447 2463 1500; x_wconf 89' lang='lat' dir='ltr'><strong>haberet</strong></span> <span class='ocrx_word' id='word_1_208' title='bbox 2490 1444 2755 1513; x_wconf 89' lang='lat' dir='ltr'><strong>spiritum,</strong></span> <span class='ocrx_word' id='word_1_209' title='bbox 2783 1441 2980 1496; x_wconf 71' lang='lat' dir='ltr'><strong>Elismo</strong></span> <span class='ocrx_word' id='word_1_210' title='bbox 3021 1441 3286 1511; x_wconf 87' lang='lat' dir='ltr'><strong>duplicem</strong></span> <span class='ocrx_word' id='word_1_211' title='bbox 3317 1441 3552 1510; x_wconf 81' lang='lat' dir='ltr'><strong>reliquit.</strong></span> <span class='ocrx_word' id='word_1_212' title='bbox 3578 1441 3670 1496; x_wconf 75' lang='lat' dir='ltr'><strong>Mi-</strong></span> 
     </span>
    </p>
   </div>
   <div class='ocr_carea' id='block_1_29' title="bbox 2090 1534 3668 1606">
    <p class='ocr_par' dir='ltr' id='par_1_29' title="bbox 2090 1534 3668 1606">
     <span class='ocr_line' id='line_1_29' title="bbox 2090 1534 3668 1606; baseline -0.002 -13"><span class='ocrx_word' id='word_1_213' title='bbox 2090 1555 2208 1593; x_wconf 88' lang='lat' dir='ltr'><strong>rum</strong></span> <span class='ocrx_word' id='word_1_214' title='bbox 2263 1551 2391 1606; x_wconf 88' lang='lat' dir='ltr'><strong>ergo</strong></span> <span class='ocrx_word' id='word_1_215' title='bbox 2439 1539 2493 1592; x_wconf 91' lang='lat' dir='ltr'><strong>in</strong></span> <span class='ocrx_word' id='word_1_216' title='bbox 2547 1536 2792 1591; x_wconf 90' lang='lat' dir='ltr'><strong>modum!</strong></span> <span class='ocrx_word' id='word_1_217' title='bbox 2825 1534 2970 1590; x_wconf 87' lang='lat' dir='ltr'><strong>Elias</strong></span> <span class='ocrx_word' id='word_1_218' title='bbox 3018 1535 3136 1606; x_wconf 91' lang='lat' dir='ltr'><strong>plus</strong></span> <span class='ocrx_word' id='word_1_219' title='bbox 3164 1541 3350 1603; x_wconf 70' lang='lat' dir='ltr'><strong>gratiae</strong></span> <span class='ocrx_word' id='word_1_220' title='bbox 3388 1536 3589 1590; x_wconf 89' lang='lat' dir='ltr'><strong>dimisit</strong></span> <span class='ocrx_word' id='word_1_221' title='bbox 3618 1537 3668 1591; x_wconf 91' lang='lat' dir='ltr'><strong>in</strong></span> 
     </span>
    </p>
   </div>
   <div class='ocr_carea' id='block_1_30' title="bbox 2091 1627 3668 1698">
    <p class='ocr_par' dir='ltr' id='par_1_30' title="bbox 2091 1627 3668 1698">
     <span class='ocr_line' id='line_1_30' title="bbox 2091 1627 3668 1698; baseline -0.001 -14"><span class='ocrx_word' id='word_1_222' title='bbox 2091 1630 2248 1684; x_wconf 82' lang='lat' dir='ltr'><strong>terris</strong></span> <span class='ocrx_word' id='word_1_223' title='bbox 2285 1645 2446 1698; x_wconf 90' lang='lat' dir='ltr'><strong>quam</strong></span> <span class='ocrx_word' id='word_1_224' title='bbox 2508 1643 2693 1683; x_wconf 89' lang='lat' dir='ltr'><strong>secum</strong></span> <span class='ocrx_word' id='word_1_225' title='bbox 2756 1627 2991 1698; x_wconf 88' lang='lat' dir='ltr'><strong>portavit</strong></span> <span class='ocrx_word' id='word_1_226' title='bbox 3054 1627 3120 1681; x_wconf 90' lang='lat' dir='ltr'><strong>ad</strong></span> <span class='ocrx_word' id='word_1_227' title='bbox 3174 1629 3377 1696; x_wconf 72' lang='lat' dir='ltr'><strong>cmlos,</strong></span> <span class='ocrx_word' id='word_1_228' title='bbox 3440 1637 3495 1682; x_wconf 89' lang='lat' dir='ltr'><strong>et</strong></span> <span class='ocrx_word' id='word_1_229' title='bbox 3551 1629 3668 1683; x_wconf 88' lang='lat' dir='ltr'><strong>licet</strong></span> 
     </span>
    </p>
   </div>
   <div class='ocr_carea' id='block_1_31' title="bbox 2090 1719 3670 1792">
    <p class='ocr_par' dir='ltr' id='par_1_31' title="bbox 2090 1719 3670 1792">
     <span class='ocr_line' id='line_1_31' title="bbox 2090 1719 3670 1792; baseline -0.001 -16"><span class='ocrx_word' id='word_1_230' title='bbox 2090 1723 2205 1792; x_wconf 90' lang='lat' dir='ltr'><strong>ipse</strong></span> <span class='ocrx_word' id='word_1_231' title='bbox 2259 1725 2327 1776; x_wconf 92' lang='lat' dir='ltr'><strong>ad</strong></span> <span class='ocrx_word' id='word_1_232' title='bbox 2379 1722 2571 1775; x_wconf 87' lang='lat' dir='ltr'><strong>altiora</strong></span> <span class='ocrx_word' id='word_1_233' title='bbox 2622 1721 2764 1775; x_wconf 89' lang='lat' dir='ltr'><strong>latus</strong></span> <span class='ocrx_word' id='word_1_234' title='bbox 2827 1728 2973 1775; x_wconf 91' lang='lat' dir='ltr'><strong>totus</strong></span> <span class='ocrx_word' id='word_1_235' title='bbox 3030 1719 3350 1774; x_wconf 83' lang='lat' dir='ltr'><strong>transfertur</strong></span> <span class='ocrx_word' id='word_1_236' title='bbox 3403 1736 3670 1790; x_wconf 87' lang='lat' dir='ltr'><strong>corpore,</strong></span> 
     </span>
    </p>
   </div>
   <div class='ocr_carea' id='block_1_32' title="bbox 2089 1810 3665 1884">
    <p class='ocr_par' dir='ltr' id='par_1_32' title="bbox 2089 1810 3665 1884">
     <span class='ocr_line' id='line_1_32' title="bbox 2089 1810 3665 1884; baseline -0.001 -19"><span class='ocrx_word' id='word_1_237' title='bbox 2089 1814 2249 1884; x_wconf 75' lang='lat'><strong>313</strong></span> <span class='ocrx_word' id='word_1_238' title='bbox 2280 1813 2418 1882; x_wconf 91' lang='lat' dir='ltr'><strong>apud</strong></span> <span class='ocrx_word' id='word_1_239' title='bbox 2449 1810 2613 1866; x_wconf 86' lang='lat' dir='ltr'><strong>lilium</strong></span> <span class='ocrx_word' id='word_1_240' title='bbox 2644 1819 2822 1866; x_wconf 89' lang='lat' dir='ltr'><strong>tamen</strong></span> <span class='ocrx_word' id='word_1_241' title='bbox 2851 1821 2887 1847; x_wconf 81' lang='grc' dir='ltr'><strong>η’</strong></span> <span class='ocrx_word' id='word_1_242' title='bbox 2918 1810 3124 1880; x_wconf 80' lang='lat' dir='ltr'><strong>majore</strong></span> <span class='ocrx_word' id='word_1_243' title='bbox 3152 1819 3336 1864; x_wconf 91' lang='lat' dir='ltr'><strong>manet</strong></span> <span class='ocrx_word' id='word_1_244' title='bbox 3361 1811 3665 1865; x_wconf 87' lang='lat' dir='ltr'><strong>sanctitate.</strong></span> 
     </span>
    </p>
   </div>
   <div class='ocr_carea' id='block_1_33' title="bbox 408 1887 3669 1970">
    <p class='ocr_par' dir='ltr' id='par_1_33' title="bbox 408 1887 3669 1970">
     <span class='ocr_line' id='line_1_33' title="bbox 408 1887 3669 1970; baseline -0.001 -14"><span class='ocrx_word' id='word_1_245' title='bbox 408 1904 717 1970; x_wconf 77' lang='lat' dir='ltr'><strong>angelorum</strong></span> <span class='ocrx_word' id='word_1_246' title='bbox 746 1908 894 1956; x_wconf 86' lang='lat' dir='ltr'><strong>recte</strong></span> <span class='ocrx_word' id='word_1_247' title='bbox 919 1915 1104 1954; x_wconf 90' lang='lat' dir='ltr'><strong>eorum</strong></span> <span class='ocrx_word' id='word_1_248' title='bbox 1130 1901 1462 1955; x_wconf 76' lang='lat' dir='ltr'><strong>consertium</strong></span> <span class='ocrx_word' id='word_1_249' title='bbox 1484 1915 1804 1955; x_wconf 89' lang='lat' dir='ltr'><strong>mereamur.</strong></span> <span class='ocrx_word' id='word_1_250' title='bbox 1841 1911 1864 1938; x_wconf 80' lang='grc' dir='ltr'><strong><em>ο</em></strong></span> <span class='ocrx_word' id='word_1_251' title='bbox 1895 1899 1989 1954; x_wconf 87' lang='lat' dir='ltr'><strong>Est</strong></span> <span class='ocrx_word' id='word_1_252' title='bbox 2023 1887 2067 1944; x_wconf 76' lang='grc' dir='ltr'><strong>Β</strong></span> <span class='ocrx_word' id='word_1_253' title='bbox 2093 1904 2169 1960; x_wconf 88' lang='lat' dir='ltr'><strong>De</strong></span> <span class='ocrx_word' id='word_1_254' title='bbox 2214 1904 2389 1958; x_wconf 69' lang='lat' dir='ltr'><strong>Eliszei</strong></span> <span class='ocrx_word' id='word_1_255' title='bbox 2426 1911 2604 1957; x_wconf 90' lang='lat' dir='ltr'><strong>autem</strong></span> <span class='ocrx_word' id='word_1_256' title='bbox 2646 1902 2852 1957; x_wconf 85' lang='lat' dir='ltr'><strong>meritis</strong></span> <span class='ocrx_word' id='word_1_257' title='bbox 2889 1901 3017 1970; x_wconf 90' lang='lat' dir='ltr'><strong>quid</strong></span> <span class='ocrx_word' id='word_1_258' title='bbox 3053 1900 3330 1955; x_wconf 83' lang='lat' dir='ltr'><strong>dicamus?</strong></span> <span class='ocrx_word' id='word_1_259' title='bbox 3363 1899 3519 1970; x_wconf 84' lang='lat' dir='ltr'><strong>cujus</strong></span> <span class='ocrx_word' id='word_1_260' title='bbox 3558 1901 3669 1954; x_wconf 60' lang='lat' dir='ltr'><strong>hate</strong></span> 
     </span>
    </p>
   </div>
   <div class='ocr_carea' id='block_1_34' title="bbox 407 1990 1984 2059">
    <p class='ocr_par' dir='ltr' id='par_1_34' title="bbox 407 1990 1984 2059">
     <span class='ocr_line' id='line_1_34' title="bbox 407 1990 1984 2059; baseline -0.002 -12"><span class='ocrx_word' id='word_1_261' title='bbox 407 2008 539 2047; x_wconf 87' lang='lat' dir='ltr'><strong>sane</strong></span> <span class='ocrx_word' id='word_1_262' title='bbox 585 1999 768 2047; x_wconf 87' lang='lat' dir='ltr'><strong>sancte</strong></span> <span class='ocrx_word' id='word_1_263' title='bbox 813 1990 1115 2047; x_wconf 80' lang='lat' dir='ltr'><strong>viventibus</strong></span> <span class='ocrx_word' id='word_1_264' title='bbox 1150 1991 1392 2059; x_wconf 82' lang='lat' dir='ltr'><strong>quaedam</strong></span> <span class='ocrx_word' id='word_1_265' title='bbox 1439 1990 1580 2044; x_wconf 91' lang='lat' dir='ltr'><strong>inter</strong></span> <span class='ocrx_word' id='word_1_266' title='bbox 1617 2006 1678 2044; x_wconf 88' lang='lat' dir='ltr'><strong>se</strong></span> <span class='ocrx_word' id='word_1_267' title='bbox 1705 1991 1984 2059; x_wconf 82' lang='lat' dir='ltr'><strong>cognatio,</strong></span> 
     </span>
    </p>
   </div>
   <div class='ocr_carea' id='block_1_35' title="bbox 408 2082 1989 2154">
    <p class='ocr_par' dir='ltr' id='par_1_35' title="bbox 408 2082 1989 2154">
     <span class='ocr_line' id='line_1_35' title="bbox 408 2082 1989 2154; baseline -0.003 -14"><span class='ocrx_word' id='word_1_268' title='bbox 408 2086 613 2154; x_wconf 80' lang='lat' dir='ltr'><strong>iunctio</strong></span> <span class='ocrx_word' id='word_1_269' title='bbox 649 2094 810 2154; x_wconf 86' lang='lat' dir='ltr'><strong>atque</strong></span> <span class='ocrx_word' id='word_1_270' title='bbox 851 2084 1083 2138; x_wconf 87' lang='lat' dir='ltr'><strong>societas</strong></span> <span class='ocrx_word' id='word_1_271' title='bbox 1115 2100 1128 2135; x_wconf 90' lang='lat'><strong>:</strong></span> <span class='ocrx_word' id='word_1_272' title='bbox 1160 2098 1263 2137; x_wconf 88' lang='lat' dir='ltr'><strong>nec</strong></span> <span class='ocrx_word' id='word_1_273' title='bbox 1302 2082 1524 2137; x_wconf 89' lang='lat' dir='ltr'><strong>interest</strong></span> <span class='ocrx_word' id='word_1_274' title='bbox 1549 2091 1728 2136; x_wconf 91' lang='lat' dir='ltr'><strong>utrum</strong></span> <span class='ocrx_word' id='word_1_275' title='bbox 1755 2083 1811 2136; x_wconf 93' lang='lat' dir='ltr'><strong>in</strong></span> <span class='ocrx_word' id='word_1_276' title='bbox 1839 2082 1989 2137; x_wconf 74' lang='lat' dir='ltr'><strong>cmlis</strong></span> 
     </span>
    </p>
   </div>
   <div class='ocr_carea' id='block_1_36' title="bbox 411 2174 1985 2243">
    <p class='ocr_par' dir='ltr' id='par_1_36' title="bbox 411 2174 1985 2243">
     <span class='ocr_line' id='line_1_36' title="bbox 411 2174 1985 2243; baseline -0.003 -12"><span class='ocrx_word' id='word_1_277' title='bbox 411 2185 668 2231; x_wconf 83' lang='lat' dir='ltr'><strong>maneant</strong></span> <span class='ocrx_word' id='word_1_278' title='bbox 719 2190 788 2229; x_wconf 90' lang='lat' dir='ltr'><strong>an</strong></span> <span class='ocrx_word' id='word_1_279' title='bbox 828 2175 883 2230; x_wconf 87' lang='lat' dir='ltr'><strong>in</strong></span> <span class='ocrx_word' id='word_1_280' title='bbox 913 2175 1094 2243; x_wconf 86' lang='lat' dir='ltr'><strong>terris,</strong></span> <span class='ocrx_word' id='word_1_281' title='bbox 1124 2175 1348 2242; x_wconf 85' lang='lat' dir='ltr'><strong>angelici</strong></span> <span class='ocrx_word' id='word_1_282' title='bbox 1395 2174 1500 2229; x_wconf 89' lang='lat' dir='ltr'><strong>sint</strong></span> <span class='ocrx_word' id='word_1_283' title='bbox 1538 2174 1751 2228; x_wconf 89' lang='lat' dir='ltr'><strong>habitus</strong></span> <span class='ocrx_word' id='word_1_284' title='bbox 1786 2189 1854 2228; x_wconf 92' lang='lat' dir='ltr'><strong>an</strong></span> <span class='ocrx_word' id='word_1_285' title='bbox 1883 2174 1985 2227; x_wconf 89' lang='lat' dir='ltr'><strong>hu-</strong></span> 
     </span>
    </p>
   </div>
   <div class='ocr_carea' id='block_1_37' title="bbox 407 2261 1982 2331">
    <p class='ocr_par' dir='ltr' id='par_1_37' title="bbox 407 2261 1982 2331">
     <span class='ocr_line' id='line_1_37' title="bbox 407 2261 1982 2331; baseline -0.004 -7"><span class='ocrx_word' id='word_1_286' title='bbox 407 2261 594 2331; x_wconf 52' lang='lat' dir='ltr'><strong>mani,‘</strong></span> <span class='ocrx_word' id='word_1_287' title='bbox 620 2267 910 2324; x_wconf 88' lang='lat' dir='ltr'><strong>dummodo</strong></span> <span class='ocrx_word' id='word_1_288' title='bbox 937 2268 989 2321; x_wconf 92' lang='lat' dir='ltr'><strong>in</strong></span> <span class='ocrx_word' id='word_1_289' title='bbox 1022 2267 1105 2322; x_wconf 91' lang='lat' dir='ltr'><strong>his</strong></span> <span class='ocrx_word' id='word_1_290' title='bbox 1133 2268 1203 2321; x_wconf 89' lang='lat' dir='ltr'><strong>sit</strong></span> <span class='ocrx_word' id='word_1_291' title='bbox 1226 2265 1413 2322; x_wconf 86' lang='lat' dir='ltr'><strong>eadem</strong></span> <span class='ocrx_word' id='word_1_292' title='bbox 1437 2267 1545 2321; x_wconf 88' lang='lat' dir='ltr'><strong>vita</strong></span> <span class='ocrx_word' id='word_1_293' title='bbox 1575 2267 1660 2321; x_wconf 92' lang='lat' dir='ltr'><strong>vel</strong></span> <span class='ocrx_word' id='word_1_294' title='bbox 1689 2267 1943 2320; x_wconf 88' lang='lat' dir='ltr'><strong>sanctitas</strong></span> <span class='ocrx_word' id='word_1_295' title='bbox 1971 2285 1982 2317; x_wconf 89' lang='lat'><strong>:</strong></span> 
     </span>
    </p>
   </div>
   <div class='ocr_carea' id='block_1_38' title="bbox 407 2356 1985 2427">
    <p class='ocr_par' dir='ltr' id='par_1_38' title="bbox 407 2356 1985 2427">
     <span class='ocr_line' id='line_1_38' title="bbox 407 2356 1985 2427; baseline -0.003 -12"><span class='ocrx_word' id='word_1_296' title='bbox 407 2360 744 2415; x_wconf 86' lang='lat' dir='ltr'><strong>conversatio</strong></span> <span class='ocrx_word' id='word_1_297' title='bbox 767 2360 1043 2415; x_wconf 84' lang='lat' dir='ltr'><strong>connectit</strong></span> <span class='ocrx_word' id='word_1_298' title='bbox 1061 2374 1198 2427; x_wconf 91' lang='lat' dir='ltr'><strong>quos</strong></span> <span class='ocrx_word' id='word_1_299' title='bbox 1225 2368 1439 2427; x_wconf 80' lang='lat' dir='ltr'><strong>separat</strong></span> <span class='ocrx_word' id='word_1_300' title='bbox 1467 2358 1812 2421; x_wconf 89' lang='lat' dir='ltr'><strong>elementum,</strong></span> <span class='ocrx_word' id='word_1_301' title='bbox 1837 2365 1892 2411; x_wconf 90' lang='lat' dir='ltr'><strong>et</strong></span> <span class='ocrx_word' id='word_1_302' title='bbox 1920 2356 1985 2410; x_wconf 89' lang='lat' dir='ltr'><strong>li-</strong></span> 
     </span>
    </p>
   </div>
   <div class='ocr_carea' id='block_1_39' title="bbox 406 2447 1989 2518">
    <p class='ocr_par' dir='ltr' id='par_1_39' title="bbox 406 2447 1989 2518">
     <span class='ocr_line' id='line_1_39' title="bbox 406 2447 1989 2518; baseline -0.001 -15"><span class='ocrx_word' id='word_1_303' title='bbox 406 2457 496 2504; x_wconf 87' lang='lat' dir='ltr'><strong>cet</strong></span> <span class='ocrx_word' id='word_1_304' title='bbox 519 2447 537 2486; x_wconf 68' lang='grc' dir='ltr'><strong>ί</strong></span> <span class='ocrx_word' id='word_1_305' title='bbox 555 2449 752 2504; x_wconf 88' lang='lat' dir='ltr'><strong>diversi</strong></span> <span class='ocrx_word' id='word_1_306' title='bbox 772 2449 1088 2518; x_wconf 83' lang='lat' dir='ltr'><strong>corporibus</strong></span> <span class='ocrx_word' id='word_1_307' title='bbox 1107 2448 1430 2510; x_wconf 87' lang='lat' dir='ltr'><strong>dividantur,</strong></span> <span class='ocrx_word' id='word_1_308' title='bbox 1450 2449 1636 2503; x_wconf 88' lang='lat' dir='ltr'><strong>iisdem</strong></span> <span class='ocrx_word' id='word_1_309' title='bbox 1655 2456 1832 2503; x_wconf 85' lang='lat' dir='ltr'><strong>tamen</strong></span> <span class='ocrx_word' id='word_1_310' title='bbox 1855 2449 1989 2502; x_wconf 90' lang='lat' dir='ltr'><strong>acti-</strong></span> 
     </span>
    </p>
   </div>
   <div class='ocr_carea' id='block_1_40' title="bbox 407 2540 1987 2610">
    <p class='ocr_par' dir='ltr' id='par_1_40' title="bbox 407 2540 1987 2610">
     <span class='ocr_line' id='line_1_40' title="bbox 407 2540 1987 2610; baseline -0.001 -16"><span class='ocrx_word' id='word_1_311' title='bbox 407 2541 506 2596; x_wconf 87' lang='lat' dir='ltr'><strong>bus</strong></span> <span class='ocrx_word' id='word_1_312' title='bbox 535 2540 955 2610; x_wconf 86' lang='lat' dir='ltr'><strong>conjunguntur.</strong></span> <span class='ocrx_word' id='word_1_313' title='bbox 1007 2541 1183 2609; x_wconf 82' lang='lat' dir='ltr'><strong>Atque</strong></span> <span class='ocrx_word' id='word_1_314' title='bbox 1214 2541 1335 2594; x_wconf 88' lang='lat' dir='ltr'><strong>ideo</strong></span> <span class='ocrx_word' id='word_1_315' title='bbox 1357 2541 1414 2592; x_wconf 89' lang='lat' dir='ltr'><strong>lit</strong></span> <span class='ocrx_word' id='word_1_316' title='bbox 1443 2548 1501 2593; x_wconf 92' lang='lat' dir='ltr'><strong>ut</strong></span> <span class='ocrx_word' id='word_1_317' title='bbox 1521 2542 1691 2594; x_wconf 89' lang='lat' dir='ltr'><strong>sancti</strong></span> <span class='ocrx_word' id='word_1_318' title='bbox 1725 2542 1824 2595; x_wconf 86' lang='lat' dir='ltr'><strong>sibi</strong></span> <span class='ocrx_word' id='word_1_319' title='bbox 1851 2555 1987 2609; x_wconf 90' lang='lat' dir='ltr'><strong>quo-</strong></span> 
     </span>
    </p>
   </div>
   <div class='ocr_carea' id='block_1_41' title="bbox 406 2631 1987 2687">
    <p class='ocr_par' dir='ltr' id='par_1_41' title="bbox 406 2631 1987 2687">
     <span class='ocr_line' id='line_1_41' title="bbox 406 2631 1987 2687; baseline 0.002 -4"><span class='ocrx_word' id='word_1_320' title='bbox 406 2631 528 2684; x_wconf 85' lang='lat' dir='ltr'><strong>dam</strong></span> <span class='ocrx_word' id='word_1_321' title='bbox 556 2632 830 2686; x_wconf 87' lang='lat' dir='ltr'><strong>consortio</strong></span> <span class='ocrx_word' id='word_1_322' title='bbox 860 2631 1195 2687; x_wconf 58' lang='lat' dir='ltr'><strong>cohaerentes</strong></span> <span class='ocrx_word' id='word_1_323' title='bbox 1224 2646 1255 2684; x_wconf 87' lang='lat' dir='ltr'><strong>a</strong></span> <span class='ocrx_word' id='word_1_324' title='bbox 1283 2645 1345 2686; x_wconf 87' lang='lat' dir='ltr'><strong>se</strong></span> <span class='ocrx_word' id='word_1_325' title='bbox 1397 2631 1625 2685; x_wconf 90' lang='lat' dir='ltr'><strong>invicem</strong></span> <span class='ocrx_word' id='word_1_326' title='bbox 1668 2647 1778 2686; x_wconf 88' lang='lat' dir='ltr'><strong>non</strong></span> <span class='ocrx_word' id='word_1_327' title='bbox 1814 2632 1987 2686; x_wconf 82' lang='lat' dir='ltr'><strong>disce-</strong></span> 
     </span>
    </p>
   </div>
   <div class='ocr_carea' id='block_1_42' title="bbox 405 2724 1986 2795">
    <p class='ocr_par' dir='ltr' id='par_1_42' title="bbox 405 2724 1986 2795">
     <span class='ocr_line' id='line_1_42' title="bbox 405 2724 1986 2795; baseline 0.001 -17"><span class='ocrx_word' id='word_1_328' title='bbox 405 2724 561 2791; x_wconf 84' lang='lat' dir='ltr'><strong>dant;</strong></span> <span class='ocrx_word' id='word_1_329' title='bbox 594 2732 648 2780; x_wconf 90' lang='lat' dir='ltr'><strong>et</strong></span> <span class='ocrx_word' id='word_1_330' title='bbox 677 2724 839 2780; x_wconf 88' lang='lat' dir='ltr'><strong>modo</strong></span> <span class='ocrx_word' id='word_1_331' title='bbox 869 2724 1043 2795; x_wconf 84' lang='lat' dir='ltr'><strong>angeli</strong></span> <span class='ocrx_word' id='word_1_332' title='bbox 1066 2725 1132 2779; x_wconf 90' lang='lat' dir='ltr'><strong>ad</strong></span> <span class='ocrx_word' id='word_1_333' title='bbox 1162 2732 1334 2781; x_wconf 89' lang='lat' dir='ltr'><strong>terras</strong></span> <span class='ocrx_word' id='word_1_334' title='bbox 1361 2727 1598 2790; x_wconf 87' lang='lat' dir='ltr'><strong>veniant,</strong></span> <span class='ocrx_word' id='word_1_335' title='bbox 1629 2726 1789 2781; x_wconf 90' lang='lat' dir='ltr'><strong>modo</strong></span> <span class='ocrx_word' id='word_1_336' title='bbox 1819 2725 1986 2780; x_wconf 89' lang='lat' dir='ltr'><strong>homi-</strong></span> 
     </span>
    </p>
   </div>
   <div class='ocr_carea' id='block_1_43' title="bbox 405 2814 1983 2886">
    <p class='ocr_par' dir='ltr' id='par_1_43' title="bbox 405 2814 1983 2886">
     <span class='ocr_line' id='line_1_43' title="bbox 405 2814 1983 2886; baseline 0.003 -18"><span class='ocrx_word' id='word_1_337' title='bbox 405 2830 504 2869; x_wconf 87' lang='lat' dir='ltr'><strong>nes</strong></span> <span class='ocrx_word' id='word_1_338' title='bbox 533 2815 601 2870; x_wconf 89' lang='lat' dir='ltr'><strong>ad</strong></span> <span class='ocrx_word' id='word_1_339' title='bbox 629 2816 870 2872; x_wconf 78' lang='lat' dir='ltr'><strong>etelestia</strong></span> <span class='ocrx_word' id='word_1_340' title='bbox 897 2814 1316 2882; x_wconf 89' lang='lat' dir='ltr'><strong>transferantur;</strong></span> <span class='ocrx_word' id='word_1_341' title='bbox 1349 2832 1414 2872; x_wconf 91' lang='lat' dir='ltr'><strong>ac</strong></span> <span class='ocrx_word' id='word_1_342' title='bbox 1457 2817 1696 2886; x_wconf 87' lang='lat' dir='ltr'><strong>profectu</strong></span> <span class='ocrx_word' id='word_1_343' title='bbox 1738 2817 1983 2882; x_wconf 89' lang='lat' dir='ltr'><strong>meliore,</strong></span> 
     </span>
    </p>
   </div>
   <div class='ocr_carea' id='block_1_44' title="bbox 405 2905 1981 2977">
    <p class='ocr_par' dir='ltr' id='par_1_44' title="bbox 405 2905 1981 2977">
     <span class='ocr_line' id='line_1_44' title="bbox 405 2905 1981 2977; baseline 0.002 -19"><span class='ocrx_word' id='word_1_344' title='bbox 405 2905 597 2974; x_wconf 85' lang='lat' dir='ltr'><strong>quibus</strong></span> <span class='ocrx_word' id='word_1_345' title='bbox 644 2906 754 2959; x_wconf 89' lang='lat' dir='ltr'><strong>vita</strong></span> <span class='ocrx_word' id='word_1_346' title='bbox 800 2907 1102 2961; x_wconf 90' lang='lat' dir='ltr'><strong>communis</strong></span> <span class='ocrx_word' id='word_1_347' title='bbox 1156 2915 1266 2972; x_wconf 90' lang='lat' dir='ltr'><strong>est,</strong></span> <span class='ocrx_word' id='word_1_348' title='bbox 1309 2907 1574 2977; x_wconf 89' lang='lat' dir='ltr'><strong>incipiunt</strong></span> <span class='ocrx_word' id='word_1_349' title='bbox 1613 2909 1716 2962; x_wconf 91' lang='lat' dir='ltr'><strong>illis</strong></span> <span class='ocrx_word' id='word_1_350' title='bbox 1769 2907 1981 2962; x_wconf 87' lang='lat' dir='ltr'><strong>vivendi</strong></span> 
     </span>
    </p>
   </div>
   <div class='ocr_carea' id='block_1_45' title="bbox 404 2995 1978 3069">
    <p class='ocr_par' dir='ltr' id='par_1_45' title="bbox 404 2995 1978 3069">
     <span class='ocr_line' id='line_1_45' title="bbox 404 2995 1978 3069; baseline 0.002 -20"><span class='ocrx_word' id='word_1_351' title='bbox 404 2995 568 3050; x_wconf 86' lang='lat' dir='ltr'><strong>etiam</strong></span> <span class='ocrx_word' id='word_1_352' title='bbox 617 2996 883 3051; x_wconf 87' lang='lat' dir='ltr'><strong>elementa</strong></span> <span class='ocrx_word' id='word_1_353' title='bbox 933 3012 1050 3052; x_wconf 88' lang='lat' dir='ltr'><strong>esse</strong></span> <span class='ocrx_word' id='word_1_354' title='bbox 1087 2999 1419 3052; x_wconf 91' lang='lat' dir='ltr'><strong>communia.</strong></span> <span class='ocrx_word' id='word_1_355' title='bbox 1450 2999 1557 3054; x_wconf 84' lang='lat' dir='ltr'><strong>Sed</strong></span> <span class='ocrx_word' id='word_1_356' title='bbox 1585 2999 1714 3054; x_wconf 89' lang='lat' dir='ltr'><strong>dicit</strong></span> <span class='ocrx_word' id='word_1_357' title='bbox 1740 2999 1932 3069; x_wconf 88' lang='lat' dir='ltr'><strong>aliquis</strong></span> <span class='ocrx_word' id='word_1_358' title='bbox 1966 3018 1978 3052; x_wconf 92' lang='lat'>:</span> 
     </span>
    </p>
   </div>
   <div class='ocr_carea' id='block_1_46' title="bbox 406 3087 1982 3161">
    <p class='ocr_par' dir='ltr' id='par_1_46' title="bbox 406 3087 1982 3161">
     <span class='ocr_line' id='line_1_46' title="bbox 406 3087 1982 3161; baseline 0.003 -21"><span class='ocrx_word' id='word_1_359' title='bbox 406 3087 738 3156; x_wconf 85' lang='lat' dir='ltr'><strong>Frequenter</strong></span> <span class='ocrx_word' id='word_1_360' title='bbox 766 3087 1066 3143; x_wconf 87' lang='lat' dir='ltr'><strong>audivimus</strong></span> <span class='ocrx_word' id='word_1_361' title='bbox 1099 3089 1319 3157; x_wconf 77' lang='lat' dir='ltr'><strong>angelos</strong></span> <span class='ocrx_word' id='word_1_362' title='bbox 1340 3090 1406 3144; x_wconf 89' lang='lat' dir='ltr'><strong>ad</strong></span> <span class='ocrx_word' id='word_1_363' title='bbox 1437 3091 1600 3161; x_wconf 74' lang='lat'><strong>312</strong></span> <span class='ocrx_word' id='word_1_364' title='bbox 1623 3091 1868 3145; x_wconf 90' lang='lat' dir='ltr'><strong>homines</strong></span> <span class='ocrx_word' id='word_1_365' title='bbox 1887 3090 1982 3145; x_wconf 91' lang='lat' dir='ltr'><strong>de-</strong></span> 
     </span>
    </p>
   </div>
   <div class='ocr_carea' id='block_1_47' title="bbox 404 3177 1981 3251">
    <p class='ocr_par' dir='ltr' id='par_1_47' title="bbox 404 3177 1981 3251">
     <span class='ocr_line' id='line_1_47' title="bbox 404 3177 1981 3251; baseline 0.004 -20"><span class='ocrx_word' id='word_1_366' title='bbox 404 3177 677 3233; x_wconf 75' lang='lat' dir='ltr'><strong>scendisse</strong></span> <span class='ocrx_word' id='word_1_367' title='bbox 709 3197 722 3231; x_wconf 87' lang='lat'><strong>:</strong></span> <span class='ocrx_word' id='word_1_368' title='bbox 748 3179 934 3234; x_wconf 90' lang='lat' dir='ltr'><strong>audire</strong></span> <span class='ocrx_word' id='word_1_369' title='bbox 967 3181 1128 3235; x_wconf 87' lang='lat' dir='ltr'><strong>etiam</strong></span> <span class='ocrx_word' id='word_1_370' title='bbox 1166 3181 1409 3251; x_wconf 91' lang='lat' dir='ltr'><strong>cupimus</strong></span> <span class='ocrx_word' id='word_1_371' title='bbox 1437 3183 1709 3251; x_wconf 90' lang='lat' dir='ltr'><strong>quomodo</strong></span> <span class='ocrx_word' id='word_1_372' title='bbox 1735 3182 1981 3238; x_wconf 84' lang='lat' dir='ltr'><strong>homines</strong></span> 
     </span>
    </p>
   </div>
   <div class='ocr_carea' id='block_1_48' title="bbox 2091 1991 3666 2062">
    <p class='ocr_par' dir='ltr' id='par_1_48' title="bbox 2091 1991 3666 2062">
     <span class='ocr_line' id='line_1_48' title="bbox 2091 1991 3666 2062; baseline -0.001 -16"><span class='ocrx_word' id='word_1_373' title='bbox 2091 1993 2260 2062; x_wconf 87' lang='lat' dir='ltr'><strong>prima</strong></span> <span class='ocrx_word' id='word_1_374' title='bbox 2288 1993 2404 2048; x_wconf 89' lang='lat' dir='ltr'><strong>laus</strong></span> <span class='ocrx_word' id='word_1_375' title='bbox 2431 1999 2544 2059; x_wconf 87' lang='lat' dir='ltr'><strong>est,</strong></span> <span class='ocrx_word' id='word_1_376' title='bbox 2587 1991 2731 2060; x_wconf 90' lang='lat' dir='ltr'><strong>quod</strong></span> <span class='ocrx_word' id='word_1_377' title='bbox 2757 1999 2965 2060; x_wconf 88' lang='lat' dir='ltr'><strong>patrem</strong></span> <span class='ocrx_word' id='word_1_378' title='bbox 2993 1991 3160 2046; x_wconf 91' lang='lat' dir='ltr'><strong>voluit</strong></span> <span class='ocrx_word' id='word_1_379' title='bbox 3190 1991 3361 2060; x_wconf 90' lang='lat' dir='ltr'><strong>gratia</strong></span> <span class='ocrx_word' id='word_1_380' title='bbox 3391 2005 3666 2060; x_wconf 86' lang='lat' dir='ltr'><strong>superare,</strong></span> 
     </span>
    </p>
   </div>
   <div class='ocr_carea' id='block_1_49' title="bbox 2089 2082 3671 2153">
    <p class='ocr_par' dir='ltr' id='par_1_49' title="bbox 2089 2082 3671 2153">
     <span class='ocr_line' id='line_1_49' title="bbox 2089 2082 3671 2153; baseline 0.003 -16"><span class='ocrx_word' id='word_1_381' title='bbox 2089 2083 2213 2138; x_wconf 88' lang='lat' dir='ltr'><strong>dum</strong></span> <span class='ocrx_word' id='word_1_382' title='bbox 2243 2082 2358 2137; x_wconf 88' lang='lat' dir='ltr'><strong>dari</strong></span> <span class='ocrx_word' id='word_1_383' title='bbox 2385 2082 2486 2137; x_wconf 90' lang='lat' dir='ltr'><strong>sibi</strong></span> <span class='ocrx_word' id='word_1_384' title='bbox 2512 2082 2737 2151; x_wconf 89' lang='lat' dir='ltr'><strong>amplius</strong></span> <span class='ocrx_word' id='word_1_385' title='bbox 2759 2082 3029 2152; x_wconf 90' lang='lat' dir='ltr'><strong>postulat,</strong></span> <span class='ocrx_word' id='word_1_386' title='bbox 3064 2097 3224 2151; x_wconf 89' lang='lat' dir='ltr'><strong>quam</strong></span> <span class='ocrx_word' id='word_1_387' title='bbox 3253 2083 3355 2138; x_wconf 89' lang='lat' dir='ltr'><strong>scit</strong></span> <span class='ocrx_word' id='word_1_388' title='bbox 3382 2083 3524 2153; x_wconf 86' lang='lat' dir='ltr'><strong>apud</strong></span> <span class='ocrx_word' id='word_1_389' title='bbox 3549 2101 3671 2141; x_wconf 90' lang='lat' dir='ltr'><strong>eum</strong></span> 
     </span>
    </p>
   </div>
   <div class='ocr_carea' id='block_1_50' title="bbox 2088 2173 3670 2248">
    <p class='ocr_par' dir='ltr' id='par_1_50' title="bbox 2088 2173 3670 2248">
     <span class='ocr_line' id='line_1_50' title="bbox 2088 2173 3670 2248; baseline 0.004 -20"><span class='ocrx_word' id='word_1_390' title='bbox 2088 2189 2207 2229; x_wconf 83' lang='lat' dir='ltr'><strong>esse</strong></span> <span class='ocrx_word' id='word_1_391' title='bbox 2265 2174 2356 2243; x_wconf 87' lang='lat' dir='ltr'><strong>qui</strong></span> <span class='ocrx_word' id='word_1_392' title='bbox 2401 2173 2659 2244; x_wconf 90' lang='lat' dir='ltr'><strong>possidet.</strong></span> <span class='ocrx_word' id='word_1_393' title='bbox 2718 2175 2925 2228; x_wconf 86' lang='lat' dir='ltr'><strong>Avarus</strong></span> <span class='ocrx_word' id='word_1_394' title='bbox 2964 2175 3178 2243; x_wconf 88' lang='lat' dir='ltr'><strong>quidem</strong></span> <span class='ocrx_word' id='word_1_395' title='bbox 3222 2185 3305 2231; x_wconf 92' lang='lat' dir='ltr'><strong>est</strong></span> <span class='ocrx_word' id='word_1_396' title='bbox 3332 2175 3383 2229; x_wconf 89' lang='lat' dir='ltr'><strong>in</strong></span> <span class='ocrx_word' id='word_1_397' title='bbox 3410 2179 3670 2248; x_wconf 80' lang='lat' dir='ltr'><strong>petendo,</strong></span> 
     </span>
    </p>
   </div>
   <div class='ocr_carea' id='block_1_51' title="bbox 2088 2265 3671 2340">
    <p class='ocr_par' dir='ltr' id='par_1_51' title="bbox 2088 2265 3671 2340">
     <span class='ocr_line' id='line_1_51' title="bbox 2088 2265 3671 2340; baseline 0.005 -22"><span class='ocrx_word' id='word_1_398' title='bbox 2088 2265 2184 2319; x_wconf 77' lang='lat' dir='ltr'><strong>sed</strong></span> <span class='ocrx_word' id='word_1_399' title='bbox 2209 2266 2434 2322; x_wconf 89' lang='lat' dir='ltr'><strong>idoneus</strong></span> <span class='ocrx_word' id='word_1_400' title='bbox 2468 2266 2521 2320; x_wconf 90' lang='lat' dir='ltr'><strong>in</strong></span> <span class='ocrx_word' id='word_1_401' title='bbox 2554 2266 2931 2336; x_wconf 88' lang='lat' dir='ltr'><strong>promerendo.</strong></span> <span class='ocrx_word' id='word_1_402' title='bbox 2976 2266 3112 2321; x_wconf 90' lang='lat' dir='ltr'><strong>Dum</strong></span> <span class='ocrx_word' id='word_1_403' title='bbox 3140 2268 3283 2322; x_wconf 90' lang='lat' dir='ltr'><strong>enim</strong></span> <span class='ocrx_word' id='word_1_404' title='bbox 3312 2282 3341 2321; x_wconf 92' lang='lat' dir='ltr'><strong>a</strong></span> <span class='ocrx_word' id='word_1_405' title='bbox 3370 2276 3526 2339; x_wconf 88' lang='lat' dir='ltr'><strong>patre</strong></span> <span class='ocrx_word' id='word_1_406' title='bbox 3554 2271 3671 2340; x_wconf 88' lang='lat' dir='ltr'><strong>plus</strong></span> 
     </span>
    </p>
   </div>
   <div class='ocr_carea' id='block_1_52' title="bbox 2088 2355 3672 2431">
    <p class='ocr_par' dir='ltr' id='par_1_52' title="bbox 2088 2355 3672 2431">
     <span class='ocr_line' id='line_1_52' title="bbox 2088 2355 3672 2431; baseline 0.004 -21"><span class='ocrx_word' id='word_1_407' title='bbox 2088 2358 2254 2426; x_wconf 81' lang='lat' dir='ltr'><strong>exigit</strong></span> <span class='ocrx_word' id='word_1_408' title='bbox 2297 2373 2459 2426; x_wconf 89' lang='lat' dir='ltr'><strong>quam</strong></span> <span class='ocrx_word' id='word_1_409' title='bbox 2505 2357 2758 2425; x_wconf 88' lang='lat' dir='ltr'><strong>habebat,</strong></span> <span class='ocrx_word' id='word_1_410' title='bbox 2809 2355 2934 2412; x_wconf 89' lang='lat' dir='ltr'><strong>fecit</strong></span> <span class='ocrx_word' id='word_1_411' title='bbox 2981 2373 3105 2414; x_wconf 88' lang='lat' dir='ltr'><strong>eum</strong></span> <span class='ocrx_word' id='word_1_412' title='bbox 3150 2359 3358 2414; x_wconf 87' lang='lat' dir='ltr'><strong>meritis</strong></span> <span class='ocrx_word' id='word_1_413' title='bbox 3403 2361 3515 2415; x_wconf 87' lang='lat' dir='ltr'><strong>suis</strong></span> <span class='ocrx_word' id='word_1_414' title='bbox 3553 2361 3672 2431; x_wconf 89' lang='lat' dir='ltr'><strong>plus</strong></span> 
     </span>
    </p>
   </div>
   <div class='ocr_carea' id='block_1_53' title="bbox 2086 2448 3671 2523">
    <p class='ocr_par' dir='ltr' id='par_1_53' title="bbox 2086 2448 3671 2523">
     <span class='ocr_line' id='line_1_53' title="bbox 2086 2448 3671 2523; baseline 0.004 -21"><span class='ocrx_word' id='word_1_415' title='bbox 2086 2456 2342 2517; x_wconf 63' lang='lat' dir='ltr'><strong>praestare</strong></span> <span class='ocrx_word' id='word_1_416' title='bbox 2361 2464 2520 2518; x_wconf 88' lang='lat' dir='ltr'><strong>quam</strong></span> <span class='ocrx_word' id='word_1_417' title='bbox 2549 2457 2780 2518; x_wconf 90' lang='lat' dir='ltr'><strong>poterat.</strong></span> <span class='ocrx_word' id='word_1_418' title='bbox 2825 2448 2957 2503; x_wconf 87' lang='lat' dir='ltr'><strong>Nam</strong></span> <span class='ocrx_word' id='word_1_419' title='bbox 2987 2465 3107 2505; x_wconf 91' lang='lat' dir='ltr'><strong>cum</strong></span> <span class='ocrx_word' id='word_1_420' title='bbox 3137 2450 3276 2505; x_wconf 91' lang='lat' dir='ltr'><strong>idem</strong></span> <span class='ocrx_word' id='word_1_421' title='bbox 3307 2449 3527 2507; x_wconf 68' lang='lat' dir='ltr'><strong>Elisteus</strong></span> <span class='ocrx_word' id='word_1_422' title='bbox 3549 2463 3671 2523; x_wconf 87' lang='lat' dir='ltr'><strong>post</strong></span> 
     </span>
    </p>
   </div>
   <div class='ocr_carea' id='block_1_54' title="bbox 2087 2539 3668 2613">
    <p class='ocr_par' dir='ltr' id='par_1_54' title="bbox 2087 2539 3668 2613">
     <span class='ocr_line' id='line_1_54' title="bbox 2087 2539 3668 2613; baseline 0.004 -21"><span class='ocrx_word' id='word_1_423' title='bbox 2087 2554 2368 2593; x_wconf 86' lang='lat' dir='ltr'><strong>ascensum</strong></span> <span class='ocrx_word' id='word_1_424' title='bbox 2396 2539 2634 2606; x_wconf 84' lang='lat' dir='ltr'><strong>magistri</strong></span> <span class='ocrx_word' id='word_1_425' title='bbox 2664 2539 2744 2593; x_wconf 88' lang='lat' dir='ltr'><strong>sui</strong></span> <span class='ocrx_word' id='word_1_426' title='bbox 2773 2539 3009 2594; x_wconf 85' lang='lat' dir='ltr'><strong>venisset</strong></span> <span class='ocrx_word' id='word_1_427' title='bbox 3041 2539 3275 2605; x_wconf 86' lang='lat' dir='ltr'><strong>Jericbo,</strong></span> <span class='ocrx_word' id='word_1_428' title='bbox 3308 2552 3363 2597; x_wconf 90' lang='lat' dir='ltr'><strong>et</strong></span> <span class='ocrx_word' id='word_1_429' title='bbox 3390 2553 3610 2613; x_wconf 86' lang='lat' dir='ltr'><strong>rogatus</strong></span> <span class='ocrx_word' id='word_1_430' title='bbox 3637 2561 3668 2598; x_wconf 84' lang='lat' dir='ltr'><strong>a</strong></span> 
     </span>
    </p>
   </div>
   <div class='ocr_carea' id='block_1_55' title="bbox 2085 2629 3670 2699">
    <p class='ocr_par' dir='ltr' id='par_1_55' title="bbox 2085 2629 3670 2699">
     <span class='ocr_line' id='line_1_55' title="bbox 2085 2629 3670 2699; baseline 0.004 -17"><span class='ocrx_word' id='word_1_431' title='bbox 2085 2629 2289 2682; x_wconf 83' lang='lat' dir='ltr'><strong>civibus</strong></span> <span class='ocrx_word' id='word_1_432' title='bbox 2312 2668 2328 2693; x_wconf 96' lang='lat'><strong>,</strong></span> <span class='ocrx_word' id='word_1_433' title='bbox 2358 2637 2418 2682; x_wconf 92' lang='lat' dir='ltr'><strong>ut</strong></span> <span class='ocrx_word' id='word_1_434' title='bbox 2458 2629 2512 2682; x_wconf 90' lang='lat' dir='ltr'><strong>in</strong></span> <span class='ocrx_word' id='word_1_435' title='bbox 2558 2629 2744 2683; x_wconf 88' lang='lat' dir='ltr'><strong>eadem</strong></span> <span class='ocrx_word' id='word_1_436' title='bbox 2775 2630 3095 2685; x_wconf 88' lang='lat' dir='ltr'><strong>consisteret</strong></span> <span class='ocrx_word' id='word_1_437' title='bbox 3121 2631 3370 2699; x_wconf 87' lang='lat' dir='ltr'><strong>civitate,</strong></span> <span class='ocrx_word' id='word_1_438' title='bbox 3418 2633 3670 2688; x_wconf 79' lang='lat' dir='ltr'><strong>dixerunt</strong></span> 
     </span>
    </p>
   </div>
   <div class='ocr_carea' id='block_1_56' title="bbox 2086 2720 3672 2799">
    <p class='ocr_par' dir='ltr' id='par_1_56' title="bbox 2086 2720 3672 2799">
     <span class='ocr_line' id='line_1_56' title="bbox 2086 2720 3672 2799; baseline 0.004 -24"><span class='ocrx_word' id='word_1_439' title='bbox 2086 2721 2153 2775; x_wconf 89' lang='lat' dir='ltr'><strong>ad</strong></span> <span class='ocrx_word' id='word_1_440' title='bbox 2174 2722 2320 2774; x_wconf 89' lang='lat' dir='ltr'><strong>illum</strong></span> <span class='ocrx_word' id='word_1_441' title='bbox 2346 2739 2358 2773; x_wconf 88' lang='lat'><strong>:</strong></span> <span class='ocrx_word' id='word_1_442' title='bbox 2391 2720 2737 2777; x_wconf 80' lang='lat' dir='ltr'><strong>Commoratio</strong></span> <span class='ocrx_word' id='word_1_443' title='bbox 2757 2724 2932 2794; x_wconf 85' lang='lat' dir='ltr'><strong>oppidi</strong></span> <span class='ocrx_word' id='word_1_444' title='bbox 2953 2725 3085 2778; x_wconf 84' lang='lat' dir='ltr'><strong>bona</strong></span> <span class='ocrx_word' id='word_1_445' title='bbox 3105 2734 3201 2791; x_wconf 83' lang='lat' dir='ltr'><strong>est,</strong></span> <span class='ocrx_word' id='word_1_446' title='bbox 3222 2727 3314 2779; x_wconf 85' lang='lat' dir='ltr'><strong>sed</strong></span> <span class='ocrx_word' id='word_1_447' title='bbox 3342 2743 3490 2799; x_wconf 73' lang='lat' dir='ltr'><strong>aqua:</strong></span> <span class='ocrx_word' id='word_1_448' title='bbox 3517 2728 3672 2782; x_wconf 64' lang='lat' dir='ltr'><strong>male</strong></span> 
     </span>
    </p>
   </div>
   <div class='ocr_carea' id='block_1_57' title="bbox 2086 2811 3667 2888">
    <p class='ocr_par' dir='ltr' id='par_1_57' title="bbox 2086 2811 3667 2888">
     <span class='ocr_line' id='line_1_57' title="bbox 2086 2811 3667 2888; baseline 0.005 -23"><span class='ocrx_word' id='word_1_449' title='bbox 2086 2822 2136 2865; x_wconf 91' lang='lat' dir='ltr'><strong>et</strong></span> <span class='ocrx_word' id='word_1_450' title='bbox 2163 2813 2362 2866; x_wconf 74' lang='lat' dir='ltr'><strong>steriles</strong></span> <span class='ocrx_word' id='word_1_451' title='bbox 2399 2821 2519 2865; x_wconf 81' lang='lat' dir='ltr'><strong>sunt</strong></span> <span class='ocrx_word' id='word_1_452' title='bbox 2561 2811 2669 2883; x_wconf 86' lang='lat' dir='ltr'><strong>(IV</strong></span> <span class='ocrx_word' id='word_1_453' title='bbox 2701 2811 2829 2885; x_wconf 84' lang='lat' dir='ltr'><strong>Reg.</strong></span> <span class='ocrx_word' id='word_1_454' title='bbox 2873 2831 2930 2880; x_wconf 78' lang='grc' dir='ltr'><strong>ιι,</strong></span> <span class='ocrx_word' id='word_1_455' title='bbox 2964 2815 3060 2885; x_wconf 81' lang='lat' dir='ltr'><strong>l9)</strong></span> <span class='ocrx_word' id='word_1_456' title='bbox 3084 2823 3259 2882; x_wconf 86' lang='lat' dir='ltr'><strong>;.tunc</strong></span> <span class='ocrx_word' id='word_1_457' title='bbox 3286 2819 3540 2888; x_wconf 83' lang='lat' dir='ltr'><strong>praecepit</strong></span> <span class='ocrx_word' id='word_1_458' title='bbox 3563 2819 3667 2874; x_wconf 89' lang='lat' dir='ltr'><strong>sibi</strong></span> 
     </span>
    </p>
   </div>
   <div class='ocr_carea' id='block_1_58' title="bbox 2084 2901 3668 2968">
    <p class='ocr_par' dir='ltr' id='par_1_58' title="bbox 2084 2901 3668 2968">
     <span class='ocr_line' id='line_1_58' title="bbox 2084 2901 3668 2968; baseline 0.004 -11"><span class='ocrx_word' id='word_1_459' title='bbox 2084 2903 2199 2958; x_wconf 88' lang='lat' dir='ltr'><strong>dari</strong></span> <span class='ocrx_word' id='word_1_460' title='bbox 2228 2918 2323 2957; x_wconf 91' lang='lat' dir='ltr'><strong>vas</strong></span> <span class='ocrx_word' id='word_1_461' title='bbox 2351 2901 2530 2968; x_wconf 85' lang='lat' dir='ltr'><strong>fictile,</strong></span> <span class='ocrx_word' id='word_1_462' title='bbox 2563 2913 2590 2939; x_wconf 80' lang='grc' dir='ltr'><strong>υ</strong></span> <span class='ocrx_word' id='word_1_463' title='bbox 2619 2914 2676 2958; x_wconf 90' lang='lat' dir='ltr'><strong>et</strong></span> <span class='ocrx_word' id='word_1_464' title='bbox 2700 2907 2979 2962; x_wconf 91' lang='lat' dir='ltr'><strong>recondito</strong></span> <span class='ocrx_word' id='word_1_465' title='bbox 3007 2908 3063 2961; x_wconf 90' lang='lat' dir='ltr'><strong>in</strong></span> <span class='ocrx_word' id='word_1_466' title='bbox 3105 2923 3172 2963; x_wconf 89' lang='lat' dir='ltr'><strong>eo</strong></span> <span class='ocrx_word' id='word_1_467' title='bbox 3209 2908 3321 2963; x_wconf 89' lang='lat' dir='ltr'><strong>sale</strong></span> <span class='ocrx_word' id='word_1_468' title='bbox 3346 2909 3570 2965; x_wconf 83' lang='lat' dir='ltr'><strong>veniens</strong></span> <span class='ocrx_word' id='word_1_469' title='bbox 3597 2911 3668 2964; x_wconf 84' lang='lat' dir='ltr'><strong>ad</strong></span> 
     </span>
    </p>
   </div>
   <div class='ocr_carea' id='block_1_59' title="bbox 2083 2996 3670 3067">
    <p class='ocr_par' dir='ltr' id='par_1_59' title="bbox 2083 2996 3670 3067">
     <span class='ocr_line' id='line_1_59' title="bbox 2083 2996 3670 3067; baseline 0.003 -18"><span class='ocrx_word' id='word_1_470' title='bbox 2083 2996 2258 3050; x_wconf 76' lang='lat' dir='ltr'><strong>exitus</strong></span> <span class='ocrx_word' id='word_1_471' title='bbox 2286 3011 2542 3066; x_wconf 90' lang='lat' dir='ltr'><strong>aquarum</strong></span> <span class='ocrx_word' id='word_1_472' title='bbox 2568 2996 2796 3066; x_wconf 89' lang='lat' dir='ltr'><strong>projecit</strong></span> <span class='ocrx_word' id='word_1_473' title='bbox 2820 2998 2871 3051; x_wconf 90' lang='lat' dir='ltr'><strong>in</strong></span> <span class='ocrx_word' id='word_1_474' title='bbox 2901 3013 3084 3067; x_wconf 89' lang='lat' dir='ltr'><strong>aquas,</strong></span> <span class='ocrx_word' id='word_1_475' title='bbox 3113 2999 3332 3056; x_wconf 85' lang='lat' dir='ltr'><strong>dicens:</strong></span> <span class='ocrx_word' id='word_1_476' title='bbox 3360 3010 3385 3036; x_wconf 86' lang='grc' dir='ltr'><strong>υ</strong></span> <span class='ocrx_word' id='word_1_477' title='bbox 3417 2999 3545 3055; x_wconf 70' lang='lat' dir='ltr'><strong>Hec</strong></span> <span class='ocrx_word' id='word_1_478' title='bbox 3583 3003 3670 3054; x_wconf 71' lang='lat' dir='ltr'><strong>di-</strong></span> 
     </span>
    </p>
   </div>
   <div class='ocr_carea' id='block_1_60' title="bbox 2082 3085 3669 3160">
    <p class='ocr_par' dir='ltr' id='par_1_60' title="bbox 2082 3085 3669 3160">
     <span class='ocr_line' id='line_1_60' title="bbox 2082 3085 3669 3160; baseline 0.004 -22"><span class='ocrx_word' id='word_1_479' title='bbox 2082 3087 2152 3138; x_wconf 89' lang='lat' dir='ltr'><strong>cit</strong></span> <span class='ocrx_word' id='word_1_480' title='bbox 2179 3085 2434 3141; x_wconf 84' lang='lat' dir='ltr'><strong>Dominus</strong></span> <span class='ocrx_word' id='word_1_481' title='bbox 2453 3103 2471 3140; x_wconf 90' lang='lat'><strong><em>:</em></strong></span> <span class='ocrx_word' id='word_1_482' title='bbox 2501 3089 2682 3141; x_wconf 87' lang='lat' dir='ltr'><strong>sanavi</strong></span> <span class='ocrx_word' id='word_1_483' title='bbox 2710 3105 2868 3160; x_wconf 85' lang='lat' dir='ltr'><strong>aquas</strong></span> <span class='ocrx_word' id='word_1_484' title='bbox 2895 3090 3052 3154; x_wconf 70' lang='lat' dir='ltr'><strong>istas,</strong></span> <span class='ocrx_word' id='word_1_485' title='bbox 3069 3107 3170 3144; x_wconf 85' lang='lat' dir='ltr'><strong>non</strong></span> <span class='ocrx_word' id='word_1_486' title='bbox 3211 3093 3309 3144; x_wconf 83' lang='lat' dir='ltr'><strong>erit</strong></span> <span class='ocrx_word' id='word_1_487' title='bbox 3334 3107 3400 3144; x_wconf 82' lang='lat' dir='ltr'><strong>ea:</strong></span> <span class='ocrx_word' id='word_1_488' title='bbox 3438 3093 3512 3146; x_wconf 76' lang='lat' dir='ltr'><strong>eis</strong></span> <span class='ocrx_word' id='word_1_489' title='bbox 3551 3109 3669 3145; x_wconf 83' lang='lat' dir='ltr'><strong>mo-</strong></span> 
     </span>
    </p>
   </div>
   <div class='ocr_carea' id='block_1_61' title="bbox 2082 3177 3669 3253">
    <p class='ocr_par' dir='ltr' id='par_1_61' title="bbox 2082 3177 3669 3253">
     <span class='ocr_line' id='line_1_61' title="bbox 2082 3177 3669 3253; baseline 0.003 -22"><span class='ocrx_word' id='word_1_490' title='bbox 2082 3179 2241 3241; x_wconf 84' lang='lat' dir='ltr'><strong>riens,</strong></span> <span class='ocrx_word' id='word_1_491' title='bbox 2272 3195 2364 3233; x_wconf 88' lang='lat' dir='ltr'><strong>nec</strong></span> <span class='ocrx_word' id='word_1_492' title='bbox 2387 3179 2596 3233; x_wconf 84' lang='lat' dir='ltr'><strong>sterilis.</strong></span> <span class='ocrx_word' id='word_1_493' title='bbox 2627 3177 2697 3232; x_wconf 88' lang='lat' dir='ltr'><strong>Et</strong></span> <span class='ocrx_word' id='word_1_494' title='bbox 2716 3191 2916 3234; x_wconf 74' lang='lat' dir='ltr'><strong>stmata:</strong></span> <span class='ocrx_word' id='word_1_495' title='bbox 2943 3189 3062 3233; x_wconf 84' lang='lat' dir='ltr'><strong>sunt</strong></span> <span class='ocrx_word' id='word_1_496' title='bbox 3085 3198 3233 3251; x_wconf 67' lang='lat' dir='ltr'><strong>aqua:</strong></span> <span class='ocrx_word' id='word_1_497' title='bbox 3268 3198 3424 3253; x_wconf 81' lang='lat' dir='ltr'><strong>usque</strong></span> <span class='ocrx_word' id='word_1_498' title='bbox 3447 3183 3502 3236; x_wconf 86' lang='lat' dir='ltr'><strong>in</strong></span> <span class='ocrx_word' id='word_1_499' title='bbox 3530 3183 3669 3237; x_wconf 79' lang='lat' dir='ltr'><strong>hunc</strong></span> 
     </span>
    </p>
   </div>
   <div class='ocr_carea' id='block_1_62' title="bbox 404 3256 1984 3342">
    <p class='ocr_par' dir='ltr' id='par_1_62' title="bbox 404 3269 1978 3340">
     <span class='ocr_line' id='line_1_62' title="bbox 404 3269 1978 3340; baseline 0.003 -17"><span class='ocrx_word' id='word_1_500' title='bbox 404 3269 473 3323; x_wconf 84' lang='lat' dir='ltr'><strong>ad</strong></span> <span class='ocrx_word' id='word_1_501' title='bbox 501 3270 740 3325; x_wconf 68' lang='lat' dir='ltr'><strong>caelestia</strong></span> <span class='ocrx_word' id='word_1_502' title='bbox 767 3281 788 3317; x_wconf 73' lang='grc' dir='ltr'>ε</span> <span class='ocrx_word' id='word_1_503' title='bbox 819 3273 1268 3340; x_wconf 84' lang='lat' dir='ltr'><strong>transmigrarint.</strong></span> <span class='ocrx_word' id='word_1_504' title='bbox 1296 3271 1573 3329; x_wconf 82' lang='lat' dir='ltr'><strong>Manifesta</strong></span> <span class='ocrx_word' id='word_1_505' title='bbox 1603 3290 1691 3330; x_wconf 90' lang='lat' dir='ltr'><strong>res</strong></span> <span class='ocrx_word' id='word_1_506' title='bbox 1710 3283 1809 3340; x_wconf 89' lang='lat' dir='ltr'><strong>est,</strong></span> <span class='ocrx_word' id='word_1_507' title='bbox 1843 3282 1897 3329; x_wconf 92' lang='lat' dir='ltr'><strong>et</strong></span> <span class='ocrx_word' id='word_1_508' title='bbox 1929 3275 1978 3328; x_wconf 91' lang='lat' dir='ltr'><strong>in</strong></span> 
     </span>
    </p>
   </div>
   <div class='ocr_carea' id='block_1_63' title="bbox 2092 3256 3666 3342">
    <p class='ocr_par' dir='ltr' id='par_1_63' title="bbox 2092 3267 3666 3342">
     <span class='ocr_line' id='line_1_63' title="bbox 2092 3267 3666 3342; baseline 0.005 -21"><span class='ocrx_word' id='word_1_509' title='bbox 2092 3269 2218 3323; x_wconf 69' lang='lat' dir='ltr'><strong>diem</strong></span> <span class='ocrx_word' id='word_1_510' title='bbox 2242 3267 2453 3340; x_wconf 86' lang='lat' dir='ltr'><strong>(Ibid.).</strong></span> <span class='ocrx_word' id='word_1_511' title='bbox 2499 3268 2691 3325; x_wconf 86' lang='lat' dir='ltr'><strong>Videte</strong></span> <span class='ocrx_word' id='word_1_512' title='bbox 2724 3284 2855 3338; x_wconf 89' lang='lat' dir='ltr'><strong>ergo</strong></span> <span class='ocrx_word' id='word_1_513' title='bbox 2885 3269 3058 3325; x_wconf 65' lang='lat' dir='ltr'><strong>Elisaei</strong></span> <span class='ocrx_word' id='word_1_514' title='bbox 3087 3280 3286 3339; x_wconf 84' lang='lat' dir='ltr'><strong>quanta</strong></span> <span class='ocrx_word' id='word_1_515' title='bbox 3316 3273 3424 3328; x_wconf 90' lang='lat' dir='ltr'><strong>sint</strong></span> <span class='ocrx_word' id='word_1_516' title='bbox 3451 3275 3666 3342; x_wconf 87' lang='lat' dir='ltr'><strong>merita,</strong></span> 
     </span>
    </p>
   </div>
   <div class='ocr_carea' id='block_1_64' title="bbox 405 3363 1983 3436">
    <p class='ocr_par' dir='ltr' id='par_1_64' title="bbox 405 3363 1983 3436">
     <span class='ocr_line' id='line_1_64' title="bbox 405 3363 1983 3436; baseline 0.005 -21"><span class='ocrx_word' id='word_1_517' title='bbox 405 3372 658 3431; x_wconf 85' lang='lat' dir='ltr'><strong>promptu</strong></span> <span class='ocrx_word' id='word_1_518' title='bbox 681 3363 876 3432; x_wconf 87' lang='lat' dir='ltr'><strong>posita.</strong></span> <span class='ocrx_word' id='word_1_519' title='bbox 910 3363 1054 3420; x_wconf 87' lang='lat' dir='ltr'><strong>Elias</strong></span> <span class='ocrx_word' id='word_1_520' title='bbox 1081 3366 1339 3434; x_wconf 84' lang='lat' dir='ltr'><strong>magister</strong></span> <span class='ocrx_word' id='word_1_521' title='bbox 1367 3365 1542 3422; x_wconf 65' lang='lat' dir='ltr'><strong>Eliszei</strong></span> <span class='ocrx_word' id='word_1_522' title='bbox 1575 3383 1752 3422; x_wconf 90' lang='lat' dir='ltr'><strong>nonne</strong></span> <span class='ocrx_word' id='word_1_523' title='bbox 1781 3369 1983 3436; x_wconf 89' lang='lat' dir='ltr'><strong>angelis</strong></span> 
     </span>
    </p>
   </div>
   <div class='ocr_carea' id='block_1_65' title="bbox 403 3451 1982 3528">
    <p class='ocr_par' dir='ltr' id='par_1_65' title="bbox 403 3451 1982 3528">
     <span class='ocr_line' id='line_1_65' title="bbox 403 3451 1982 3528; baseline 0.007 -24"><span class='ocrx_word' id='word_1_524' title='bbox 403 3451 721 3508; x_wconf 86' lang='lat' dir='ltr'><strong>ducentibus</strong></span> <span class='ocrx_word' id='word_1_525' title='bbox 755 3463 940 3524; x_wconf 88' lang='lat' dir='ltr'><strong>raptus</strong></span> <span class='ocrx_word' id='word_1_526' title='bbox 986 3455 1051 3510; x_wconf 91' lang='lat' dir='ltr'><strong>ad</strong></span> <span class='ocrx_word' id='word_1_527' title='bbox 1081 3457 1276 3513; x_wconf 77' lang='lat' dir='ltr'><strong>cmlum</strong></span> <span class='ocrx_word' id='word_1_528' title='bbox 1317 3467 1417 3524; x_wconf 88' lang='lat' dir='ltr'><strong>est,</strong></span> <span class='ocrx_word' id='word_1_529' title='bbox 1450 3468 1504 3513; x_wconf 91' lang='lat' dir='ltr'><strong>et</strong></span> <span class='ocrx_word' id='word_1_530' title='bbox 1533 3459 1789 3528; x_wconf 86' lang='lat' dir='ltr'><strong>quadriga</strong></span> <span class='ocrx_word' id='word_1_531' title='bbox 1828 3461 1982 3528; x_wconf 87' lang='lat' dir='ltr'><strong>ignea</strong></span> 
     </span>
    </p>
   </div>
   <div class='ocr_carea' id='block_1_66' title="bbox 405 3545 1982 3619">
    <p class='ocr_par' dir='ltr' id='par_1_66' title="bbox 405 3545 1982 3619">
     <span class='ocr_line' id='line_1_66' title="bbox 405 3545 1982 3619; baseline 0.002 -22"><span class='ocrx_word' id='word_1_532' title='bbox 405 3545 701 3614; x_wconf 91' lang='lat' dir='ltr'><strong>impositus,</strong></span> <span class='ocrx_word' id='word_1_533' title='bbox 715 3548 868 3615; x_wconf 82' lang='lat' dir='ltr'><strong>quasi</strong></span> <span class='ocrx_word' id='word_1_534' title='bbox 892 3546 946 3600; x_wconf 89' lang='lat' dir='ltr'><strong>in</strong></span> <span class='ocrx_word' id='word_1_535' title='bbox 965 3548 1197 3615; x_wconf 91' lang='lat' dir='ltr'><strong>quodam</strong></span> <span class='ocrx_word' id='word_1_536' title='bbox 1223 3549 1496 3619; x_wconf 88' lang='lat' dir='ltr'><strong>triumpho</strong></span> <span class='ocrx_word' id='word_1_537' title='bbox 1520 3550 1691 3604; x_wconf 91' lang='lat' dir='ltr'><strong>victor</strong></span> <span class='ocrx_word' id='word_1_538' title='bbox 1710 3549 1982 3606; x_wconf 84' lang='lat' dir='ltr'><strong>ascendit?</strong></span> 
     </span>
    </p>
   </div>
   <div class='ocr_carea' id='block_1_67' title="bbox 405 3634 1983 3709">
    <p class='ocr_par' dir='ltr' id='par_1_67' title="bbox 405 3634 1983 3709">
     <span class='ocr_line' id='line_1_67' title="bbox 405 3634 1983 3709; baseline 0.006 -20"><span class='ocrx_word' id='word_1_539' title='bbox 405 3634 589 3691; x_wconf 82' lang='lat' dir='ltr'><strong>Victor</strong></span> <span class='ocrx_word' id='word_1_540' title='bbox 615 3637 755 3692; x_wconf 89' lang='lat' dir='ltr'><strong>enim</strong></span> <span class='ocrx_word' id='word_1_541' title='bbox 789 3640 1068 3694; x_wconf 82' lang='lat' dir='ltr'><strong>exstiterat</strong></span> <span class='ocrx_word' id='word_1_542' title='bbox 1089 3657 1196 3695; x_wconf 90' lang='lat' dir='ltr'><strong>non</strong></span> <span class='ocrx_word' id='word_1_543' title='bbox 1227 3643 1465 3709; x_wconf 90' lang='lat' dir='ltr'><strong>gentium</strong></span> <span class='ocrx_word' id='word_1_544' title='bbox 1489 3640 1861 3709; x_wconf 89' lang='lat' dir='ltr'><strong>barbararum,</strong></span> <span class='ocrx_word' id='word_1_545' title='bbox 1888 3643 1983 3698; x_wconf 89' lang='lat' dir='ltr'><strong>sed</strong></span> 
     </span>
    </p>
   </div>
   <div class='ocr_carea' id='block_1_68' title="bbox 402 3729 1981 3802">
    <p class='ocr_par' dir='ltr' id='par_1_68' title="bbox 402 3729 1981 3802">
     <span class='ocr_line' id='line_1_68' title="bbox 402 3729 1981 3802; baseline 0.006 -22"><span class='ocrx_word' id='word_1_546' title='bbox 402 3729 741 3782; x_wconf 62' lang='lat' dir='ltr'><strong>saecularium</strong></span> <span class='ocrx_word' id='word_1_547' title='bbox 767 3730 1138 3799; x_wconf 87' lang='lat' dir='ltr'><strong>voluptatum;</strong></span> <span class='ocrx_word' id='word_1_548' title='bbox 1163 3733 1426 3799; x_wconf 87' lang='lat' dir='ltr'><strong>siquidem</strong></span> <span class='ocrx_word' id='word_1_549' title='bbox 1457 3735 1734 3802; x_wconf 88' lang='lat' dir='ltr'><strong>graviores</strong></span> <span class='ocrx_word' id='word_1_550' title='bbox 1779 3736 1981 3790; x_wconf 90' lang='lat' dir='ltr'><strong>inimici</strong></span> 
     </span>
    </p>
   </div>
   <div class='ocr_carea' id='block_1_69' title="bbox 401 3820 1983 3888">
    <p class='ocr_par' dir='ltr' id='par_1_69' title="bbox 401 3820 1983 3888">
     <span class='ocr_line' id='line_1_69' title="bbox 401 3820 1983 3888; baseline 0.007 -18"><span class='ocrx_word' id='word_1_551' title='bbox 401 3825 527 3871; x_wconf 80' lang='lat' dir='ltr'><strong>sunt</strong></span> <span class='ocrx_word' id='word_1_552' title='bbox 571 3820 722 3884; x_wconf 88' lang='lat' dir='ltr'><strong>pravi</strong></span> <span class='ocrx_word' id='word_1_553' title='bbox 769 3836 950 3874; x_wconf 86' lang='lat' dir='ltr'><strong>mores</strong></span> <span class='ocrx_word' id='word_1_554' title='bbox 993 3836 1155 3888; x_wconf 90' lang='lat' dir='ltr'><strong>quam</strong></span> <span class='ocrx_word' id='word_1_555' title='bbox 1198 3823 1380 3876; x_wconf 90' lang='lat' dir='ltr'><strong>hostes</strong></span> <span class='ocrx_word' id='word_1_556' title='bbox 1421 3825 1631 3888; x_wconf 85' lang='lat' dir='ltr'><strong>infesti;</strong></span> <span class='ocrx_word' id='word_1_557' title='bbox 1680 3834 1737 3879; x_wconf 90' lang='lat' dir='ltr'><strong>et</strong></span> <span class='ocrx_word' id='word_1_558' title='bbox 1774 3825 1983 3882; x_wconf 88' lang='lat' dir='ltr'><strong>facilius</strong></span> 
     </span>
    </p>
   </div>
   <div class='ocr_carea' id='block_1_70' title="bbox 401 3906 1981 3978">
    <p class='ocr_par' dir='ltr' id='par_1_70' title="bbox 401 3906 1981 3978">
     <span class='ocr_line' id='line_1_70' title="bbox 401 3906 1981 3978; baseline 0.007 -20"><span class='ocrx_word' id='word_1_559' title='bbox 401 3906 746 3974; x_wconf 86' lang='lat' dir='ltr'><strong>intelligimus</strong></span> <span class='ocrx_word' id='word_1_560' title='bbox 772 3909 876 3961; x_wconf 92' lang='lat' dir='ltr'><strong>hoc</strong></span> <span class='ocrx_word' id='word_1_561' title='bbox 897 3915 1138 3977; x_wconf 85' lang='lat' dir='ltr'><strong>tempore</strong></span> <span class='ocrx_word' id='word_1_562' title='bbox 1167 3911 1550 3978; x_wconf 88' lang='lat' dir='ltr'><strong>malignitatem</strong></span> <span class='ocrx_word' id='word_1_563' title='bbox 1580 3913 1814 3968; x_wconf 90' lang='lat' dir='ltr'><strong>hostium</strong></span> <span class='ocrx_word' id='word_1_564' title='bbox 1842 3916 1981 3969; x_wconf 88' lang='lat' dir='ltr'><strong>vinci</strong></span> 
     </span>
    </p>
   </div>
   <div class='ocr_carea' id='block_1_71' title="bbox 402 3997 1979 4070">
    <p class='ocr_par' dir='ltr' id='par_1_71' title="bbox 402 3997 1979 4070">
     <span class='ocr_line' id='line_1_71' title="bbox 402 3997 1979 4070; baseline 0.008 -23"><span class='ocrx_word' id='word_1_565' title='bbox 402 4010 563 4063; x_wconf 86' lang='lat' dir='ltr'><strong>posse</strong></span> <span class='ocrx_word' id='word_1_566' title='bbox 596 4010 758 4063; x_wconf 89' lang='lat' dir='ltr'><strong>quam</strong></span> <span class='ocrx_word' id='word_1_567' title='bbox 790 4011 1018 4050; x_wconf 91' lang='lat' dir='ltr'><strong>morum.</strong></span> <span class='ocrx_word' id='word_1_568' title='bbox 1070 3997 1211 4067; x_wconf 89' lang='lat' dir='ltr'><strong>Ergo</strong></span> <span class='ocrx_word' id='word_1_569' title='bbox 1251 3998 1421 4053; x_wconf 82' lang='lat' dir='ltr'><strong>Ellam</strong></span> <span class='ocrx_word' id='word_1_570' title='bbox 1461 4003 1634 4070; x_wconf 88' lang='lat' dir='ltr'><strong>angeli</strong></span> <span class='ocrx_word' id='word_1_571' title='bbox 1680 4004 1747 4058; x_wconf 89' lang='lat' dir='ltr'><strong>ad</strong></span> <span class='ocrx_word' id='word_1_572' title='bbox 1785 4005 1979 4060; x_wconf 66' lang='lat' dir='ltr'><strong>coelum</strong></span> 
     </span>
    </p>
   </div>
   <div class='ocr_carea' id='block_1_72' title="bbox 399 4083 1983 4162">
    <p class='ocr_par' dir='ltr' id='par_1_72' title="bbox 399 4083 1983 4162">
     <span class='ocr_line' id='line_1_72' title="bbox 399 4083 1983 4162; baseline 0.009 -25"><span class='ocrx_word' id='word_1_573' title='bbox 399 4083 676 4153; x_wconf 85' lang='lat' dir='ltr'><strong>perferunt</strong></span> <span class='ocrx_word' id='word_1_574' title='bbox 708 4105 721 4139; x_wconf 92' lang='lat'><strong>:</strong></span> <span class='ocrx_word' id='word_1_575' title='bbox 754 4085 1003 4142; x_wconf 72' lang='lat' dir='ltr'><strong>Eliszeum</strong></span> <span class='ocrx_word' id='word_1_576' title='bbox 1033 4090 1208 4157; x_wconf 87' lang='lat' dir='ltr'><strong>angeli</strong></span> <span class='ocrx_word' id='word_1_577' title='bbox 1229 4091 1285 4145; x_wconf 88' lang='lat' dir='ltr'><strong>in</strong></span> <span class='ocrx_word' id='word_1_578' title='bbox 1315 4093 1472 4147; x_wconf 87' lang='lat' dir='ltr'><strong>terris</strong></span> <span class='ocrx_word' id='word_1_579' title='bbox 1498 4095 1818 4149; x_wconf 88' lang='lat' dir='ltr'><strong>custodiunt.</strong></span> <span class='ocrx_word' id='word_1_580' title='bbox 1846 4095 1983 4162; x_wconf 87' lang='lat' dir='ltr'><strong>Quid</strong></span> 
     </span>
    </p>
   </div>
   <div class='ocr_carea' id='block_1_73' title="bbox 400 4173 1984 4257">
    <p class='ocr_par' dir='ltr' id='par_1_73' title="bbox 400 4173 1984 4257">
     <span class='ocr_line' id='line_1_73' title="bbox 400 4173 1984 4257; baseline 0.009 -29"><span class='ocrx_word' id='word_1_581' title='bbox 400 4173 594 4228; x_wconf 89' lang='lat' dir='ltr'><strong>mirum</strong></span> <span class='ocrx_word' id='word_1_582' title='bbox 625 4176 667 4230; x_wconf 90' lang='lat' dir='ltr'><strong>si</strong></span> <span class='ocrx_word' id='word_1_583' title='bbox 691 4178 888 4246; x_wconf 87' lang='lat' dir='ltr'><strong>angeli,</strong></span> <span class='ocrx_word' id='word_1_584' title='bbox 917 4180 1007 4247; x_wconf 91' lang='lat' dir='ltr'><strong>qui</strong></span> <span class='ocrx_word' id='word_1_585' title='bbox 1029 4181 1341 4249; x_wconf 89' lang='lat' dir='ltr'><strong>magistrum</strong></span> <span class='ocrx_word' id='word_1_586' title='bbox 1362 4192 1728 4252; x_wconf 86' lang='lat' dir='ltr'><strong>portaverant,</strong></span> <span class='ocrx_word' id='word_1_587' title='bbox 1757 4185 1984 4257; x_wconf 89' lang='lat' dir='ltr'><strong>discipu-</strong></span> 
     </span>
    </p>
   </div>
   <div class='ocr_carea' id='block_1_74' title="bbox 398 4265 1982 4348">
    <p class='ocr_par' dir='ltr' id='par_1_74' title="bbox 398 4265 1982 4348">
     <span class='ocr_line' id='line_1_74' title="bbox 398 4265 1982 4348; baseline 0.009 -29"><span class='ocrx_word' id='word_1_588' title='bbox 398 4265 506 4320; x_wconf 89' lang='lat' dir='ltr'><strong>lum</strong></span> <span class='ocrx_word' id='word_1_589' title='bbox 553 4275 820 4332; x_wconf 88' lang='lat' dir='ltr'><strong>tueantur,</strong></span> <span class='ocrx_word' id='word_1_590' title='bbox 867 4277 922 4325; x_wconf 89' lang='lat' dir='ltr'><strong>et</strong></span> <span class='ocrx_word' id='word_1_591' title='bbox 959 4268 985 4307; x_wconf 67' lang='grc' dir='ltr'><strong>ιι</strong></span> <span class='ocrx_word' id='word_1_592' title='bbox 1015 4272 1216 4328; x_wconf 89' lang='lat' dir='ltr'><strong>novitia</strong></span> <span class='ocrx_word' id='word_1_593' title='bbox 1268 4274 1508 4344; x_wconf 65' lang='lat' dir='ltr'><strong>quaedam</strong></span> <span class='ocrx_word' id='word_1_594' title='bbox 1565 4276 1821 4346; x_wconf 88' lang='lat' dir='ltr'><strong>obsequia</strong></span> <span class='ocrx_word' id='word_1_595' title='bbox 1863 4294 1982 4348; x_wconf 79' lang='lat' dir='ltr'><strong>quae</strong></span> 
     </span>
    </p>
   </div>
   <div class='ocr_carea' id='block_1_75' title="bbox 398 4360 1984 4439">
    <p class='ocr_par' dir='ltr' id='par_1_75' title="bbox 398 4360 1984 4439">
     <span class='ocr_line' id='line_1_75' title="bbox 398 4360 1984 4439; baseline 0.008 -26"><span class='ocrx_word' id='word_1_596' title='bbox 398 4360 539 4428; x_wconf 89' lang='lat' dir='ltr'><strong>patri</strong></span> <span class='ocrx_word' id='word_1_597' title='bbox 593 4361 970 4427; x_wconf 80' lang='lat' dir='ltr'><strong>exhibuerant,</strong></span> <span class='ocrx_word' id='word_1_598' title='bbox 1027 4365 1191 4418; x_wconf 91' lang='lat' dir='ltr'><strong>etiam</strong></span> <span class='ocrx_word' id='word_1_599' title='bbox 1243 4365 1352 4420; x_wconf 85' lang='lat' dir='ltr'><strong>lilio</strong></span> <span class='ocrx_word' id='word_1_600' title='bbox 1393 4366 1671 4421; x_wconf 87' lang='lat' dir='ltr'><strong>deferant?</strong></span> <span class='ocrx_word' id='word_1_601' title='bbox 1711 4369 1823 4439; x_wconf 86' lang='lat' dir='ltr'><strong>Ipse</strong></span> <span class='ocrx_word' id='word_1_602' title='bbox 1870 4370 1984 4437; x_wconf 90' lang='lat' dir='ltr'><strong>ejus</strong></span> 
     </span>
    </p>
   </div>
   <div class='ocr_carea' id='block_1_76' title="bbox 402 4447 1982 4524">
    <p class='ocr_par' dir='ltr' id='par_1_76' title="bbox 402 4447 1982 4524">
     <span class='ocr_line' id='line_1_76' title="bbox 402 4447 1982 4524; baseline 0.007 -21"><span class='ocrx_word' id='word_1_603' title='bbox 402 4447 418 4487; x_wconf 74' lang='grc' dir='ltr'>ί</span> <span class='ocrx_word' id='word_1_604' title='bbox 441 4450 584 4504; x_wconf 91' lang='lat' dir='ltr'><strong>enim</strong></span> <span class='ocrx_word' id='word_1_605' title='bbox 611 4451 783 4506; x_wconf 70' lang='lat' dir='ltr'><strong>laceres</strong></span> <span class='ocrx_word' id='word_1_606' title='bbox 809 4459 891 4505; x_wconf 91' lang='lat' dir='ltr'><strong>est</strong></span> <span class='ocrx_word' id='word_1_607' title='bbox 912 4454 1230 4508; x_wconf 86' lang='lat' dir='ltr'><strong>sanctitatis.</strong></span> <span class='ocrx_word' id='word_1_608' title='bbox 1263 4454 1430 4510; x_wconf 82' lang='lat' dir='ltr'><strong>Recte</strong></span> <span class='ocrx_word' id='word_1_609' title='bbox 1458 4470 1585 4524; x_wconf 86' lang='lat' dir='ltr'><strong>ergo</strong></span> <span class='ocrx_word' id='word_1_610' title='bbox 1608 4456 1830 4514; x_wconf 75' lang='lat' dir='ltr'><strong>Elisteus</strong></span> <span class='ocrx_word' id='word_1_611' title='bbox 1853 4458 1982 4514; x_wconf 67' lang='lat' dir='ltr'><strong>Elim</strong></span> 
     </span>
    </p>
   </div>
   <div class='ocr_carea' id='block_1_77' title="bbox 395 4541 1981 4621">
    <p class='ocr_par' dir='ltr' id='par_1_77' title="bbox 395 4541 1981 4621">
     <span class='ocr_line' id='line_1_77' title="bbox 395 4541 1981 4621; baseline 0.007 -26"><span class='ocrx_word' id='word_1_612' title='bbox 395 4541 650 4610; x_wconf 84' lang='lat' dir='ltr'><strong>spiritalis</strong></span> <span class='ocrx_word' id='word_1_613' title='bbox 679 4541 819 4597; x_wconf 80' lang='lat' dir='ltr'><strong>filius</strong></span> <span class='ocrx_word' id='word_1_614' title='bbox 843 4541 1057 4609; x_wconf 89' lang='lat' dir='ltr'><strong>dicitur,</strong></span> <span class='ocrx_word' id='word_1_615' title='bbox 1083 4545 1208 4610; x_wconf 90' lang='lat' dir='ltr'><strong>quia</strong></span> <span class='ocrx_word' id='word_1_616' title='bbox 1237 4545 1534 4602; x_wconf 88' lang='lat' dir='ltr'><strong>ascendens</strong></span> <span class='ocrx_word' id='word_1_617' title='bbox 1561 4550 1627 4602; x_wconf 91' lang='lat' dir='ltr'><strong>ad</strong></span> <span class='ocrx_word' id='word_1_618' title='bbox 1656 4549 1850 4604; x_wconf 73' lang='lat' dir='ltr'><strong>cmlum</strong></span> <span class='ocrx_word' id='word_1_619' title='bbox 1871 4552 1981 4621; x_wconf 88' lang='lat' dir='ltr'><strong>spi-</strong></span> 
     </span>
    </p>
   </div>
   <div class='ocr_carea' id='block_1_78' title="bbox 2085 3362 3669 3433">
    <p class='ocr_par' dir='ltr' id='par_1_78' title="bbox 2085 3362 3669 3433">
     <span class='ocr_line' id='line_1_78' title="bbox 2085 3362 3669 3433; baseline 0.004 -19"><span class='ocrx_word' id='word_1_620' title='bbox 2085 3362 2240 3432; x_wconf 83' lang='lat' dir='ltr'><strong>cujus</strong></span> <span class='ocrx_word' id='word_1_621' title='bbox 2267 3363 2437 3432; x_wconf 86' lang='lat' dir='ltr'><strong>prima</strong></span> <span class='ocrx_word' id='word_1_622' title='bbox 2471 3362 2526 3416; x_wconf 91' lang='lat' dir='ltr'><strong>in</strong></span> <span class='ocrx_word' id='word_1_623' title='bbox 2554 3363 2772 3417; x_wconf 88' lang='lat' dir='ltr'><strong>civitate</strong></span> <span class='ocrx_word' id='word_1_624' title='bbox 2809 3363 3145 3433; x_wconf 87' lang='lat' dir='ltr'><strong>hospitalitas</strong></span> <span class='ocrx_word' id='word_1_625' title='bbox 3174 3363 3402 3420; x_wconf 81' lang='lat' dir='ltr'><strong>filiorum</strong></span> <span class='ocrx_word' id='word_1_626' title='bbox 3431 3375 3514 3421; x_wconf 84' lang='lat' dir='ltr'><strong>est</strong></span> <span class='ocrx_word' id='word_1_627' title='bbox 3542 3383 3669 3420; x_wconf 89' lang='lat' dir='ltr'><strong>ma-</strong></span> 
     </span>
    </p>
   </div>
   <div class='ocr_carea' id='block_1_79' title="bbox 2085 3452 3670 3527">
    <p class='ocr_par' dir='ltr' id='par_1_79' title="bbox 2085 3452 3670 3527">
     <span class='ocr_line' id='line_1_79' title="bbox 2085 3452 3670 3527; baseline 0.003 -21"><span class='ocrx_word' id='word_1_628' title='bbox 2085 3469 2188 3523; x_wconf 89' lang='lat' dir='ltr'><strong>gna</strong></span> <span class='ocrx_word' id='word_1_629' title='bbox 2216 3452 2532 3509; x_wconf 87' lang='lat' dir='ltr'><strong>fecunditas.</strong></span> <span class='ocrx_word' id='word_1_630' title='bbox 2565 3453 2700 3508; x_wconf 90' lang='lat' dir='ltr'><strong>Dum</strong></span> <span class='ocrx_word' id='word_1_631' title='bbox 2724 3454 2864 3509; x_wconf 89' lang='lat' dir='ltr'><strong>enim</strong></span> <span class='ocrx_word' id='word_1_632' title='bbox 2895 3455 3236 3509; x_wconf 86' lang='lat' dir='ltr'><strong>sterilitatem</strong></span> <span class='ocrx_word' id='word_1_633' title='bbox 3274 3457 3469 3510; x_wconf 85' lang='lat' dir='ltr'><strong>avertit</strong></span> <span class='ocrx_word' id='word_1_634' title='bbox 3497 3473 3670 3527; x_wconf 88' lang='lat' dir='ltr'><strong>aqua-</strong></span> 
     </span>
    </p>
   </div>
   <div class='ocr_carea' id='block_1_80' title="bbox 2084 3545 3670 3614">
    <p class='ocr_par' dir='ltr' id='par_1_80' title="bbox 2084 3545 3670 3614">
     <span class='ocr_line' id='line_1_80' title="bbox 2084 3545 3670 3614; baseline 0.002 -16"><span class='ocrx_word' id='word_1_635' title='bbox 2084 3559 2223 3608; x_wconf 89' lang='lat' dir='ltr'><strong>rum,</strong></span> <span class='ocrx_word' id='word_1_636' title='bbox 2255 3545 2652 3599; x_wconf 78' lang='lat' dir='ltr'><strong>successionem</strong></span> <span class='ocrx_word' id='word_1_637' title='bbox 2683 3545 2906 3614; x_wconf 88' lang='lat' dir='ltr'><strong>largitur</strong></span> <span class='ocrx_word' id='word_1_638' title='bbox 2930 3546 3223 3601; x_wconf 71' lang='lat' dir='ltr'><strong>hmredum.</strong></span> <span class='ocrx_word' id='word_1_639' title='bbox 3246 3545 3362 3601; x_wconf 90' lang='lat' dir='ltr'><strong>Non</strong></span> <span class='ocrx_word' id='word_1_640' title='bbox 3389 3547 3532 3601; x_wconf 91' lang='lat' dir='ltr'><strong>enim</strong></span> <span class='ocrx_word' id='word_1_641' title='bbox 3561 3547 3670 3603; x_wconf 87' lang='lat' dir='ltr'><strong>hoc</strong></span> 
     </span>
    </p>
   </div>
   <div class='ocr_carea' id='block_1_81' title="bbox 2085 3635 3669 3706">
    <p class='ocr_par' dir='ltr' id='par_1_81' title="bbox 2085 3635 3669 3706">
     <span class='ocr_line' id='line_1_81' title="bbox 2085 3635 3669 3706; baseline 0.003 -17"><span class='ocrx_word' id='word_1_642' title='bbox 2085 3635 2224 3690; x_wconf 88' lang='lat' dir='ltr'><strong>facto</strong></span> <span class='ocrx_word' id='word_1_643' title='bbox 2248 3635 2468 3692; x_wconf 72' lang='lat' dir='ltr'><strong>Elisteus</strong></span> <span class='ocrx_word' id='word_1_644' title='bbox 2504 3651 2668 3689; x_wconf 87' lang='lat' dir='ltr'><strong>unum</strong></span> <span class='ocrx_word' id='word_1_645' title='bbox 2705 3637 2916 3690; x_wconf 89' lang='lat' dir='ltr'><strong>sanavit</strong></span> <span class='ocrx_word' id='word_1_646' title='bbox 2947 3637 3243 3706; x_wconf 89' lang='lat' dir='ltr'><strong>hominem,</strong></span> <span class='ocrx_word' id='word_1_647' title='bbox 3269 3646 3362 3692; x_wconf 91' lang='lat' dir='ltr'><strong>aut</strong></span> <span class='ocrx_word' id='word_1_648' title='bbox 3391 3639 3549 3693; x_wconf 89' lang='lat' dir='ltr'><strong>unius</strong></span> <span class='ocrx_word' id='word_1_649' title='bbox 3567 3638 3669 3693; x_wconf 77' lang='lat' dir='ltr'><strong>do-</strong></span> 
     </span>
    </p>
   </div>
   <div class='ocr_carea' id='block_1_82' title="bbox 2085 3726 3668 3800">
    <p class='ocr_par' dir='ltr' id='par_1_82' title="bbox 2085 3726 3668 3800">
     <span class='ocr_line' id='line_1_82' title="bbox 2085 3726 3668 3800; baseline 0.004 -21"><span class='ocrx_word' id='word_1_650' title='bbox 2085 3727 2192 3780; x_wconf 89' lang='lat' dir='ltr'><strong>mui</strong></span> <span class='ocrx_word' id='word_1_651' title='bbox 2223 3726 2470 3796; x_wconf 69' lang='lat' dir='ltr'><strong>pnestitit</strong></span> <span class='ocrx_word' id='word_1_652' title='bbox 2501 3726 2820 3781; x_wconf 89' lang='lat' dir='ltr'><strong>medicinam</strong></span> <span class='ocrx_word' id='word_1_653' title='bbox 2842 3770 2858 3795; x_wconf 85' lang='lat'><strong>,</strong></span> <span class='ocrx_word' id='word_1_654' title='bbox 2903 3727 2997 3782; x_wconf 89' lang='lat' dir='ltr'><strong>sed</strong></span> <span class='ocrx_word' id='word_1_655' title='bbox 3038 3728 3204 3783; x_wconf 91' lang='lat' dir='ltr'><strong>totius</strong></span> <span class='ocrx_word' id='word_1_656' title='bbox 3231 3728 3464 3785; x_wconf 88' lang='lat' dir='ltr'><strong>civitatis</strong></span> <span class='ocrx_word' id='word_1_657' title='bbox 3490 3745 3668 3800; x_wconf 84' lang='lat' dir='ltr'><strong>popu-</strong></span> 
     </span>
    </p>
   </div>
   <div class='ocr_carea' id='block_1_83' title="bbox 2085 3817 3669 3886">
    <p class='ocr_par' dir='ltr' id='par_1_83' title="bbox 2085 3817 3669 3886">
     <span class='ocr_line' id='line_1_83' title="bbox 2085 3817 3669 3886; baseline 0.002 -14"><span class='ocrx_word' id='word_1_658' title='bbox 2085 3819 2194 3872; x_wconf 87' lang='lat' dir='ltr'><strong>lum</strong></span> <span class='ocrx_word' id='word_1_659' title='bbox 2224 3818 2511 3886; x_wconf 89' lang='lat' dir='ltr'><strong>reparavit.</strong></span> <span class='ocrx_word' id='word_1_660' title='bbox 2559 3817 2617 3871; x_wconf 92' lang='lat' dir='ltr'><strong>Si</strong></span> <span class='ocrx_word' id='word_1_661' title='bbox 2638 3819 2778 3872; x_wconf 90' lang='lat' dir='ltr'><strong>enim</strong></span> <span class='ocrx_word' id='word_1_662' title='bbox 2806 3819 3009 3873; x_wconf 89' lang='lat' dir='ltr'><strong>tardius</strong></span> <span class='ocrx_word' id='word_1_663' title='bbox 3034 3818 3138 3874; x_wconf 92' lang='lat' dir='ltr'><strong>hoc</strong></span> <span class='ocrx_word' id='word_1_664' title='bbox 3165 3817 3395 3883; x_wconf 85' lang='lat' dir='ltr'><strong>fecisset,</strong></span> <span class='ocrx_word' id='word_1_665' title='bbox 3429 3820 3669 3875; x_wconf 86' lang='lat' dir='ltr'><strong>interve-</strong></span> 
     </span>
    </p>
   </div>
   <div class='ocr_carea' id='block_1_84' title="bbox 2085 3907 3670 3978">
    <p class='ocr_par' dir='ltr' id='par_1_84' title="bbox 2085 3907 3670 3978">
     <span class='ocr_line' id='line_1_84' title="bbox 2085 3907 3670 3978; baseline 0.004 -17"><span class='ocrx_word' id='word_1_666' title='bbox 2085 3910 2265 3962; x_wconf 88' lang='lat' dir='ltr'><strong>niente</strong></span> <span class='ocrx_word' id='word_1_667' title='bbox 2303 3907 2615 3974; x_wconf 90' lang='lat' dir='ltr'><strong>sterilitate,</strong></span> <span class='ocrx_word' id='word_1_668' title='bbox 2645 3909 3047 3964; x_wconf 86' lang='lat' dir='ltr'><strong>senescentibus</strong></span> <span class='ocrx_word' id='word_1_669' title='bbox 3076 3912 3300 3978; x_wconf 90' lang='lat' dir='ltr'><strong>cunctis,</strong></span> <span class='ocrx_word' id='word_1_670' title='bbox 3330 3910 3520 3966; x_wconf 86' lang='lat' dir='ltr'><strong>civitas</strong></span> <span class='ocrx_word' id='word_1_671' title='bbox 3547 3911 3670 3967; x_wconf 80' lang='lat' dir='ltr'><strong>sine</strong></span> 
     </span>
    </p>
   </div>
   <div class='ocr_carea' id='block_1_85' title="bbox 2082 3998 3671 4066">
    <p class='ocr_par' dir='ltr' id='par_1_85' title="bbox 2082 3998 3671 4066">
     <span class='ocr_line' id='line_1_85' title="bbox 2082 3998 3671 4066; baseline 0.001 -15"><span class='ocrx_word' id='word_1_672' title='bbox 2082 3999 2384 4053; x_wconf 88' lang='lat' dir='ltr'><strong>habitatore</strong></span> <span class='ocrx_word' id='word_1_673' title='bbox 2415 4009 2441 4047; x_wconf 86' lang='lat' dir='ltr'><strong>P</strong></span> <span class='ocrx_word' id='word_1_674' title='bbox 2469 3999 2831 4054; x_wconf 88' lang='lat' dir='ltr'><strong>remansisset.</strong></span> <span class='ocrx_word' id='word_1_675' title='bbox 2859 3998 3021 4066; x_wconf 85' lang='lat' dir='ltr'><strong>Igitur</strong></span> <span class='ocrx_word' id='word_1_676' title='bbox 3039 3998 3276 4064; x_wconf 72' lang='lat' dir='ltr'><strong>Elismus,</strong></span> <span class='ocrx_word' id='word_1_677' title='bbox 3307 4000 3435 4054; x_wconf 91' lang='lat' dir='ltr'><strong>dum</strong></span> <span class='ocrx_word' id='word_1_678' title='bbox 3457 4000 3671 4055; x_wconf 85' lang='lat' dir='ltr'><strong>curavit</strong></span> 
     </span>
    </p>
   </div>
   <div class='ocr_carea' id='block_1_86' title="bbox 2083 4089 3670 4159">
    <p class='ocr_par' dir='ltr' id='par_1_86' title="bbox 2083 4089 3670 4159">
     <span class='ocr_line' id='line_1_86' title="bbox 2083 4089 3670 4159; baseline 0.001 -17"><span class='ocrx_word' id='word_1_679' title='bbox 2083 4103 2249 4158; x_wconf 90' lang='lat' dir='ltr'><strong>aquas</strong></span> <span class='ocrx_word' id='word_1_680' title='bbox 2274 4129 2287 4151; x_wconf 91' lang='lat'><strong>,</strong></span> <span class='ocrx_word' id='word_1_681' title='bbox 2320 4089 2527 4143; x_wconf 87' lang='lat' dir='ltr'><strong>curavit</strong></span> <span class='ocrx_word' id='word_1_682' title='bbox 2573 4098 2628 4143; x_wconf 90' lang='lat' dir='ltr'><strong>et</strong></span> <span class='ocrx_word' id='word_1_683' title='bbox 2665 4089 2906 4159; x_wconf 88' lang='lat' dir='ltr'><strong>plebem;</strong></span> <span class='ocrx_word' id='word_1_684' title='bbox 2945 4089 3071 4144; x_wconf 88' lang='lat' dir='ltr'><strong>dum</strong></span> <span class='ocrx_word' id='word_1_685' title='bbox 3103 4089 3305 4144; x_wconf 91' lang='lat' dir='ltr'><strong>fontem</strong></span> <span class='ocrx_word' id='word_1_686' title='bbox 3327 4101 3353 4139; x_wconf 67' lang='lat' dir='ltr'><strong>tt</strong></span> <span class='ocrx_word' id='word_1_687' title='bbox 3390 4090 3670 4145; x_wconf 80' lang='lat' dir='ltr'><strong>benedixit</strong></span> 
     </span>
    </p>
   </div>
   <div class='ocr_carea' id='block_1_87' title="bbox 2086 4182 3670 4252">
    <p class='ocr_par' dir='ltr' id='par_1_87' title="bbox 2086 4182 3670 4252">
     <span class='ocr_line' id='line_1_87' title="bbox 2086 4182 3670 4252; baseline 0.001 -16"><span class='ocrx_word' id='word_1_688' title='bbox 2086 4182 2365 4246; x_wconf 87' lang='lat' dir='ltr'><strong>undarum,</strong></span> <span class='ocrx_word' id='word_1_689' title='bbox 2394 4184 2678 4252; x_wconf 88' lang='lat' dir='ltr'><strong>quemdam</strong></span> <span class='ocrx_word' id='word_1_690' title='bbox 2700 4183 2903 4238; x_wconf 86' lang='lat' dir='ltr'><strong>fontem</strong></span> <span class='ocrx_word' id='word_1_691' title='bbox 2937 4183 3154 4239; x_wconf 88' lang='lat' dir='ltr'><strong>indulsit</strong></span> <span class='ocrx_word' id='word_1_692' title='bbox 3174 4185 3494 4238; x_wconf 85' lang='lat' dir='ltr'><strong>animarum.</strong></span> <span class='ocrx_word' id='word_1_693' title='bbox 3528 4183 3670 4239; x_wconf 81' lang='lat' dir='ltr'><strong>Nam</strong></span> 
     </span>
    </p>
   </div>
   <div class='ocr_carea' id='block_1_88' title="bbox 2083 4276 3670 4346">
    <p class='ocr_par' dir='ltr' id='par_1_88' title="bbox 2083 4276 3670 4346">
     <span class='ocr_line' id='line_1_88' title="bbox 2083 4276 3670 4346; baseline 0.002 -16"><span class='ocrx_word' id='word_1_694' title='bbox 2083 4277 2223 4330; x_wconf 82' lang='lat' dir='ltr'><strong>sicut</strong></span> <span class='ocrx_word' id='word_1_695' title='bbox 2267 4276 2691 4331; x_wconf 83' lang='lat' dir='ltr'><strong>sanctiﬁcatione</strong></span> <span class='ocrx_word' id='word_1_696' title='bbox 2755 4277 2872 4346; x_wconf 89' lang='lat' dir='ltr'><strong>ejus</strong></span> <span class='ocrx_word' id='word_1_697' title='bbox 2930 4277 2998 4331; x_wconf 88' lang='lat' dir='ltr'><strong>de</strong></span> <span class='ocrx_word' id='word_1_698' title='bbox 3044 4277 3270 4332; x_wconf 89' lang='lat' dir='ltr'><strong>occultis</strong></span> <span class='ocrx_word' id='word_1_699' title='bbox 3316 4285 3472 4331; x_wconf 66' lang='lat' dir='ltr'><strong>terra:</strong></span> <span class='ocrx_word' id='word_1_700' title='bbox 3511 4277 3670 4333; x_wconf 83' lang='lat' dir='ltr'><strong>venis</strong></span> 
     </span>
    </p>
   </div>
   <div class='ocr_carea' id='block_1_89' title="bbox 2085 4365 3671 4435">
    <p class='ocr_par' dir='ltr' id='par_1_89' title="bbox 2085 4365 3671 4435">
     <span class='ocr_line' id='line_1_89' title="bbox 2085 4365 3671 4435; baseline 0.002 -15"><span class='ocrx_word' id='word_1_701' title='bbox 2085 4382 2222 4435; x_wconf 88' lang='lat' dir='ltr'><strong>aqua</strong></span> <span class='ocrx_word' id='word_1_702' title='bbox 2251 4382 2381 4420; x_wconf 89' lang='lat' dir='ltr'><strong>sana</strong></span> <span class='ocrx_word' id='word_1_703' title='bbox 2411 4366 2675 4434; x_wconf 89' lang='lat' dir='ltr'><strong>prodivit,</strong></span> <span class='ocrx_word' id='word_1_704' title='bbox 2715 4365 2788 4419; x_wconf 89' lang='lat' dir='ltr'><strong>ita</strong></span> <span class='ocrx_word' id='word_1_705' title='bbox 2818 4366 2886 4420; x_wconf 91' lang='lat' dir='ltr'><strong>de</strong></span> <span class='ocrx_word' id='word_1_706' title='bbox 2918 4367 3146 4421; x_wconf 91' lang='lat' dir='ltr'><strong>occultis</strong></span> <span class='ocrx_word' id='word_1_707' title='bbox 3177 4367 3348 4422; x_wconf 68' lang='lat' dir='ltr'><strong>vulvae</strong></span> <span class='ocrx_word' id='word_1_708' title='bbox 3373 4368 3671 4423; x_wconf 88' lang='lat' dir='ltr'><strong>visceribus</strong></span> 
     </span>
    </p>
   </div>
   <div class='ocr_carea' id='block_1_90' title="bbox 2083 4455 3671 4526">
    <p class='ocr_par' dir='ltr' id='par_1_90' title="bbox 2083 4455 3671 4526">
     <span class='ocr_line' id='line_1_90' title="bbox 2083 4455 3671 4526; baseline 0.002 -15"><span class='ocrx_word' id='word_1_709' title='bbox 2083 4457 2297 4512; x_wconf 88' lang='lat' dir='ltr'><strong>soboles</strong></span> <span class='ocrx_word' id='word_1_710' title='bbox 2323 4472 2451 4510; x_wconf 89' lang='lat' dir='ltr'><strong>sana</strong></span> <span class='ocrx_word' id='word_1_711' title='bbox 2477 4455 2757 4526; x_wconf 90' lang='lat' dir='ltr'><strong>processit.</strong></span> <span class='ocrx_word' id='word_1_712' title='bbox 2790 4456 2906 4512; x_wconf 90' lang='lat' dir='ltr'><strong>Non</strong></span> <span class='ocrx_word' id='word_1_713' title='bbox 2929 4457 3070 4510; x_wconf 89' lang='lat' dir='ltr'><strong>enim</strong></span> <span class='ocrx_word' id='word_1_714' title='bbox 3093 4458 3208 4512; x_wconf 89' lang='lat' dir='ltr'><strong>sola</strong></span> <span class='ocrx_word' id='word_1_715' title='bbox 3228 4464 3436 4512; x_wconf 88' lang='lat' dir='ltr'><strong>tantum</strong></span> <span class='ocrx_word' id='word_1_716' title='bbox 3466 4455 3671 4514; x_wconf 75' lang='lat' dir='ltr'><strong>fluenta</strong></span> 
     </span>
    </p>
   </div>
   <div class='ocr_carea' id='block_1_91' title="bbox 2081 4547 3669 4621">
    <p class='ocr_par' dir='ltr' id='par_1_91' title="bbox 2081 4547 3669 4621">
     <span class='ocr_line' id='line_1_91' title="bbox 2081 4547 3669 4621; baseline 0 -16"><span class='ocrx_word' id='word_1_717' title='bbox 2081 4549 2357 4606; x_wconf 83' lang='lat' dir='ltr'><strong>benedixit</strong></span> <span class='ocrx_word' id='word_1_718' title='bbox 2393 4548 2642 4612; x_wconf 72' lang='lat' dir='ltr'><strong>Elisteus,</strong></span> <span class='ocrx_word' id='word_1_719' title='bbox 2675 4547 2838 4621; x_wconf 57' lang='lat'><strong>315</strong></span> <span class='ocrx_word' id='word_1_720' title='bbox 2870 4559 2888 4587; x_wconf 73' lang='grc' dir='ltr'><em>τ</em></span> <span class='ocrx_word' id='word_1_721' title='bbox 2918 4563 3036 4619; x_wconf 77' lang='lat' dir='ltr'><strong>qua:</strong></span> <span class='ocrx_word' id='word_1_722' title='bbox 3066 4548 3294 4604; x_wconf 90' lang='lat' dir='ltr'><strong>fontium</strong></span> <span class='ocrx_word' id='word_1_723' title='bbox 3317 4551 3430 4619; x_wconf 79' lang='lat' dir='ltr'><strong>jam</strong></span> <span class='ocrx_word' id='word_1_724' title='bbox 3457 4551 3669 4619; x_wconf 87' lang='lat' dir='ltr'><strong>gremio</strong></span> 
     </span>
    </p>
   </div>
   <div class='ocr_carea' id='block_1_92' title="bbox 464 4761 2356 4839">
    <p class='ocr_par' dir='ltr' id='par_1_92' title="bbox 464 4761 2356 4839">
     <span class='ocr_line' id='line_1_92' title="bbox 464 4761 2356 4839; baseline 0.004 -25"><span class='ocrx_word' id='word_1_725' title='bbox 464 4771 489 4797; x_wconf 76' lang='grc' dir='ltr'>α</span> <span class='ocrx_word' id='word_1_726' title='bbox 519 4761 650 4816; x_wconf 87' lang='lat' dir='ltr'><strong>Cod.</strong></span> <span class='ocrx_word' id='word_1_727' title='bbox 691 4761 749 4817; x_wconf 86' lang='lat' dir='ltr'><strong>S.</strong></span> <span class='ocrx_word' id='word_1_728' title='bbox 781 4761 966 4819; x_wconf 88' lang='lat' dir='ltr'><strong>Crucis</strong></span> <span class='ocrx_word' id='word_1_729' title='bbox 1011 4763 1069 4818; x_wconf 89' lang='lat' dir='ltr'><strong>in</strong></span> <span class='ocrx_word' id='word_1_730' title='bbox 1105 4765 1216 4818; x_wconf 83' lang='lat' dir='ltr'><strong>Jer.</strong></span> <span class='ocrx_word' id='word_1_731' title='bbox 1268 4763 1450 4832; x_wconf 89' lang='lat' dir='ltr'><strong>legunt</strong></span> <span class='ocrx_word' id='word_1_732' title='bbox 1499 4766 1730 4821; x_wconf 83' lang='lat' dir='ltr'><strong>videatur</strong></span> <span class='ocrx_word' id='word_1_733' title='bbox 1766 4783 1865 4837; x_wconf 86' lang='lat' dir='ltr'><strong>pro</strong></span> <span class='ocrx_word' id='word_1_734' title='bbox 1894 4769 1970 4822; x_wconf 90' lang='lat' dir='ltr'><strong>vi-</strong></span> <span class='ocrx_word' id='word_1_735' title='bbox 2001 4773 2051 4831; x_wconf 87' lang='lat' dir='ltr'><strong>D</strong></span> <span class='ocrx_word' id='word_1_736' title='bbox 2077 4770 2228 4839; x_wconf 83' lang='lat' dir='ltr'><strong>petis,</strong></span> <span class='ocrx_word' id='word_1_737' title='bbox 2251 4778 2356 4824; x_wconf 89' lang='lat' dir='ltr'><strong>etc.</strong></span> 
     </span>
    </p>
   </div>
   <div class='ocr_carea' id='block_1_93' title="bbox 395 4830 1827 4961">
    <p class='ocr_par' dir='ltr' id='par_1_93' title="bbox 395 4830 1827 4961">
     <span class='ocr_line' id='line_1_93' title="bbox 395 4830 1784 4883; baseline 0.005 -1"><span class='ocrx_word' id='word_1_738' title='bbox 395 4830 560 4883; x_wconf 75' lang='lat' dir='ltr'><strong>detur.</strong></span> <span class='ocrx_word' id='word_1_739' title='bbox 1325 4830 1342 4832; x_wconf 61' lang='grc'><strong><em>“</em></strong></span> <span class='ocrx_word' id='word_1_740' title='bbox 1767 4830 1784 4837; x_wconf 80' lang='grc'><em>’</em></span> 
     </span>
     <span class='ocr_line' id='line_1_94' title="bbox 462 4898 1827 4961; baseline 0.006 -9"><span class='ocrx_word' id='word_1_741' title='bbox 462 4898 488 4937; x_wconf 68' lang='grc' dir='ltr'>ιδ</span> <span class='ocrx_word' id='word_1_742' title='bbox 519 4899 650 4956; x_wconf 83' lang='lat' dir='ltr'><strong>Tres</strong></span> <span class='ocrx_word' id='word_1_743' title='bbox 679 4903 960 4958; x_wconf 88' lang='lat' dir='ltr'><strong>memorati</strong></span> <span class='ocrx_word' id='word_1_744' title='bbox 989 4903 1203 4959; x_wconf 89' lang='lat' dir='ltr'><strong>codices</strong></span> <span class='ocrx_word' id='word_1_745' title='bbox 1225 4903 1365 4957; x_wconf 89' lang='lat' dir='ltr'><strong>inter</strong></span> <span class='ocrx_word' id='word_1_746' title='bbox 1383 4919 1442 4958; x_wconf 89' lang='lat' dir='ltr'><strong>se</strong></span> <span class='ocrx_word' id='word_1_747' title='bbox 1482 4907 1827 4961; x_wconf 87' lang='lat' dir='ltr'><strong>conveniunt.</strong></span> 
     </span>
    </p>
   </div>
   <div class='ocr_carea' id='block_1_94' title="bbox 465 4967 1974 5042">
    <p class='ocr_par' dir='ltr' id='par_1_94' title="bbox 465 4967 1974 5042">
     <span class='ocr_line' id='line_1_95' title="bbox 465 4967 1974 5042; baseline 0.009 -22"><span class='ocrx_word' id='word_1_748' title='bbox 465 4979 487 5006; x_wconf 73' lang='grc' dir='ltr'>ε</span> <span class='ocrx_word' id='word_1_749' title='bbox 517 4967 776 5042; x_wconf 68' lang='lat' dir='ltr'><strong>Itagodd.</strong></span> <span class='ocrx_word' id='word_1_750' title='bbox 813 4974 878 5027; x_wconf 74' lang='lat'><strong>10</strong></span> <span class='ocrx_word' id='word_1_751' title='bbox 927 4973 1064 5026; x_wconf 88' lang='lat' dir='ltr'><strong>Plut.</strong></span> <span class='ocrx_word' id='word_1_752' title='bbox 1121 4990 1210 5028; x_wconf 67' lang='lat' dir='ltr'><strong>xxv</strong></span> <span class='ocrx_word' id='word_1_753' title='bbox 1248 4986 1372 5042; x_wconf 86' lang='lat' dir='ltr'><strong>pag.</strong></span> <span class='ocrx_word' id='word_1_754' title='bbox 1417 4973 1540 5039; x_wconf 75' lang='grc'><strong>545,</strong></span> <span class='ocrx_word' id='word_1_755' title='bbox 1592 4975 1882 5041; x_wconf 84' lang='lat' dir='ltr'><strong>Laurent.,</strong></span> <span class='ocrx_word' id='word_1_756' title='bbox 1919 4987 1974 5033; x_wconf 88' lang='lat' dir='ltr'><strong>et</strong></span> 
     </span>
    </p>
   </div>
   <div class='ocr_carea' id='block_1_95' title="bbox 393 5036 1975 5115">
    <p class='ocr_par' dir='ltr' id='par_1_95' title="bbox 393 5036 1975 5115">
     <span class='ocr_line' id='line_1_96' title="bbox 393 5036 1975 5115; baseline 0.008 -25"><span class='ocrx_word' id='word_1_757' title='bbox 393 5036 569 5115; x_wconf 53' lang='lat' dir='ltr'><strong>Vat}</strong></span> <span class='ocrx_word' id='word_1_758' title='bbox 728 5044 792 5115; x_wconf 56' lang='lat' dir='ltr'><strong>si</strong></span> <span class='ocrx_word' id='word_1_759' title='bbox 804 5045 1006 5115; x_wconf 56' lang='lat' dir='ltr'><strong>cnsilia</strong></span> <span class='ocrx_word' id='word_1_760' title='bbox 1033 5036 1267 5115; x_wconf 63' lang='lat' dir='ltr'><strong>meretur:</strong></span> <span class='ocrx_word' id='word_1_761' title='bbox 1287 5036 1486 5108; x_wconf 50' lang='lat' dir='ltr'><strong>e&#39;cmlo,</strong></span> <span class='ocrx_word' id='word_1_762' title='bbox 1509 5036 1598 5115; x_wconf 74' lang='lat' dir='ltr'><strong>qui</strong></span> <span class='ocrx_word' id='word_1_763' title='bbox 1629 5048 1682 5100; x_wconf 87' lang='lat' dir='ltr'><strong>in</strong></span> <span class='ocrx_word' id='word_1_764' title='bbox 1707 5048 1834 5101; x_wconf 75' lang='lat' dir='ltr'><strong>cmlo</strong></span> <span class='ocrx_word' id='word_1_765' title='bbox 1863 5036 1975 5102; x_wconf 83' lang='lat' dir='ltr'><strong>est?</strong></span> 
     </span>
    </p>
   </div>
   <div class='ocr_carea' id='block_1_96' title="bbox 461 5105 1975 5175">
    <p class='ocr_par' dir='ltr' id='par_1_96' title="bbox 461 5105 1975 5175">
     <span class='ocr_line' id='line_1_97' title="bbox 461 5105 1975 5175; baseline 0.009 -15"><span class='ocrx_word' id='word_1_766' title='bbox 461 5106 486 5142; x_wconf 72' lang='grc' dir='ltr'><strong><em>ἀ</em></strong></span> <span class='ocrx_word' id='word_1_767' title='bbox 517 5105 684 5162; x_wconf 89' lang='lat' dir='ltr'><strong>Codd.</strong></span> <span class='ocrx_word' id='word_1_768' title='bbox 731 5109 800 5162; x_wconf 86' lang='lat'><strong>99</strong></span> <span class='ocrx_word' id='word_1_769' title='bbox 840 5112 896 5166; x_wconf 89' lang='lat' dir='ltr'><strong>S.</strong></span> <span class='ocrx_word' id='word_1_770' title='bbox 928 5112 1114 5170; x_wconf 89' lang='lat' dir='ltr'><strong>Crucis</strong></span> <span class='ocrx_word' id='word_1_771' title='bbox 1160 5114 1212 5168; x_wconf 90' lang='lat' dir='ltr'><strong>in</strong></span> <span class='ocrx_word' id='word_1_772' title='bbox 1239 5112 1350 5169; x_wconf 80' lang='lat' dir='ltr'><strong>Jer.</strong></span> <span class='ocrx_word' id='word_1_773' title='bbox 1403 5123 1458 5171; x_wconf 90' lang='lat' dir='ltr'><strong>et</strong></span> <span class='ocrx_word' id='word_1_774' title='bbox 1476 5105 1739 5175; x_wconf 76' lang='lat' dir='ltr'><strong>Laurent.</strong></span> <span class='ocrx_word' id='word_1_775' title='bbox 1772 5117 1975 5173; x_wconf 88' lang='lat' dir='ltr'><strong>habent</strong></span> 
     </span>
    </p>
   </div>
   <div class='ocr_carea' id='block_1_97' title="bbox 390 5179 996 5245">
    <p class='ocr_par' dir='ltr' id='par_1_97' title="bbox 390 5179 996 5245">
     <span class='ocr_line' id='line_1_98' title="bbox 390 5179 996 5245; baseline 0.01 -15"><span class='ocrx_word' id='word_1_776' title='bbox 390 5185 555 5245; x_wconf 78' lang='lat' dir='ltr'><strong>potest</strong></span> <span class='ocrx_word' id='word_1_777' title='bbox 581 5194 692 5230; x_wconf 76' lang='lat' dir='ltr'><strong>esse</strong></span> <span class='ocrx_word' id='word_1_778' title='bbox 713 5179 996 5236; x_wconf 85' lang='lat' dir='ltr'><strong>nobiscum.</strong></span> 
     </span>
    </p>
   </div>
   <div class='ocr_carea' id='block_1_98' title="bbox 461 5244 1752 5320">
    <p class='ocr_par' dir='ltr' id='par_1_98' title="bbox 461 5244 1752 5320">
     <span class='ocr_line' id='line_1_99' title="bbox 461 5244 1752 5320; baseline 0.009 -21"><span class='ocrx_word' id='word_1_779' title='bbox 461 5256 485 5320; x_wconf 59' lang='grc' dir='ltr'><strong>ξ</strong></span> <span class='ocrx_word' id='word_1_780' title='bbox 515 5244 650 5320; x_wconf 65' lang='grc' dir='ltr'><strong>βοὰ.</strong></span> <span class='ocrx_word' id='word_1_781' title='bbox 685 5247 959 5320; x_wconf 43' lang='lat' dir='ltr'><strong>Laurent.)</strong></span> <span class='ocrx_word' id='word_1_782' title='bbox 982 5247 1075 5305; x_wconf 83' lang='lat' dir='ltr'><strong>Est</strong></span> <span class='ocrx_word' id='word_1_783' title='bbox 1094 5271 1216 5320; x_wconf 83' lang='lat' dir='ltr'><strong>ergo</strong></span> <span class='ocrx_word' id='word_1_784' title='bbox 1239 5265 1418 5310; x_wconf 84' lang='lat' dir='ltr'><strong>sancte</strong></span> <span class='ocrx_word' id='word_1_785' title='bbox 1445 5255 1752 5310; x_wconf 79' lang='lat' dir='ltr'><strong>viventibus.</strong></span> 
     </span>
    </p>
   </div>
   <div class='ocr_carea' id='block_1_99' title="bbox 463 5311 1968 5395">
    <p class='ocr_par' dir='ltr' id='par_1_99' title="bbox 463 5311 1968 5395">
     <span class='ocr_line' id='line_1_100' title="bbox 463 5311 1968 5395; baseline 0.009 -26"><span class='ocrx_word' id='word_1_786' title='bbox 463 5315 589 5395; x_wconf 39' lang='lat' dir='ltr'><strong>{Alta</strong></span> <span class='ocrx_word' id='word_1_787' title='bbox 620 5318 777 5395; x_wconf 77' lang='lat' dir='ltr'><strong>codd.</strong></span> <span class='ocrx_word' id='word_1_788' title='bbox 827 5317 884 5395; x_wconf 88' lang='lat' dir='ltr'><strong>_S.</strong></span> <span class='ocrx_word' id='word_1_789' title='bbox 911 5317 1099 5395; x_wconf 70' lang='lat' dir='ltr'><strong>(_Jrucis</strong></span> <span class='ocrx_word' id='word_1_790' title='bbox 1129 5311 1181 5377; x_wconf 71' lang='lat' dir='ltr'><strong>in</strong></span> <span class='ocrx_word' id='word_1_791' title='bbox 1230 5325 1364 5380; x_wconf 62' lang='grc' dir='ltr'>δεῖ..</span> <span class='ocrx_word' id='word_1_792' title='bbox 1414 5325 1558 5395; x_wconf 87' lang='lat' dir='ltr'><strong>apud</strong></span> <span class='ocrx_word' id='word_1_793' title='bbox 1602 5325 1968 5382; x_wconf 88' lang='lat' dir='ltr'><strong>Mabillonium</strong></span> 
     </span>
    </p>
   </div>
   <div class='ocr_carea' id='block_1_100' title="bbox 387 5385 1755 5465">
    <p class='ocr_par' dir='ltr' id='par_1_100' title="bbox 387 5385 1755 5465">
     <span class='ocr_line' id='line_1_101' title="bbox 387 5385 1755 5465; baseline 0.008 -26"><span class='ocrx_word' id='word_1_794' title='bbox 387 5393 440 5439; x_wconf 87' lang='lat' dir='ltr'><strong>et</strong></span> <span class='ocrx_word' id='word_1_795' title='bbox 468 5385 1025 5465; x_wconf 36' lang='lat' dir='ltr'><strong>Gallaudi’umnlegitur</strong></span> <span class='ocrx_word' id='word_1_796' title='bbox 1052 5391 1170 5465; x_wconf 74' lang='lat' dir='ltr'><strong>licet</strong></span> <span class='ocrx_word' id='word_1_797' title='bbox 1204 5395 1413 5450; x_wconf 86' lang='lat' dir='ltr'><strong>versis</strong></span> <span class='ocrx_word' id='word_1_798' title='bbox 1437 5385 1755 5465; x_wconf 68' lang='lat' dir='ltr'><strong>corporibus.</strong></span> 
     </span>
    </p>
   </div>
   <div class='ocr_carea' id='block_1_101' title="bbox 384 5453 1968 5596">
    <p class='ocr_par' dir='ltr' id='par_1_101' title="bbox 384 5453 1968 5596">
     <span class='ocr_line' id='line_1_102' title="bbox 384 5453 1968 5596; baseline 0.009 -90"><span class='ocrx_word' id='word_1_799' title='bbox 384 5465 482 5596; x_wconf 64' lang='lat' dir='ltr'><strong>gr:</strong></span> <span class='ocrx_word' id='word_1_800' title='bbox 511 5453 682 5578; x_wconf 54' lang='lat' dir='ltr'><strong>ggdd.</strong></span> <span class='ocrx_word' id='word_1_801' title='bbox 706 5455 762 5511; x_wconf 92' lang='lat' dir='ltr'><strong>S.</strong></span> <span class='ocrx_word' id='word_1_802' title='bbox 790 5453 978 5514; x_wconf 73' lang='lat' dir='ltr'><strong>Crucis</strong></span> <span class='ocrx_word' id='word_1_803' title='bbox 1006 5459 1058 5512; x_wconf 87' lang='lat' dir='ltr'><strong>in</strong></span> <span class='ocrx_word' id='word_1_804' title='bbox 1089 5459 1223 5528; x_wconf 83' lang='lat' dir='ltr'><strong>Jer.,</strong></span> <span class='ocrx_word' id='word_1_805' title='bbox 1269 5474 1324 5519; x_wconf 91' lang='lat' dir='ltr'><strong>et</strong></span> <span class='ocrx_word' id='word_1_806' title='bbox 1354 5467 1472 5520; x_wconf 87' lang='lat' dir='ltr'><strong>Vat.</strong></span> <span class='ocrx_word' id='word_1_807' title='bbox 1501 5453 1634 5518; x_wconf 73' lang='grc'><strong>1⁷277</strong></span> <span class='ocrx_word' id='word_1_808' title='bbox 1653 5505 1669 5530; x_wconf 90' lang='grc'><em>,</em></span> <span class='ocrx_word' id='word_1_809' title='bbox 1719 5469 1968 5520; x_wconf 84' lang='lat' dir='ltr'><strong>transmi-</strong></span> 
     </span>
     <span class='ocr_line' id='line_1_103' title="bbox 484 5544 620 5578; baseline 0 0"><span class='ocrx_word' id='word_1_810' title='bbox 484 5544 510 5578; x_wconf 74' lang='grc' dir='ltr'><em>Υ</em></span> <span class='ocrx_word' id='word_1_811' title='bbox 604 5565 620 5578; x_wconf 74' lang='grc' dir='ltr'>ι</span> 
     </span>
    </p>
   </div>
   <div class='ocr_carea' id='block_1_102' title="bbox 484 5544 620 5578">
    <p class='ocr_par' dir='ltr' id='par_1_102' title="bbox 484 5544 620 5578">
     <span class='ocr_line' id='line_1_104' title="bbox 484 5544 620 5578; baseline 0 0"><span class='ocrx_word' id='word_1_812' title='bbox 484 5544 620 5578; x_wconf 85' lang='lat' dir='ltr'><strong>rem.</strong></span> 
     </span>
    </p>
   </div>
   <div class='ocr_carea' id='block_1_103' title="bbox 458 5592 1609 5676">
    <p class='ocr_par' dir='ltr' id='par_1_103' title="bbox 458 5592 1609 5676">
     <span class='ocr_line' id='line_1_105' title="bbox 458 5592 1609 5676; baseline 0.01 -30"><span class='ocrx_word' id='word_1_813' title='bbox 458 5593 483 5676; x_wconf 64' lang='grc' dir='ltr'><strong><em>ξ</em></strong></span> <span class='ocrx_word' id='word_1_814' title='bbox 515 5592 574 5676; x_wconf 54' lang='grc' dir='ltr'><strong>[ιι</strong></span> <span class='ocrx_word' id='word_1_815' title='bbox 602 5595 892 5676; x_wconf 43' lang='lat' dir='ltr'><strong>vet.’_ed_i_t.,</strong></span> <span class='ocrx_word' id='word_1_816' title='bbox 917 5615 1050 5676; x_wconf 72' lang='lat' dir='ltr'><strong>nova</strong></span> <span class='ocrx_word' id='word_1_817' title='bbox 1072 5601 1306 5676; x_wconf 55' lang='lat' dir='ltr'><strong>agundam</strong></span> <span class='ocrx_word' id='word_1_818' title='bbox 1335 5603 1609 5676; x_wconf 62' lang='lat' dir='ltr'><strong>obsequia.</strong></span> 
     </span>
    </p>
   </div>
   <div class='ocr_carea' id='block_1_104' title="bbox 451 5662 1967 5791">
    <p class='ocr_par' dir='ltr' id='par_1_104' title="bbox 451 5662 1967 5791">
     <span class='ocr_line' id='line_1_106' title="bbox 451 5662 1967 5791; baseline -0.003 -69"><span class='ocrx_word' id='word_1_819' title='bbox 451 5662 680 5791; x_wconf 53' lang='lat' dir='ltr'><strong>iinfiodd.</strong></span> <span class='ocrx_word' id='word_1_820' title='bbox 710 5665 769 5722; x_wconf 93' lang='lat' dir='ltr'><strong>S.</strong></span> <span class='ocrx_word' id='word_1_821' title='bbox 799 5667 987 5724; x_wconf 88' lang='lat' dir='ltr'><strong>Crucis</strong></span> <span class='ocrx_word' id='word_1_822' title='bbox 1013 5669 1066 5725; x_wconf 91' lang='lat' dir='ltr'><strong>in</strong></span> <span class='ocrx_word' id='word_1_823' title='bbox 1085 5662 1222 5736; x_wconf 62' lang='lat' dir='ltr'><strong>&#39;Jer.,</strong></span> <span class='ocrx_word' id='word_1_824' title='bbox 1254 5681 1309 5726; x_wconf 93' lang='lat' dir='ltr'><strong>et</strong></span> <span class='ocrx_word' id='word_1_825' title='bbox 1335 5672 1456 5727; x_wconf 82' lang='lat' dir='ltr'><strong>Vat.</strong></span> <span class='ocrx_word' id='word_1_826' title='bbox 1478 5662 1646 5731; x_wconf 73' lang='lat'><strong>&#39;1275</strong></span> <span class='ocrx_word' id='word_1_827' title='bbox 1666 5691 1777 5732; x_wconf 79' lang='lat' dir='ltr'><strong>non</strong></span> <span class='ocrx_word' id='word_1_828' title='bbox 1803 5675 1967 5733; x_wconf 50' lang='lat' dir='ltr'><strong>habet</strong></span> 
     </span>
    </p>
   </div>
   <div class='ocr_carea' id='block_1_105' title="bbox 384 5755 540 5793">
    <p class='ocr_par' dir='ltr' id='par_1_105' title="bbox 384 5755 540 5793">
     <span class='ocr_line' id='line_1_107' title="bbox 384 5755 540 5793; baseline -0.013 0"><span class='ocrx_word' id='word_1_829' title='bbox 384 5755 540 5793; x_wconf 80' lang='lat' dir='ltr'><strong>cntm.</strong></span> 
     </span>
    </p>
   </div>
   <div class='ocr_carea' id='block_1_106' title="bbox 460 5805 1960 5884">
    <p class='ocr_par' dir='ltr' id='par_1_106' title="bbox 460 5805 1960 5884">
     <span class='ocr_line' id='line_1_108' title="bbox 460 5805 1960 5884; baseline 0.005 -20"><span class='ocrx_word' id='word_1_830' title='bbox 460 5811 474 5856; x_wconf 66' lang='grc' dir='ltr'>ἱ</span> <span class='ocrx_word' id='word_1_831' title='bbox 514 5805 726 5865; x_wconf 86' lang='lat' dir='ltr'><strong>Cod.S.</strong></span> <span class='ocrx_word' id='word_1_832' title='bbox 758 5805 944 5868; x_wconf 89' lang='lat' dir='ltr'><strong>Crucis</strong></span> <span class='ocrx_word' id='word_1_833' title='bbox 971 5809 1029 5866; x_wconf 89' lang='lat' dir='ltr'><strong>in</strong></span> <span class='ocrx_word' id='word_1_834' title='bbox 1057 5809 1164 5864; x_wconf 83' lang='lat' dir='ltr'><strong>Jer.</strong></span> <span class='ocrx_word' id='word_1_835' title='bbox 1216 5810 1270 5865; x_wconf 87' lang='lat' dir='ltr'><strong>in</strong></span> <span class='ocrx_word' id='word_1_836' title='bbox 1318 5817 1470 5867; x_wconf 81' lang='lat' dir='ltr'><strong>textu</strong></span> <span class='ocrx_word' id='word_1_837' title='bbox 1511 5811 1796 5884; x_wconf 87' lang='lat' dir='ltr'><strong>Gallandii,</strong></span> <span class='ocrx_word' id='word_1_838' title='bbox 1827 5817 1960 5872; x_wconf 85' lang='lat' dir='ltr'><strong>dura</strong></span> 
     </span>
    </p>
   </div>
   <div class='ocr_carea' id='block_1_107' title="bbox 2149 4838 3407 4912">
    <p class='ocr_par' dir='ltr' id='par_1_107' title="bbox 2149 4838 3407 4912">
     <span class='ocr_line' id='line_1_109' title="bbox 2149 4838 3407 4912; baseline 0.002 -21"><span class='ocrx_word' id='word_1_839' title='bbox 2149 4838 2170 4912; x_wconf 65' lang='grc' dir='ltr'><strong>’ξ</strong></span> <span class='ocrx_word' id='word_1_840' title='bbox 2203 4839 2348 4912; x_wconf 64' lang='lat' dir='ltr'><strong>god._</strong></span> <span class='ocrx_word' id='word_1_841' title='bbox 2370 4839 2491 4912; x_wconf 59' lang='grc' dir='ltr'><strong>νέης-</strong></span> <span class='ocrx_word' id='word_1_842' title='bbox 2508 4839 2673 4912; x_wconf 49' lang='lat'><strong>327:7,</strong></span> <span class='ocrx_word' id='word_1_843' title='bbox 2705 4857 2859 4912; x_wconf 79' lang='lat' dir='ltr'><strong>quam</strong></span> <span class='ocrx_word' id='word_1_844' title='bbox 2885 4841 3136 4912; x_wconf 79' lang='lat' dir='ltr'><strong>possidet,</strong></span> <span class='ocrx_word' id='word_1_845' title='bbox 3164 4842 3273 4912; x_wconf 72' lang='lat' dir='ltr'><strong>qui,</strong></span> <span class='ocrx_word' id='word_1_846' title='bbox 3302 4851 3407 4896; x_wconf 89' lang='lat' dir='ltr'><strong>etc.</strong></span> 
     </span>
    </p>
   </div>
   <div class='ocr_carea' id='block_1_108' title="bbox 2152 4908 3672 4983">
    <p class='ocr_par' dir='ltr' id='par_1_108' title="bbox 2152 4908 3672 4983">
     <span class='ocr_line' id='line_1_110' title="bbox 2152 4908 3672 4983; baseline 0.002 -21"><span class='ocrx_word' id='word_1_847' title='bbox 2152 4908 2168 4945; x_wconf 79' lang='grc' dir='ltr'>ι</span> <span class='ocrx_word' id='word_1_848' title='bbox 2201 4908 2372 4963; x_wconf 88' lang='lat' dir='ltr'><strong>Codd.</strong></span> <span class='ocrx_word' id='word_1_849' title='bbox 2405 4908 2474 4983; x_wconf 56' lang='lat'><strong>99</strong></span> <span class='ocrx_word' id='word_1_850' title='bbox 2501 4908 2559 4964; x_wconf 89' lang='lat' dir='ltr'><strong>S.</strong></span> <span class='ocrx_word' id='word_1_851' title='bbox 2585 4908 2774 4983; x_wconf 77' lang='lat' dir='ltr'><strong>Crucis</strong></span> <span class='ocrx_word' id='word_1_852' title='bbox 2795 4910 2847 4983; x_wconf 88' lang='lat' dir='ltr'><strong>in</strong></span> <span class='ocrx_word' id='word_1_853' title='bbox 2877 4908 3067 4983; x_wconf 82' lang='lat' dir='ltr'><strong>Jcr._et</strong></span> <span class='ocrx_word' id='word_1_854' title='bbox 3096 4908 3371 4976; x_wconf 74' lang='lat' dir='ltr'><strong>AnibrOs.,</strong></span> <span class='ocrx_word' id='word_1_855' title='bbox 3402 4928 3504 4967; x_wconf 83' lang='lat' dir='ltr'><strong>non</strong></span> <span class='ocrx_word' id='word_1_856' title='bbox 3526 4929 3672 4983; x_wconf 69' lang='lat' dir='ltr'><strong>sym~</strong></span> 
     </span>
    </p>
   </div>
   <div class='ocr_carea' id='block_1_109' title="bbox 2075 4979 3194 5050">
    <p class='ocr_par' dir='ltr' id='par_1_109' title="bbox 2075 4979 3194 5050">
     <span class='ocr_line' id='line_1_111' title="bbox 2075 4979 3194 5050; baseline 0.004 -19"><span class='ocrx_word' id='word_1_857' title='bbox 2075 4979 2265 5050; x_wconf 79' lang='lat' dir='ltr'><strong>bolum,</strong></span> <span class='ocrx_word' id='word_1_858' title='bbox 2288 4986 2350 5050; x_wconf 86' lang='lat' dir='ltr'><strong>ut</strong></span> <span class='ocrx_word' id='word_1_859' title='bbox 2377 4979 2530 5050; x_wconf 85' lang='lat' dir='ltr'><strong>alias,</strong></span> <span class='ocrx_word' id='word_1_860' title='bbox 2563 4979 2656 5050; x_wconf 83' lang='lat' dir='ltr'><strong>sed</strong></span> <span class='ocrx_word' id='word_1_861' title='bbox 2681 4980 2964 5050; x_wconf 85' lang='lat' dir='ltr'><strong>simplicem</strong></span> <span class='ocrx_word' id='word_1_862' title='bbox 2993 4981 3194 5050; x_wconf 78' lang='lat' dir='ltr'><strong>legunt.</strong></span> 
     </span>
    </p>
   </div>
   <div class='ocr_carea' id='block_1_110' title="bbox 2148 5048 3673 5115">
    <p class='ocr_par' dir='ltr' id='par_1_110' title="bbox 2148 5048 3673 5115">
     <span class='ocr_line' id='line_1_112' title="bbox 2148 5048 3673 5115; baseline 0.004 -14"><span class='ocrx_word' id='word_1_863' title='bbox 2148 5059 2185 5086; x_wconf 76' lang='grc' dir='ltr'><strong>ιιι</strong></span> <span class='ocrx_word' id='word_1_864' title='bbox 2225 5048 2387 5103; x_wconf 79' lang='lat' dir='ltr'><strong>[idem</strong></span> <span class='ocrx_word' id='word_1_865' title='bbox 2417 5049 2537 5104; x_wconf 92' lang='lat' dir='ltr'><strong>cod.</strong></span> <span class='ocrx_word' id='word_1_866' title='bbox 2568 5049 2627 5104; x_wconf 89' lang='lat' dir='ltr'><strong>S.</strong></span> <span class='ocrx_word' id='word_1_867' title='bbox 2664 5048 2850 5105; x_wconf 87' lang='lat' dir='ltr'><strong>Crucis</strong></span> <span class='ocrx_word' id='word_1_868' title='bbox 2895 5051 2947 5103; x_wconf 91' lang='lat' dir='ltr'><strong>in</strong></span> <span class='ocrx_word' id='word_1_869' title='bbox 2994 5048 3130 5115; x_wconf 84' lang='lat' dir='ltr'><strong>Jer.,</strong></span> <span class='ocrx_word' id='word_1_870' title='bbox 3161 5059 3217 5105; x_wconf 91' lang='lat' dir='ltr'><strong>et</strong></span> <span class='ocrx_word' id='word_1_871' title='bbox 3248 5050 3366 5105; x_wconf 81' lang='lat' dir='ltr'><strong>Vat.</strong></span> <span class='ocrx_word' id='word_1_872' title='bbox 3401 5049 3534 5103; x_wconf 71' lang='lat' dir='ltr'><strong>l277</strong></span> <span class='ocrx_word' id='word_1_873' title='bbox 3566 5067 3673 5106; x_wconf 87' lang='lat' dir='ltr'><strong>re-</strong></span> 
     </span>
    </p>
   </div>
   <div class='ocr_carea' id='block_1_111' title="bbox 2076 5119 3672 5203">
    <p class='ocr_par' dir='ltr' id='par_1_111' title="bbox 2076 5119 3672 5203">
     <span class='ocr_line' id='line_1_113' title="bbox 2076 5119 3672 5203; baseline 0.003 -32"><span class='ocrx_word' id='word_1_874' title='bbox 2076 5119 2216 5203; x_wconf 75' lang='lat' dir='ltr'><strong>ctius</strong></span> <span class='ocrx_word' id='word_1_875' title='bbox 2233 5134 2392 5203; x_wconf 66' lang='lat' dir='ltr'><strong>quam</strong></span> <span class='ocrx_word' id='word_1_876' title='bbox 2422 5119 2474 5203; x_wconf 80' lang='lat' dir='ltr'><strong>in</strong></span> <span class='ocrx_word' id='word_1_877' title='bbox 2505 5119 2812 5174; x_wconf 86' lang='lat' dir='ltr'><strong>Mahillonio</strong></span> <span class='ocrx_word' id='word_1_878' title='bbox 2842 5129 2896 5174; x_wconf 93' lang='lat' dir='ltr'><strong>et</strong></span> <span class='ocrx_word' id='word_1_879' title='bbox 2925 5120 2976 5174; x_wconf 92' lang='lat' dir='ltr'><strong>in</strong></span> <span class='ocrx_word' id='word_1_880' title='bbox 3005 5119 3288 5203; x_wconf 70' lang='lat' dir='ltr'><strong>Gallandio</strong></span> <span class='ocrx_word' id='word_1_881' title='bbox 3307 5163 3322 5188; x_wconf 97' lang='lat'><strong>,</strong></span> <span class='ocrx_word' id='word_1_882' title='bbox 3352 5123 3444 5191; x_wconf 86' lang='lat' dir='ltr'><strong>qui</strong></span> <span class='ocrx_word' id='word_1_883' title='bbox 3472 5121 3672 5191; x_wconf 81' lang='lat' dir='ltr'><strong>legunt</strong></span> 
     </span>
    </p>
   </div>
   <div class='ocr_carea' id='block_1_112' title="bbox 2077 5189 3368 5322">
    <p class='ocr_par' dir='ltr' id='par_1_112' title="bbox 2077 5189 3368 5322">
     <span class='ocr_line' id='line_1_114' title="bbox 2077 5189 3215 5260; baseline 0.004 -20"><span class='ocrx_word' id='word_1_884' title='bbox 2077 5189 2216 5255; x_wconf 84' lang='lat' dir='ltr'><strong>apud</strong></span> <span class='ocrx_word' id='word_1_885' title='bbox 2243 5189 2410 5258; x_wconf 81' lang='lat' dir='ltr'><strong>ﬁlium</strong></span> <span class='ocrx_word' id='word_1_886' title='bbox 2431 5197 2601 5242; x_wconf 81' lang='lat' dir='ltr'><strong>tamen</strong></span> <span class='ocrx_word' id='word_1_887' title='bbox 2629 5201 2895 5260; x_wconf 83' lang='lat' dir='ltr'><strong>permanet</strong></span> <span class='ocrx_word' id='word_1_888' title='bbox 2922 5192 3215 5244; x_wconf 79' lang='lat' dir='ltr'><strong>sanctitate.</strong></span> 
     </span>
     <span class='ocr_line' id='line_1_115' title="bbox 2153 5257 3368 5322; baseline 0.003 -12"><span class='ocrx_word' id='word_1_889' title='bbox 2153 5267 2178 5294; x_wconf 81' lang='grc' dir='ltr'><strong>ι·</strong></span> <span class='ocrx_word' id='word_1_890' title='bbox 2218 5257 2402 5312; x_wconf 88' lang='lat' dir='ltr'><strong>Lectio</strong></span> <span class='ocrx_word' id='word_1_891' title='bbox 2432 5258 2638 5322; x_wconf 83' lang='lat' dir='ltr'><strong>Mahil.,</strong></span> <span class='ocrx_word' id='word_1_892' title='bbox 2664 5269 2713 5312; x_wconf 91' lang='lat' dir='ltr'><strong>et</strong></span> <span class='ocrx_word' id='word_1_893' title='bbox 2734 5262 2786 5313; x_wconf 85' lang='lat' dir='ltr'><strong>in</strong></span> <span class='ocrx_word' id='word_1_894' title='bbox 2817 5277 2876 5314; x_wconf 92' lang='lat' dir='ltr'><strong>eo</strong></span> <span class='ocrx_word' id='word_1_895' title='bbox 2900 5261 3193 5314; x_wconf 84' lang='lat' dir='ltr'><strong>reconditos</strong></span> <span class='ocrx_word' id='word_1_896' title='bbox 3213 5261 3368 5316; x_wconf 70' lang='lat' dir='ltr'><strong>sales.</strong></span> 
     </span>
    </p>
   </div>
   <div class='ocr_carea' id='block_1_113' title="bbox 2153 5328 3672 5399">
    <p class='ocr_par' dir='ltr' id='par_1_113' title="bbox 2153 5328 3672 5399">
     <span class='ocr_line' id='line_1_116' title="bbox 2153 5328 3672 5399; baseline 0.003 -18"><span class='ocrx_word' id='word_1_897' title='bbox 2153 5337 2176 5362; x_wconf 88' lang='grc' dir='ltr'>ο</span> <span class='ocrx_word' id='word_1_898' title='bbox 2217 5328 2379 5382; x_wconf 87' lang='lat' dir='ltr'><strong>Iidem</strong></span> <span class='ocrx_word' id='word_1_899' title='bbox 2401 5328 2559 5399; x_wconf 77' lang='lat' dir='ltr'><strong>codd.</strong></span> <span class='ocrx_word' id='word_1_900' title='bbox 2591 5328 2649 5399; x_wconf 79' lang='lat' dir='ltr'><strong>S.</strong></span> <span class='ocrx_word' id='word_1_901' title='bbox 2692 5328 2880 5384; x_wconf 85' lang='lat' dir='ltr'><strong>Crucis</strong></span> <span class='ocrx_word' id='word_1_902' title='bbox 2923 5330 2974 5383; x_wconf 90' lang='lat' dir='ltr'><strong>in</strong></span> <span class='ocrx_word' id='word_1_903' title='bbox 3014 5329 3146 5394; x_wconf 83' lang='lat' dir='ltr'><strong>Jer.,</strong></span> <span class='ocrx_word' id='word_1_904' title='bbox 3196 5329 3315 5385; x_wconf 86' lang='lat' dir='ltr'><strong>Vat.</strong></span> <span class='ocrx_word' id='word_1_905' title='bbox 3354 5331 3512 5399; x_wconf 68' lang='grc' dir='ltr'><strong>ηπ,</strong></span> <span class='ocrx_word' id='word_1_906' title='bbox 3540 5339 3595 5386; x_wconf 90' lang='lat' dir='ltr'><strong>et</strong></span> <span class='ocrx_word' id='word_1_907' title='bbox 3625 5334 3672 5386; x_wconf 68' lang='grc'>4</span> 
     </span>
    </p>
   </div>
   <div class='ocr_carea' id='block_1_114' title="bbox 2078 5395 3236 5468">
    <p class='ocr_par' dir='ltr' id='par_1_114' title="bbox 2078 5395 3236 5468">
     <span class='ocr_line' id='line_1_117' title="bbox 2078 5395 3236 5468; baseline 0.004 -19"><span class='ocrx_word' id='word_1_908' title='bbox 2078 5395 2361 5468; x_wconf 82' lang='lat' dir='ltr'><strong>Laurent.,</strong></span> <span class='ocrx_word' id='word_1_909' title='bbox 2388 5398 2479 5467; x_wconf 89' lang='lat' dir='ltr'><strong>qui</strong></span> <span class='ocrx_word' id='word_1_910' title='bbox 2504 5397 2740 5468; x_wconf 82' lang='lat' dir='ltr'><strong>perfecte</strong></span> <span class='ocrx_word' id='word_1_911' title='bbox 2762 5400 2815 5454; x_wconf 91' lang='lat' dir='ltr'><strong>in</strong></span> <span class='ocrx_word' id='word_1_912' title='bbox 2844 5400 2949 5454; x_wconf 84' lang='lat' dir='ltr'><strong>hoc</strong></span> <span class='ocrx_word' id='word_1_913' title='bbox 2967 5400 3236 5454; x_wconf 88' lang='lat' dir='ltr'><strong>convenit.</strong></span> 
     </span>
    </p>
   </div>
   <div class='ocr_carea' id='block_1_115' title="bbox 2150 5467 3672 5550">
    <p class='ocr_par' dir='ltr' id='par_1_115' title="bbox 2150 5467 3672 5550">
     <span class='ocr_line' id='line_1_118' title="bbox 2150 5467 3672 5550; baseline 0.008 -35"><span class='ocrx_word' id='word_1_914' title='bbox 2150 5478 2175 5515; x_wconf 81' lang='grc' dir='ltr'><strong><em>ρ</em></strong></span> <span class='ocrx_word' id='word_1_915' title='bbox 2214 5467 2448 5550; x_wconf 65' lang='lat' dir='ltr'><strong>Duorum</strong></span> <span class='ocrx_word' id='word_1_916' title='bbox 2479 5467 2636 5523; x_wconf 81' lang='lat' dir='ltr'><strong>codd.</strong></span> <span class='ocrx_word' id='word_1_917' title='bbox 2680 5469 2736 5523; x_wconf 90' lang='lat' dir='ltr'><strong>S.</strong></span> <span class='ocrx_word' id='word_1_918' title='bbox 2785 5468 2972 5524; x_wconf 75' lang='lat' dir='ltr'><strong>Crucis</strong></span> <span class='ocrx_word' id='word_1_919' title='bbox 3007 5469 3062 5524; x_wconf 88' lang='lat' dir='ltr'><strong>in</strong></span> <span class='ocrx_word' id='word_1_920' title='bbox 3088 5468 3196 5525; x_wconf 84' lang='lat' dir='ltr'><strong>Jer.</strong></span> <span class='ocrx_word' id='word_1_921' title='bbox 3224 5470 3507 5538; x_wconf 85' lang='lat' dir='ltr'><strong>corrigitur</strong></span> <span class='ocrx_word' id='word_1_922' title='bbox 3532 5480 3672 5526; x_wconf 80' lang='lat' dir='ltr'><strong>tex-</strong></span> 
     </span>
    </p>
   </div>
   <div class='ocr_carea' id='block_1_116' title="bbox 2076 5537 3673 5689">
    <p class='ocr_par' dir='ltr' id='par_1_116' title="bbox 2076 5537 3673 5689">
     <span class='ocr_line' id='line_1_119' title="bbox 2076 5537 3390 5605; baseline 0.004 -15"><span class='ocrx_word' id='word_1_923' title='bbox 2076 5544 2182 5604; x_wconf 88' lang='lat' dir='ltr'><strong>tus,</strong></span> <span class='ocrx_word' id='word_1_924' title='bbox 2215 5539 2300 5592; x_wconf 88' lang='lat' dir='ltr'><strong>ubi</strong></span> <span class='ocrx_word' id='word_1_925' title='bbox 2326 5537 2518 5605; x_wconf 88' lang='lat' dir='ltr'><strong>legitur</strong></span> <span class='ocrx_word' id='word_1_926' title='bbox 2537 5551 2872 5594; x_wconf 69' lang='lat' dir='ltr'><strong>remanserat.</strong></span> <span class='ocrx_word' id='word_1_927' title='bbox 3374 5537 3390 5538; x_wconf 28' lang='grc' dir='ltr'>ί</span> 
     </span>
     <span class='ocr_line' id='line_1_120' title="bbox 2081 5607 3673 5689; baseline 0.002 -27"><span class='ocrx_word' id='word_1_928' title='bbox 2081 5685 2092 5689; x_wconf 27' lang='grc' dir='ltr'><strong><em>Δ</em></strong></span> <span class='ocrx_word' id='word_1_929' title='bbox 2145 5618 2170 5655; x_wconf 71' lang='grc' dir='ltr'><strong>ίι</strong></span> <span class='ocrx_word' id='word_1_930' title='bbox 2211 5607 2343 5662; x_wconf 91' lang='lat' dir='ltr'><strong>Cod.</strong></span> <span class='ocrx_word' id='word_1_931' title='bbox 2375 5607 2650 5689; x_wconf 46' lang='lat' dir='ltr'><strong>Ambros,</strong></span> <span class='ocrx_word' id='word_1_932' title='bbox 2680 5612 2902 5689; x_wconf 23' lang='lat' dir='ltr'><strong>fontem.</strong></span> <span class='ocrx_word' id='word_1_933' title='bbox 2930 5608 3182 5664; x_wconf 76' lang='lat' dir='ltr'><strong>benedici!</strong></span> <span class='ocrx_word' id='word_1_934' title='bbox 3219 5609 3505 5676; x_wconf 79' lang='lat' dir='ltr'><strong>undarum,</strong></span> <span class='ocrx_word' id='word_1_935' title='bbox 3534 5611 3673 5682; x_wconf 58' lang='lat' dir='ltr'><strong>fore.</strong></span> 
     </span>
    </p>
   </div>
   <div class='ocr_carea' id='block_1_117' title="bbox 2073 5678 3494 5734">
    <p class='ocr_par' dir='ltr' id='par_1_117' title="bbox 2073 5678 3494 5734">
     <span class='ocr_line' id='line_1_121' title="bbox 2073 5678 3494 5734; baseline 0.001 -3"><span class='ocrx_word' id='word_1_936' title='bbox 2073 5685 2174 5731; x_wconf 84' lang='lat' dir='ltr'><strong>tem</strong></span> <span class='ocrx_word' id='word_1_937' title='bbox 2201 5679 2471 5734; x_wconf 75' lang='lat' dir='ltr'><strong>quemdam</strong></span> <span class='ocrx_word' id='word_1_938' title='bbox 2499 5678 2714 5733; x_wconf 82' lang='lat' dir='ltr'><strong>indulsit</strong></span> <span class='ocrx_word' id='word_1_939' title='bbox 2734 5683 3046 5734; x_wconf 83' lang='lat' dir='ltr'><strong>animarum.</strong></span> <span class='ocrx_word' id='word_1_940' title='bbox 3469 5714 3494 5721; x_wconf 66' lang='grc' dir='ltr'><em>ο</em></span> 
     </span>
    </p>
   </div>
   <div class='ocr_carea' id='block_1_118' title="bbox 2145 5747 3672 5814">
    <p class='ocr_par' dir='ltr' id='par_1_118' title="bbox 2145 5747 3672 5814">
     <span class='ocr_line' id='line_1_122' title="bbox 2145 5747 3672 5814; baseline 0.005 -13"><span class='ocrx_word' id='word_1_941' title='bbox 2145 5757 2166 5785; x_wconf 72' lang='grc' dir='ltr'><strong><em>τ</em></strong></span> <span class='ocrx_word' id='word_1_942' title='bbox 2208 5747 2341 5808; x_wconf 89' lang='lat' dir='ltr'><strong>Tum</strong></span> <span class='ocrx_word' id='word_1_943' title='bbox 2389 5747 2717 5814; x_wconf 83' lang='lat' dir='ltr'><strong>Mahillonii,</strong></span> <span class='ocrx_word' id='word_1_944' title='bbox 2766 5759 2877 5805; x_wconf 92' lang='lat' dir='ltr'><strong>tum</strong></span> <span class='ocrx_word' id='word_1_945' title='bbox 2922 5747 3190 5806; x_wconf 87' lang='lat' dir='ltr'><strong>Gallandii</strong></span> <span class='ocrx_word' id='word_1_946' title='bbox 3237 5757 3416 5806; x_wconf 77' lang='lat' dir='ltr'><strong>textus</strong></span> <span class='ocrx_word' id='word_1_947' title='bbox 3453 5749 3672 5808; x_wconf 74' lang='lat' dir='ltr'><strong>clarior</strong></span> 
     </span>
    </p>
   </div>
   <div class='ocr_carea' id='block_1_119' title="bbox 2073 5815 3582 5889">
    <p class='ocr_par' dir='ltr' id='par_1_119' title="bbox 2073 5815 3582 5889">
     <span class='ocr_line' id='line_1_123' title="bbox 2073 5815 3582 5889; baseline -0.001 -15"><span class='ocrx_word' id='word_1_948' title='bbox 2073 5815 2318 5874; x_wconf 78' lang='lat' dir='ltr'><strong>redditur</strong></span> <span class='ocrx_word' id='word_1_949' title='bbox 2345 5833 2410 5874; x_wconf 71' lang='lat' dir='ltr'><strong>ex</strong></span> <span class='ocrx_word' id='word_1_950' title='bbox 2437 5818 2593 5874; x_wconf 64' lang='lat' dir='ltr'><strong>codd.</strong></span> <span class='ocrx_word' id='word_1_951' title='bbox 2625 5819 2684 5877; x_wconf 78' lang='lat' dir='ltr'><strong>S.</strong></span> <span class='ocrx_word' id='word_1_952' title='bbox 2712 5818 2899 5877; x_wconf 78' lang='lat' dir='ltr'><strong>Crucis</strong></span> <span class='ocrx_word' id='word_1_953' title='bbox 2923 5819 2978 5875; x_wconf 87' lang='lat' dir='ltr'><strong>in</strong></span> <span class='ocrx_word' id='word_1_954' title='bbox 3007 5818 3116 5876; x_wconf 82' lang='lat' dir='ltr'><strong>Jer.</strong></span> <span class='ocrx_word' id='word_1_955' title='bbox 3137 5861 3152 5889; x_wconf 93' lang='lat'><strong>,</strong></span> <span class='ocrx_word' id='word_1_956' title='bbox 3186 5829 3241 5876; x_wconf 75' lang='lat' dir='ltr'><strong>et</strong></span> <span class='ocrx_word' id='word_1_957' title='bbox 3263 5820 3385 5875; x_wconf 77' lang='lat' dir='ltr'><strong>Vat.</strong></span> <span class='ocrx_word' id='word_1_958' title='bbox 3421 5818 3582 5874; x_wconf 72' lang='grc' dir='ltr'><strong>ΙΞΠ.</strong></span> 
     </span>
    </p>
   </div>
  </div>
