4054 6190
300 405 400 458 469

1682 398 1959 452 IIOMILIA
1996 398 2173 452 XCIV.

3464 406 3565 459 ΠΟ

302 523 655 583 tenebantur;
687 519 781 575 sed
809 528 865 574 et
890 518 999 584 illa,
1031 534 1150 590 qua:
1171 519 1391 574 humido
1418 527 1577 573 terrae
1602 519 1719 574 solo
1748 518 1885 573 indi—
1917 522 1958 580 Α
1987 519 2107 574 tuit.
2134 519 2202 572 At
2230 519 2318 574 ubi
2350 521 2492 574 venit
2518 486 2780 587 ChriStus,
2812 523 2955 576 velut
2986 538 3079 577 vas
3105 520 3268 579 fictile
3295 538 3568 580 assumens
3668 558 3671 561 ι

304 620 479 667 screta
502 650 518 675 ,
547 610 804 680 paulatim
833 618 989 665 erant
1016 610 1070 665 in
1090 619 1366 681 posterum
1406 609 1699 665 deﬂuxura.
1734 609 1886 665 Unde

296 702 373 755 ait
413 700 693 769 Scriptum
741 698 809 753 ad
867 699 1045 754 exitus
1084 714 1344 769 aquarum
1383 699 1723 754 benedixisse
1769 698 1879 753 Eli-

291 806 461 846 satum
481 832 500 858 ,
530 798 591 845 ut
626 790 913 845 stillantem
951 805 1142 861 aquam
1170 791 1319 861 prius
1345 790 1696 846 sanctificatio
1730 802 1754 827 η
1793 807 1883 847 su-

288 883 527 953 sciperet
545 896 707 950 quam
729 881 876 935 sinus
897 879 1059 936 fontis
1079 881 1391 936 includeret.
1420 881 1602 950 Igitur,
1629 882 1883 951 quoniam

286 976 423 1030 dicit
448 973 505 1028 S.
540 973 739 1029 Paulus
780 973 1057 1043 apostolus
1092 991 1105 1025 :
1150 972 1281 1028 Han:
1319 975 1374 1027 in
1407 974 1575 1044 ﬁgura
1614 974 1881 1043 continge—

287 1067 417 1121 bant
448 1068 558 1120 ittis
595 1064 647 1136 (I
676 1065 796 1119 Cor.
830 1066 908 1133 χ),
940 1064 1216 1120 videamus
1247 1080 1374 1134 ergo
1410 1065 1523 1120 haec
1565 1066 1679 1134 ipsa
1715 1064 1880 1133 ligura

284 1172 453 1225 quam
484 1157 681 1211 habeat
702 1157 1015 1221 veritatem;
1059 1157 1162 1211 hoc
1189 1164 1272 1211 est
1304 1156 1638 1224 requiramus
1666 1170 1784 1224 qua:
1813 1156 1883 1209 sit

288 1249 393 1303 ista
441 1249 632 1303 civitas
672 1262 789 1316 qum
838 1248 1120 1302 sterilitate
1168 1248 1479 1312 laborabat,
1512 1248 1598 1301 vel
1625 1247 1752 1317 quid
1780 1247 1877 1300 sibi

287 1342 422 1397 velit
448 1356 545 1395 vas
576 1342 769 1405 lictile,
798 1341 924 1409 quid
946 1341 1105 1393 etiam
1149 1348 1207 1394 ut
1244 1340 1447 1409 aspersi
1489 1340 1631 1394 sales
1656 1338 1909 1393 afferant

284 1431 629 1485 suavitatem.
651 1428 899 1496 Legimus
916 1429 968 1482 in
986 1428 1173 1483 eodem
1196 1415 1440 1498 apostolo
1461 1429 1659 1484 dictum
1686 1428 1755 1483 de
1778 1428 1878 1483 Ec-

282 1523 452 1579 clesia
477 1540 490 1575 :
516 1520 722 1576 Ltetare
745 1520 955 1585 sterilis,
982 1536 1096 1590 qua:
1128 1536 1231 1574 non
1260 1521 1401 1589 paris
1421 1536 1438 1582 ;
1461 1536 1687 1590 erumpe,
1714 1528 1763 1572 et
1784 1536 1875 1573 ea:-

283 1617 480 1677 clama,
516 1630 630 1683 qua:
652 1631 756 1667 non
783 1613 1012 1681 parturis
1043 1610 1184 1682 (Gal.
1222 1612 1316 1680 Iv).
1358 1610 1500 1680 Ergo
1528 1610 1769 1666 Ecclesia
1797 1620 1879 1667 est

287 1707 376 1759 illa
400 1704 598 1759 sterilis
616 1703 823 1766 civitas,
848 1717 968 1771 quae
989 1701 1016 1739 ι)
1041 1709 1166 1755 ante
1192 1701 1475 1755 adventum
1498 1700 1693 1754 Christi
1715 1716 1878 1769 aqua-

287 1812 407 1850 rum
432 1796 594 1859 vitio,
645 1795 748 1849 hoc
784 1802 866 1847 est
898 1792 1180 1861 sacrilegio
1220 1792 1497 1861 gentilium
1536 1793 1874 1861 populorum,

283 1887 625 1943 sterilitatem
668 1884 970 1948 sustinens,
1014 1882 1124 1937 Deo
1155 1882 1290 1937 filios
1320 1897 1605 1949 procreare
1640 1899 1745 1937 non
1775 1899 1874 1954 po-

1992 625 2188 679 corpus
2211 611 2501 666 humanum
2528 654 2542 677 ,
2574 613 2698 667 vitia
2745 616 2953 669 sanavit
2995 631 3255 685 aquarum
3277 656 3292 681 ,
3344 618 3447 672 hoc
3485 626 3570 671 est

1986 704 2251 758 resecavit
2269 704 2545 774 sacrilegia
2566 705 2920 776 populorum;
2953 709 3133 762 statim
3163 706 3424 774 Ecclesia,
3447 725 3567 780 qute

1985 803 2102 850 erat
2121 795 2318 850 sterilis
2342 837 2355 861 ,
2386 796 2551 866 coepit
2590 812 2709 852 esse
2744 798 2989 853 fecunda.
3023 798 3175 854 Unde
3201 807 3256 854 et
3278 799 3568 872 Apostolus

1982 884 2112 939 dicit
2139 903 2150 938 :
2182 885 2388 941 Ltetare
2425 887 2633 941 sterilis.
2663 898 2683 925 ο
2716 886 2903 943 Plures
2932 889 3074 944 enim
3104 890 3239 945 filios
3267 905 3334 945 ex
3362 905 3428 945 eo
3459 888 3565 946 Ec-

1982 975 2165 1041 clesia,
2196 992 2315 1047 quae
2336 986 2452 1031 erat
2479 978 2694 1044 sterilis,
2728 981 3047 1049 procreavit,
3071 998 3230 1053 quam
3257 980 3561 1053 Synagoga,

1981 1080 2099 1135 qua:
2148 1074 2265 1121 erat
2305 1067 2529 1123 fecunda
2552 1108 2567 1133 ,
2616 1070 2929 1139 susceperit.
2976 1070 3188 1142 Aspersi
3218 1080 3397 1127 autem
3425 1073 3565 1127 sales

1972 1159 2073 1228 'qui
2115 1160 2249 1223 sint;
2298 1176 2457 1229 quam
2506 1160 2781 1215 attulerint
2818 1161 3135 1217 medicinam
3174 1162 3330 1219 facile
3359 1178 3561 1233 cogno-

1980 1264 2209 1304 scemus.
2254 1250 2391 1305 Dicit
2432 1251 2687 1306 Dominus
2725 1251 2790 1305 ad
2834 1253 3144 1324 apostolos:
3185 1253 3289 1308 Vos
3334 1255 3457 1308 estis
3484 1255 3566 1308 sal

1982 1349 2135 1395 terrae
2165 1339 2379 1411 (Matth.
2408 1340 2483 1411 v).
2514 1341 2655 1410 Ergo
2693 1343 2739 1396 si
2778 1342 3007 1413 apostoli
3045 1344 3243 1399 salibus
3272 1345 3566 1414 comparati

1980 1440 2104 1486 sunt
2130 1440 2276 1486 recte
2306 1432 2471 1500 ligura
2502 1434 2803 1503 completur
2828 1452 2840 1486 :
2872 1435 3011 1489 sicut
3040 1444 3167 1491 tunc
3204 1435 3357 1491 effusi
3385 1437 3451 1492 de
3474 1452 3564 1490 va-

1980 1523 2130 1577 sculo
2173 1522 2314 1577 sales
2357 1524 2676 1577 condierunt
2721 1539 2918 1593 aquas;
2950 1524 3036 1578 ita
3073 1534 3128 1580 et
3174 1542 3318 1581 nunc
3357 1527 3503 1581 missi
3531 1542 3562 1581 a

1980 1611 2261 1667 Salvatore
2307 1614 2538 1683 apostoli
2584 1615 2810 1685 populos
2855 1615 3112 1670 condiunt
3140 1617 3446 1681 universos,
3480 1626 3559 1682 ut,

1980 1703 2157 1757 ablata
2202 1704 2486 1759 sterilitate
2526 1705 2808 1772 vitiorum,
2840 1706 3047 1777 prolem
3079 1706 3337 1777 incipiant
3363 1709 3561 1778 germi-

1980 1809 2111 1849 nare
2130 1795 2404 1849 virtutum.
2436 1794 2681 1865 Explicit.

1630 1973 1968 2035 HOMILIA
2020 1977 2234 2039 XCIV.

1360 2069 1424 2124 In
1448 2075 1769 2135 reparatione
1799 2077 2027 2130 ecclesia:
2057 2075 2479 2132 Mediolanensis.

1731 2164 2121 2219 ADMONITIO.

354 2258 424 2314 Ut
443 2260 644 2333 jamhin
675 2259 1002 2333 praefatione
1029 2258 1096 2313 ad
1135 2259 1273 2312 hanc
1301 2271 1538 2333 operum
1556 2256 1611 2309 S.
1646 2254 1861 2333 Maximi
1886 2257 2274 2333 collectionem
2301 2261 2553 2333 diximus,
2584 2261 2819 2333 homilire
2840 2262 2997 2331 hujus
3012 2265 3304 2333 pretiosam
3329 2264 3557 2333 acquisi-

283 2326 489 2384 tionem
534 2326 823 2401 diligentia:
865 2328 1152 2451 studioque
1196 2326 1541 2382 eruditissimi
1590 2327 1834 2380 canonici
1885 2326 2151 2382 Francisci
2204 2328 2420 2385 Antonii
2468 2331 2623 2386 Frisii
2670 2326 2945 2385 debemus.
3006 2326 3056 2387 Is
3084 2335 3227 2388 enim
3254 2350 3319 2388 ex
3349 2326 3556 2388 duobus

284 2401 609 2451 pervetustis
651 2417 780 2451 mss.
834 2399 1056 2451 imneria
1083 2399 1126 2451 is
1165 2398 1398 2451 basilica:
1445 2395 1853 2450 Mediolaneusis
1902 2412 2021 2450 eam
2062 2399 2232 2451 eruit.
2276 2402 2536 2451 nobisaue
2580 2400 2985 2451 perhumaniter
3011 2405 3220 2451 coniam
3251 2404 3406 2451 fecit-
3433 2418 3552 2451 cum

284 2401 609 2469 pervetustis
639 2399 780 2456 'mss.
826 2399 1056 2469 imperia

1083 2399 1126 2452 is
1164 2398 1398 2471 basilica:
1445 2395 1874 2471 Mediolaneusis_
1902 2412 2021 2471 eam
2062 2399 2232 2466 eruit,
2276 2402 2536 2471 nobisque
2580 2400 2985 2471 perhumaniter
3011 2405 3220 2471 cupiam
3250 2404 3407 2469 fecit,
3433 2418 3552 2457 cum

282 2466 548 2540 aliquibus
589 2466 924 2540 variantibus
950 2466 1395 2540 lectionibusex
1435 2466 1728 2540 vetustiore
1757 2466 1943 2540 codice
1971 2466 2319 2540 depromptis.
2366 2466 2598 2539 Hujusce
2624 2470 2886 2540 orationis
2913 2466 3185 2540 specimen
3212 2474 3311 2527 sub
3338 2466 3557 2528 nomine

286 2539 345 2612 Si.
375 2533 595 2612 Maximi
624 2540 844 2595 dederat
867 2536 1412 2612 _'I'ristan_us_(_3ba_lcus
1443 2550 1541 2612 sua
1579 2536 1633 2587 in
1653 2533 2334 2612 MediolanensiA’Historia;
2363 2533 2465 2595 sed
2486 2556 2626 2595 nunc
2652 2539 2881 2609 primum
2912 2533 3118 2612 integra
3149 2542 3205 2596 in
3233 2542 3402 2597 lucem
3432 2558 3556 2612 pro-

280 2609 359 2664 dit
389 2606 724 2680 multumque
751 2608 960 2664 confert
988 2616 1047 2663 ut
1073 2608 1131 2662 S.
1162 2606 1427 2660 Maximus
1454 2605 1643 2675 quinto
1669 2606 1865 2659 saeculo
1895 2605 2138 2662 floruisse
2166 2610 2544 2665 constituatur.

280 2724 442 2795 315
467 2723 855 2779 Ancuuenwl.
880 2720 1042 2795 ——_-Et
1067 2722 1111 2775 si
1133 2719 1273 2795 Deus
1301 2718 1573 2795 permittit_
1568 2717 1869 2795 aliquando,
1905 2722 1947 2781 Β
1976 2727 2063 2774 tur
2090 2736 2199 2775 non
2233 2730 2256 2758 θ
2293 2721 2597 2777 difﬁdamus
2627 2731 2995 2794 reparaturum
3029 2724 3185 2780 nobis
3232 2724 3399 2780 Deum
3435 2739 3555 2793 qua:

354 2787 526 2848 seruos
557 2810 676 2847 suos
718 2793 961 2847 (erumnis
992 2800 1043 2845 et
1074 2787 1449 2844 calamitatibus
1480 2788 1621 2857 afﬁci
1640 2787 1663 2849 ,ἡ
1694 2798 1750 2841 ut
1778 2804 1865 2842 eos

352 2867 581 2935 corrigat
624 2871 673 2917 et
708 2872 938 2935 errantes
984 2861 1053 2913 ad
1092 2877 1148 2935 se
1175 2871 1400 2935 revocet;
1431 2855 1687 2935 liberalius
1727 2866 1865 2909 atta-

352 2951 471 2987 men
494 2928 608 3005 agit
637 2949 753 2986 cum
777 2933 935 3001 ipsis,
967 2931 1162 2999 quoties
1209 2928 1428 2981 humiles
1470 2938 1518 2980 et
1539 2928 1867 2998 obsequentes

351 3021 468 3057 eum
488 3010 722 3074 quierunt
742 3010 792 3055 et
820 3016 996 3055 amore
1020 3008 1412 3071 prosequuntur.

347 3178 517 3232 Multa
542 3185 668 3231 sunt
696 3192 759 3232 ac
784 3175 1099 3241 manifesta,
1131 3174 1323 3228 fratres
1360 3172 1647 3236 carissimi,
1677 3171 1867 3225 divina:

275 3271 583 3327 severitatis
630 3284 692 3324 ac
740 3268 955 3339 pietatis
1004 3266 1290 3336 exempla,
1349 3264 1542 3334 quibus
1588 3262 1867 3316 evidenter

276 3358 551 3436 possimus
589 3361 868 3416 advertere
906 3360 1074 3414 Deum
1122 3365 1365 3412 nostrum
1412 3354 1664 3410 inell'abili
1693 3353 1867 3423 justo-

276 3472 391 3527 que
438 3454 804 3509 moderamine
851 3451 1244 3507 contumaciam
1290 3448 1564 3518 corripere
1606 3447 1866 3517 superbo-

275 3563 429 3612 rum,
464 3555 519 3601 et
545 3545 843 3615 supplicum
871 3559 1089 3598 suorum
1119 3542 1305 3596 adesse
1332 3540 1668 3596 meroribus.
1722 3537 1864 3592 Tan—

274 3654 441 3710 quam
486 3635 711 3692 Creator
750 3636 892 3689 enim
939 3650 1155 3689 suarum
1200 3642 1583 3697 creaturarum,
1613 3638 1867 3699 tanquam

276 3730 540 3785 Dominus
579 3742 798 3783 suorum
828 3734 1052 3796 peccata
1082 3724 1335 3792 castigat,
1368 3731 1427 3776 ut
1455 3729 1609 3792 pater
1636 3720 1867 3774 filiorum

274 3820 552 3875 tristitiam
577 3818 903 3874 consolatur.
936 3814 1195 3869 Creatura
1217 3814 1359 3868 enim
1379 3812 1519 3866 illius
1546 3825 1729 3864 sumus
1746 3808 1867 3877 jure

274 3920 517 3975 naturae,
548 3910 689 3964 servi
728 3908 844 3977 ejus
872 3921 1089 3972 sumus,
1133 3905 1258 3973 quia
1285 3902 1556 3970 sanguinis
1584 3900 1663 3957 sui
1693 3900 1865 3970 pretio

275 4019 381 4058 nos
408 4000 665 4064 redemit;
707 3997 800 4052 lilii
828 4012 1010 4052 sumus
1028 4035 1042 4059 ,
1074 3996 1197 4064 quia
1233 3993 1463 4049 cmlestis
1491 3991 1647 4046 nobis
1672 3989 1865 4045 nativi-

1972 2820 2152 2866 nostra
2182 2820 2344 2879 sunt,
2394 2813 2439 2868 si
2470 2828 2569 2868 nos
2598 2813 2650 2867 in
2687 2814 2841 2869 nobis
2880 2830 3000 2884 qua:
3040 2814 3137 2869 Dei
3164 2822 3289 2870 sunt
3328 2829 3552 2886 repare-

1969 2919 2108 2958 mus.
2169 2902 2305 2957 Olim
2346 2918 2579 2973 namque
2624 2919 2745 2960 cum
2783 2919 3039 2960 revocare
3084 2904 3151 2959 ad
3194 2920 3252 2960 se
3296 2903 3555 2959 Dominus

1968 2995 2225 3064 populum
2266 2994 2283 3032 ι
2327 3011 2483 3050 suum
2529 2994 2841 3063 dignaretur
2885 3005 3185 3063 errantem,
3226 2996 3299 3050 ait
3340 2994 3415 3049 illi
3457 3009 3555 3063 per

1969 3088 2288 3158 prophetam
2329 3103 2514 3153 suum,
2546 3087 2731 3142 dicens
2757 3106 2768 3139 :
2804 3086 2987 3142 Redite
3021 3088 3090 3142 ad
3116 3106 3222 3151 me,
3254 3098 3303 3142 et
3331 3095 3555 3141 revertar

1968 3178 2040 3230 ad
2065 3195 2149 3232 vos
2183 3177 2434 3247 (Malach.
2469 3195 2542 3243 nr,
2576 3178 2650 3247 Ἰ).
2683 3177 2737 3231 Id
2768 3184 2848 3232 est
2872 3188 2896 3225 8
2918 3188 3167 3235 revocate
3195 3192 3321 3249 erga
3349 3193 3437 3233 me
3456 3192 3553 3233 vos

1969 3268 2125 3321 ﬁdem
2154 3276 2407 3333 vestram,
2431 3276 2487 3323 et
2515 3281 2614 3336 ego
2636 3284 2810 3322 meam
2834 3270 2984 3323 vobis
3012 3270 3235 3338 gratiam
3265 3269 3547 3339 reparabo.

1970 3356 2194 3411 Reddite
2227 3372 2346 3426 qua:
2382 3357 2623 3423 debetis,
2657 3366 2713 3413 et
2739 3359 2937 3427 exigite
2964 3358 3109 3429 quod
3136 3360 3412 3430 promitto.
3446 3361 3553 3415 Au-

1967 3449 2077 3504 dite
2105 3465 2225 3519 quae
2247 3449 2430 3519 jubeo,
2457 3457 2513 3505 et
2540 3447 2729 3504 faciam
2758 3460 2877 3519 quae
2908 3450 3125 3518 rogatis.
3160 3450 3354 3505 Tollite
3374 3440 3554 3506 ‘oﬂ'en-

1968 3540 2180 3597 sionum
2201 3555 2421 3604 causas,
2454 3548 2509 3594 et
2536 3540 2827 3595 removebo
2858 3539 3167 3594 vindictam.
3208 3539 3549 3609 Quanquam,

1968 3631 2249 3692 carissimi,
2281 3630 2333 3684 in
2357 3630 2484 3699 ipsis
2512 3629 2945 3685 tribulationibus
2972 3630 3188 3695 nostris,
3212 3645 3348 3699 quas
3369 3637 3552 3686 tamen

1968 3721 2310 3791 possibiliter,
2344 3720 2454 3774 Deo
2484 3719 2817 3785 moderante,
2846 3718 3182 3790 pertulimus,
3203 3719 3420 3789 quidam
3449 3720 3547 3775 im-

1966 3811 2123 3881 periti
2154 3811 2312 3865 nimis
2341 3811 2662 3880 interpretes
2682 3810 2914 3875 fuerunt,
2941 3809 3181 3865 dicentes
3207 3829 3218 3862 :
3250 3810 3412 3881 periit
3438 3811 3552 3867 htec

1969 3902 2158 3957 civitas
2176 3942 2189 3965 ,
2220 3901 2455 3971 collapsa
2489 3908 2571 3953 est
2601 3898 2867 3965 Ecclesia,
2897 3915 3005 3953 non
3034 3908 3116 3953 est
3139 3899 3250 3969 jam
3279 3915 3440 3956 causa
3468 3900 3550 3955 vi-

1968 3992 2144 4047 vendi.
2199 3992 2311 4046 Imo
2348 4006 2510 4046 causa
2547 3998 2628 4045 est
2666 3989 2860 4059 jnstius
2905 3989 3066 4061 316
3094 3991 3442 4061 sanctiusque
3469 3991 3548 4046 vi-

274 4093 407 4146 tatis
434 4096 772 4146 sacramenta
811 4088 1031 4157 largitus
1064 4094 1164 4141 est.
1196 4084 1380 4151 Itaque
1407 4088 1653 4136 creatura
1679 4096 1862 4137 sumus
1888 4086 1933 4148 Ο
1965 4081 2152 4146 vendi;
2180 4081 2304 4151 quia
2333 4080 2473 4135 Deus
2501 4080 2859 4150 omnipotens,
2888 4080 2979 4149 qui
3006 4089 3201 4135 cuncta
3223 4080 3336 4137 haec
3356 4095 3547 4151 magna

273 4191 335 4237 ut
366 4190 715 4247 veneremur,
758 4178 899 4234 servi
942 4186 1000 4231 ut
1027 4184 1360 4237 metuamus,
1397 4172 1490 4226 lilii
1519 4180 1577 4225 ut
1602 4187 1857 4225 amemus.

272 4276 523 4343 Denique
551 4280 613 4328 ut
638 4273 979 4343 omnipotens
1002 4269 1259 4323 Dominus
1280 4268 1410 4321 iram
1440 4263 1626 4319 ﬂenda:
1654 4264 1864 4319 desola-

272 4368 440 4423 tionis
468 4364 493 4403 δ
525 4366 651 4420 huic
691 4364 941 4419 Ecclesiae
984 4361 1190 4423 intulit,
1235 4366 1290 4415 et
1328 4366 1387 4413 ut
1422 4358 1864 4412 clementissimus

269 4467 432 4528 pater
468 4442 787 4513 desiderata:
824 4453 1177 4525 reparationis
1208 4458 1425 4521 praestat
1452 4448 1721 4505 elfectum.
1756 4449 1857 4515 Qui

270 4556 331 4601 ut
382 4548 691 4602 ostenderet
737 4544 1184 4612 subsequentibus
1232 4556 1291 4595 se
1336 4540 1669 4609 temporibus
1712 4538 1858 4592 urbis

271 4638 582 4709 bujusmodi
623 4639 812 4694 faciem
842 4638 990 4691 velut
1019 4636 1249 4705 reparati
1276 4642 1395 4704 post
1432 4633 1635 4687 obitum
1665 4648 1857 4701 corpo-

270 4729 348 4783 ris
378 4728 711 4783 redditurum
736 4769 751 4794 ,
800 4726 1095 4781 Ecclesiam
1143 4733 1268 4778 ante
1313 4739 1494 4785 suam,
1530 4737 1648 4791 quae
1675 4723 1857 4790 utique

268 4830 438 4890 caput
472 4829 554 4875 est
581 4820 834 4883 civitatis,
869 4817 1102 4873 rediviva
1134 4816 1534 4871 constructione
1561 4813 1849 4883 reparavit.

269 4910 376 4975 Qui
405 4922 533 4977 ergo
573 4909 948 4964 instaurationi
986 4907 1209 4976 collapsi
1247 4905 1439 4975 capitis
1465 4904 1651 4969 adfuit,
1682 4904 1849 4969 dabit,

267 5000 311 5054 si
341 5001 418 5053 ita
448 5015 777 5063 mereamur,
820 5007 879 5053 ut
914 4997 1147 5067 jacentia
1193 4996 1383 5065 capitis
1424 4994 1590 5063 ipsius
1618 4994 1858 5048 membra

266 5099 618 5159 consurgant.
674 5089 779 5143 Aut
820 5105 915 5143 cur
947 5087 1221 5142 dubitetur
1254 5101 1414 5155 posse
1444 5086 1612 5139 Deum
1644 5092 1859 5139 terrena

264 5196 457 5235 eorum
496 5180 837 5236 tabernacula
879 5178 1201 5241 reformare,
1232 5176 1455 5245 quibus,
1488 5175 1532 5229 si
1562 5184 1708 5229 recte
1742 5189 1859 5229 cre-

262 5270 398 5326 dant
434 5280 695 5339 recteque
729 5273 937 5336 vivant,
982 5269 1319 5325 beatissimas
1359 5276 1521 5337 atque
1559 5267 1858 5337 insuspica-

262 5362 400 5420 biles
435 5366 749 5419 mansiones
789 5365 1036 5418 daturum
1077 5378 1135 5418 se
1173 5362 1439 5432 promittit
1469 5361 1521 5414 in
1550 5360 1724 5416 caelo?
1754 5358 1855 5427 lgi-

334 5550 359 5576 ⁸
400 5536 537 5594 Cod.
574 5538 845 5607 Ambros,
876 5538 1223 5607 sanctiﬁcatio
1252 5538 1516 5607 propheta:
1549 5536 1844 5605 susciperet.

335 5610 361 5646 δ
402 5608 538 5664 Cod.
566 5607 689 5677 Vat.
723 5606 877 5673 ηπ,
909 5623 1023 5677 quae
1046 5604 1104 5661 in
1136 5604 1356 5661 adventu
1382 5604 1598 5677 Christi.

338 5693 357 5711 τ
404 5678 531 5733 Πίος
576 5674 845 5731 adduntur
895 5674 945 5730 in
998 5677 1169 5732 tribus
1214 5676 1528 5731 memoratis
1555 5674 1849 5742 codicibus,

262 5750 462 5817 quibus
489 5762 681 5817 sensus
710 5747 1001 5817 perficitur.

334 5817 359 5856 δ
400 5815 537 5876 Cod.
571 5815 734 5874 Basil.
765 5815 1009 5883 Mediol.,
1038 5818 1186 5881 hujus
1210 5816 1480 5873 Ecclesitt.

1968 4186 2089 4225 cum
2117 4171 2316 4239 pietate
2344 4170 2634 4238 dispensat,
2658 4169 2893 4224 hostium
2919 4169 3167 4225 manibus
3196 4168 3223 4207 ιι
3252 4171 3549 4237 civitatem,

1968 4275 2076 4313 non
2105 4274 2225 4327 qua:
2253 4258 2307 4312 in
2334 4258 2487 4312 vobis
2514 4265 2621 4322 est,
2651 4258 2745 4312 sed
2781 4258 3083 4313 habitacula
3115 4259 3333 4313 tradidit
3360 4262 3546 4315 civita-

1969 4351 2069 4415 tis;
2095 4366 2194 4405 nec
2223 4348 2518 4404 Ecclesiam
2545 4364 2718 4413 suam,
2748 4364 2867 4419 qua;
2894 4365 3022 4404 vere
3042 4357 3125 4405 est
3151 4346 3389 4405 Ecclesia
3416 4366 3545 4407 con-

1967 4441 2107 4495 sumi
2124 4440 2282 4509 jussit
2310 4440 2556 4495 incendio
2574 4482 2588 4503 .
2630 4438 2725 4494 sed
2756 4455 2855 4509 pro
2881 4448 3063 4495 nostra
3088 4440 3431 4511 correptione
3460 4457 3543 4495 re-

1963 4534 2240 4604 ceptacula
2260 4532 2511 4589 Ecclesia:
2530 4532 2772 4604 permisit
2792 4534 2961 4589 exuri.
2990 4533 3049 4589 In
3078 4534 3288 4605 populis
3316 4550 3547 4605 namque

1965 4625 2234 4679 civitatem
2254 4665 2269 4690 ,
2301 4632 2356 4679 et
2386 4624 2437 4678 in
2468 4624 2624 4695 plebe
2653 4622 2945 4679 Ecclesium
2977 4624 3154 4680 nullus
3180 4624 3419 4693 sapiens,
3452 4635 3545 4679 aut

1965 4714 2136 4769 fidelis
2162 4716 2391 4783 ignorat.
2424 4714 2651 4785 Propter
2676 4714 2838 4785 quod,
2869 4714 3148 4779 carissimi,
3181 4730 3289 4768 non
3315 4714 3459 4782 tigna
3490 4722 3549 4769 et

1960 4807 2170 4870 trabes,
2198 4805 2293 4859 sed
2320 4820 2418 4859 vos
2446 4806 2557 4861 Deo
2586 4815 2771 4860 nostro
2795 4806 2969 4859 vivam
2995 4805 3328 4875 prarsentatis
3354 4804 3541 4861 Eccle-

1960 4898 2123 4961 siam;
2172 4912 2271 4951 vos
2316 4904 2487 4950 totam
2535 4895 2709 4951 facitis
2756 4896 3028 4951 civitatem
3073 4904 3129 4950 et
3173 4896 3295 4950 ideo
3341 4897 3397 4951 in
3428 4896 3540 4967 ipsa

1960 4988 2175 5042 familiae
2211 5002 2322 5042 sua:
2367 4985 2663 5042 ollensione
2710 4986 2973 5057 propitius
3020 4986 3161 5041 Deus
3190 4985 3269 5043 sic
3291 4986 3539 5042 universa

1958 5081 2207 5149 dignatus
2234 5087 2317 5136 est
2345 5088 2672 5150 temperare,
2706 5088 2764 5135 ut
2785 5086 2843 5133 et
2867 5078 3035 5133 multa
3058 5087 3241 5135 nostra
3270 5095 3376 5134 non
3398 5076 3563 5136 esset

1961 5171 2213 5241 iniquitas
2235 5212 2249 5236 ,
2300 5178 2356 5226 et
2402 5170 2823 5241 supplicantibus
2867 5170 3037 5225 servis
3093 5171 3203 5225 suis
3255 5169 3542 5226 salutiferae

1960 5263 2388 5319 conversationis
2438 5271 2677 5331 tempore
2723 5260 3023 5329 largiretur.
3101 5260 3234 5315 Nam
3279 5258 3542 5317 beneflcio

1958 5354 2174 5426 pietatis
2203 5355 2338 5425 ejus,
2375 5361 2499 5424 post
2527 5361 2732 5406 tantum
2762 5361 2814 5406 et
2842 5362 2949 5406 tam
2980 5351 3205 5418 lugubre
3236 5352 3362 5406 illud
3393 5351 3521 5407 exci»

2033 5542 2054 5569 ε
2095 5532 2238 5586 Idem
2269 5530 2412 5595 cod.,
2441 5546 2544 5584 non
2561 5528 2873 5597 di/jidttntur.

2036 5602 2053 5641 ί
2097 5602 2236 5656 Idem
2265 5599 2384 5655 cod.
2419 5599 2615 5655 omittit
2646 5614 2813 5651 suum.

2032 5683 2057 5720 ε
2095 5671 2241 5725 Idem
2271 5668 2422 5735 cod.,
2453 5678 2712 5723 renovate.

2033 5739 2057 5778 ι)
2093 5740 2238 5795 Idem
2268 5739 2409 5807 cod.,
2439 5756 2544 5793 non
2570 5740 2844 5799 civitatem,
2879 5754 2990 5807 qua
3019 5739 3071 5791 in
3104 5739 3237 5791 vobis
3269 5747 3362 5788 est.
