4054 6190
517 392 606 446 ΠΙ
1697 388 1758 445 S.
1798 385 2043 444 MAXIM!
2083 384 2527 448 TAURINENSIS

3678 386 3788 465 in

520 505 661 562 dium
683 549 698 572 ,
747 522 877 564 ecce
918 520 1157 564 summus
1196 501 1448 559 sacerdos
1473 517 1603 559 suus
1629 511 1770 558 astat
1795 502 2096 566 incolumis,
2128 503 2177 562 Α
2203 490 2400 560 dictam
2447 521 2575 576 erga
2618 521 2718 563 nos
2762 523 2913 563 suam
2960 506 3218 562 Dominus
3251 503 3590 575 temperavit,
3617 513 3673 558 ut
3699 504 3786 557 di-

520 599 695 656 clerus
745 599 973 669 integer,
1019 606 1075 654 et
1111 597 1263 670 plebs
1291 597 1402 668 ipsa
1426 635 1443 660 ,
1491 596 1618 652 licet
1651 597 1750 652 sub
1787 594 2102 665 quotidiano

521 690 694 746 adhuc
720 699 887 757 metu,
916 699 972 746 et
997 697 1189 746 maesta
1220 691 1423 753 vivens,
1450 697 1626 744 tamen
1648 688 1701 743 in
1725 688 1968 742 libertate
1987 701 2105 755 per-

523 780 694 836 durat.
719 781 837 836 Non
859 796 987 852 ergo
1014 797 1157 836 nunc
1185 779 1419 835 Ecclesia
1442 786 1690 849 reparata
1719 785 1820 842 est,
1849 792 1968 847 quae
1991 775 2104 830 Deo

525 880 845 941 protegente
871 887 977 927 non
1007 871 1194 943 periit,
1233 871 1332 926 sed
1359 871 1596 940 parietes
1622 877 1678 924 et
1705 877 1842 923 tecta
1873 869 1987 923 haec
2011 881 2105 921 ve-

528 975 694 1020 stram
721 982 839 1033 vos,
869 967 960 1035 qui
981 966 1078 1020 Dei
1098 965 1227 1021 estis
1243 964 1499 1028 Ecclesia,
1522 962 1816 1033 recepistis.
1846 961 1949 1015 Vos
1968 961 2104 1014 enim

523 1057 666 1121 estis,
699 1064 758 1111 ut
784 1057 859 1110 ait
888 1056 1195 1127 Apostolus,
1230 1055 1470 1126 templum
1498 1052 1596 1108 Dei
1616 1055 1712 1108 viri
1735 1050 1824 1122 (11
1848 1049 1968 1106 Cor.
2000 1051 2100 1122 ιιι).

529 1146 678 1203 Unde
707 1129 1042 1203 adverlimini
1063 1188 1079 1213 ,
1109 1147 1320 1212 fratres,
1349 1146 1472 1216 quia
1504 1161 1625 1201 cum
1645 1144 1882 1215 peccatis
1909 1142 2107 1198 nostris

524 1238 592 1293 de
621 1239 778 1293 nobis
804 1246 946 1293 esset
985 1237 1117 1292 ultio
1139 1236 1284 1306 justa
1327 1235 1625 1307 poscenda,
1669 1233 1996 1301 benignitate
2033 1232 2107 1302 pii

525 1328 716 1398 iudicis
752 1345 858 1384 non
898 1329 998 1399 ipsi
1028 1344 1156 1391 nos,
1189 1327 1283 1383 sed
1320 1343 1384 1382 ea
1410 1342 1530 1397 quae
1564 1334 1746 1380 nostra
1771 1325 2105 1387 videbantur,
2141 1359 2146 1364 -

527 1427 621 1473 aut
643 1419 823 1489 pr.ch
851 1419 1096 1489 diripuit,
1137 1426 1228 1472 aut
1257 1419 1378 1487 igne
1407 1417 1656 1486 ferroque
1682 1424 1993 1484 consumpta
2015 1430 2110 1484 pe-

526 1510 751 1565 ricrunt.
811 1509 902 1565 Sic
939 1524 1320 1580 nonnunquam
1367 1525 1466 1579 pro
1512 1515 1720 1563 terrore
1766 1515 1952 1562 nostro
1999 1506 2109 1560 cle-

528 1608 740 1653 menter
784 1600 968 1664 nobis,
1020 1599 1329 1668 indignante
1367 1599 1508 1663 Deo,
1554 1607 1609 1652 et
1643 1599 1781 1653 cado
1819 1595 2110 1652 tremendis

528 1690 748 1745 vocibus
768 1690 1047 1745 intonante
1065 1729 1080 1754 ,
1107 1698 1164 1744 et
1187 1705 1356 1744 sacra:
1378 1689 1522 1744 mdes
1549 1689 1846 1758 domusque
1866 1687 2105 1758 privatae,

528 1782 790 1851 pecudum
835 1796 1024 1850 greges
1063 1791 1116 1836 et
1159 1783 1368 1836 diversa
1395 1781 1792 1852 quadrupedia,
1825 1779 2109 1834 fructuosa:

2204 597 2373 652 versis
2401 597 2620 653 urbibus
2640 636 2658 663 ,
2697 598 2915 653 vastatis
2941 599 3084 666 agris
3123 597 3512 666 imminutaque
3539 595 3792 650 substan-

2205 689 2310 753 tia,
2362 704 2462 744 nec
2507 690 2700 744 anima:
2744 699 2973 754 nostrxn,
3023 703 3125 743 nec
3169 703 3398 758 corpora
3445 687 3787 742 lzederentur.

2204 780 2408 836 Idcirco
2436 790 2618 837 autem
2649 783 2826 850 magni
2867 782 3008 836 illius
3046 780 3148 836 Job
3193 779 3478 849 putredine
3524 778 3789 834 vermium

2205 882 2523 942 corruptum
2552 890 2751 944 corpus
2779 875 3078 939 inhorruit;
3109 874 3234 942 quia
3257 873 3347 927 ille
3374 873 3458 927 vir
3485 871 3640 927 fortis
3666 888 3792 942 pro-

2205 963 2435 1018 babatur
2457 963 2524 1018 ad
2551 965 2776 1034 gloriam
2794 1005 2809 1030 ,
2843 980 2940 1019 nos
2963 980 3095 1020 vero
3125 972 3186 1018 ut
3214 962 3409 1017 inﬁmi
3441 962 3795 1016 servabantur

2207 1053 2273 1108 ad
2303 1054 2550 1123 gratiam.
2585 1054 2662 1109 Ac
2698 1054 2922 1124 proinde
2952 1070 3060 1108 non
3090 1053 3422 1121 ambigamus
3444 1067 3608 1121 posse
3640 1051 3798 1108 nobis

2208 1143 2376 1198 Deum
2414 1144 2749 1214 posterisque
2788 1143 2984 1199 nostris
3029 1143 3224 1198 amissa
3254 1156 3531 1212 reparare,
3563 1157 3688 1195 cum
3718 1141 3795 1195 vi-

2207 1236 2456 1300 deamus,
2507 1233 2816 1290 fidelissimo
2851 1234 2982 1299 Job,
3015 1234 3156 1288 victo
3178 1241 3359 1287 tamen
3386 1231 3632 1295 diabolo,
3665 1247 3797 1286 con-

2208 1329 2504 1398 geminatas
2532 1343 2690 1398 opes,
2742 1334 2999 1383 renovata
3045 1326 3299 1396 pignora,
3349 1332 3407 1378 et
3445 1323 3795 1378 smviSsimam

2209 1418 2453 1488 corporis
2480 1416 2596 1486 ejus
2623 1411 2833 1487 plagam
2861 1416 3094 1470 mirabili
3121 1415 3350 1470 sanitate
3376 1422 3642 1469 curatam.
3695 1412 3799 1467 Ita-

2209 1525 2315 1580 que
2346 1507 2370 1547 d
2405 1511 2786 1578 congruentius
2807 1524 2870 1563 ac
2891 1507 3191 1564 necessarie
3213 1507 3300 1561 hic
3328 1505 3409 1559 vir
3433 1504 3794 1565 beatissimus.

2210 1602 2511 1670 summique
2557 1601 2649 1655 Dei
2679 1599 2932 1655 sacerdos
2972 1597 3234 1652 Eusebius
3273 1596 3585 1656 nobiscum,
3617 1602 3675 1649 et
3705 1610 3798 1664 pro

2212 1692 2368 1746 nobis
2397 1691 2703 1746 Davidicum
2729 1689 2858 1744 illud
2905 1704 3101 1744 canere
3131 1697 3154 1725 °
3186 1687 3252 1742 ad
3290 1687 3460 1741 Deum
3490 1693 3694 1755 potest,
3717 1685 3798 1739 di-

2211 1797 2378 1837 cens:
2411 1780 2550 1835 Deus
2594 1782 2748 1834 vitam
2787 1795 2956 1832 meam
3005 1778 3236 1831 nuntiari
3282 1775 3368 1828 tibi
3390 1816 3406 1839 ,
3458 1775 3674 1844 posuisti
3719 1773 3791 1827 la-

530 1886 595 1926 ac
616 1872 826 1926 steriles
855 1873 1096 1938 arbores,
1131 1887 1290 1941 rupes
1319 1887 1381 1926 ac
1408 1872 1550 1927 celsa
1578 1872 1838 1926 montium
1869 1871 1974 1926 ictu
2004 1869 2107 1923 ful-
2141 1875 2184 1932 Β
2209 1888 2410 1942 crymas
2455 1887 2594 1924 meas
2639 1871 2694 1923 in
2741 1879 3011 1939 conspectu
3053 1877 3138 1922 tuo
3176 1866 3347 1938 (Psal.
3383 1867 3492 1936 ιν).
3538 1866 3719 1937 313
3747 1865 3799 1920 Id

529 1961 733 2017 minum
757 1962 1084 2031 jaculantur.
1126 1961 1195 2016 Et
1230 1971 1287 2016 ut
1316 1977 1505 2018 sensus
1535 1961 1704 2016 nostri
1729 1968 2114 2017 convertantur

529 2050 597 2104 ad
623 2050 791 2106 Deum
821 2059 1111 2120 nostraque
1134 2053 1244 2106 vita
1271 2051 1529 2116 salvetur,
1561 2051 1648 2105 illa
1671 2066 1768 2122 pro
1789 2051 1963 2116 nobis,
1994 2065 2112 2119 qua:

529 2147 620 2195 aut
647 2157 806 2196 sensu
835 2149 1020 2196 carent
1045 2151 1137 2196 aut
1161 2143 1342 2196 vivere
1370 2157 1428 2195 se
1449 2143 1712 2205 nesciunt,
1747 2141 2110 2195 fulminantur.

529 2231 698 2299 Quam
725 2233 934 2302 placida
964 2232 1078 2289 bmc
1105 2233 1359 2298 vindicta,
1401 2242 1456 2287 et
1483 2248 1645 2304 quam
1666 2241 1887 2303 paterna
1909 2232 1976 2287 de
2002 2232 2114 2302 pie-

529 2333 642 2380 tate
686 2324 1051 2380 descendens!
1103 2325 1210 2380 Nos
1247 2324 1633 2393 delinquimus,
1666 2333 1722 2378 et
1745 2324 1939 2378 cmlum
1965 2323 2116 2378 saevit

530 2414 585 2469 in
611 2415 876 2484 pecudes,
908 2430 1007 2469 nos
1036 2415 1305 2469 flammam
1335 2429 1624 2478 meremur,
1665 2415 1826 2470 arbor
1850 2415 2112 2477 exuritur,

531 2519 629 2558 nos
657 2503 938 2574 plectenda
969 2519 1285 2572 peccamus,
1324 2512 1379 2558 et
1414 2519 1543 2558 saxa
1575 2520 1672 2574 pro
1704 2504 1858 2558 nobis
1885 2505 2117 2558 subeunt

530 2595 809 2649 ultionem.
842 2593 1112 2648 Interdum
1135 2609 1264 2648 sane
1293 2594 1476 2664 aliqui,
1505 2594 1572 2648 de
1600 2595 1792 2663 quibus
1813 2596 1885 2649 ita
1914 2595 2115 2650 discer-

531 2684 610 2738 nit
639 2681 797 2747 Deus,
827 2683 1128 2737 adumbrati
1151 2683 1526 2737 examinantur
1552 2692 1610 2737 ut
1639 2683 1900 2737 homines.
1935 2684 2114 2738 Primo

531 2773 770 2829 omnium
803 2783 825 2809 ⁸
856 2771 1289 2844 delinquentibus
1327 2789 1434 2828 non
1463 2773 1532 2828 sit
1560 2775 1812 2828 continua
1842 2774 1909 2828 de
1937 2774 2112 2844 impu-

531 2863 700 2917 nitate
728 2862 1007 2917 securitas.
1041 2861 1244 2916 Deinde
1276 2871 1335 2916 ut
1363 2863 1698 2934 peccantium
1722 2863 2113 2918 multitudinem

531 2954 766 3021 corrigat
811 2967 970 3022 paena
1015 2969 1330 3022 paucorum.
1381 2953 1511 3020 Quis
1557 2970 1665 3008 non
1708 2955 1931 3009 miretur
1970 2955 2114 3009 illam

532 3050 734 3097 tantam
757 3042 1213 3112 dispensationem
1245 3044 1336 3097 ira:
1357 3043 1590 3098 cmlestis
1618 3051 1672 3099 et
1697 3045 1920 3112 gratiae?
1942 3045 2118 3112 Quan-

531 3133 818 3202 doquidem
837 3175 851 3199 ,
886 3133 1103 3204 irruptis
1144 3135 1336 3198 muris,
1377 3146 1616 3190 armatos
1644 3137 1986 3206 furentesque
2013 3139 2114 3192 ho-

2214 1969 2316 2024 est,
2344 1974 2444 2028 ego
2475 1960 2568 2014 tibi
2598 1959 2825 2014 Domine
2853 1973 2972 2013 mea
3000 1950 3120 2012 sum
3148 1952 3367 2027 peccata
3397 1956 3680 2012 confessus
3700 1997 3716 2022 ,
3746 1963 3800 2010 ιιι

2211 2059 2360 2104 tuam
2385 2049 2811 2105 misericordiam
2852 2064 2959 2104 non
2990 2049 3216 2116 negasti.
3252 2045 3482 2102 Probavi
3507 2047 3802 2116 judicautis

2211 2157 2522 2207 censuram;
2547 2142 2774 2210 gratiam
2798 2140 3072 2210 parcentis
3086 2155 3340 2210 agnosco.
3374 2139 3633 2196 Maerores
3653 2157 3802 2196 meos

2215 2249 2281 2288 ac
2326 2233 2592 2288 tristitiam
2640 2233 2813 2304 plebis
2859 2241 2968 2288 tua:
3016 2233 3070 2287 in
3117 2232 3549 2302 peregrinatione
3583 2232 3801 2297 deﬂevi,

2214 2324 2310 2379 sed
2338 2323 2599 2394 lacrymas
2631 2322 2650 2362 ί
2682 2333 2787 2378 ate
2815 2339 2963 2379 meas
2988 2324 3198 2393 gaudeo
3222 2341 3327 2378 non
3353 2340 3474 2380 esse
3498 2325 3802 2395 despectas.

2216 2414 2520 2469 Convertisti
2565 2415 2702 2469 enim
2749 2414 3003 2480 Domine,
3037 2423 3094 2469 ut
3121 2416 3196 2469 ait
3223 2416 3507 2486 propheta,
3539 2417 3802 2485 planctum

2215 2523 2382 2560 meum
2400 2507 2453 2560 in
2475 2506 2720 2578 gaudium
2748 2507 2874 2560 mihi
2903 2506 3074 2576 (Psal.
3102 2510 3271 2575 xxtx).
3313 2505 3578 2575 Expulisti
3604 2521 3689 2560 me
3717 2507 3801 2561 of-

2217 2598 2417 2661 fensus,
2452 2606 2507 2652 et
2526 2599 2790 2668 propitius
2818 2597 3096 2652 reduxisti.
3146 2597 3278 2660 lmo,
3308 2607 3366 2652 ut
3395 2598 3577 2652 verius
3603 2598 3799 2662 dicam,

2215 2692 2483 2762 propitius
2527 2691 2819 2760 expulisti,
2867 2705 2934 2744 ne
2980 2691 3033 2745 in
3081 2690 3202 2745 loco
3232 2699 3434 2745 temere
3480 2705 3804 2760 permanens

2215 2782 2487 2836 miseriam
2522 2781 2846 2850 captivitatis
2882 2782 3228 2836 incurrerem.
3271 2792 3296 2829 ις
3340 2780 3496 2848 Quod
3535 2783 3802 2848 merebar,

2217 2874 2446 2930 obtinui.
2497 2873 2694 2928 Refero
2742 2874 2924 2942 itaque
2962 2882 3178 2928 aeterna:
3220 2873 3404 2942 gloriae
3442 2882 3547 2928 tua:
3597 2874 3805 2929 debitas

2217 2967 2438 3036 gratias,
2467 2965 2592 3037 quia
2622 2973 2865 3021 sanctam
2891 2965 3031 3021 banc
3051 2966 3269 3021 domum
3295 2975 3472 3032 tuam,
3513 2983 3676 3037 quam
3704 2982 3805 3021 no-

2217 3057 2344 3112 stris
2371 3057 2577 3112 meritis
2625 3055 2774 3111 furor
2819 3057 3080 3112 barbarus
3135 3057 3530 3128 complanavit,
3577 3073 3676 3129 per
3719 3073 3807 3113 me

2219 3163 2446 3202 servum.
2461 3155 2613 3201 tuum
2649 3146 2898 3216 dignatus
2925 3163 2984 3202 es
3011 3163 3283 3218 reparare,
3309 3157 3365 3202 et
3384 3149 3806 3219 congregatione

533 3231 644 3278 stes
665 3265 679 3289 ,
712 3224 896 3294 populi
941 3225 1176 3279 inermes
1200 3265 1215 3291 ,
1263 3234 1323 3280 ut
1351 3226 1669 3282 velocissimi
1719 3229 1926 3296 equites
1954 3230 2111 3300 317

2218 3240 2458 3310 dispersa
2499 3239 2672 3309 plebis
2701 3247 2834 3306 tute,
2882 3242 3016 3294 meis
3044 3256 3186 3295 nunc
3209 3241 3380 3294 oculis
3402 3239 3702 3307 reddidisti,
3726 3248 3804 3293 at-

534 3315 684 3368 tarda
716 3323 876 3384 atque
906 3330 1072 3370 onere
1101 3324 1319 3384 gravata
1346 3333 1444 3372 suo
1476 3317 1851 3387 trepidantium
1881 3320 2117 3390 plaustra

532 3405 800 3476 fugerunt.
852 3405 920 3462 Et
966 3407 1182 3477 quidem
1229 3409 1505 3464 nonnullis
1547 3409 1614 3464 de
1653 3410 1819 3472 clero,
1845 3421 1936 3464 aut
1965 3412 2119 3481 plebe

531 3498 791 3553 evadendi
830 3507 923 3554 aut
959 3499 1284 3571 possibilitas
1304 3499 1500 3566 defuit,
1533 3507 1625 3554 aut
1651 3502 1919 3556 voluntas.
1968 3501 2117 3568 Quo-

533 3609 647 3646 rum
678 3593 801 3647 vitm.
840 3593 1134 3662 mortisque
1168 3593 1307 3647 ratio
1336 3592 1520 3648 divino
1549 3601 1632 3648 est
1661 3594 2008 3662 relinquenda
2031 3593 2119 3663 ju-

531 3683 695 3738 dicio.
744 3683 1102 3739 Consolemur
1147 3699 1248 3739 nos
1294 3685 1502 3753 itaque,
1552 3683 1773 3749 fratres,
1821 3701 1921 3741 nec
1950 3701 2119 3755 usque

532 3771 560 3811 δ
586 3772 721 3826 adeo
751 3773 1084 3841 suspiremus
1128 3773 1397 3841 collapsas
1431 3789 1549 3828 esse
1568 3774 1783 3839 domos,
1816 3776 1940 3844 quia
1970 3777 2118 3830 vitle-

534 3880 656 3917 lllllS
683 3864 1079 3932 reparationem
1105 3864 1388 3917 domorum
1419 3867 1472 3918 in
1503 3866 1735 3920 dominis
1763 3877 2112 3922 reservatam.

537 3951 878 4020 Completum
931 3959 1032 4014 est,
1064 3961 1122 4004 ut
1170 3962 1428 4021 apparet,
1459 3954 1620 4006 etiam
1650 3955 1702 4007 in
1735 3956 1890 4010 nobis
1920 3973 2118 4026 przece—

533 4048 684 4110 ptum
716 4039 847 4093 illud
895 4041 1105 4094 Domini
1151 4041 1218 4096 de
1256 4056 1414 4097 servo
1462 4058 1561 4097 suo
1589 4042 1724 4110 Job;
1773 4062 1894 4100 cum
1924 4056 2118 4116 agente

533 4133 788 4188 adversus
807 4149 929 4187 cum
959 4133 1194 4200 diabolo,
1226 4135 1512 4190 terminum
1539 4147 1762 4208 poneret
1789 4154 2117 4208 persequen-

534 4225 612 4280 di.
663 4227 753 4281 Ait
780 4227 920 4281 enim
967 4227 1062 4291 illi,
1091 4229 1229 4283 sicut
1258 4228 1453 4297 legitur
1477 4249 1488 4282 :
1521 4230 1710 4286 Omnia
1731 4249 1845 4302 qum
1873 4232 2025 4286 liabet
2051 4234 2118 4288 do

531 4319 586 4371 in
612 4334 794 4372 manus
825 4327 969 4384 tuas;
998 4319 1091 4372 sed
1123 4320 1291 4388 ipsum
1325 4335 1389 4373 ne
1426 4329 1611 4391 tangas
1639 4321 1779 4392 (Job.
1813 4333 1875 4392 ι).
1925 4322 1989 4376 Ει
2016 4325 2118 4380 ite-

530 4424 649 4464 rtnn
674 4426 687 4463 :
711 4407 847 4464 Ecce
869 4411 1017 4466 trado
1037 4411 1182 4466 illum
1211 4410 1330 4476 tibi;
1363 4421 1562 4466 tantum
1584 4414 1647 4465 ab
1671 4416 1846 4468 anima
1867 4417 1977 4486 ejus
1995 4428 2032 4455 -ο
2065 4426 2115 4471 te

531 4502 752 4556 custodi.
787 4501 903 4568 Qua
929 4503 1174 4570 jussione
1195 4503 1441 4558 inimicus
1469 4514 1714 4574 accepta,
1750 4507 1955 4575 [erdita
1985 4522 2115 4564 con-

2219 3347 2324 3402 que
2364 3331 2416 3384 in
2475 3338 2569 3384 tuo
2614 3330 2830 3385 nomine
2875 3329 3184 3385 dedicamus
3229 3331 3297 3385 de
3342 3330 3618 3385 veteribus
3645 3345 3804 3398 nova,

2222 3434 2278 3480 et
2323 3425 2420 3479 sub
2465 3425 2694 3492 quadam
2742 3422 3152 3478 resurrectionis
3197 3424 3378 3491 specie
3425 3422 3478 3476 in
3525 3421 3802 3491 antiquum

2221 3515 2475 3570 verticem
2496 3513 2772 3583 speculum
2803 3513 2987 3582 templi
3017 3512 3174 3582 hujus
3193 3513 3406 3568 culmen
3437 3521 3678 3567 erectum
3702 3520 3801 3566 est.

2221 3605 2310 3659 Sic
2338 3604 2425 3659 ille
2455 3603 2777 3658 lsraeliticus
2803 3602 3072 3672 quondam
3103 3603 3332 3673 p0pulus
3353 3645 3369 3668 ,
3415 3611 3603 3659 exusta
3651 3601 3800 3658 Jeru-

2219 3697 2382 3750 salem
2411 3695 2718 3766 temploque
2747 3696 3026 3759 subverso,
3059 3696 3111 3749 in
3151 3694 3499 3767 Babyloniam
3529 3696 3800 3764 regionem

2220 3789 2461 3858 captivus
2508 3787 2766 3842 adductus
2789 3829 2804 3854 ,
2856 3796 3003 3843 certa
3041 3797 3163 3857 post
3201 3796 3444 3856 tempora
3482 3787 3548 3840 ad
3577 3788 3799 3857 patriam

2220 3887 2504 3932 revocatus
2547 3878 2721 3932 solum
2771 3886 2827 3931 et
2867 3879 3052 3933 urbem
3085 3893 3239 3932 suam
3267 3878 3570 3933 construxit
3593 3887 3650 3932 et
3679 3887 3802 3932 tem-

2219 3968 2385 4037 plum.
2417 3965 2687 4021 Conserva
2714 3981 2842 4034 ergo
2858 3968 2991 4036 jam,
3015 3967 3270 4030 Domine,
3302 3968 3442 4038 quod
3467 3979 3721 4038 operatus
3747 3982 3801 4022 es

2220 4060 2274 4113 in
2301 4059 2472 4113 nobis.
2507 4057 2832 4128 Propitiare,
2867 4059 3121 4126 Domine,
3147 4075 3337 4130 parce,
3366 4058 3626 4126 Domine,
3656 4058 3796 4113 salva

2219 4153 2514 4222 populum,
2543 4160 2602 4205 et
2646 4151 2872 4206 benedic
2917 4151 3282 4206 hmreditatem
3333 4158 3506 4215 tuam;
3554 4167 3624 4205 ne
3664 4150 3794 4204 ultra

2219 4243 2588 4298 dissimulante
2612 4251 2686 4306 te,
2718 4242 2858 4297 Deus
2879 4253 3079 4306 noster,
3111 4242 3180 4296 de
3200 4243 3374 4311 gregis
3398 4243 3474 4296 tui
3504 4243 3797 4313 perditione

2217 4336 2454 4390 ridentes
2483 4334 2656 4387 dicant
2686 4343 2861 4404 gentes
2883 4373 2897 4398 ,
2931 4342 2989 4387 ut
3013 4334 3292 4398 dixerunt,
3327 4332 3424 4388 Ubi
3443 4343 3518 4388 est
3550 4333 3687 4387 Deus
3714 4349 3797 4387 eo—

2219 4443 2334 4481 rum
2374 4425 2544 4496 (Psal.
2590 4426 2849 4496 Lxxvtn)?
2882 4427 2976 4481 sed
3013 4427 3151 4482 sicut
3187 4428 3513 4498 indignantis
3552 4443 3678 4498 erga
3708 4442 3799 4481 nos

2222 4516 2455 4571 vindicta
2500 4532 2606 4571 non
2658 4516 2866 4584 defuit,
2914 4518 2987 4571 ita
3045 4519 3200 4574 nobis
3245 4519 3591 4588 propitiantis
3636 4520 3798 4588 pietas

509 4590 684 4673 Itinuo
713 4591 858 4646 omni
900 4591 1017 4661 ejus
1060 4593 1356 4648 substantia
1374 4632 1388 4657 ,
1414 4595 1833 4665 exulceratoque
1861 4589 2110 4670 corpore,

2222 4614 2558 4678 perseveret;
2605 4582 2892 4677 praestante
2939 4608 3166 4664 Domino
3195 4582 3382 4665 nostro
3403 4610 3529 4664 Jesu
3569 4582 3798 4676 Cbtisto,

531 4681 600 4737 ab
628 4684 821 4739 anima:
849 4699 906 4739 se
937 4691 1142 4738 tantum
1170 4684 1287 4754 ejus
1315 4685 1534 4741 laesione
1561 4690 1859 4757 suspendit.
1902 4690 2111 4760 Videte,

533 4771 898 4842 dilectissimi,
929 4784 1189 4844 quantum
1217 4775 1488 4845 fragilitati
1517 4789 1716 4835 nostrae
1744 4797 1971 4846 parcens
1998 4788 2118 4842 vin-

2219 4703 2460 4774 quicum
2510 4700 2670 4755 Patre
2716 4709 2770 4756 et
2817 4701 3018 4772 Spiritu
3062 4712 3249 4759 sancto
3290 4703 3424 4758 vivit
3451 4712 3508 4758 et
3534 4711 3722 4774 regnat
3747 4703 3796 4756 iu

2221 4792 2415 4846 smcula
2440 4791 2774 4846 saeculorum.
2807 4789 2997 4846 Amen.

1883 4899 2227 4965 HOMILIA
2267 4905 2454 4968 XCV.

927 4994 1000 5048 De
1026 4997 1268 5061 avaritia,
1291 5003 1340 5049 et
1359 4997 1426 5050 de
1450 5013 1512 5051 eo
1539 5001 1675 5069 quod
1703 5004 1950 5070 scriptum
1977 5015 2074 5070 est,
2107 5007 2222 5060 Act.
2245 5024 2363 5076 cap.
2393 5023 2444 5061 tv
2469 5025 2481 5059 :
2513 5007 2681 5061 Erant
2707 5009 2780 5061 eis
2809 5010 2986 5062 omnia
3013 5010 3324 5069 communia.
3356 5008 3405 5062 1.

1972 5094 2361 5151 ADMONITIO.

603 5169 1080 5258 3,1,97Scripsisse
1123 5176 1179 5231 S.
1227 5177 1518 5258 Maximum
1557 5179 1630 5258 de
1669 5181 1891 5258 avaritia
1938 5187 2170 5258 testatur
2206 5184 2522 5258 _Gennadius
2545 5226 2560 5248 ,
2605 5186 2924 5258 eamquead
2954 5201 3068 5258 rem
3097 5194 3344 5258 spectant
3372 5186 3492 5258 dum
3520 5195 3803 5258 sequentes

533 5242 846 5328 pensiones.
886 5242 1281 5328 Amat-luenses,
1311 5250 1402 5318 qui
1433 5250 1486 5328 in
1515 5257 1737 5328 auctore
1759 5251 2099 5328 designanda
2129 5269 2159 5307 a
2195 5253 2475 5328 Gennadio
2506 5242 2980 5328 nondiss'entiunt,
3003 5242 3316 5328 dissimilem
3347 5242 3616 5328 exhibent.
3635 5259 3802 5328 homi-

531 5309 891 5397 litnltitulnutng
926 5309 1524 5397 imbrnsiant‘is'codex
1570 5309 2007 5397 antiquissimus:
2057 5324 2136 5397 De
2181 5309 2978 5397 unitate,caritatis'bfimiliam
3014 5309 3311 5397 inscribit,
3354 5309 3800 5396 quemadmodum

531 5379 707 5468 codex
747 5381 817 5468 9‘9
949 5381 1541 5468 Crttc‘isuinolerusalem
1571 5377 1787 5468 liomilia
1817 5389 1995 5468 62,_et
2014 5393 2193 5468 codex
2221 5377 2275 5451 tv
2302 5377 2976 5468 Laurentianus—iPlutZV—xx
3288 5377 3318 5450 5
3336 5377 3800 5468 Aiéigafq'ii'éii}

530 5447 654 5504 dem
673 5450 730 5506 S.
756 5450 1038 5508 Ambrosio
1083 5455 1283 5510 tribuit.
1328 5456 1553 5515 Codices
1593 5461 1684 5515 alii
1734 5470 1841 5517 tres
1886 5447 2192 5519 Maximum
2221 5447 3386 5538 sucior'edpiérérenié's','iii-sa‘iigéuénsi;
3405 5447 3796 5534 haemi}.—

603 5592 626 5664 ς
665 5581 798 5664 Cod.
832 5583 997 5664 Basil.
1028 5585 1269 5664 Mediol.,
1292 5599 1346 5664 ut
1375 5593 1804 5664 delinquentibus.

601 5652 628 5691 δ
666 5652 810 5730 idem
839 5655 984 5730 cod,
1016 5673 1047 5709 a
1071 5656 1178 5730 Deo
1206 5652 1546 5730 suspicamus'.

603 5734 625 5761 ε
667 5722 810 5779 Idem
835 5725 962 5780 cod.
994 5727 1196 5782 omittit
1217 5737 1285 5783 te.

602 5794 625 5830 ά
665 5793 810 5851 Idem
831 5796 979 5864 cod.,
1010 5814 1231 5869 congrue
1249 5808 1298 5853 et
1325 5804 1625 5856 necessarie.

2293 5609 2316 5636 ε
2356 5598 2498 5654 idem
2519 5600 2645 5655 cod.
2680 5601 2880 5656 omittit
2907 5602 2977 5656 ad
2997 5601 3180 5658 Deum.

2293 5665 2312 5705 ί
2351 5668 2498 5742 idem
2527 5669 2677 5742 cod.,
2710 5671 2969 5742 lacrumas
2999 5674 3068 5726 ad
3088 5682 3138 5726 te
3156 5689 3316 5727 meas.

2287 5747 2312 5784 ι
2351 5737 2492 5817 idem
2510 5740 2674 5817 _cod.,
2705 5737 2856 5805 Quod
2885 5759 2987 5797 non
3020 5742 3256 5797 merebar
3284 5743 3471 5814 (ignari
3490 5782 3508 5809 ,
3541 5742 3678 5817 quod
3702 5757 3800 5796 non

2213 5807 2450 5863 merebar
2471 5808 2688 5864 obtinui.
