4054 6190
325 332 391 386 73
1672 344 1950 403 ιιοΜιιιΑ
1992 348 2145 405 XCV.

3428 377 3528 433 471

283 440 464 521 Crucis
512 441 563 496 in
610 440 926 533 Jerusalem‘
951 445 1020 500 90
1066 448 1256 531 hami].
1302 450 1389 517 15,
1417 460 1493 534 μ
1540 452 1989 513 Laurentianusk
2015 460 2155 541 Plut.
2204 479 2315 545 xiv,
2345 481 2467 536 pag.
2493 468 2617 551 502,
2648 473 2725 529 sic
2748 472 2949 533 habent
2975 496 2993 532 τ
3014 479 3209 552 Incipit
3229 487 3293 539 de
3317 506 3376 543 eo
3394 497 3528 561 quod

283 519 525 561 scriptum
549 524 658 561 est:
692 512 855 561 Erant
880 533 951 561 eis
972 534 1143 561 nmnm
1172 536 1461 561 ιτηηπηυηηη
1514 523 1691 561 nmio.
1724 524 1791 561 (in
1820 525 1856 561 ρ
1908 527 2091 561 nam...
2125 532 2266 561 ηλλ..
2302 546 2343 561 -.
2378 538 2435 561 λ-
2462 537 2588 561 ρ----
2666 553 2700 561 κ,
2751 547 2763 561 .
2836 546 2850 561 .
2977 552 2988 561 .
3074 551 3130 561 -.

281 512 855 617 ξῗίιξέἔᾞέἰεξίζὲηζῗξ
880 512 1502 617 ῖξξ..ἳῖῖξηὶίέ.ξεζίζίῐ’ξυίιξξ¹;.
1513 523 1876 617 Ρὲἀξδξθὲἓς
1908 527 2094 617 (ausis
2114 532 2268 617 add!“
2295 512 2446 589 ἒιῖίὲ
2462 512 3528 617 Cani373233333111"ﬁiiniﬁs‘iai'lZK

278 581 466 687 :b'hi:
486 584 733 687 ougiibus
772 587 1063 687 est'ltitulus
1091 590 1337 657 pnetixus
1365 594 1725 687 sermoniustib
1752 612 1898 650 num.
1925 581 1971 652 7C
1991 581 2269 682 “po—sifowi—n
2610 581 2787 666 ’55};

323 667 348 687 Ι,
496 670 505 679 ,
608 670 718 687 ΜΛ
762 670 843 687 Μ’.
885 673 1031 687 "nam
1086 674 1147 687 Δ..
1189 676 1243 687 ΔΛ
1295 677 1385 687 ...Α
1464 680 1599 687 _---.
1646 681 1664 687 -
1706 672 1752 687 ,ι
1807 682 1943 687 -υ--μ-
2002 686 2021 687 η
2072 686 2075 687 ν
2312 676 2343 687 ⁸⁸
2411 676 2422 687 ⁸
2561 678 2597 687 ““
2722 681 2753 687 “’
2818 685 2825 687 λ

277 652 389 731 ﬁet.
416 666 505 730 tv:
550 650 718 707 Nemo
760 650 1147 731 quidquam__e1:
1185 676 1243 713 eo
1289 662 1423 731 quod
1461 664 1752 730 possidebat

436 672 505 730 γε
550 672 718 707 nemo
760 672 1053 737 quidquam.
1082 674 1147 710 ex
1185 676 1243 713 eo
1289 672 1423 731 quod
1461 672 1752 730 possidebat
1800 682 1947 747 suum
1994 672 2257 737 praprium
2288 672 2506 729 dicebat.
2560 678 2884 738 Benedictini
2909 672 3525 766 mé’ndciii'éoigréél

436 737 719 766 lmnsnms
739 733 924 766 nntimi
953 728 1187 766 conlnmt
1221 730 1358 766 Imnn
1385 747 1685 766 cors-annona
1717 734 1840 766 ηις...
1876 736 2035 766 eum-..
2058 738 2253 766 ...l‘........
2292 745 2428 766 τμη
2466 746 2568 766 .-Α
2639 751 2672 766 ..
2719 752 2730 762 .
3190 763 3203 766 -

278 717 447 815 Mauri
470 737 719 815 cepsor'es
736 717 925 815 optimi
953 728 1190 807 scribunt
1220 717 1359 785 hunc
1385 717 1686 787 sermonem
1716 717 1841 787 olim
1866 717 2035 815 fuisse
2056 717 2262 815 editum
3178 717 3220 812 ll

3222 780 3264 835 e_
3280 775 3527 835 tenipore,

275 790 837 897 §Edrsanftong°cwrj
884 797 1213 897 διιρρλιξείιυηι
1242 812 1565 897 θετιίξεξυηκ
1597 819 1820 883 {tumque
1852 805 2133 897 Ambrosio
2163 820 2217 892 et
2244 812 2476 893 hiaximo
2506 790 3524 897 ,ΙςξίίιῗῗθἿ-ῗιῖῖ

275 874 289 897 Ι
396 875 493 897 Ιιηη
520 876 551 897 Ω
660 877 855 897 rmnrnu
948 881 997 897 Ill
1042 882 1214 897 annnam
1264 886 1358 897 ἰι-ιιι
1469 888 1777 897 Α..η...,ι-ιιηιιη
1824 889 2035 897 ..Α-.--μμ
2126 895 2135 897 _
2364 884 2394 897 II
2456 885 2486 897 ιο
2614 888 2627 897 ι
2780 890 2808 897 μ
2892 895 2904 897 Α

274 858 327 911 in
371 858 551 934 fronte
573 865 859 934 sermonis
902 858 1215 934 Vindingum

1264 879 1385 937 post
1420 870 1780 968 vaapienses
1819 889 2039 968 censere
2064 877 2274 968 ηειχὶῐηὶ
2313 870 3522 968 adjudicandum:

272 931 585 984 auctoritati
625 929 884 987 Gennadii
925 929 1189 1004 innititur,
1229 929 1435 993 necnon
1467 943 1784 996 testimoniis
1827 946 1985 999 trium
2012 929 3523 1030 :ltlhigliill‘lld':

272 998 397 1079 nius
426 999 896 1081 plutitrli‘iufaciuut,
946 1022 1136 1081 nempe
1178 1008 1511 1081 Ambrosiam
1530 1052 1543 1074 ,
1575 1012 1955 1081 Sangalleusis,
1983 1025 2037 1069 et
2060 1016 2128 1071 90
2157 1018 2212 1072 S.
2243 1020 2427 1078 Crucis
2450 1024 2501 1077 in
2530 976 2845 1081 Jerusaillem.
2880 1032 3160 1081 Manifmtn
3181 1053 3309 1081 ρι-ρη
3339 1058 3523 1081 orrnrn

272 998 397 1079 nius
426 999 896 1081 plutitrli‘iufaciuut,
946 1022 1136 1081 nempe
1176 998 1543 1081 Ambrosiam,
1575 998 2719 1081 Sangalleusissetwngruci-s

273 1068 541 1141 evincitur
584 1069 831 1127 Gillotius
851 1114 865 1137 ,
886 1068 889 1069 ⁷
914 1076 1006 1141 qui
1054 1068 1193 1131 hunc
1235 1094 1378 1131 num.
1409 1079 1440 1131 9
1467 1068 1628 1134 scrin.
1661 1068 1717 1135 SV.
1748 1084 1941 1137 Ambro

273 1138 603 1220 usLsu'nius,
655 1156 773 1220 qua:
820 1159 849 1195 a
897 1138 1203 1220 melioribus
1243 1149 1512 1220 codicibus
1541 1161 1754 1220 accepta
1782 1153 1941 1206 vidett

1948 1054 1955 1076 .
1983 1032 2037 1069 et
2060 1032 2128 1071 W
2157 1032 2212 1072 δ.
2243 1032 2427 1078 Crucis
2450 1032 2501 1077 in
2530 1032 2845 1085 Jerusalem.
2880 1032 3160 1093 Manifesto
3181 1053 3309 1106 ergo
3339 1058 3523 1098 errore

1948 1087 2011 1155 si_i
2041 1089 2347 1176 publicavit:
2389 1094 2495 1176 Νοέ
2516 1096 2801 1176 epigraphe
2824 1107 3098 1176 communi
3123 1109 3263 1176 apud
3284 1112 3521 1167 editores

1946 1156 2170 1252 mnfia-e
2199 1168 2419 1252 utuntur
2446 1156 2734 1233 Gymnicus
2763 1184 2884 1240 pag.

274 1206 397 1271 175,
426 1206 752 1279 Raynaudus
780 1226 899 1280 pag.
932 1212 1055 1279 244,
1085 1215 1415 1285 Margarinus
1439 1220 1490 1272 in
1515 1220 1650 1275 Bibl.
1670 1206 1819 1275 'Max.
1854 1206 2371 1295 ιυιῶΙΧξηιῖειᾷξ-ιὶέ.

269 1319 665 1395 Asnaum-trgi.
684 1356 759 1395 A—
779 1324 988 1395 Confert
1018 1327 1076 1380 S.
1106 1326 1363 1383 Maximus
1385 1328 1700 1385 Christianas
1725 1350 1848 1386 exo-

337 1393 540 1471 rientis.
566 1391 812 1471 Ecclesia:
861 1391 975 1448 cum
1020 1398 1254 1471 ﬁdelibus
1306 1417 1512 1453 suorum
1545 1412 1844 1471 temporum.

340 1459 434 1537 Illi
460 1462 644 1537 spiritu
673 1474 720 1516 et
749 1481 803 1515 re
829 1459 1073 1537 pauperes
1115 1469 1243 1521 nihil
1272 1472 1533 1537 proprium
1552 1510 1567 1534 ,
1610 1459 1701 1524 scd
1733 1490 1845 1525 om-

337 1532 430 1611 nia
460 1533 515 1611 in
545 1532 1083 1611 communenhabebant
1105 1553 1122 1589 :
1153 1539 1205 1590 hi
1238 1532 1299 1590 de
1327 1532 1488 1592 nimia
1516 1532 1570 1593 in
1600 1542 1846 1611 augendis

337 1601 535 1677 divitiis
566 1602 1233 1677 sollicitudinearguuntur,
1270 1618 1319 1661 et
1351 1610 1419 1660 ad
1442 1601 1845 1663 misericordiam

335 1686 465 1739 erga
492 1670 779 1740 indigentes
804 1670 1113 1728 excitantur.

338 1760 593 1829 Legimus
634 1764 686 1816 in
735 1764 871 1817 libro
898 1767 987 1833 qui
1018 1768 1381 1835 apostolorum
1410 1768 1630 1825 Actibus
1658 1772 1845 1826 inseri-

263 1852 432 1917 bitur,
465 1861 672 1906 tantam
697 1854 795 1908 sub
823 1858 1132 1911 memoratis
1161 1860 1285 1914 viris
1312 1860 1648 1917 devotionem
1674 1864 1845 1932 plebis

263 1944 463 2007 fuisse,
516 1943 588 1996 ita
632 1945 814 2013 populi
862 1945 1149 2001 Christiani
1196 1947 1437 2005 floruisse
1473 1954 1753 2021 primitias,
1786 1963 1844 2007 ut

262 2042 392 2103 post
432 2043 709 2103 acceptam
760 2033 913 2090 fidem
963 2053 1121 2093 nemo
1168 2039 1382 2094 domum
1409 2044 1843 2110 propriam‘de-

262 2124 543 2190 fenderet,
584 2134 638 2180 et
667 2142 825 2182 nemo
851 2144 1005 2183 suum
1034 2131 1233 2199 aliquid
1254 2132 1571 2199 vindicaret,
1603 2136 1695 2189 sed
1721 2136 1842 2203 jure

260 2217 624 2272 fraternitatis
669 2228 847 2274 essent
888 2221 989 2275 illis
1036 2230 1225 2276 cuneta
1254 2226 1582 2288 communia;
1614 2226 1838 2293 scilicet,

264 2318 317 2362 ut
346 2309 441 2377 qui
472 2309 661 2370 eodem
687 2311 958 2365 consortio
992 2313 1262 2379 religionis
1291 2314 1624 2378 tenebantur,
1650 2316 1838 2369 eodem

262 2399 546 2453 consortio
592 2398 893 2454 fruerentur
937 2409 991 2455 et
1051 2404 1191 2467 vita;
1245 2404 1348 2457 hoc
1392 2412 1504 2468 est,
1551 2414 1610 2457 ut
1648 2406 1840 2473 quibus

259 2497 382 2543 erat
428 2504 535 2543 una
583 2488 712 2544 fides
735 2528 750 2553 ,
791 2499 932 2545 esset
964 2500 1019 2546 et
1055 2508 1159 2546 una
1196 2495 1523 2559 substantia;
1562 2504 1613 2548 et
1647 2498 1840 2565 quibus

259 2587 382 2631 erat
409 2580 708 2633 communis
726 2580 988 2645 Christus,
1011 2572 1307 2637 communis
1328 2592 1468 2638 esset
1496 2593 1549 2637 et
1576 2596 1834 2655 sumptus.

259 2667 423 2723 Nefas
470 2671 611 2723 enim
642 2670 899 2739 putabant
938 2672 1167 2740 religiosi
1208 2674 1305 2728 viri
1345 2690 1466 2729 eum
1494 2677 1592 2730 sibi
1617 2680 1837 2746 partici-

257 2772 388 2828 pem
420 2775 525 2813 non
556 2760 818 2815 asciscere
855 2762 906 2814 in
947 2763 1275 2829 substantia,
1317 2767 1408 2834 qui
1437 2769 1706 2839 particeps
1753 2785 1840 2824 es-

257 2857 342 2902 set
393 2850 445 2901 in
488 2850 695 2917 gratia,
745 2858 907 2920 atque
948 2852 1070 2906 ideo
1132 2852 1159 2891 δ
1209 2854 1560 2912 fraternitatis
1616 2861 1839 2915 caritate

258 2940 519 2993 omnibus
561 2943 917 2996 communiter
965 2946 1279 3012 utebantur,
1325 2949 1431 3003 nisi
1480 2951 1625 3018 quod
1669 2953 1840 3021 major

257 3039 409 3085 esset
455 3031 759 3085 fraternitas
792 3031 990 3088 Christi
1034 3050 1196 3104 quam
1232 3041 1533 3107 sanguinis;
1565 3044 1838 3111 sanguinis

257 3122 408 3174 enim
441 3120 745 3175 fraternitas
771 3122 1169 3180 similitudinem
1200 3132 1566 3185 tantummodo
1594 3135 1837 3203 corporis

256 3209 428 3264 refert
454 3228 466 3262 :
510 3209 707 3265 Christi
748 3224 924 3268 autem
955 3214 1257 3272 fraternitas
1284 3223 1687 3279 unanimitatem
1716 3241 1835 3279 cor-

258 3309 342 3362 dis
396 3319 419 3347 ε
468 3312 840 3367 demonstrat:
890 3315 1027 3369 sicut
1064 3315 1317 3384 scriptum
1348 3317 1507 3387 320
1554 3327 1672 3371 est:
1709 3319 1838 3373 Erat

258 3409 433 3453 autent
472 3403 781 3457 credentium
807 3403 831 3441 ά
857 3422 945 3458 cor
972 3416 1021 3458 et
1048 3407 1224 3460 anima
1251 3424 1354 3459 una
1392 3409 1527 3477 (Act.
1560 3408 1655 3478 tv).
1698 3410 1835 3466 Vere

256 3504 394 3558 ergo
422 3492 511 3545 ille
546 3491 710 3549 frater
736 3503 818 3549 est
844 3497 934 3564 qui
974 3511 1080 3550 non
1118 3506 1227 3550 tam
1264 3514 1493 3567 corpore
1516 3514 1674 3567 quam
1707 3518 1835 3554 una—

258 3582 506 3637 nimitate
540 3597 824 3653 germanus
863 3595 983 3640 est:
1013 3604 1204 3655 verus,
1245 3590 1490 3658 inquam,
1533 3600 1613 3645 est
1649 3592 1828 3655 frater,

258 3670 416 3739 cujus
457 3672 596 3727 idem
643 3676 864 3744 spiritus
892 3687 917 3714 ο
945 3686 999 3731 et
1039 3679 1285 3734 voluntas
1316 3680 1367 3734 in
1395 3679 1556 3736 fratre
1583 3692 1690 3747 est;
1716 3699 1831 3735 me-

259 3759 367 3814 lior
386 3761 547 3829 igitur
573 3772 683 3830 est,
727 3765 865 3821 sicut
893 3766 1035 3831 dixi,
1064 3766 1082 3805 ί
1105 3769 1409 3823 fraternitas
1448 3771 1643 3825 Christi
1672 3787 1830 3839 quam

262 3851 555 3918 sanguinis.
578 3853 860 3922 Sanguinis
881 3855 1182 3913 fratentitas
1202 3860 1467 3915 interdum
1496 3863 1595 3916 sibi
1619 3864 1830 3917 inimica

259 3950 375 4000 est,
403 3939 603 3995 Christi
637 3953 814 3997 autem
842 3944 1147 4001 fraternitas
1177 3951 1292 4003 sine
1316 3952 1709 4007 intermissione
1737 3969 1831 4022 pa-

1877 1341 1920 1395 Α
1951 1337 2229 1406 quisquam
2258 1355 2420 1409 egens
2442 1342 2586 1397 inter
2610 1345 2775 1413 ipsos.
2822 1348 2985 1403 Beata
3017 1350 3175 1418 igitur
3202 1354 3382 1422 plebs,
3408 1371 3524 1425 qua:

1947 1426 2072 1480 dum
2100 1428 2282 1496 plures
2323 1431 2375 1484 in
2420 1430 2634 1488 Christo
2672 1436 2832 1490 habet
2860 1438 3073 1505 divites,
3110 1443 3310 1497 nullum
3342 1446 3394 1499 in
3423 1462 3523 1500 sae-

1948 1515 2068 1568 culo
2089 1517 2275 1570 habuit
2304 1518 2664 1588 indigentem;
2693 1532 2746 1577 et
2775 1540 2891 1593 qua:
2917 1528 3041 1581 dum
3071 1539 3299 1586 aeternas
3326 1536 3524 1602 cogitat

1947 1607 2178 1673 divitias,
2213 1624 2244 1662 a
2278 1609 2530 1666 fratribus
2552 1617 2899 1684 temporalem
2922 1621 3522 1692 repulitpaupertatem.

1945 1695 2258 1752 Vendebant
2277 1701 2436 1767 enim,
2462 1703 2599 1756 sicut
2630 1694 3005 1776 ait'Scriptura
3030 1710 3447 1782 (Ibid.),pr:edia
3472 1725 3523 1771 et

1945 1787 2135 1843 domos
2157 1806 2299 1855 suas,
2332 1801 2385 1846 et
2413 1795 2582 1862 pretia
2604 1796 2936 1852 venditorum
2963 1810 3087 1856 ante
3108 1804 3270 1870 pedes
3311 1814 3523 1873 aposto-

1944 1880 2114 1933 lorum
2136 1884 2443 1950 portabant,
2467 1894 2523 1938 ut
2544 1897 2828 1953 erogarent
2862 1898 3020 1958 prout
3056 1895 3247 1961 cuique
3266 1911 3399 1963 opus
3437 1910 3522 1949 es-

1943 1978 2043 2023 set.
2069 1971 2255 2025 Videte
2284 1985 2588 2027 sanctorum
2621 1978 2853 2030 virorum
2882 1978 3057 2044 ﬁdem,
3080 1983 3522 2048 quemadmodum

1944 2072 2166 2130 propter
2192 2065 2460 2118 Christum
2499 2076 2610 2121 toto
2636 2066 2662 2103 ιι
2688 2071 3054 2136 spoliabantur
3082 2077 3405 2141 patrimonio
3423 2117 3437 2141 ,
3469 2087 3520 2132 et

1943 2153 2100 2231 321
2136 2155 2266 2207 nihil
2297 2156 2394 2207 sibi
2427 2158 2614 2223 reliqui
2646 2158 2931 2224 faciebant,
2954 2178 3063 2215 non
3092 2166 3229 2218 enim
3260 2168 3520 2221 vereban-

1941 2252 2029 2295 tur
2064 2261 2130 2297 ne
2170 2247 2436 2298 esurirent
2469 2248 2600 2315 ipsi,
2633 2248 2757 2303 dum
2790 2251 3048 2306 timebant
3088 2271 3155 2310 ne
3195 2257 3329 2312 alius
3364 2256 3379 2295 ί
3425 2275 3518 2311 au-

1942 2334 2122 2387 ferret.
2157 2335 2280 2389 Htec
2311 2337 2468 2403 igitur
2487 2340 2586 2391 sub
2613 2342 2868 2407 apostolis
2889 2342 2987 2396 fuit
3017 2344 3067 2397 in
3095 2346 3247 2414 plebe
3271 2348 3515 2413 devotio;

1944 2424 2103 2478 modo
2133 2426 2259 2495 quid
2288 2427 2460 2481 simile
2490 2431 2824 2497 reperimus?
2856 2432 2922 2485 Et
2950 2443 3094 2488 certe
3135 2436 3275 2490 idem
3305 2439 3516 2507 quidem

1940 2513 2180 2569 Christus
2211 2517 2260 2569 in
2309 2518 2489 2582 nobis,
2540 2519 2633 2573 sed
2664 2537 2771 2574 non
2813 2522 2950 2576 idem
2979 2532 3063 2578 est
3107 2526 3160 2578 in
3204 2528 3360 2581 nobis
3388 2530 3507 2582 ani-

1940 2621 2087 2669 mus;
2121 2608 2305 2660 eadem
2328 2608 2380 2660 in
2413 2609 2565 2676 plebe
2596 2609 2744 2673 fides,
2769 2612 2864 2665 sed
2890 2626 2995 2666 non
3026 2615 3078 2668 in
3108 2615 3263 2684 plebe
3283 2627 3366 2673 est
3393 2619 3507 2687 ipsa

1870 2694 1914 2753 B
1941 2698 2184 2767 largitio;
2228 2698 2300 2751 ita
2349 2700 2485 2752 alter
2512 2700 2578 2754 de
2606 2703 2826 2755 alterius
2854 2702 3031 2771 inopia
3072 2720 3176 2758 non
3208 2705 3427 2787 cogitat,
3458 2717 3516 2760 ut

1944 2789 2072 2842 illud
2111 2790 2181 2843 sit
2203 2828 2217 2852 ,
2263 2789 2407 2858 quod
2436 2790 2509 2843 ait
2537 2790 2825 2860 Apostolus
2857 2810 2870 2844 :
2902 2793 3045 2845 Alius
3083 2795 3286 2865 quidem
3326 2796 3513 2862 esurit,

1942 2880 2075 2933 alius
2116 2890 2283 2932 autem
2327 2881 2495 2933 ebrius
2538 2890 2613 2935 est
2660 2881 2719 2951 (1
2770 2881 2889 2935 Cor.
2940 2884 3044 2952 XI).
3098 2886 3226 2938 Nam
3273 2887 3514 2954 plerique

1940 2967 2231 3023 Christiani
2257 2985 2362 3023 non
2403 2971 2575 3024 solum
2616 2972 2832 3040 propria
2877 2987 2984 3025 non
3027 2974 3381 3036 distribuunt,
3416 2975 3510 3028 sed

1941 3061 2102 3115 etiam
2133 3061 2387 3130 diripiunt
2408 3062 2611 3127 aliena;
2641 3078 2745 3116 non
2773 3063 2965 3125 solum,
3000 3064 3237 3133 inquam,
3267 3066 3517 3133 colligen-

1939 3157 2022 3205 tes
2065 3152 2321 3221 pecunias
2347 3168 2470 3207 suas
2516 3153 2582 3206 ad
2625 3153 2789 3223 pedes
2817 3156 3181 3222 apostolorum
3218 3172 3325 3211 non
3370 3156 3515 3211 defe-

1936 3250 2082 3307 runt,
2131 3242 2225 3296 sed
2252 3244 2411 3297 etiam
2441 3244 2808 3310 confugientes
2836 3244 3027 3298 fratres
3073 3262 3199 3300 suos
3235 3247 3247 3295 i
3302 3256 3514 3315 protra-

1937 3333 2072 3387 hunt
2110 3350 2139 3387 a
2168 3335 2393 3402 pedibus
2422 3335 2785 3388 sacerdotum.
2830 3335 2979 3389 Nunc
3017 3345 3098 3389 est
3127 3336 3252 3390 illud
3281 3346 3511 3407 tempus,

1937 3424 2081 3490 quod
2103 3424 2357 3478 describit
2385 3425 2573 3478 beatus
2599 3426 2906 3493 Apostolus,
2940 3426 3122 3480 dicens
3150 3445 3161 3477 :
3198 3427 3261 3479 In
3288 3431 3506 3481 novissi-

1936 3513 2033 3564 mis
2062 3513 2235 3565 diebus
2263 3512 2540 3565 abundabit
2568 3515 2810 3585 iniquitas
2844 3520 3148 3576 multorum,
3198 3525 3245 3567 et
3293 3518 3508 3585 refrige—

1936 3613 2040 3654 scet
2069 3604 2261 3655 caritas
2294 3602 2516 3672 (Matth.
2567 3620 2710 3669 xxrv,
2745 3603 2871 3674 12);
2920 3604 3078 3657 modo
3108 3606 3247 3657 enim
3276 3605 3510 3660 abundat

1939 3692 1949 3727 ι
1994 3692 2229 3744 avaritiae
2259 3692 2528 3759 iniquitas,
2558 3708 2674 3761 qua:
2701 3700 2823 3746 ante
2844 3694 3103 3760 largitatis
3131 3695 3368 3748 bonitate
3392 3711 3510 3750 ces-

1934 3784 2116 3846 sabat;
2164 3792 2219 3835 et
2246 3783 2543 3861 reﬁjgescit
2574 3784 2923 3840 fraternitatis
2952 3788 3147 3841 caritas
3168 3829 3182 3852 ,
3220 3803 3338 3855 qua:
3365 3790 3510 3857 prius

1936 3874 2136 3927 Christi
2167 3889 2351 3926 amore
2392 3874 2660 3938 fervebat;
2712 3874 2726 3911 ι
2762 3884 2909 3929 tanta
2946 3877 3086 3930 enim
3127 3878 3224 3930 sub
3253 3879 3510 3947 apostolis

1933 3962 2281 4016 fraternitatis
2307 3963 2520 4016 dilectio
2544 3964 2657 4027 fuit,
2691 3972 2747 4017 ut
2774 3976 2810 4001 ιιι
2841 3966 2892 4019 iu
2917 3974 3182 4020 conventu
3210 3978 3233 4002 ἰ
3263 3985 3358 4022 suo
3388 3985 3494 4023 non

255 4028 409 4084 cifica
431 4041 544 4097 est;
595 4034 681 4087 illa
729 4034 872 4089 inter
914 4052 973 4091 se
1018 4042 1318 4093 communia
1349 4057 1468 4095 cum
1490 4045 1828 4099 :emulatioue
1855 4054 1897 4111 C
1932 4053 2507 4119 adveneritindigeutia
2526 4072 2538 4118 ;
2557 4064 2702 4108 tanta
2727 4066 2902 4110 autem
2921 4060 3080 4113 modo
3095 4057 3511 4118 Christianitatis

257 4120 462 4185 dividit,
498 4123 610 4179 h'ec
634 4127 793 4179 etiam
820 4131 1033 4197 propria
1063 4146 1183 4185 cum
1212 4133 1567 4198 gratulatione
1594 4152 1833 4190 commu-

258 4213 442 4277 nicat;
487 4214 573 4268 illa
623 4216 676 4269 in
719 4221 992 4275 consortio
1037 4223 1265 4291 despicit
1312 4239 1453 4293 smpe
1496 4240 1829 4293 germanum,

255 4301 371 4358 haec
407 4308 633 4361 assumit
670 4307 980 4379 frequenter
1013 4314 1264 4369 alienum.
1318 4315 1486 4369 Tanta
1517 4332 1665 4385 ergo,
1694 4320 1832 4373 sicut

257 4392 399 4455 dixi,
435 4395 526 4449 illo
557 4406 797 4468 tempore
824 4400 1139 4457 Christiana:
1167 4405 1339 4473 plebis
1367 4406 1585 4461 devotio
1615 4408 1740 4471 fuit,
1774 4418 1833 4463 ut

261 4497 418 4538 nemo
447 4485 662 4540 domum
686 4505 833 4543 suam
864 4492 1065 4547 diceret
1089 4530 1106 4557 ,
1156 4511 1314 4550 nemo
1338 4499 1611 4567 proprium
1633 4500 1830 4567 aliquid

254 4573 582 4640 vindicaret;
614 4580 750 4633 sicut
776 4581 852 4633 ait
887 4580 944 4635 S.
973 4580 1142 4637 Lucas
1167 4601 1180 4636 :
1213 4583 1280 4636 Et
1300 4602 1446 4639 nemo
1473 4587 1746 4657 quidquam
1766 4604 1831 4642 ea:

259 4678 319 4714 eo
340 4665 473 4731 quod
491 4669 783 4734 possidebat
809 4687 955 4723 suum
981 4681 1005 4717 ὅ
1027 4689 1137 4725 esse
1164 4673 1391 4738 dicebat;
1422 4676 1512 4728 sed
1544 4686 1692 4728 erant
1730 4677 1832 4729 illis

268 4756 435 4807 omnia
463 4762 753 4812 communia
795 4760 1015 4831 (Ibid);
1060 4778 1216 4818 nemo
1247 4765 1416 4832 enim,
1446 4767 1691 4834 inquam,
1719 4774 1837 4819 erat

334 4921 358 4985 ἐ
396 4912 633 4985 Uterque
660 4913 818 4968 codd.
849 4913 906 4969 S.
939 4914 1124 4971 Crucis
1165 4915 1215 4969 in
1253 4916 1395 4983 Jer.,
1436 4926 1490 4972 et
1520 4918 1637 4973 Vat.
1675 4919 1828 4985 1270,

262 4982 356 5035 cibi
385 4984 699 5048 defenderet.
740 5040 747 5047 ,

335 5052 358 5089 δ
395 5051 630 5122 Uterque
668 5052 821 5107 codd.
872 5053 928 5107 8.
961 5053 1145 5107 Crucis
1184 5054 1233 5107 in
1266 5054 1399 5121 Jer.,
1432 5056 1550 5110 Vat.
1588 5057 1745 5122 1270,
1776 5067 1831 5114 et

268 5119 511 5193 Laurent.
545 5119 580 5173 ῑι
608 5123 786 5189 legunt
809 5122 1134 5193 fraternitate
1161 5119 1413 5193 caritatis.

338 5200 359 5228 ε
400 5190 475 5245 Ex'
507 5200 735 5247 utroque
757 5190 875 5246 cad.
910 5192 965 5245 8.
999 5192 1184 5247 Crucis
1204 5193 1256 5245 in
1285 5192 1391 5247 Jer.

332 5261 354 5294 ά
394 5261 526 5313 Cod.
563 5260 628 5313 10
652 5260 928 5324 Laurent.,
961 5279 1048 5315 cor
1075 5279 1250 5325 unum,
1284 5274 1330 5315 et
1358 5266 1534 5318 anima
1562 5283 1685 5318 una.

338 5340 360 5365 υ
398 5330 541 5383 Idem
592 5331 711 5385 cod.
759 5330 846 5399 10,
895 5331 1030 5384 idem
1073 5333 1281 5402 spiritus
1320 5343 1415 5398 est,
1458 5344 1506 5388 et
1536 5337 1715 5388 eadem
1742 5354 1830 5389 vo-

270 5397 452 5451 lautas.

339 5468 354 5502 ί
395 5467 533 5543 Cod.
561 5467 1011 5543 hunelocum
1049 5470 1121 5524 ita
1146 5470 1305 5538 legit:
1336 5472 1515 5526 melior
1550 5474 1707 5543 igitur
1732 5484 1829 5536 est.

1937 4153 1960 4179 ο
1992 4144 2365 4197 dissimilitudo
2395 4154 2475 4197 est
2499 4187 2511 4205 ,
2543 4154 2599 4198 ut
2639 4147 2691 4198 in
2728 4157 2867 4201 cmtu
2908 4158 3096 4204 nostro
3138 4152 3227 4205 vix
3269 4153 3510 4209 invenias

1935 4233 2284 4302 locupletem;
2312 4233 2625 4301 lbcuplctem
2656 4244 2834 4288 autem
2861 4238 2943 4289 vix
2968 4238 3207 4293 invenire
3231 4242 3368 4306 dico,
3401 4260 3504 4296 nou

1934 4330 2043 4375 tam
2087 4321 2426 4375 facultatibus
2478 4337 2634 4388 quam
2681 4324 2958 4390 operibus;
2991 4326 3063 4377 ait
3108 4327 3251 4379 enim
3280 4328 3509 4395 Aposto-

1935 4411 2019 4467 lus
2052 4430 2063 4463 :
2096 4410 2291 4463 Bivites
2320 4412 2423 4464 sint
2461 4413 2514 4463 in
2555 4411 2792 4481 operibus
2822 4414 2966 4466 bonis
2998 4413 3063 4483 (1
3096 4413 3226 4467 Tim.
3260 4434 3310 4469 vi
3333 4418 3370 4484 ).
3405 4417 3509 4471 Lo-

1937 4503 2203 4571 cupletem
2232 4503 2372 4557 enim
2422 4503 2565 4570 illum
2595 4503 2647 4555 in
2679 4501 2915 4557 Ecclesia
2948 4505 3167 4572 intelligi
3201 4507 3384 4567 voluit,
3415 4508 3505 4576 qui

1940 4590 2087 4645 dives
2125 4600 2208 4646 est
2246 4593 2297 4645 in
2348 4591 2596 4655 Christo;
2630 4608 2750 4645 nam
2782 4602 2834 4646 et
2864 4593 2933 4646 ibi
2965 4593 3109 4661 quod
3137 4595 3211 4647 ait
3251 4595 3347 4647 sub
3376 4609 3509 4662 apo-

1941 4682 2091 4733 stolis
2130 4682 2396 4735 neminem
2444 4682 2766 4750 indigentem
2818 4682 3016 4743 fuisse,
3065 4684 3295 4737 ostendit
3324 4684 3507 4750 utique

1944 4779 2090 4824 tanta
2121 4787 2215 4824 eos
2241 4772 2408 4838 gratia
2440 4772 2559 4825 fidei
2589 4771 2749 4826 fuisse
2787 4772 3055 4842 praeditos,
3098 4779 3160 4827 ut
3185 4787 3372 4825 omnes
3399 4788 3509 4826 cos-

2011 4917 2050 5001 δ.
2075 4919 2209 5001 Cod.
2249 4919 2304 4973 S.
2350 4919 2537 5001 Crucis
2580 4919 2631 4972 in
2660 4918 2791 4983 Jer.,
2825 4926 2880 4973 et
2908 4919 3157 4973 Laurent.
3195 4922 3276 4985 l0,
3320 4930 3427 4976 toto
3455 4939 3509 4977 se

1936 4988 2233 5056 spoliabant
2295 4991 2591 5043 atrimania.

2014 5058 2030 5130 ἕ
2064 5058 2231 5113 Codd.
2344 5056 2530 5113 Crucis
2558 5059 2611 5112 in
2632 5056 2739 5110 Jer.
2766 5065 2820 5109 et
2845 5056 2963 5110 Vat.
3001 5055 3148 5122 1270,
3172 5062 3383 5113 esurire!
3407 5077 3507 5130 pro

1937 5129 2182 5199 auferret.
3181 5165 3187 5173 .

2011 5198 2026 5248 i
2067 5197 2202 5252 Cod.
2234 5198 2290 5252 8.
2320 5196 2504 5251 Crucis
2533 5197 2585 5249 in
2614 5194 2746 5259 Jer.,
2779 5195 3095 5263 pertrahunt.

2010 5267 2033 5304 ¹ί
2065 5266 2197 5320 Cod.
2228 5267 2284 5321 8.
2315 5266 2499 5320 Crucis
2525 5267 2576 5319 in
2604 5263 2735 5326 Jer.,
2760 5264 2979 5336 avaritia
3006 5274 3053 5317 et
3071 5267 3337 5336 _iniqui_tas.

2013 5336 2026 5373 ¹
2063 5336 2231 5390 Codd.
2265 5336 2297 5388 4
2325 5336 2577 5389 Laurent.
2610 5341 2665 5387 et
2695 5341 2803 5389 tres
2843 5332 2898 5386 S.
2931 5332 3112 5388 Crucis
3140 5332 3191 5389 in
3219 5334 3355 5403 Jer.,
3398 5348 3511 5392 tunc

1936 5408 2198 5484 enim_pro
2230 5415 2370 5484 tanta
2400 5405 2646 5484 ειζὶηξλη
2749 5482 2755 5484 _
2795 5482 2802 5484 _
2937 5473 2949 5484 _

2008 5487 2046 5512 η·
2077 5473 2150 5529 lia
2179 5476 2339 5529 etiam
2366 5475 2484 5528 cod.
2514 5473 2669 5540 1270,
2702 5482 2757 5527 ut
2786 5482 2905 5525 tunc
2932 5473 2982 5525 in
3013 5481 3279 5529 conventu.

269 5533 391 5613 sicut
410 5538 552 5613 dixi,
583 5537 774 5613 Christi
795 5541 1096 5613 fraternitas
1124 5533 1610 5613 quamufraternitds
1638 5533 1832 5598 carnis.
1863 5539 1916 5598 D
2009 5554 2037 5581 ιι
2065 5544 2197 5597 Cod.
2229 5544 2296 5596 90
2323 5544 2379 5597 S.
2409 5543 2599 5613 Crucis
2625 5533 2676 5597 in
2706 5543 2814 5598 Jer.
2847 5542 2972 5613 legit
2998 5558 3206 5613 suorum
3236 5558 3332 5613 pro
3360 5554 3473 5594 suo.

273 5605 367 5658 illa
396 5608 696 5676 fraternitas
715 5605 938 5662 carnalis
964 5605 1220 5663 interdum
1240 5605 1339 5664 sibi
1364 5612 1574 5664 inimica
1601 5621 1695 5676 est,
1724 5622 1827 5667 etc.

338 5684 360 5719 ε
399 5677 639 5742 Uterque
683 5677 804 5732 cod.
854 5677 910 5731 S.
953 5678 1137 5733 Crucis
1165 5680 1217 5734 in
1245 5678 1379 5743 Jer.,
1409 5689 1461 5735 et
1491 5679 1743 5736 Laurent.
1778 5681 1827 5741 1.

277 5755 409 5797 suum
429 5749 695 5817 proprium
722 5762 830 5805 esse
858 5747 1078 5802 dicebat.

1940 5685 1959 5736 Ι
2015 5623 2038 5695 ξ
2071 5613 2305 5681 Uterque
2332 5614 2452 5668 cod.
2484 5611 2539 5666 S.
2572 5612 2759 5669 Crucis
2785 5618 2837 5667 in
2865 5609 2972 5665 Jer.
3010 5620 3064 5665 et
3090 5609 3506 5665 Vatu'dissimu-

1961 5694 2087 5736 atto.

1961 5694 2087 5737 atto.
