  <div class='ocr_page' id='page_1' title='image "/cluster/home/n/w/nwhite01/storage/ocr_20150623/57/hvd.32044054758669/253.png"; bbox 0 0 4054 6190; ppageno 0'>
   <div class='ocr_carea' id='block_1_1' title="bbox 505 288 2115 364">
    <p class='ocr_par' dir='ltr' id='par_1_1' title="bbox 505 288 2115 364">
     <span class='ocr_line' id='line_1_1' title="bbox 505 288 2115 364; baseline -0.012 0"><span class='ocrx_word' id='word_1_1' title='bbox 505 307 610 364; x_wconf 78' lang='grc'><strong>475</strong></span> <span class='ocrx_word' id='word_1_2' title='bbox 1706 294 1762 348; x_wconf 89' lang='grc'>8.</span> <span class='ocrx_word' id='word_1_3' title='bbox 1805 290 2048 347; x_wconf 78' lang='lat' dir='ltr'><strong>MAXIM!</strong></span> <span class='ocrx_word' id='word_1_4' title='bbox 2088 288 2115 344; x_wconf 84' lang='grc'>1</span> 
     </span>
    </p>
   </div>
   <div class='ocr_carea' id='block_1_2' title="bbox 2220 288 3788 364">
    <p class='ocr_par' dir='ltr' id='par_1_2' title="bbox 2220 290 3788 348">
     <span class='ocr_line' id='line_1_2' title="bbox 2220 290 3788 348; baseline 0.001 -2"><span class='ocrx_word' id='word_1_5' title='bbox 2220 290 2545 348; x_wconf 60' lang='grc' dir='ltr'><strong>ῘῐὶΙΝΕΝ818</strong></span> <span class='ocrx_word' id='word_1_6' title='bbox 3693 294 3788 348; x_wconf 67' lang='grc'><strong>476</strong></span> 
     </span>
    </p>
   </div>
   <div class='ocr_carea' id='block_1_3' title="bbox 503 377 3788 477">
    <p class='ocr_par' dir='ltr' id='par_1_3' title="bbox 503 377 3788 477">
     <span class='ocr_line' id='line_1_3' title="bbox 503 377 3788 477; baseline -0.004 -2"><span class='ocrx_word' id='word_1_7' title='bbox 503 419 717 476; x_wconf 89' lang='lat' dir='ltr'><strong>lestium</strong></span> <span class='ocrx_word' id='word_1_8' title='bbox 745 415 1054 473; x_wconf 69' lang='lat' dir='ltr'><strong>divitiarum</strong></span> <span class='ocrx_word' id='word_1_9' title='bbox 1081 407 1472 466; x_wconf 88' lang='lat' dir='ltr'><strong>abundaverint</strong></span> <span class='ocrx_word' id='word_1_10' title='bbox 1493 405 1651 477; x_wconf 67' lang='lat'><strong>332</strong></span> <span class='ocrx_word' id='word_1_11' title='bbox 1669 403 1948 474; x_wconf 88' lang='lat' dir='ltr'><strong>largitate;</strong></span> <span class='ocrx_word' id='word_1_12' title='bbox 1972 416 2098 456; x_wconf 87' lang='lat' dir='ltr'><strong>raro</strong></span> <span class='ocrx_word' id='word_1_13' title='bbox 2125 412 2176 471; x_wconf 79' lang='grc' dir='ltr'>Α</span> <span class='ocrx_word' id='word_1_14' title='bbox 2204 400 2345 456; x_wconf 91' lang='lat' dir='ltr'><strong>didit</strong></span> <span class='ocrx_word' id='word_1_15' title='bbox 2395 410 2452 456; x_wconf 94' lang='lat' dir='ltr'><strong>et</strong></span> <span class='ocrx_word' id='word_1_16' title='bbox 2494 402 2742 458; x_wconf 77' lang='lat' dir='ltr'><strong>salutem.</strong></span> <span class='ocrx_word' id='word_1_17' title='bbox 2777 405 2916 459; x_wconf 87' lang='lat' dir='ltr'><strong>Dum</strong></span> <span class='ocrx_word' id='word_1_18' title='bbox 2970 404 3114 459; x_wconf 89' lang='lat' dir='ltr'><strong>enim</strong></span> <span class='ocrx_word' id='word_1_19' title='bbox 3143 377 3210 461; x_wconf 87' lang='lat' dir='ltr'><strong>ex</strong></span> <span class='ocrx_word' id='word_1_20' title='bbox 3251 418 3318 460; x_wconf 90' lang='lat' dir='ltr'><strong>eo</strong></span> <span class='ocrx_word' id='word_1_21' title='bbox 3346 404 3491 473; x_wconf 87' lang='lat' dir='ltr'><strong>quod</strong></span> <span class='ocrx_word' id='word_1_22' title='bbox 3532 404 3788 476; x_wconf 76' lang='lat' dir='ltr'><strong>promise-</strong></span> 
     </span>
    </p>
   </div>
   <div class='ocr_carea' id='block_1_4' title="bbox 507 491 3789 580">
    <p class='ocr_par' dir='ltr' id='par_1_4' title="bbox 507 491 3789 580">
     <span class='ocr_line' id='line_1_4' title="bbox 507 491 3789 580; baseline -0.005 -15"><span class='ocrx_word' id='word_1_23' title='bbox 507 511 668 580; x_wconf 89' lang='lat' dir='ltr'><strong>igitur</strong></span> <span class='ocrx_word' id='word_1_24' title='bbox 705 508 811 563; x_wconf 83' lang='lat' dir='ltr'><strong>hoc</strong></span> <span class='ocrx_word' id='word_1_25' title='bbox 854 514 1096 573; x_wconf 87' lang='lat' dir='ltr'><strong>tempore</strong></span> <span class='ocrx_word' id='word_1_26' title='bbox 1124 497 1425 554; x_wconf 85' lang='lat' dir='ltr'><strong>invenimus</strong></span> <span class='ocrx_word' id='word_1_27' title='bbox 1456 495 1508 550; x_wconf 92' lang='lat' dir='ltr'><strong>in</strong></span> <span class='ocrx_word' id='word_1_28' title='bbox 1549 493 1861 549; x_wconf 85' lang='lat' dir='ltr'><strong>Christiano</strong></span> <span class='ocrx_word' id='word_1_29' title='bbox 1883 491 2088 562; x_wconf 93' lang='lat' dir='ltr'><strong>populo</strong></span> <span class='ocrx_word' id='word_1_30' title='bbox 2155 535 2172 550; x_wconf 91' lang='lat'><strong>.</strong></span> <span class='ocrx_word' id='word_1_31' title='bbox 2204 499 2287 545; x_wconf 88' lang='lat' dir='ltr'><strong>rat</strong></span> <span class='ocrx_word' id='word_1_32' title='bbox 2337 499 2544 562; x_wconf 88' lang='lat' dir='ltr'><strong>partem</strong></span> <span class='ocrx_word' id='word_1_33' title='bbox 2589 492 2892 558; x_wconf 74' lang='lat' dir='ltr'><strong>subtraxit,</strong></span> <span class='ocrx_word' id='word_1_34' title='bbox 2944 494 3213 564; x_wconf 86' lang='lat' dir='ltr'><strong>sacrilegii</strong></span> <span class='ocrx_word' id='word_1_35' title='bbox 3261 491 3450 560; x_wconf 62' lang='lat' dir='ltr'><strong>simul;</strong></span> <span class='ocrx_word' id='word_1_36' title='bbox 3497 503 3555 550; x_wconf 91' lang='lat' dir='ltr'><strong>et</strong></span> <span class='ocrx_word' id='word_1_37' title='bbox 3593 493 3789 551; x_wconf 85' lang='lat' dir='ltr'><strong>fraudis</strong></span> 
     </span>
    </p>
   </div>
   <div class='ocr_carea' id='block_1_5' title="bbox 509 581 2086 669">
    <p class='ocr_par' dir='ltr' id='par_1_5' title="bbox 509 581 2086 669">
     <span class='ocr_line' id='line_1_5' title="bbox 509 581 2086 669; baseline -0.013 -15"><span class='ocrx_word' id='word_1_38' title='bbox 509 599 861 669; x_wconf 84' lang='lat' dir='ltr'><strong>locupletem;</strong></span> <span class='ocrx_word' id='word_1_39' title='bbox 906 593 1007 649; x_wconf 85' lang='lat' dir='ltr'><strong>etsi</strong></span> <span class='ocrx_word' id='word_1_40' title='bbox 1043 590 1286 662; x_wconf 86' lang='lat' dir='ltr'><strong>plerique</strong></span> <span class='ocrx_word' id='word_1_41' title='bbox 1316 588 1369 641; x_wconf 94' lang='lat' dir='ltr'><strong>in</strong></span> <span class='ocrx_word' id='word_1_42' title='bbox 1410 586 1657 642; x_wconf 86' lang='lat' dir='ltr'><strong>domibus</strong></span> <span class='ocrx_word' id='word_1_43' title='bbox 1699 599 1832 638; x_wconf 88' lang='lat' dir='ltr'><strong>auro</strong></span> <span class='ocrx_word' id='word_1_44' title='bbox 1864 584 1971 638; x_wconf 88' lang='lat' dir='ltr'><strong>sint</strong></span> <span class='ocrx_word' id='word_1_45' title='bbox 2001 581 2086 636; x_wconf 88' lang='lat' dir='ltr'><strong>di-</strong></span> 
     </span>
    </p>
   </div>
   <div class='ocr_carea' id='block_1_6' title="bbox 512 675 2089 756">
    <p class='ocr_par' dir='ltr' id='par_1_6' title="bbox 512 675 2089 756">
     <span class='ocr_line' id='line_1_6' title="bbox 512 675 2089 756; baseline -0.011 -12"><span class='ocrx_word' id='word_1_46' title='bbox 512 685 664 756; x_wconf 80' lang='lat' dir='ltr'><strong>vites,</strong></span> <span class='ocrx_word' id='word_1_47' title='bbox 710 698 890 743; x_wconf 85' lang='lat' dir='ltr'><strong>tamen</strong></span> <span class='ocrx_word' id='word_1_48' title='bbox 923 686 976 740; x_wconf 92' lang='lat' dir='ltr'><strong>in</strong></span> <span class='ocrx_word' id='word_1_49' title='bbox 1005 683 1241 738; x_wconf 85' lang='lat' dir='ltr'><strong>Ecclesia</strong></span> <span class='ocrx_word' id='word_1_50' title='bbox 1265 681 1474 750; x_wconf 90' lang='lat' dir='ltr'><strong>justitia</strong></span> <span class='ocrx_word' id='word_1_51' title='bbox 1503 686 1628 734; x_wconf 90' lang='lat' dir='ltr'><strong>sunt</strong></span> <span class='ocrx_word' id='word_1_52' title='bbox 1656 676 1927 741; x_wconf 88' lang='lat' dir='ltr'><strong>mendici;</strong></span> <span class='ocrx_word' id='word_1_53' title='bbox 1960 675 2089 729; x_wconf 90' lang='lat' dir='ltr'><strong>dum</strong></span> 
     </span>
    </p>
   </div>
   <div class='ocr_carea' id='block_1_7' title="bbox 514 769 2103 849">
    <p class='ocr_par' dir='ltr' id='par_1_7' title="bbox 514 769 2103 849">
     <span class='ocr_line' id='line_1_7' title="bbox 514 769 2103 849; baseline -0.013 -9"><span class='ocrx_word' id='word_1_54' title='bbox 514 785 659 840; x_wconf 91' lang='lat' dir='ltr'><strong>enim</strong></span> <span class='ocrx_word' id='word_1_55' title='bbox 683 783 824 838; x_wconf 89' lang='lat' dir='ltr'><strong>circa</strong></span> <span class='ocrx_word' id='word_1_56' title='bbox 855 793 1120 849; x_wconf 85' lang='lat' dir='ltr'><strong>pauperes</strong></span> <span class='ocrx_word' id='word_1_57' title='bbox 1147 791 1256 831; x_wconf 89' lang='lat' dir='ltr'><strong>non</strong></span> <span class='ocrx_word' id='word_1_58' title='bbox 1282 789 1379 844; x_wconf 89' lang='lat' dir='ltr'><strong>pro</strong></span> <span class='ocrx_word' id='word_1_59' title='bbox 1401 789 1468 828; x_wconf 91' lang='lat' dir='ltr'><strong>eo</strong></span> <span class='ocrx_word' id='word_1_60' title='bbox 1487 770 1634 841; x_wconf 90' lang='lat' dir='ltr'><strong>quod</strong></span> <span class='ocrx_word' id='word_1_61' title='bbox 1661 769 1954 841; x_wconf 70' lang='lat' dir='ltr'><strong>prmvalent</strong></span> <span class='ocrx_word' id='word_1_62' title='bbox 1976 782 2103 838; x_wconf 86' lang='lat' dir='ltr'><strong>ope-</strong></span> 
     </span>
    </p>
   </div>
   <div class='ocr_carea' id='block_1_8' title="bbox 512 858 2100 940">
    <p class='ocr_par' dir='ltr' id='par_1_8' title="bbox 512 858 2100 940">
     <span class='ocr_line' id='line_1_8' title="bbox 512 858 2100 940; baseline -0.012 -10"><span class='ocrx_word' id='word_1_63' title='bbox 512 883 730 940; x_wconf 78' lang='lat' dir='ltr'><strong>rantur;</strong></span> <span class='ocrx_word' id='word_1_64' title='bbox 762 888 862 927; x_wconf 91' lang='lat' dir='ltr'><strong>nec</strong></span> <span class='ocrx_word' id='word_1_65' title='bbox 890 879 973 926; x_wconf 91' lang='lat' dir='ltr'><strong>est</strong></span> <span class='ocrx_word' id='word_1_66' title='bbox 998 871 1101 925; x_wconf 87' lang='lat' dir='ltr'><strong>hoc</strong></span> <span class='ocrx_word' id='word_1_67' title='bbox 1130 875 1340 937; x_wconf 88' lang='lat' dir='ltr'><strong>gratum</strong></span> <span class='ocrx_word' id='word_1_68' title='bbox 1381 863 1527 936; x_wconf 91' lang='lat' dir='ltr'><strong>quod</strong></span> <span class='ocrx_word' id='word_1_69' title='bbox 1550 862 1799 928; x_wconf 83' lang='lat' dir='ltr'><strong>oilerunt,</strong></span> <span class='ocrx_word' id='word_1_70' title='bbox 1831 875 1932 914; x_wconf 90' lang='lat' dir='ltr'><strong>nec</strong></span> <span class='ocrx_word' id='word_1_71' title='bbox 1968 858 2100 913; x_wconf 91' lang='lat' dir='ltr'><strong>illud</strong></span> 
     </span>
    </p>
   </div>
   <div class='ocr_carea' id='block_1_9' title="bbox 512 949 2096 1034">
    <p class='ocr_par' dir='ltr' id='par_1_9' title="bbox 512 949 2096 1034">
     <span class='ocr_line' id='line_1_9' title="bbox 512 949 2096 1034; baseline -0.013 -12"><span class='ocrx_word' id='word_1_72' title='bbox 512 965 755 1022; x_wconf 88' lang='lat' dir='ltr'><strong>satiabile</strong></span> <span class='ocrx_word' id='word_1_73' title='bbox 796 963 942 1034; x_wconf 89' lang='lat' dir='ltr'><strong>quod</strong></span> <span class='ocrx_word' id='word_1_74' title='bbox 987 967 1284 1017; x_wconf 80' lang='lat' dir='ltr'><strong>reservant.</strong></span> <span class='ocrx_word' id='word_1_75' title='bbox 1341 955 1481 1012; x_wconf 90' lang='lat' dir='ltr'><strong>Dicit</strong></span> <span class='ocrx_word' id='word_1_76' title='bbox 1526 953 1786 1009; x_wconf 88' lang='lat' dir='ltr'><strong>Dominus</strong></span> <span class='ocrx_word' id='word_1_77' title='bbox 1832 950 1901 1006; x_wconf 90' lang='lat' dir='ltr'><strong>ad</strong></span> <span class='ocrx_word' id='word_1_78' title='bbox 1942 949 2096 1012; x_wconf 85' lang='lat' dir='ltr'><strong>Cain,</strong></span> 
     </span>
    </p>
   </div>
   <div class='ocr_carea' id='block_1_10' title="bbox 513 1043 2100 1112">
    <p class='ocr_par' dir='ltr' id='par_1_10' title="bbox 513 1043 2100 1112">
     <span class='ocr_line' id='line_1_10' title="bbox 513 1043 2100 1112; baseline -0.011 0"><span class='ocrx_word' id='word_1_79' title='bbox 513 1073 637 1112; x_wconf 91' lang='lat' dir='ltr'><strong>cum</strong></span> <span class='ocrx_word' id='word_1_80' title='bbox 665 1053 885 1111; x_wconf 81' lang='lat' dir='ltr'><strong>offerret</strong></span> <span class='ocrx_word' id='word_1_81' title='bbox 911 1065 1134 1106; x_wconf 88' lang='lat' dir='ltr'><strong>munera</strong></span> <span class='ocrx_word' id='word_1_82' title='bbox 1165 1065 1179 1103; x_wconf 90' lang='lat'>:</span> <span class='ocrx_word' id='word_1_83' title='bbox 1226 1047 1283 1103; x_wconf 91' lang='lat' dir='ltr'><strong>Si</strong></span> <span class='ocrx_word' id='word_1_84' title='bbox 1312 1055 1492 1102; x_wconf 87' lang='lat' dir='ltr'><strong>autem</strong></span> <span class='ocrx_word' id='word_1_85' title='bbox 1522 1052 1670 1100; x_wconf 91' lang='lat' dir='ltr'><strong>recte</strong></span> <span class='ocrx_word' id='word_1_86' title='bbox 1695 1043 1912 1112; x_wconf 74' lang='lat' dir='ltr'><strong>offeras,</strong></span> <span class='ocrx_word' id='word_1_87' title='bbox 1950 1048 2100 1096; x_wconf 88' lang='lat' dir='ltr'><strong>recte</strong></span> 
     </span>
    </p>
   </div>
   <div class='ocr_carea' id='block_1_11' title="bbox 514 1132 2096 1211">
    <p class='ocr_par' dir='ltr' id='par_1_11' title="bbox 514 1132 2096 1211">
     <span class='ocr_line' id='line_1_11' title="bbox 514 1132 2096 1211; baseline -0.012 -8"><span class='ocrx_word' id='word_1_88' title='bbox 514 1159 694 1203; x_wconf 85' lang='lat' dir='ltr'><strong>autem</strong></span> <span class='ocrx_word' id='word_1_89' title='bbox 741 1161 848 1200; x_wconf 85' lang='lat' dir='ltr'><strong>non</strong></span> <span class='ocrx_word' id='word_1_90' title='bbox 875 1142 1102 1209; x_wconf 91' lang='lat' dir='ltr'><strong>dividas,</strong></span> <span class='ocrx_word' id='word_1_91' title='bbox 1134 1151 1159 1178; x_wconf 74' lang='grc' dir='ltr'><strong><em>ιι</em></strong></span> <span class='ocrx_word' id='word_1_92' title='bbox 1195 1138 1429 1211; x_wconf 89' lang='lat' dir='ltr'><strong>peccasti</strong></span> <span class='ocrx_word' id='word_1_93' title='bbox 1476 1135 1628 1208; x_wconf 83' lang='lat' dir='ltr'><strong>(Gen.</strong></span> <span class='ocrx_word' id='word_1_94' title='bbox 1673 1135 1768 1206; x_wconf 76' lang='grc' dir='ltr'><strong>ιγ).</strong></span> <span class='ocrx_word' id='word_1_95' title='bbox 1803 1132 1892 1189; x_wconf 90' lang='lat' dir='ltr'><strong>Sic</strong></span> <span class='ocrx_word' id='word_1_96' title='bbox 1920 1142 1976 1187; x_wconf 93' lang='lat' dir='ltr'><strong>et</strong></span> <span class='ocrx_word' id='word_1_97' title='bbox 2015 1140 2096 1196; x_wconf 93' lang='lat' dir='ltr'><strong>tu,</strong></span> 
     </span>
    </p>
   </div>
   <div class='ocr_carea' id='block_1_12' title="bbox 513 1227 2097 1300">
    <p class='ocr_par' dir='ltr' id='par_1_12' title="bbox 513 1227 2097 1300">
     <span class='ocr_line' id='line_1_12' title="bbox 513 1227 2097 1300; baseline -0.011 -7"><span class='ocrx_word' id='word_1_98' title='bbox 513 1238 838 1300; x_wconf 86' lang='lat' dir='ltr'><strong>Christiane,</strong></span> <span class='ocrx_word' id='word_1_99' title='bbox 871 1251 981 1289; x_wconf 91' lang='lat' dir='ltr'><strong>non</strong></span> <span class='ocrx_word' id='word_1_100' title='bbox 1009 1241 1156 1288; x_wconf 90' lang='lat' dir='ltr'><strong>recte</strong></span> <span class='ocrx_word' id='word_1_101' title='bbox 1184 1229 1397 1294; x_wconf 90' lang='lat' dir='ltr'><strong>dividis,</strong></span> <span class='ocrx_word' id='word_1_102' title='bbox 1431 1228 1521 1296; x_wconf 90' lang='lat' dir='ltr'><strong>qui</strong></span> <span class='ocrx_word' id='word_1_103' title='bbox 1561 1227 1628 1281; x_wconf 87' lang='lat' dir='ltr'><strong>de</strong></span> <span class='ocrx_word' id='word_1_104' title='bbox 1658 1233 1810 1279; x_wconf 91' lang='lat' dir='ltr'><strong>tanto</strong></span> <span class='ocrx_word' id='word_1_105' title='bbox 1841 1239 1974 1278; x_wconf 87' lang='lat' dir='ltr'><strong>auro</strong></span> <span class='ocrx_word' id='word_1_106' title='bbox 2005 1231 2097 1276; x_wconf 92' lang='lat' dir='ltr'><strong>tuo</strong></span> 
     </span>
    </p>
   </div>
   <div class='ocr_carea' id='block_1_13' title="bbox 513 1315 2102 1399">
    <p class='ocr_par' dir='ltr' id='par_1_13' title="bbox 513 1315 2102 1399">
     <span class='ocr_line' id='line_1_13' title="bbox 513 1315 2102 1399; baseline -0.011 -14"><span class='ocrx_word' id='word_1_107' title='bbox 513 1329 774 1399; x_wconf 84' lang='lat' dir='ltr'><strong>majorem</strong></span> <span class='ocrx_word' id='word_1_108' title='bbox 813 1337 1021 1398; x_wconf 88' lang='lat' dir='ltr'><strong>partem</strong></span> <span class='ocrx_word' id='word_1_109' title='bbox 1051 1336 1369 1378; x_wconf 66' lang='lat' dir='ltr'><strong>mammonae</strong></span> <span class='ocrx_word' id='word_1_110' title='bbox 1399 1335 1640 1374; x_wconf 87' lang='lat' dir='ltr'><strong>reservas</strong></span> <span class='ocrx_word' id='word_1_111' title='bbox 1683 1332 1843 1386; x_wconf 88' lang='lat' dir='ltr'><strong>quam</strong></span> <span class='ocrx_word' id='word_1_112' title='bbox 1874 1315 2102 1370; x_wconf 89' lang='lat' dir='ltr'><strong>Domino</strong></span> 
     </span>
    </p>
   </div>
   <div class='ocr_carea' id='block_1_14' title="bbox 515 1406 2102 1489">
    <p class='ocr_par' dir='ltr' id='par_1_14' title="bbox 515 1406 2102 1489">
     <span class='ocr_line' id='line_1_14' title="bbox 515 1406 2102 1489; baseline -0.011 -13"><span class='ocrx_word' id='word_1_113' title='bbox 515 1421 794 1489; x_wconf 86' lang='lat' dir='ltr'><strong>largiaris;</strong></span> <span class='ocrx_word' id='word_1_114' title='bbox 837 1420 916 1474; x_wconf 91' lang='lat' dir='ltr'><strong>sic</strong></span> <span class='ocrx_word' id='word_1_115' title='bbox 943 1431 1176 1486; x_wconf 87' lang='lat' dir='ltr'><strong>namque</strong></span> <span class='ocrx_word' id='word_1_116' title='bbox 1207 1412 1440 1467; x_wconf 87' lang='lat' dir='ltr'><strong>Ananias</strong></span> <span class='ocrx_word' id='word_1_117' title='bbox 1470 1411 1525 1464; x_wconf 90' lang='lat' dir='ltr'><strong>in</strong></span> <span class='ocrx_word' id='word_1_118' title='bbox 1563 1408 1785 1464; x_wconf 87' lang='lat' dir='ltr'><strong>Actibus</strong></span> <span class='ocrx_word' id='word_1_119' title='bbox 1827 1406 2102 1476; x_wconf 84' lang='lat' dir='ltr'><strong>apostolo-</strong></span> 
     </span>
    </p>
   </div>
   <div class='ocr_carea' id='block_1_15' title="bbox 516 1499 2104 1582">
    <p class='ocr_par' dir='ltr' id='par_1_15' title="bbox 516 1499 2104 1582">
     <span class='ocr_line' id='line_1_15' title="bbox 516 1499 2104 1582; baseline -0.009 -15"><span class='ocrx_word' id='word_1_120' title='bbox 516 1530 654 1578; x_wconf 86' lang='lat' dir='ltr'><strong>rum,</strong></span> <span class='ocrx_word' id='word_1_121' title='bbox 686 1512 812 1566; x_wconf 91' lang='lat' dir='ltr'><strong>dum</strong></span> <span class='ocrx_word' id='word_1_122' title='bbox 841 1518 997 1582; x_wconf 88' lang='lat' dir='ltr'><strong>putat</strong></span> <span class='ocrx_word' id='word_1_123' title='bbox 1025 1525 1084 1564; x_wconf 89' lang='lat' dir='ltr'><strong>se</strong></span> <span class='ocrx_word' id='word_1_124' title='bbox 1121 1515 1268 1563; x_wconf 90' lang='lat' dir='ltr'><strong>recte</strong></span> <span class='ocrx_word' id='word_1_125' title='bbox 1308 1505 1522 1568; x_wconf 80' lang='lat' dir='ltr'><strong>ollerre,</strong></span> <span class='ocrx_word' id='word_1_126' title='bbox 1555 1511 1610 1558; x_wconf 92' lang='lat' dir='ltr'><strong>et</strong></span> <span class='ocrx_word' id='word_1_127' title='bbox 1639 1518 1746 1558; x_wconf 89' lang='lat' dir='ltr'><strong>non</strong></span> <span class='ocrx_word' id='word_1_128' title='bbox 1782 1507 1930 1557; x_wconf 92' lang='lat' dir='ltr'><strong>recte</strong></span> <span class='ocrx_word' id='word_1_129' title='bbox 1969 1499 2104 1555; x_wconf 88' lang='lat' dir='ltr'><strong>divi-</strong></span> 
     </span>
    </p>
   </div>
   <div class='ocr_carea' id='block_1_16' title="bbox 515 1590 2104 1672">
    <p class='ocr_par' dir='ltr' id='par_1_16' title="bbox 515 1590 2104 1672">
     <span class='ocr_line' id='line_1_16' title="bbox 515 1590 2104 1672; baseline -0.009 -14"><span class='ocrx_word' id='word_1_130' title='bbox 515 1603 610 1668; x_wconf 89' lang='lat' dir='ltr'><strong>dit,</strong></span> <span class='ocrx_word' id='word_1_131' title='bbox 636 1602 919 1672; x_wconf 86' lang='lat' dir='ltr'><strong>pecuniam</strong></span> <span class='ocrx_word' id='word_1_132' title='bbox 957 1614 1116 1669; x_wconf 90' lang='lat' dir='ltr'><strong>quam</strong></span> <span class='ocrx_word' id='word_1_133' title='bbox 1146 1597 1362 1664; x_wconf 88' lang='lat' dir='ltr'><strong>obtulit,</strong></span> <span class='ocrx_word' id='word_1_134' title='bbox 1403 1593 1651 1666; x_wconf 83' lang='lat' dir='ltr'><strong>perdidit,</strong></span> <span class='ocrx_word' id='word_1_135' title='bbox 1683 1602 1739 1648; x_wconf 92' lang='lat' dir='ltr'><strong>et</strong></span> <span class='ocrx_word' id='word_1_136' title='bbox 1770 1607 1930 1662; x_wconf 90' lang='lat' dir='ltr'><strong>quam</strong></span> <span class='ocrx_word' id='word_1_137' title='bbox 1959 1590 2104 1645; x_wconf 90' lang='lat' dir='ltr'><strong>domi</strong></span> 
     </span>
    </p>
   </div>
   <div class='ocr_carea' id='block_1_17' title="bbox 517 1684 2107 1762">
    <p class='ocr_par' dir='ltr' id='par_1_17' title="bbox 517 1684 2107 1762">
     <span class='ocr_line' id='line_1_17' title="bbox 517 1684 2107 1762; baseline -0.009 -13"><span class='ocrx_word' id='word_1_138' title='bbox 517 1694 810 1751; x_wconf 84' lang='lat' dir='ltr'><strong>reservavit</strong></span> <span class='ocrx_word' id='word_1_139' title='bbox 837 1693 1047 1757; x_wconf 90' lang='lat' dir='ltr'><strong>amisit;</strong></span> <span class='ocrx_word' id='word_1_140' title='bbox 1085 1690 1386 1762; x_wconf 88' lang='lat' dir='ltr'><strong>pecuniam,</strong></span> <span class='ocrx_word' id='word_1_141' title='bbox 1431 1687 1669 1755; x_wconf 90' lang='lat' dir='ltr'><strong>inquam,</strong></span> <span class='ocrx_word' id='word_1_142' title='bbox 1714 1684 1937 1755; x_wconf 86' lang='lat' dir='ltr'><strong>pariter,</strong></span> <span class='ocrx_word' id='word_1_143' title='bbox 1982 1697 2107 1753; x_wconf 92' lang='lat' dir='ltr'><strong>per-</strong></span> 
     </span>
    </p>
   </div>
   <div class='ocr_carea' id='block_1_18' title="bbox 2207 581 3789 656">
    <p class='ocr_par' dir='ltr' id='par_1_18' title="bbox 2207 581 3789 656">
     <span class='ocr_line' id='line_1_18' title="bbox 2207 581 3789 656; baseline 0.003 -20"><span class='ocrx_word' id='word_1_144' title='bbox 2207 581 2640 650; x_wconf 86' lang='lat' dir='ltr'><strong>condemnatur;</strong></span> <span class='ocrx_word' id='word_1_145' title='bbox 2685 583 2976 654; x_wconf 81' lang='lat' dir='ltr'><strong>sacrilegii,</strong></span> <span class='ocrx_word' id='word_1_146' title='bbox 3004 584 3152 653; x_wconf 90' lang='lat' dir='ltr'><strong>quod</strong></span> <span class='ocrx_word' id='word_1_147' title='bbox 3185 586 3208 622; x_wconf 66' lang='grc' dir='ltr'><strong>ι»</strong></span> <span class='ocrx_word' id='word_1_148' title='bbox 3241 585 3410 640; x_wconf 87' lang='lat' dir='ltr'><strong>Deum</strong></span> <span class='ocrx_word' id='word_1_149' title='bbox 3437 585 3490 639; x_wconf 86' lang='lat' dir='ltr'><strong>in</strong></span> <span class='ocrx_word' id='word_1_150' title='bbox 3522 584 3789 656; x_wconf 69' lang='lat' dir='ltr'><strong>pollicita~</strong></span> 
     </span>
    </p>
   </div>
   <div class='ocr_carea' id='block_1_19' title="bbox 2210 672 3791 744">
    <p class='ocr_par' dir='ltr' id='par_1_19' title="bbox 2210 672 3791 744">
     <span class='ocr_line' id='line_1_19' title="bbox 2210 672 3791 744; baseline 0.001 -18"><span class='ocrx_word' id='word_1_151' title='bbox 2210 673 2358 729; x_wconf 89' lang='lat' dir='ltr'><strong>tione</strong></span> <span class='ocrx_word' id='word_1_152' title='bbox 2401 672 2630 741; x_wconf 82' lang='lat' dir='ltr'><strong>fefellit;</strong></span> <span class='ocrx_word' id='word_1_153' title='bbox 2683 673 2904 741; x_wconf 87' lang='lat' dir='ltr'><strong>fraudis,</strong></span> <span class='ocrx_word' id='word_1_154' title='bbox 2936 676 3082 743; x_wconf 88' lang='lat' dir='ltr'><strong>quod</strong></span> <span class='ocrx_word' id='word_1_155' title='bbox 3127 675 3195 730; x_wconf 91' lang='lat' dir='ltr'><strong>de</strong></span> <span class='ocrx_word' id='word_1_156' title='bbox 3224 676 3446 744; x_wconf 72' lang='lat' dir='ltr'><strong>integris</strong></span> <span class='ocrx_word' id='word_1_157' title='bbox 3483 677 3791 732; x_wconf 86' lang='lat' dir='ltr'><strong>muneribus</strong></span> 
     </span>
    </p>
   </div>
   <div class='ocr_carea' id='block_1_20' title="bbox 2200 765 3792 836">
    <p class='ocr_par' dir='ltr' id='par_1_20' title="bbox 2200 765 3792 836">
     <span class='ocr_line' id='line_1_20' title="bbox 2200 765 3792 836; baseline 0 -16"><span class='ocrx_word' id='word_1_158' title='bbox 2200 765 2506 836; x_wconf 90' lang='lat' dir='ltr'><strong>portionem</strong></span> <span class='ocrx_word' id='word_1_159' title='bbox 2532 765 2819 835; x_wconf 86' lang='lat' dir='ltr'><strong>quamdam</strong></span> <span class='ocrx_word' id='word_1_160' title='bbox 2844 766 3050 836; x_wconf 90' lang='lat' dir='ltr'><strong>putavit</strong></span> <span class='ocrx_word' id='word_1_161' title='bbox 3069 766 3522 833; x_wconf 87' lang='lat' dir='ltr'><strong>subtrahendam;</strong></span> <span class='ocrx_word' id='word_1_162' title='bbox 3546 767 3625 820; x_wconf 90' lang='lat' dir='ltr'><strong>ait</strong></span> <span class='ocrx_word' id='word_1_163' title='bbox 3647 766 3792 822; x_wconf 90' lang='lat' dir='ltr'><strong>enim</strong></span> 
     </span>
    </p>
   </div>
   <div class='ocr_carea' id='block_1_21' title="bbox 2205 857 3793 930">
    <p class='ocr_par' dir='ltr' id='par_1_21' title="bbox 2205 857 3793 930">
     <span class='ocr_line' id='line_1_21' title="bbox 2205 857 3793 930; baseline 0 -18"><span class='ocrx_word' id='word_1_164' title='bbox 2205 858 2454 929; x_wconf 83' lang='lat' dir='ltr'><strong>apotolus</strong></span> <span class='ocrx_word' id='word_1_165' title='bbox 2503 859 2692 914; x_wconf 87' lang='lat' dir='ltr'><strong>Petrus</strong></span> <span class='ocrx_word' id='word_1_166' title='bbox 2735 877 2747 911; x_wconf 92' lang='lat'>:</span> <span class='ocrx_word' id='word_1_167' title='bbox 2801 857 2924 930; x_wconf 83' lang='lat' dir='ltr'><strong>Non</strong></span> <span class='ocrx_word' id='word_1_168' title='bbox 2966 876 3022 913; x_wconf 84' lang='lat' dir='ltr'><strong>es</strong></span> <span class='ocrx_word' id='word_1_169' title='bbox 3060 859 3304 913; x_wconf 80' lang='lat' dir='ltr'><strong>mentitus</strong></span> <span class='ocrx_word' id='word_1_170' title='bbox 3333 857 3660 924; x_wconf 74' lang='lat' dir='ltr'><strong>hominibus,</strong></span> <span class='ocrx_word' id='word_1_171' title='bbox 3701 859 3793 912; x_wconf 81' lang='lat' dir='ltr'><strong>sed</strong></span> 
     </span>
    </p>
   </div>
   <div class='ocr_carea' id='block_1_22' title="bbox 2205 947 3792 1021">
    <p class='ocr_par' dir='ltr' id='par_1_22' title="bbox 2205 947 3792 1021">
     <span class='ocr_line' id='line_1_22' title="bbox 2205 947 3792 1021; baseline 0.003 -19"><span class='ocrx_word' id='word_1_172' title='bbox 2205 948 2317 1004; x_wconf 81' lang='lat' dir='ltr'><strong>Deo</strong></span> <span class='ocrx_word' id='word_1_173' title='bbox 2345 949 2489 1021; x_wconf 82' lang='lat' dir='ltr'><strong>(Act.</strong></span> <span class='ocrx_word' id='word_1_174' title='bbox 2536 949 2614 1020; x_wconf 79' lang='grc' dir='ltr'><strong>ν).</strong></span> <span class='ocrx_word' id='word_1_175' title='bbox 2656 947 2715 1004; x_wconf 90' lang='lat' dir='ltr'><strong>Si</strong></span> <span class='ocrx_word' id='word_1_176' title='bbox 2743 962 2895 1018; x_wconf 90' lang='lat' dir='ltr'><strong>ergo,</strong></span> <span class='ocrx_word' id='word_1_177' title='bbox 2935 948 3161 1008; x_wconf 83' lang='lat' dir='ltr'><strong>fratres.</strong></span> <span class='ocrx_word' id='word_1_178' title='bbox 3193 949 3432 1004; x_wconf 82' lang='lat' dir='ltr'><strong>Auanias</strong></span> <span class='ocrx_word' id='word_1_179' title='bbox 3466 949 3792 1006; x_wconf 85' lang='lat' dir='ltr'><strong>condemna-</strong></span> 
     </span>
    </p>
   </div>
   <div class='ocr_carea' id='block_1_23' title="bbox 2204 1039 3792 1110">
    <p class='ocr_par' dir='ltr' id='par_1_23' title="bbox 2204 1039 3792 1110">
     <span class='ocr_line' id='line_1_23' title="bbox 2204 1039 3792 1110; baseline 0 -15"><span class='ocrx_word' id='word_1_180' title='bbox 2204 1049 2292 1095; x_wconf 88' lang='lat' dir='ltr'><strong>tur</strong></span> <span class='ocrx_word' id='word_1_181' title='bbox 2319 1055 2440 1095; x_wconf 92' lang='lat' dir='ltr'><strong>cum</strong></span> <span class='ocrx_word' id='word_1_182' title='bbox 2470 1055 2578 1094; x_wconf 92' lang='lat' dir='ltr'><strong>non</strong></span> <span class='ocrx_word' id='word_1_183' title='bbox 2607 1047 2781 1095; x_wconf 92' lang='lat' dir='ltr'><strong>totum</strong></span> <span class='ocrx_word' id='word_1_184' title='bbox 2811 1039 3020 1095; x_wconf 89' lang='lat' dir='ltr'><strong>dederit</strong></span> <span class='ocrx_word' id='word_1_185' title='bbox 3049 1039 3192 1110; x_wconf 90' lang='lat' dir='ltr'><strong>quod</strong></span> <span class='ocrx_word' id='word_1_186' title='bbox 3221 1040 3288 1095; x_wconf 90' lang='lat' dir='ltr'><strong>de</strong></span> <span class='ocrx_word' id='word_1_187' title='bbox 3315 1055 3416 1095; x_wconf 86' lang='lat' dir='ltr'><strong>suo</strong></span> <span class='ocrx_word' id='word_1_188' title='bbox 3455 1039 3573 1108; x_wconf 91' lang='lat' dir='ltr'><strong>ipse</strong></span> <span class='ocrx_word' id='word_1_189' title='bbox 3599 1054 3792 1110; x_wconf 90' lang='lat' dir='ltr'><strong>propo-</strong></span> 
     </span>
    </p>
   </div>
   <div class='ocr_carea' id='block_1_24' title="bbox 2205 1130 3789 1203">
    <p class='ocr_par' dir='ltr' id='par_1_24' title="bbox 2205 1130 3789 1203">
     <span class='ocr_line' id='line_1_24' title="bbox 2205 1130 3789 1203; baseline -0.001 -13"><span class='ocrx_word' id='word_1_190' title='bbox 2205 1143 2389 1200; x_wconf 87' lang='lat' dir='ltr'><strong>serat,</strong></span> <span class='ocrx_word' id='word_1_191' title='bbox 2430 1135 2557 1203; x_wconf 86' lang='lat' dir='ltr'><strong>quid</strong></span> <span class='ocrx_word' id='word_1_192' title='bbox 2597 1149 2882 1189; x_wconf 88' lang='lat' dir='ltr'><strong>censemus</strong></span> <span class='ocrx_word' id='word_1_193' title='bbox 2923 1134 2993 1188; x_wconf 93' lang='lat' dir='ltr'><strong>de</strong></span> <span class='ocrx_word' id='word_1_194' title='bbox 3033 1149 3100 1188; x_wconf 92' lang='lat' dir='ltr'><strong>eo</strong></span> <span class='ocrx_word' id='word_1_195' title='bbox 3129 1133 3222 1202; x_wconf 90' lang='lat' dir='ltr'><strong>qui</strong></span> <span class='ocrx_word' id='word_1_196' title='bbox 3268 1149 3376 1187; x_wconf 89' lang='lat' dir='ltr'><strong>non</strong></span> <span class='ocrx_word' id='word_1_197' title='bbox 3405 1133 3522 1186; x_wconf 93' lang='lat' dir='ltr'><strong>vult</strong></span> <span class='ocrx_word' id='word_1_198' title='bbox 3568 1130 3789 1188; x_wconf 87' lang='lat' dir='ltr'><strong>reddere</strong></span> 
     </span>
    </p>
   </div>
   <div class='ocr_carea' id='block_1_25' title="bbox 2204 1223 3785 1298">
    <p class='ocr_par' dir='ltr' id='par_1_25' title="bbox 2204 1223 3785 1298">
     <span class='ocr_line' id='line_1_25' title="bbox 2204 1223 3785 1298; baseline -0.004 -16"><span class='ocrx_word' id='word_1_199' title='bbox 2204 1226 2349 1298; x_wconf 90' lang='lat' dir='ltr'><strong>quod</strong></span> <span class='ocrx_word' id='word_1_200' title='bbox 2382 1237 2403 1264; x_wconf 75' lang='grc' dir='ltr'><strong>ο</strong></span> <span class='ocrx_word' id='word_1_201' title='bbox 2435 1227 2572 1280; x_wconf 86' lang='lat' dir='ltr'><strong>alius</strong></span> <span class='ocrx_word' id='word_1_202' title='bbox 2599 1226 2945 1296; x_wconf 86' lang='lat' dir='ltr'><strong>repromisit?</strong></span> <span class='ocrx_word' id='word_1_203' title='bbox 2971 1224 3158 1280; x_wconf 86' lang='lat' dir='ltr'><strong>Videte</strong></span> <span class='ocrx_word' id='word_1_204' title='bbox 3187 1239 3318 1294; x_wconf 88' lang='lat' dir='ltr'><strong>ergo</strong></span> <span class='ocrx_word' id='word_1_205' title='bbox 3345 1232 3401 1278; x_wconf 92' lang='lat' dir='ltr'><strong>et</strong></span> <span class='ocrx_word' id='word_1_206' title='bbox 3427 1240 3547 1288; x_wconf 87' lang='lat' dir='ltr'><strong>vos,</strong></span> <span class='ocrx_word' id='word_1_207' title='bbox 3579 1223 3785 1283; x_wconf 84' lang='lat' dir='ltr'><strong>fratres,</strong></span> 
     </span>
    </p>
   </div>
   <div class='ocr_carea' id='block_1_26' title="bbox 2208 1319 3792 1391">
    <p class='ocr_par' dir='ltr' id='par_1_26' title="bbox 2208 1319 3792 1391">
     <span class='ocr_line' id='line_1_26' title="bbox 2208 1319 3792 1391; baseline 0 -17"><span class='ocrx_word' id='word_1_208' title='bbox 2208 1319 2339 1391; x_wconf 88' lang='lat' dir='ltr'><strong>quid</strong></span> <span class='ocrx_word' id='word_1_209' title='bbox 2367 1319 2723 1390; x_wconf 87' lang='lat' dir='ltr'><strong>promiseritis</strong></span> <span class='ocrx_word' id='word_1_210' title='bbox 2753 1319 2864 1373; x_wconf 93' lang='lat' dir='ltr'><strong>Deo</strong></span> <span class='ocrx_word' id='word_1_211' title='bbox 2887 1360 2901 1384; x_wconf 99' lang='lat'><strong>,</strong></span> <span class='ocrx_word' id='word_1_212' title='bbox 2945 1335 3068 1373; x_wconf 90' lang='lat' dir='ltr'><strong>cum</strong></span> <span class='ocrx_word' id='word_1_213' title='bbox 3118 1320 3350 1389; x_wconf 90' lang='lat' dir='ltr'><strong>primum</strong></span> <span class='ocrx_word' id='word_1_214' title='bbox 3395 1321 3627 1388; x_wconf 77' lang='lat' dir='ltr'><strong>gratiam</strong></span> <span class='ocrx_word' id='word_1_215' title='bbox 3673 1319 3792 1374; x_wconf 84' lang='lat' dir='ltr'><strong>lidei</strong></span> 
     </span>
    </p>
   </div>
   <div class='ocr_carea' id='block_1_27' title="bbox 2208 1409 3792 1483">
    <p class='ocr_par' dir='ltr' id='par_1_27' title="bbox 2208 1409 3792 1483">
     <span class='ocr_line' id='line_1_27' title="bbox 2208 1409 3792 1483; baseline -0.003 -16"><span class='ocrx_word' id='word_1_216' title='bbox 2208 1413 2542 1483; x_wconf 89' lang='lat' dir='ltr'><strong>percepistis.</strong></span> <span class='ocrx_word' id='word_1_217' title='bbox 2575 1411 2716 1468; x_wconf 85' lang='lat' dir='ltr'><strong>Ecce</strong></span> <span class='ocrx_word' id='word_1_218' title='bbox 2742 1411 3024 1467; x_wconf 89' lang='lat' dir='ltr'><strong>abundant</strong></span> <span class='ocrx_word' id='word_1_219' title='bbox 3065 1412 3116 1465; x_wconf 94' lang='lat' dir='ltr'><strong>in</strong></span> <span class='ocrx_word' id='word_1_220' title='bbox 3145 1412 3363 1466; x_wconf 89' lang='lat' dir='ltr'><strong>civitate</strong></span> <span class='ocrx_word' id='word_1_221' title='bbox 3399 1419 3584 1466; x_wconf 88' lang='lat' dir='ltr'><strong>nostra</strong></span> <span class='ocrx_word' id='word_1_222' title='bbox 3613 1409 3792 1480; x_wconf 82' lang='lat' dir='ltr'><strong>hospi-</strong></span> 
     </span>
    </p>
   </div>
   <div class='ocr_carea' id='block_1_28' title="bbox 2209 1502 3792 1574">
    <p class='ocr_par' dir='ltr' id='par_1_28' title="bbox 2209 1502 3792 1574">
     <span class='ocr_line' id='line_1_28' title="bbox 2209 1502 3792 1574; baseline -0.001 -18"><span class='ocrx_word' id='word_1_223' title='bbox 2209 1509 2292 1558; x_wconf 90' lang='lat' dir='ltr'><strong>tes</strong></span> <span class='ocrx_word' id='word_1_224' title='bbox 2333 1504 2446 1558; x_wconf 88' lang='lat' dir='ltr'><strong>sive</strong></span> <span class='ocrx_word' id='word_1_225' title='bbox 2503 1503 2768 1574; x_wconf 80' lang='lat' dir='ltr'><strong>peregrini</strong></span> <span class='ocrx_word' id='word_1_226' title='bbox 2799 1521 2810 1556; x_wconf 93' lang='lat'><strong>:</strong></span> <span class='ocrx_word' id='word_1_227' title='bbox 2840 1503 3003 1558; x_wconf 83' lang='lat' dir='ltr'><strong>facite</strong></span> <span class='ocrx_word' id='word_1_228' title='bbox 3047 1502 3192 1572; x_wconf 91' lang='lat' dir='ltr'><strong>quod</strong></span> <span class='ocrx_word' id='word_1_229' title='bbox 3237 1503 3465 1573; x_wconf 88' lang='lat' dir='ltr'><strong>polliciti</strong></span> <span class='ocrx_word' id='word_1_230' title='bbox 3513 1503 3645 1558; x_wconf 87' lang='lat' dir='ltr'><strong>estis</strong></span> <span class='ocrx_word' id='word_1_231' title='bbox 3671 1544 3688 1568; x_wconf 95' lang='lat'><strong>,</strong></span> <span class='ocrx_word' id='word_1_232' title='bbox 3728 1517 3792 1556; x_wconf 82' lang='lat' dir='ltr'><strong>ne</strong></span> 
     </span>
    </p>
   </div>
   <div class='ocr_carea' id='block_1_29' title="bbox 2210 1591 3795 1664">
    <p class='ocr_par' dir='ltr' id='par_1_29' title="bbox 2210 1591 3795 1664">
     <span class='ocr_line' id='line_1_29' title="bbox 2210 1591 3795 1664; baseline -0.005 -15"><span class='ocrx_word' id='word_1_233' title='bbox 2210 1595 2418 1650; x_wconf 89' lang='lat' dir='ltr'><strong>dicatur</strong></span> <span class='ocrx_word' id='word_1_234' title='bbox 2439 1603 2494 1648; x_wconf 90' lang='lat' dir='ltr'><strong>et</strong></span> <span class='ocrx_word' id='word_1_235' title='bbox 2522 1594 2675 1648; x_wconf 90' lang='lat' dir='ltr'><strong>vobis</strong></span> <span class='ocrx_word' id='word_1_236' title='bbox 2707 1592 2855 1664; x_wconf 90' lang='lat' dir='ltr'><strong>quod</strong></span> <span class='ocrx_word' id='word_1_237' title='bbox 2885 1594 3104 1647; x_wconf 80' lang='lat' dir='ltr'><strong>Anania:</strong></span> <span class='ocrx_word' id='word_1_238' title='bbox 3129 1592 3332 1648; x_wconf 85' lang='lat' dir='ltr'><strong>dictum</strong></span> <span class='ocrx_word' id='word_1_239' title='bbox 3359 1600 3446 1648; x_wconf 87' lang='lat' dir='ltr'><strong>est</strong></span> <span class='ocrx_word' id='word_1_240' title='bbox 3476 1609 3492 1646; x_wconf 86' lang='lat'><strong>:</strong></span> <span class='ocrx_word' id='word_1_241' title='bbox 3514 1591 3633 1647; x_wconf 84' lang='lat' dir='ltr'><strong>Non</strong></span> <span class='ocrx_word' id='word_1_242' title='bbox 3655 1607 3795 1644; x_wconf 82' lang='lat' dir='ltr'><strong>men-</strong></span> 
     </span>
    </p>
   </div>
   <div class='ocr_carea' id='block_1_30' title="bbox 2215 1685 3092 1748">
    <p class='ocr_par' dir='ltr' id='par_1_30' title="bbox 2215 1685 3092 1748">
     <span class='ocr_line' id='line_1_30' title="bbox 2215 1685 3092 1748; baseline -0.001 -9"><span class='ocrx_word' id='word_1_243' title='bbox 2215 1685 2296 1740; x_wconf 93' lang='lat' dir='ltr'><strong>titi</strong></span> <span class='ocrx_word' id='word_1_244' title='bbox 2325 1685 2456 1740; x_wconf 88' lang='lat' dir='ltr'><strong>estis</strong></span> <span class='ocrx_word' id='word_1_245' title='bbox 2480 1685 2806 1748; x_wconf 90' lang='lat' dir='ltr'><strong>hominibus,</strong></span> <span class='ocrx_word' id='word_1_246' title='bbox 2837 1685 2932 1740; x_wconf 89' lang='lat' dir='ltr'><strong>sed</strong></span> <span class='ocrx_word' id='word_1_247' title='bbox 2960 1685 3092 1739; x_wconf 87' lang='lat' dir='ltr'><strong>Deo.</strong></span> 
     </span>
    </p>
   </div>
   <div class='ocr_carea' id='block_1_31' title="bbox 1871 1798 2479 1862">
    <p class='ocr_par' dir='ltr' id='par_1_31' title="bbox 1871 1798 2479 1862">
     <span class='ocr_line' id='line_1_31' title="bbox 1871 1798 2479 1862; baseline -0.002 -3"><span class='ocrx_word' id='word_1_248' title='bbox 1871 1798 2217 1861; x_wconf 82' lang='lat' dir='ltr'><strong>HOMILIA</strong></span> <span class='ocrx_word' id='word_1_249' title='bbox 2259 1799 2479 1862; x_wconf 83' lang='lat' dir='ltr'><strong>XCVI.</strong></span> 
     </span>
    </p>
   </div>
   <div class='ocr_carea' id='block_1_32' title="bbox 1785 1898 2515 1971">
    <p class='ocr_par' dir='ltr' id='par_1_32' title="bbox 1785 1898 2515 1971">
     <span class='ocr_line' id='line_1_32' title="bbox 1785 1898 2515 1971; baseline 0.003 -19"><span class='ocrx_word' id='word_1_250' title='bbox 1785 1898 1864 1953; x_wconf 86' lang='lat' dir='ltr'><strong>De</strong></span> <span class='ocrx_word' id='word_1_251' title='bbox 1892 1900 2072 1954; x_wconf 85' lang='lat' dir='ltr'><strong>eodem</strong></span> <span class='ocrx_word' id='word_1_252' title='bbox 2099 1911 2402 1971; x_wconf 79' lang='lat' dir='ltr'><strong>argumento</strong></span> <span class='ocrx_word' id='word_1_253' title='bbox 2433 1900 2515 1954; x_wconf 80' lang='lat' dir='ltr'><strong>II.</strong></span> 
     </span>
    </p>
   </div>
   <div class='ocr_carea' id='block_1_33' title="bbox 1961 1993 2352 2050">
    <p class='ocr_par' dir='ltr' id='par_1_33' title="bbox 1961 1993 2352 2050">
     <span class='ocr_line' id='line_1_33' title="bbox 1961 1993 2352 2050; baseline 0.005 -3"><span class='ocrx_word' id='word_1_254' title='bbox 1961 1993 2352 2050; x_wconf 80' lang='lat' dir='ltr'><strong>ADMONITIO.</strong></span> 
     </span>
    </p>
   </div>
   <div class='ocr_carea' id='block_1_34' title="bbox 589 2080 3799 2156">
    <p class='ocr_par' dir='ltr' id='par_1_34' title="bbox 589 2080 3799 2156">
     <span class='ocr_line' id='line_1_34' title="bbox 589 2080 3799 2156; baseline -0 -13"><span class='ocrx_word' id='word_1_255' title='bbox 589 2089 697 2144; x_wconf 84' lang='lat' dir='ltr'><strong>Res</strong></span> <span class='ocrx_word' id='word_1_256' title='bbox 724 2086 792 2141; x_wconf 90' lang='lat' dir='ltr'><strong>de</strong></span> <span class='ocrx_word' id='word_1_257' title='bbox 819 2099 922 2155; x_wconf 89' lang='lat' dir='ltr'><strong>qua</strong></span> <span class='ocrx_word' id='word_1_258' title='bbox 953 2084 1128 2156; x_wconf 80' lang='lat' dir='ltr'><strong>agitur</strong></span> <span class='ocrx_word' id='word_1_259' title='bbox 1150 2084 1252 2156; x_wconf 78' lang='lat' dir='ltr'><strong>hac</strong></span> <span class='ocrx_word' id='word_1_260' title='bbox 1280 2083 1336 2156; x_wconf 84' lang='lat' dir='ltr'><strong>in</strong></span> <span class='ocrx_word' id='word_1_261' title='bbox 1365 2083 1605 2149; x_wconf 89' lang='lat' dir='ltr'><strong>homilia,</strong></span> <span class='ocrx_word' id='word_1_262' title='bbox 1628 2080 1897 2156; x_wconf 74' lang='lat' dir='ltr'><strong>_Gennadii</strong></span> <span class='ocrx_word' id='word_1_263' title='bbox 1925 2083 2246 2156; x_wconf 71' lang='lat' dir='ltr'><strong>auctoritas,</strong></span> <span class='ocrx_word' id='word_1_264' title='bbox 2279 2084 2523 2140; x_wconf 90' lang='lat' dir='ltr'><strong>codicum</strong></span> <span class='ocrx_word' id='word_1_265' title='bbox 2553 2084 3122 2156; x_wconf 61' lang='lat' dir='ltr'><strong>pragstantissimorum</strong></span> <span class='ocrx_word' id='word_1_266' title='bbox 3156 2085 3484 2151; x_wconf 87' lang='lat' dir='ltr'><strong>testimonia,</strong></span> <span class='ocrx_word' id='word_1_267' title='bbox 3515 2101 3582 2141; x_wconf 87' lang='lat' dir='ltr'><strong>ac</strong></span> <span class='ocrx_word' id='word_1_268' title='bbox 3611 2087 3799 2142; x_wconf 86' lang='lat' dir='ltr'><strong>titulus</strong></span> 
     </span>
    </p>
   </div>
   <div class='ocr_carea' id='block_1_35' title="bbox 520 2151 3802 2232">
    <p class='ocr_par' dir='ltr' id='par_1_35' title="bbox 520 2151 3802 2232">
     <span class='ocr_line' id='line_1_35' title="bbox 520 2151 3802 2232; baseline -0.002 -16"><span class='ocrx_word' id='word_1_269' title='bbox 520 2151 877 2232; x_wconf 77' lang='lat' dir='ltr'><strong>comprobant</strong></span> <span class='ocrx_word' id='word_1_270' title='bbox 904 2151 1117 2232; x_wconf 56' lang='lat' dir='ltr'><strong>eaniS.</strong></span> <span class='ocrx_word' id='word_1_271' title='bbox 1155 2152 1388 2232; x_wconf 76' lang='lat' dir='ltr'><strong>Maximo</strong></span> <span class='ocrx_word' id='word_1_272' title='bbox 1417 2168 1535 2206; x_wconf 88' lang='lat' dir='ltr'><strong>esse</strong></span> <span class='ocrx_word' id='word_1_273' title='bbox 1577 2151 2003 2232; x_wconf 73' lang='lat' dir='ltr'><strong>adjudicandam.</strong></span> <span class='ocrx_word' id='word_1_274' title='bbox 2035 2151 2644 2232; x_wconf 64' lang='lat' dir='ltr'><strong>Gennadiusmemorize</strong></span> <span class='ocrx_word' id='word_1_275' title='bbox 2673 2157 2888 2232; x_wconf 81' lang='lat' dir='ltr'><strong>tradidit</strong></span> <span class='ocrx_word' id='word_1_276' title='bbox 2925 2157 3432 2232; x_wconf 78' lang='lat' dir='ltr'><strong>Maximum_contra</strong></span> <span class='ocrx_word' id='word_1_277' title='bbox 3455 2158 3802 2232; x_wconf 71' lang='lat' dir='ltr'><strong>avaritize_vi-</strong></span> 
     </span>
    </p>
   </div>
   <div class='ocr_carea' id='block_1_36' title="bbox 523 2221 3796 2295">
    <p class='ocr_par' dir='ltr' id='par_1_36' title="bbox 523 2221 3796 2295">
     <span class='ocr_line' id='line_1_36' title="bbox 523 2221 3796 2295; baseline -0.001 -11"><span class='ocrx_word' id='word_1_278' title='bbox 523 2221 662 2284; x_wconf 57' lang='lat' dir='ltr'><strong>tium&#39;</strong></span> <span class='ocrx_word' id='word_1_279' title='bbox 698 2227 904 2295; x_wconf 86' lang='lat' dir='ltr'><strong>egisse;</strong></span> <span class='ocrx_word' id='word_1_280' title='bbox 929 2225 1036 2295; x_wconf 90' lang='lat' dir='ltr'><strong>_sed</strong></span> <span class='ocrx_word' id='word_1_281' title='bbox 1069 2231 1247 2295; x_wconf 86' lang='lat' dir='ltr'><strong>utrum</strong></span> <span class='ocrx_word' id='word_1_282' title='bbox 1278 2224 1331 2295; x_wconf 72' lang='lat' dir='ltr'><strong>in</strong></span> <span class='ocrx_word' id='word_1_283' title='bbox 1374 2238 1480 2295; x_wconf 80' lang='lat' dir='ltr'><strong>una</strong></span> <span class='ocrx_word' id='word_1_284' title='bbox 1507 2239 1600 2295; x_wconf 19' lang='lat' dir='ltr'><strong>an‘</strong></span> <span class='ocrx_word' id='word_1_285' title='bbox 1621 2222 1684 2295; x_wconf 92' lang='lat' dir='ltr'><strong>in_</strong></span> <span class='ocrx_word' id='word_1_286' title='bbox 1703 2221 1909 2295; x_wconf 86' lang='lat' dir='ltr'><strong>duabus</strong></span> <span class='ocrx_word' id='word_1_287' title='bbox 1951 2225 2302 2295; x_wconf 81' lang='lat' dir='ltr'><strong>concionibus</strong></span> <span class='ocrx_word' id='word_1_288' title='bbox 2349 2226 2399 2280; x_wconf 90' lang='lat' dir='ltr'><strong>id</strong></span> <span class='ocrx_word' id='word_1_289' title='bbox 2447 2227 2744 2293; x_wconf 80' lang='lat' dir='ltr'><strong>expleverit</strong></span> <span class='ocrx_word' id='word_1_290' title='bbox 2786 2242 2894 2280; x_wconf 92' lang='lat' dir='ltr'><strong>non</strong></span> <span class='ocrx_word' id='word_1_291' title='bbox 2925 2228 3162 2281; x_wconf 82' lang='lat' dir='ltr'><strong>tradidit.</strong></span> <span class='ocrx_word' id='word_1_292' title='bbox 3197 2227 3392 2281; x_wconf 79' lang='lat' dir='ltr'><strong>Verum</strong></span> <span class='ocrx_word' id='word_1_293' title='bbox 3421 2242 3490 2282; x_wconf 89' lang='lat' dir='ltr'><strong>ex</strong></span> <span class='ocrx_word' id='word_1_294' title='bbox 3518 2226 3796 2282; x_wconf 87' lang='lat' dir='ltr'><strong>codicibus</strong></span> 
     </span>
    </p>
   </div>
   <div class='ocr_carea' id='block_1_37' title="bbox 523 2292 3794 2366">
    <p class='ocr_par' dir='ltr' id='par_1_37' title="bbox 523 2292 3794 2366">
     <span class='ocr_line' id='line_1_37' title="bbox 523 2292 3794 2366; baseline -0.002 -12"><span class='ocrx_word' id='word_1_295' title='bbox 523 2302 580 2354; x_wconf 90' lang='lat' dir='ltr'><strong>S.</strong></span> <span class='ocrx_word' id='word_1_296' title='bbox 612 2292 802 2353; x_wconf 79' lang='lat' dir='ltr'><strong>Crucis</strong></span> <span class='ocrx_word' id='word_1_297' title='bbox 839 2296 891 2366; x_wconf 83' lang='lat' dir='ltr'><strong>in</strong></span> <span class='ocrx_word' id='word_1_298' title='bbox 920 2293 1239 2366; x_wconf 84' lang='lat' dir='ltr'><strong>Jerusalem,</strong></span> <span class='ocrx_word' id='word_1_299' title='bbox 1270 2292 1633 2366; x_wconf 73' lang='lat' dir='ltr'><strong>Sangallensi,</strong></span> <span class='ocrx_word' id='word_1_300' title='bbox 1657 2292 2015 2366; x_wconf 81' lang='lat' dir='ltr'><strong>Ambrosiano</strong></span> <span class='ocrx_word' id='word_1_301' title='bbox 2045 2303 2100 2348; x_wconf 91' lang='lat' dir='ltr'><strong>et</strong></span> <span class='ocrx_word' id='word_1_302' title='bbox 2139 2293 2400 2350; x_wconf 81' lang='lat' dir='ltr'><strong>Vaticano</strong></span> <span class='ocrx_word' id='word_1_303' title='bbox 2436 2292 2572 2349; x_wconf 72' lang='lat'><strong>1270</strong></span> <span class='ocrx_word' id='word_1_304' title='bbox 2603 2304 2816 2351; x_wconf 88' lang='lat' dir='ltr'><strong>constat</strong></span> <span class='ocrx_word' id='word_1_305' title='bbox 2844 2306 3125 2366; x_wconf 88' lang='lat' dir='ltr'><strong>utramque</strong></span> <span class='ocrx_word' id='word_1_306' title='bbox 3154 2296 3318 2352; x_wconf 87' lang='lat' dir='ltr'><strong>fuisse</strong></span> <span class='ocrx_word' id='word_1_307' title='bbox 3345 2295 3403 2350; x_wconf 91' lang='grc'>8.</span> <span class='ocrx_word' id='word_1_308' title='bbox 3446 2296 3684 2352; x_wconf 81' lang='lat' dir='ltr'><strong>Maximo</strong></span> <span class='ocrx_word' id='word_1_309' title='bbox 3712 2307 3794 2349; x_wconf 92' lang='lat' dir='ltr'><strong>at-</strong></span> 
     </span>
    </p>
   </div>
   <div class='ocr_carea' id='block_1_38' title="bbox 523 2362 3797 2436">
    <p class='ocr_par' dir='ltr' id='par_1_38' title="bbox 523 2362 3797 2436">
     <span class='ocr_line' id='line_1_38' title="bbox 523 2362 3797 2436; baseline -0.001 -12"><span class='ocrx_word' id='word_1_310' title='bbox 523 2371 798 2436; x_wconf 87' lang='lat' dir='ltr'><strong>tributam.</strong></span> <span class='ocrx_word' id='word_1_311' title='bbox 846 2365 1130 2436; x_wconf 75' lang='lat' dir='ltr'><strong>Inscriptio</strong></span> <span class='ocrx_word' id='word_1_312' title='bbox 1159 2363 1322 2436; x_wconf 86' lang='lat' dir='ltr'><strong>etiam</strong></span> <span class='ocrx_word' id='word_1_313' title='bbox 1359 2362 1594 2436; x_wconf 80' lang='lat' dir='ltr'><strong>ostendit</strong></span> <span class='ocrx_word' id='word_1_314' title='bbox 1622 2363 1760 2416; x_wconf 87' lang='lat' dir='ltr'><strong>hanc</strong></span> <span class='ocrx_word' id='word_1_315' title='bbox 1801 2363 2084 2436; x_wconf 77' lang='lat' dir='ltr'><strong>homiliam</strong></span> <span class='ocrx_word' id='word_1_316' title='bbox 2100 2376 2432 2436; x_wconf 65' lang='lat' dir='ltr'><strong>germanam</strong></span> <span class='ocrx_word' id='word_1_317' title='bbox 2461 2382 2581 2420; x_wconf 90' lang='lat' dir='ltr'><strong>esse</strong></span> <span class='ocrx_word' id='word_1_318' title='bbox 2610 2367 2940 2436; x_wconf 85' lang='lat' dir='ltr'><strong>superioris;</strong></span> <span class='ocrx_word' id='word_1_319' title='bbox 2975 2362 3054 2420; x_wconf 74' lang='lat' dir='ltr'><strong>ita</strong></span> <span class='ocrx_word' id='word_1_320' title='bbox 3077 2368 3219 2421; x_wconf 91' lang='lat' dir='ltr'><strong>enim</strong></span> <span class='ocrx_word' id='word_1_321' title='bbox 3248 2382 3308 2420; x_wconf 92' lang='lat' dir='ltr'><strong>se</strong></span> <span class='ocrx_word' id='word_1_322' title='bbox 3339 2366 3500 2420; x_wconf 89' lang='lat' dir='ltr'><strong>habet</strong></span> <span class='ocrx_word' id='word_1_323' title='bbox 3529 2369 3582 2420; x_wconf 93' lang='lat' dir='ltr'><strong>in</strong></span> <span class='ocrx_word' id='word_1_324' title='bbox 3613 2367 3797 2421; x_wconf 80' lang='lat' dir='ltr'><strong>codice</strong></span> 
     </span>
    </p>
   </div>
   <div class='ocr_carea' id='block_1_39' title="bbox 524 2431 3794 2506">
    <p class='ocr_par' dir='ltr' id='par_1_39' title="bbox 524 2431 3794 2506">
     <span class='ocr_line' id='line_1_39' title="bbox 524 2431 3794 2506; baseline -0.001 -14"><span class='ocrx_word' id='word_1_325' title='bbox 524 2439 590 2492; x_wconf 82' lang='lat'><strong>90</strong></span> <span class='ocrx_word' id='word_1_326' title='bbox 614 2439 670 2492; x_wconf 93' lang='grc'>8.</span> <span class='ocrx_word' id='word_1_327' title='bbox 695 2435 881 2490; x_wconf 88' lang='lat' dir='ltr'><strong>Crucis</strong></span> <span class='ocrx_word' id='word_1_328' title='bbox 910 2435 963 2488; x_wconf 90' lang='lat' dir='ltr'><strong>in</strong></span> <span class='ocrx_word' id='word_1_329' title='bbox 991 2431 1286 2506; x_wconf 71' lang='lat' dir='ltr'><strong>Jerusalem</strong></span> <span class='ocrx_word' id='word_1_330' title='bbox 1320 2451 1331 2484; x_wconf 91' lang='lat'><strong>:</strong></span> <span class='ocrx_word' id='word_1_331' title='bbox 1367 2431 1558 2506; x_wconf 69' lang='lat' dir='ltr'><strong>Incipit</strong></span> <span class='ocrx_word' id='word_1_332' title='bbox 1583 2434 1866 2506; x_wconf 83' lang='lat' dir='ltr'><strong>sequentia,</strong></span> <span class='ocrx_word' id='word_1_333' title='bbox 1899 2441 1955 2506; x_wconf 78' lang='lat' dir='ltr'><strong>et</strong></span> <span class='ocrx_word' id='word_1_334' title='bbox 1982 2433 2036 2487; x_wconf 91' lang='lat' dir='ltr'><strong>in</strong></span> <span class='ocrx_word' id='word_1_335' title='bbox 2053 2432 2126 2506; x_wconf 86' lang='lat'><strong>_99</strong></span> <span class='ocrx_word' id='word_1_336' title='bbox 2159 2452 2187 2506; x_wconf 88' lang='lat'><strong>:_</strong></span> <span class='ocrx_word' id='word_1_337' title='bbox 2207 2434 2452 2506; x_wconf 76' lang='lat' dir='ltr'><strong>Sequitur</strong></span> <span class='ocrx_word' id='word_1_338' title='bbox 2479 2437 2542 2490; x_wconf 83' lang='lat' dir='ltr'><strong>de</strong></span> <span class='ocrx_word' id='word_1_339' title='bbox 2563 2431 2786 2490; x_wconf 74' lang='lat' dir='ltr'><strong>auaritia</strong></span> <span class='ocrx_word' id='word_1_340' title='bbox 2813 2446 2862 2489; x_wconf 87' lang='lat' dir='ltr'><strong>et</strong></span> <span class='ocrx_word' id='word_1_341' title='bbox 2890 2435 2953 2490; x_wconf 86' lang='lat' dir='ltr'><strong>de</strong></span> <span class='ocrx_word' id='word_1_342' title='bbox 2980 2437 3210 2490; x_wconf 83' lang='lat' dir='ltr'><strong>Anania.</strong></span> <span class='ocrx_word' id='word_1_343' title='bbox 3239 2435 3453 2492; x_wconf 83' lang='lat' dir='ltr'><strong>Codicis</strong></span> <span class='ocrx_word' id='word_1_344' title='bbox 3480 2436 3794 2505; x_wconf 86' lang='lat' dir='ltr'><strong>Sangallen-</strong></span> 
     </span>
    </p>
   </div>
   <div class='ocr_carea' id='block_1_40' title="bbox 525 2501 3791 2576">
    <p class='ocr_par' dir='ltr' id='par_1_40' title="bbox 525 2501 3791 2576">
     <span class='ocr_line' id='line_1_40' title="bbox 525 2501 3791 2576; baseline -0.001 -14"><span class='ocrx_word' id='word_1_345' title='bbox 525 2509 598 2563; x_wconf 85' lang='lat' dir='ltr'><strong>sis</strong></span> <span class='ocrx_word' id='word_1_346' title='bbox 636 2507 850 2576; x_wconf 81' lang='lat' dir='ltr'><strong>brevior</strong></span> <span class='ocrx_word' id='word_1_347' title='bbox 876 2512 960 2576; x_wconf 89' lang='lat' dir='ltr'><strong>est</strong></span> <span class='ocrx_word' id='word_1_348' title='bbox 989 2505 1195 2576; x_wconf 85' lang='lat' dir='ltr'><strong>titulus,</strong></span> <span class='ocrx_word' id='word_1_349' title='bbox 1228 2518 1422 2576; x_wconf 84' lang='lat' dir='ltr'><strong>nempe</strong></span> <span class='ocrx_word' id='word_1_350' title='bbox 1455 2519 1467 2554; x_wconf 90' lang='lat'><strong>:</strong></span> <span class='ocrx_word' id='word_1_351' title='bbox 1503 2501 1812 2576; x_wconf 66' lang='lat' dir='ltr'><strong>sequentia;</strong></span> <span class='ocrx_word' id='word_1_352' title='bbox 1844 2503 1938 2557; x_wconf 90' lang='lat' dir='ltr'><strong>sed</strong></span> <span class='ocrx_word' id='word_1_353' title='bbox 1955 2503 2148 2576; x_wconf 79' lang='lat' dir='ltr'><strong>codex</strong></span> <span class='ocrx_word' id='word_1_354' title='bbox 2165 2501 2556 2575; x_wconf 82' lang='lat' dir='ltr'><strong>Laurentianus</strong></span> <span class='ocrx_word' id='word_1_355' title='bbox 2585 2523 2620 2560; x_wconf 95' lang='lat' dir='ltr'><strong>x</strong></span> <span class='ocrx_word' id='word_1_356' title='bbox 2653 2524 2665 2559; x_wconf 92' lang='lat'>:</span> <span class='ocrx_word' id='word_1_357' title='bbox 2699 2507 2981 2576; x_wconf 84' lang='lat' dir='ltr'><strong>Sequentia</strong></span> <span class='ocrx_word' id='word_1_358' title='bbox 3019 2507 3084 2561; x_wconf 85' lang='lat' dir='ltr'><strong>de</strong></span> <span class='ocrx_word' id='word_1_359' title='bbox 3127 2509 3351 2561; x_wconf 78' lang='lat' dir='ltr'><strong>avaritia</strong></span> <span class='ocrx_word' id='word_1_360' title='bbox 3395 2515 3444 2562; x_wconf 86' lang='lat' dir='ltr'><strong>et</strong></span> <span class='ocrx_word' id='word_1_361' title='bbox 3475 2507 3542 2560; x_wconf 84' lang='lat' dir='ltr'><strong>de</strong></span> <span class='ocrx_word' id='word_1_362' title='bbox 3566 2501 3791 2560; x_wconf 71' lang='grc' dir='ltr'><strong>Ᾰηαηὶα.</strong></span> 
     </span>
    </p>
   </div>
   <div class='ocr_carea' id='block_1_41' title="bbox 526 2572 3798 2646">
    <p class='ocr_par' dir='ltr' id='par_1_41' title="bbox 526 2572 3798 2646">
     <span class='ocr_line' id='line_1_41' title="bbox 526 2572 3798 2646; baseline -0.001 -15"><span class='ocrx_word' id='word_1_363' title='bbox 526 2577 654 2644; x_wconf 71' lang='lat' dir='ltr'><strong>Quae</strong></span> <span class='ocrx_word' id='word_1_364' title='bbox 669 2592 790 2631; x_wconf 90' lang='lat' dir='ltr'><strong>cum</strong></span> <span class='ocrx_word' id='word_1_365' title='bbox 808 2575 879 2628; x_wconf 89' lang='lat' dir='ltr'><strong>ita</strong></span> <span class='ocrx_word' id='word_1_366' title='bbox 896 2575 1031 2646; x_wconf 65' lang='lat' dir='ltr'><strong>sint,</strong></span> <span class='ocrx_word' id='word_1_367' title='bbox 1057 2573 1740 2646; x_wconf 74' lang='lat' dir='ltr'><strong>collectoreshomiliarum</strong></span> <span class='ocrx_word' id='word_1_368' title='bbox 1761 2588 1922 2646; x_wconf 77' lang='lat' dir='ltr'><strong>supra</strong></span> <span class='ocrx_word' id='word_1_369' title='bbox 1954 2572 2152 2646; x_wconf 81' lang='lat' dir='ltr'><strong>laudati</strong></span> <span class='ocrx_word' id='word_1_370' title='bbox 2180 2573 2282 2646; x_wconf 86' lang='lat' dir='ltr'><strong>hoc</strong></span> <span class='ocrx_word' id='word_1_371' title='bbox 2311 2576 2500 2630; x_wconf 87' lang='lat' dir='ltr'><strong>ordine</strong></span> <span class='ocrx_word' id='word_1_372' title='bbox 2524 2572 2825 2641; x_wconf 80' lang='lat' dir='ltr'><strong>ediderunt,</strong></span> <span class='ocrx_word' id='word_1_373' title='bbox 2849 2577 3007 2646; x_wconf 90' lang='lat' dir='ltr'><strong>titulo</strong></span> <span class='ocrx_word' id='word_1_374' title='bbox 3033 2577 3255 2646; x_wconf 60' lang='lat' dir='ltr'><strong>praglixo</strong></span> <span class='ocrx_word' id='word_1_375' title='bbox 3280 2595 3292 2629; x_wconf 90' lang='lat'><strong>:</strong></span> <span class='ocrx_word' id='word_1_376' title='bbox 3315 2576 3554 2632; x_wconf 75' lang='lat' dir='ltr'><strong>Humilia</strong></span> <span class='ocrx_word' id='word_1_377' title='bbox 3573 2576 3798 2631; x_wconf 79' lang='lat' dir='ltr'><strong>secunda</strong></span> 
     </span>
    </p>
   </div>
   <div class='ocr_carea' id='block_1_42' title="bbox 527 2641 3795 2714">
    <p class='ocr_par' dir='ltr' id='par_1_42' title="bbox 527 2641 3795 2714">
     <span class='ocr_line' id='line_1_42' title="bbox 527 2641 3795 2714; baseline -0.001 -13"><span class='ocrx_word' id='word_1_378' title='bbox 527 2641 662 2701; x_wconf 63' lang='lat' dir='ltr'><strong>unde</strong></span> <span class='ocrx_word' id='word_1_379' title='bbox 681 2662 856 2714; x_wconf 83' lang='lat' dir='ltr'><strong>supra.</strong></span> <span class='ocrx_word' id='word_1_380' title='bbox 895 2643 1139 2698; x_wconf 86' lang='lat' dir='ltr'><strong>Editores</strong></span> <span class='ocrx_word' id='word_1_381' title='bbox 1168 2642 1398 2698; x_wconf 79' lang='lat' dir='ltr'><strong>Romani</strong></span> <span class='ocrx_word' id='word_1_382' title='bbox 1425 2642 1481 2695; x_wconf 90' lang='lat' dir='ltr'><strong>in</strong></span> <span class='ocrx_word' id='word_1_383' title='bbox 1505 2641 2232 2700; x_wconf 32' lang='lat' dir='ltr'><strong>recudendis’Ambrosianis</strong></span> <span class='ocrx_word' id='word_1_384' title='bbox 2258 2646 2596 2702; x_wconf 86' lang='lat' dir='ltr'><strong>sermonibus</strong></span> <span class='ocrx_word' id='word_1_385' title='bbox 2624 2646 2678 2699; x_wconf 90' lang='lat' dir='ltr'><strong>S.</strong></span> <span class='ocrx_word' id='word_1_386' title='bbox 2725 2647 2915 2702; x_wconf 83' lang='lat' dir='ltr'><strong>Alexio</strong></span> <span class='ocrx_word' id='word_1_387' title='bbox 2942 2641 3253 2703; x_wconf 81' lang='lat' dir='ltr'><strong>Confessori</strong></span> <span class='ocrx_word' id='word_1_388' title='bbox 3281 2663 3428 2703; x_wconf 89' lang='lat' dir='ltr'><strong>num.</strong></span> <span class='ocrx_word' id='word_1_389' title='bbox 3463 2647 3531 2702; x_wconf 78' lang='lat' dir='ltr'><strong>l3</strong></span> <span class='ocrx_word' id='word_1_390' title='bbox 3558 2649 3795 2703; x_wconf 85' lang='lat' dir='ltr'><strong>eamdem</strong></span> 
     </span>
    </p>
   </div>
   <div class='ocr_carea' id='block_1_43' title="bbox 529 2717 936 2784">
    <p class='ocr_par' dir='ltr' id='par_1_43' title="bbox 529 2717 936 2784">
     <span class='ocr_line' id='line_1_43' title="bbox 529 2717 936 2784; baseline -0.012 -12"><span class='ocrx_word' id='word_1_391' title='bbox 529 2717 936 2784; x_wconf 87' lang='lat' dir='ltr'><strong>inscripserunt.</strong></span> 
     </span>
    </p>
   </div>
   <div class='ocr_carea' id='block_1_44' title="bbox 530 2804 3800 2893">
    <p class='ocr_par' dir='ltr' id='par_1_44' title="bbox 530 2804 3800 2893">
     <span class='ocr_line' id='line_1_44' title="bbox 530 2804 3800 2893; baseline 0.002 -32"><span class='ocrx_word' id='word_1_392' title='bbox 530 2811 689 2893; x_wconf 68' lang='lat'><strong>323</strong></span> <span class='ocrx_word' id='word_1_393' title='bbox 738 2808 1240 2893; x_wconf 33' lang='lat' dir='ltr'><strong>Anounenrunzﬂ—</strong></span> <span class='ocrx_word' id='word_1_394' title='bbox 1288 2804 1508 2893; x_wconf 64' lang='lat' dir='ltr'><strong>Iterum,</strong></span> <span class='ocrx_word' id='word_1_395' title='bbox 1544 2807 1823 2887; x_wconf 70' lang='lat' dir='ltr'><strong>proposito</strong></span> <span class='ocrx_word' id='word_1_396' title='bbox 1877 2805 2112 2893; x_wconf 67' lang='lat' dir='ltr'><strong>exemplo</strong></span> <span class='ocrx_word' id='word_1_397' title='bbox 2144 2811 2192 2872; x_wconf 81' lang='grc' dir='ltr'><strong>Β</strong></span> <span class='ocrx_word' id='word_1_398' title='bbox 2221 2805 2545 2893; x_wconf 70' lang='lat' dir='ltr'><strong>tvalemus?</strong></span> <span class='ocrx_word' id='word_1_399' title='bbox 2571 2809 2628 2864; x_wconf 89' lang='lat' dir='ltr'><strong>1n</strong></span> <span class='ocrx_word' id='word_1_400' title='bbox 2651 2809 2858 2865; x_wconf 85' lang='lat' dir='ltr'><strong>Anania</strong></span> <span class='ocrx_word' id='word_1_401' title='bbox 2880 2811 3023 2867; x_wconf 90' lang='lat' dir='ltr'><strong>enim</strong></span> <span class='ocrx_word' id='word_1_402' title='bbox 3035 2809 3227 2868; x_wconf 90' lang='lat' dir='ltr'><strong>Petrus</strong></span> <span class='ocrx_word' id='word_1_403' title='bbox 3241 2813 3285 2868; x_wconf 92' lang='lat' dir='ltr'><strong>si</strong></span> <span class='ocrx_word' id='word_1_404' title='bbox 3299 2813 3580 2868; x_wconf 86' lang='lat' dir='ltr'><strong>avaritiam</strong></span> <span class='ocrx_word' id='word_1_405' title='bbox 3600 2815 3800 2883; x_wconf 79' lang='lat' dir='ltr'><strong>potuis-</strong></span> 
     </span>
    </p>
   </div>
   <div class='ocr_carea' id='block_1_45' title="bbox 601 2874 2114 2947">
    <p class='ocr_par' dir='ltr' id='par_1_45' title="bbox 601 2874 2114 2947">
     <span class='ocr_line' id='line_1_45' title="bbox 601 2874 2114 2947; baseline -0.005 -11"><span class='ocrx_word' id='word_1_406' title='bbox 601 2874 838 2943; x_wconf 70' lang='grc' dir='ltr'><strong>Ἇῆαηίίε,</strong></span> <span class='ocrx_word' id='word_1_407' title='bbox 883 2879 947 2930; x_wconf 84' lang='lat' dir='ltr'><strong>de</strong></span> <span class='ocrx_word' id='word_1_408' title='bbox 983 2877 1210 2947; x_wconf 85' lang='lat' dir='ltr'><strong>avaritia</strong></span> <span class='ocrx_word' id='word_1_409' title='bbox 1249 2877 1357 2946; x_wconf 89' lang='lat' dir='ltr'><strong>agit</strong></span> <span class='ocrx_word' id='word_1_410' title='bbox 1403 2874 1687 2947; x_wconf 69' lang='lat' dir='ltr'><strong>Maximus,</strong></span> <span class='ocrx_word' id='word_1_411' title='bbox 1718 2893 1874 2947; x_wconf 84' lang='lat' dir='ltr'><strong>quam</strong></span> <span class='ocrx_word' id='word_1_412' title='bbox 1917 2874 2114 2947; x_wconf 78' lang='lat' dir='ltr'><strong>grande</strong></span> 
     </span>
    </p>
   </div>
   <div class='ocr_carea' id='block_1_46' title="bbox 601 2945 2112 3016">
    <p class='ocr_par' dir='ltr' id='par_1_46' title="bbox 601 2945 2112 3016">
     <span class='ocr_line' id='line_1_46' title="bbox 601 2945 2112 3016; baseline -0.003 -11"><span class='ocrx_word' id='word_1_413' title='bbox 601 2967 712 3005; x_wconf 86' lang='lat' dir='ltr'><strong>esse</strong></span> <span class='ocrx_word' id='word_1_414' title='bbox 733 2949 925 3002; x_wconf 87' lang='lat' dir='ltr'><strong>malum</strong></span> <span class='ocrx_word' id='word_1_415' title='bbox 942 2947 1182 3010; x_wconf 76' lang='lat' dir='ltr'><strong>ostendit,</strong></span> <span class='ocrx_word' id='word_1_416' title='bbox 1198 2945 1299 2999; x_wconf 88' lang='lat' dir='ltr'><strong>imo</strong></span> <span class='ocrx_word' id='word_1_417' title='bbox 1321 2948 1550 2999; x_wconf 80' lang='lat' dir='ltr'><strong>omm’um</strong></span> <span class='ocrx_word' id='word_1_418' title='bbox 1571 2945 1824 3000; x_wconf 82' lang='lat' dir='ltr'><strong>malorum</strong></span> <span class='ocrx_word' id='word_1_419' title='bbox 1841 2945 2112 3016; x_wconf 74' lang='lat' dir='ltr'><strong>originem.</strong></span> 
     </span>
    </p>
   </div>
   <div class='ocr_carea' id='block_1_47' title="bbox 603 3080 2117 3150">
    <p class='ocr_par' dir='ltr' id='par_1_47' title="bbox 603 3080 2117 3150">
     <span class='ocr_line' id='line_1_47' title="bbox 603 3080 2117 3150; baseline -0.003 -9"><span class='ocrx_word' id='word_1_420' title='bbox 603 3086 822 3141; x_wconf 81' lang='lat' dir='ltr'><strong>Retinet</strong></span> <span class='ocrx_word' id='word_1_421' title='bbox 847 3083 874 3120; x_wconf 70' lang='grc' dir='ltr'>ά</span> <span class='ocrx_word' id='word_1_422' title='bbox 919 3083 1138 3138; x_wconf 88' lang='lat' dir='ltr'><strong>dilectio</strong></span> <span class='ocrx_word' id='word_1_423' title='bbox 1167 3089 1346 3137; x_wconf 87' lang='lat' dir='ltr'><strong>vestra</strong></span> <span class='ocrx_word' id='word_1_424' title='bbox 1365 3121 1381 3148; x_wconf 95' lang='lat'><strong>,</strong></span> <span class='ocrx_word' id='word_1_425' title='bbox 1413 3080 1604 3136; x_wconf 84' lang='lat' dir='ltr'><strong>fratres</strong></span> <span class='ocrx_word' id='word_1_426' title='bbox 1622 3121 1636 3146; x_wconf 94' lang='lat'><strong>,</strong></span> <span class='ocrx_word' id='word_1_427' title='bbox 1673 3090 1799 3137; x_wconf 90' lang='lat' dir='ltr'><strong>ante</strong></span> <span class='ocrx_word' id='word_1_428' title='bbox 1826 3082 1963 3150; x_wconf 90' lang='lat' dir='ltr'><strong>dies,</strong></span> <span class='ocrx_word' id='word_1_429' title='bbox 1993 3098 2117 3138; x_wconf 90' lang='lat' dir='ltr'><strong>cum</strong></span> 
     </span>
    </p>
   </div>
   <div class='ocr_carea' id='block_1_48' title="bbox 535 3172 2117 3251">
    <p class='ocr_par' dir='ltr' id='par_1_48' title="bbox 535 3172 2117 3251">
     <span class='ocr_line' id='line_1_48' title="bbox 535 3172 2117 3251; baseline -0.005 -17"><span class='ocrx_word' id='word_1_430' title='bbox 535 3179 703 3251; x_wconf 89' lang='lat' dir='ltr'><strong>plebis</strong></span> <span class='ocrx_word' id='word_1_431' title='bbox 731 3177 850 3246; x_wconf 89' lang='lat' dir='ltr'><strong>ejus</strong></span> <span class='ocrx_word' id='word_1_432' title='bbox 877 3190 996 3245; x_wconf 83' lang='lat' dir='ltr'><strong>quae</strong></span> <span class='ocrx_word' id='word_1_433' title='bbox 1037 3175 1136 3230; x_wconf 90' lang='lat' dir='ltr'><strong>sub</strong></span> <span class='ocrx_word' id='word_1_434' title='bbox 1164 3174 1488 3229; x_wconf 85' lang='lat' dir='ltr'><strong>beatissimis</strong></span> <span class='ocrx_word' id='word_1_435' title='bbox 1517 3174 1779 3244; x_wconf 89' lang='lat' dir='ltr'><strong>apostolis</strong></span> <span class='ocrx_word' id='word_1_436' title='bbox 1818 3172 1946 3240; x_wconf 89' lang='lat' dir='ltr'><strong>fuit,</strong></span> <span class='ocrx_word' id='word_1_437' title='bbox 1982 3189 2117 3228; x_wconf 87' lang='lat' dir='ltr'><strong>una-</strong></span> 
     </span>
    </p>
   </div>
   <div class='ocr_carea' id='block_1_49' title="bbox 538 3263 2119 3336">
    <p class='ocr_par' dir='ltr' id='par_1_49' title="bbox 538 3263 2119 3336">
     <span class='ocr_line' id='line_1_49' title="bbox 538 3263 2119 3336; baseline -0.005 -12"><span class='ocrx_word' id='word_1_438' title='bbox 538 3271 838 3324; x_wconf 84' lang='lat' dir='ltr'><strong>nimitatem</strong></span> <span class='ocrx_word' id='word_1_439' title='bbox 883 3266 1294 3336; x_wconf 84' lang='lat' dir='ltr'><strong>largitatemque</strong></span> <span class='ocrx_word' id='word_1_440' title='bbox 1341 3263 1798 3334; x_wconf 77' lang='lat' dir='ltr'><strong>pmedicaremus,</strong></span> <span class='ocrx_word' id='word_1_441' title='bbox 1843 3278 2014 3332; x_wconf 88' lang='lat' dir='ltr'><strong>usque</strong></span> <span class='ocrx_word' id='word_1_442' title='bbox 2053 3263 2119 3316; x_wconf 88' lang='lat' dir='ltr'><strong>ad</strong></span> 
     </span>
    </p>
   </div>
   <div class='ocr_carea' id='block_1_50' title="bbox 537 3355 2122 3426">
    <p class='ocr_par' dir='ltr' id='par_1_50' title="bbox 537 3355 2122 3426">
     <span class='ocr_line' id='line_1_50' title="bbox 537 3355 2122 3426; baseline -0.004 -11"><span class='ocrx_word' id='word_1_443' title='bbox 537 3361 754 3416; x_wconf 67' lang='lat' dir='ltr'><strong>Ananlte</strong></span> <span class='ocrx_word' id='word_1_444' title='bbox 785 3373 883 3413; x_wconf 91' lang='lat' dir='ltr'><strong>nos</strong></span> <span class='ocrx_word' id='word_1_445' title='bbox 929 3357 1208 3412; x_wconf 88' lang='lat' dir='ltr'><strong>avaritiam</strong></span> <span class='ocrx_word' id='word_1_446' title='bbox 1238 3357 1578 3426; x_wconf 82' lang='lat' dir='ltr'><strong>pervenisse,</strong></span> <span class='ocrx_word' id='word_1_447' title='bbox 1624 3355 1716 3424; x_wconf 89' lang='lat' dir='ltr'><strong>qui</strong></span> <span class='ocrx_word' id='word_1_448' title='bbox 1747 3355 1838 3410; x_wconf 95' lang='lat' dir='ltr'><strong>illo</strong></span> <span class='ocrx_word' id='word_1_449' title='bbox 1879 3363 2122 3424; x_wconf 88' lang='lat' dir='ltr'><strong>tempore</strong></span> 
     </span>
    </p>
   </div>
   <div class='ocr_carea' id='block_1_51' title="bbox 535 3445 2122 3518">
    <p class='ocr_par' dir='ltr' id='par_1_51' title="bbox 535 3445 2122 3518">
     <span class='ocr_line' id='line_1_51' title="bbox 535 3445 2122 3518; baseline -0.006 -11"><span class='ocrx_word' id='word_1_450' title='bbox 535 3453 589 3507; x_wconf 93' lang='lat' dir='ltr'><strong>in</strong></span> <span class='ocrx_word' id='word_1_451' title='bbox 617 3451 782 3506; x_wconf 90' lang='lat' dir='ltr'><strong>totius</strong></span> <span class='ocrx_word' id='word_1_452' title='bbox 811 3449 1024 3518; x_wconf 89' lang='lat' dir='ltr'><strong>generis</strong></span> <span class='ocrx_word' id='word_1_453' title='bbox 1052 3446 1338 3518; x_wconf 88' lang='lat' dir='ltr'><strong>purissima</strong></span> <span class='ocrx_word' id='word_1_454' title='bbox 1376 3447 1503 3511; x_wconf 87' lang='lat' dir='ltr'><strong>vita,</strong></span> <span class='ocrx_word' id='word_1_455' title='bbox 1535 3455 1788 3514; x_wconf 87' lang='lat' dir='ltr'><strong>tanquam</strong></span> <span class='ocrx_word' id='word_1_456' title='bbox 1829 3445 1945 3500; x_wconf 88' lang='lat' dir='ltr'><strong>ovis</strong></span> <span class='ocrx_word' id='word_1_457' title='bbox 1971 3460 2122 3499; x_wconf 90' lang='lat' dir='ltr'><strong>mor-</strong></span> 
     </span>
    </p>
   </div>
   <div class='ocr_carea' id='block_1_52' title="bbox 536 3535 2123 3608">
    <p class='ocr_par' dir='ltr' id='par_1_52' title="bbox 536 3535 2123 3608">
     <span class='ocr_line' id='line_1_52' title="bbox 536 3535 2123 3608; baseline -0.004 -12"><span class='ocrx_word' id='word_1_458' title='bbox 536 3541 680 3608; x_wconf 91' lang='lat' dir='ltr'><strong>bida,</strong></span> <span class='ocrx_word' id='word_1_459' title='bbox 711 3540 860 3596; x_wconf 90' lang='lat' dir='ltr'><strong>solus</strong></span> <span class='ocrx_word' id='word_1_460' title='bbox 916 3539 1162 3594; x_wconf 83' lang='lat' dir='ltr'><strong>inventus</strong></span> <span class='ocrx_word' id='word_1_461' title='bbox 1214 3545 1313 3593; x_wconf 88' lang='lat' dir='ltr'><strong>est.</strong></span> <span class='ocrx_word' id='word_1_462' title='bbox 1348 3537 1520 3591; x_wconf 89' lang='lat' dir='ltr'><strong>Tanta</strong></span> <span class='ocrx_word' id='word_1_463' title='bbox 1559 3537 1702 3592; x_wconf 90' lang='lat' dir='ltr'><strong>enim</strong></span> <span class='ocrx_word' id='word_1_464' title='bbox 1733 3535 1959 3591; x_wconf 81' lang='lat' dir='ltr'><strong>infectus</strong></span> <span class='ocrx_word' id='word_1_465' title='bbox 2005 3545 2123 3591; x_wconf 91' lang='lat' dir='ltr'><strong>erat</strong></span> 
     </span>
    </p>
   </div>
   <div class='ocr_carea' id='block_1_53' title="bbox 535 3628 2122 3703">
    <p class='ocr_par' dir='ltr' id='par_1_53' title="bbox 535 3628 2122 3703">
     <span class='ocr_line' id='line_1_53' title="bbox 535 3628 2122 3703; baseline -0.005 -13"><span class='ocrx_word' id='word_1_466' title='bbox 535 3634 774 3690; x_wconf 64' lang='lat' dir='ltr'><strong>avaritiae</strong></span> <span class='ocrx_word' id='word_1_467' title='bbox 797 3631 1125 3703; x_wconf 89' lang='lat' dir='ltr'><strong>pestilentia,</strong></span> <span class='ocrx_word' id='word_1_468' title='bbox 1157 3637 1214 3684; x_wconf 95' lang='lat' dir='ltr'><strong>ut</strong></span> <span class='ocrx_word' id='word_1_469' title='bbox 1235 3639 1453 3685; x_wconf 89' lang='lat' dir='ltr'><strong>sanctus</strong></span> <span class='ocrx_word' id='word_1_470' title='bbox 1481 3645 1606 3684; x_wconf 89' lang='lat' dir='ltr'><strong>eum</strong></span> <span class='ocrx_word' id='word_1_471' title='bbox 1636 3628 1827 3684; x_wconf 90' lang='lat' dir='ltr'><strong>Petrus</strong></span> <span class='ocrx_word' id='word_1_472' title='bbox 1857 3644 1964 3684; x_wconf 89' lang='lat' dir='ltr'><strong>non</strong></span> <span class='ocrx_word' id='word_1_473' title='bbox 2011 3635 2122 3683; x_wconf 89' lang='lat' dir='ltr'><strong>tam</strong></span> 
     </span>
    </p>
   </div>
   <div class='ocr_carea' id='block_1_54' title="bbox 537 3718 2120 3788">
    <p class='ocr_par' dir='ltr' id='par_1_54' title="bbox 537 3718 2120 3788">
     <span class='ocr_line' id='line_1_54' title="bbox 537 3718 2120 3788; baseline -0.004 -10"><span class='ocrx_word' id='word_1_474' title='bbox 537 3725 826 3779; x_wconf 88' lang='lat' dir='ltr'><strong>emendare</strong></span> <span class='ocrx_word' id='word_1_475' title='bbox 852 3721 1085 3776; x_wconf 89' lang='lat' dir='ltr'><strong>voluerit</strong></span> <span class='ocrx_word' id='word_1_476' title='bbox 1136 3735 1299 3788; x_wconf 88' lang='lat' dir='ltr'><strong>quam</strong></span> <span class='ocrx_word' id='word_1_477' title='bbox 1345 3721 1622 3773; x_wconf 87' lang='lat' dir='ltr'><strong>damnare.</strong></span> <span class='ocrx_word' id='word_1_478' title='bbox 1656 3718 1885 3788; x_wconf 81' lang='lat' dir='ltr'><strong>Legerat</strong></span> <span class='ocrx_word' id='word_1_479' title='bbox 1933 3719 2120 3773; x_wconf 88' lang='lat' dir='ltr'><strong>enim:</strong></span> 
     </span>
    </p>
   </div>
   <div class='ocr_carea' id='block_1_55' title="bbox 541 3809 2125 3884">
    <p class='ocr_par' dir='ltr' id='par_1_55' title="bbox 541 3809 2125 3884">
     <span class='ocr_line' id='line_1_55' title="bbox 541 3809 2125 3884; baseline -0.003 -18"><span class='ocrx_word' id='word_1_480' title='bbox 541 3813 686 3884; x_wconf 83' lang='lat' dir='ltr'><strong>Ejice</strong></span> <span class='ocrx_word' id='word_1_481' title='bbox 717 3811 1028 3865; x_wconf 80' lang='lat' dir='ltr'><strong>tle-concilio</strong></span> <span class='ocrx_word' id='word_1_482' title='bbox 1070 3810 1418 3878; x_wconf 81' lang='lat' dir='ltr'><strong>pestilentem,</strong></span> <span class='ocrx_word' id='word_1_483' title='bbox 1443 3818 1492 3860; x_wconf 90' lang='lat' dir='ltr'><strong>et</strong></span> <span class='ocrx_word' id='word_1_484' title='bbox 1536 3809 1695 3860; x_wconf 72' lang='lat' dir='ltr'><strong>exibit</strong></span> <span class='ocrx_word' id='word_1_485' title='bbox 1722 3825 1839 3860; x_wconf 85' lang='lat' dir='ltr'><strong>cum</strong></span> <span class='ocrx_word' id='word_1_486' title='bbox 1867 3825 1926 3861; x_wconf 89' lang='lat' dir='ltr'><strong>eo</strong></span> <span class='ocrx_word' id='word_1_487' title='bbox 1955 3809 2125 3862; x_wconf 78' lang='lat' dir='ltr'><strong>omnis</strong></span> 
     </span>
    </p>
   </div>
   <div class='ocr_carea' id='block_1_56' title="bbox 539 3895 2125 3970">
    <p class='ocr_par' dir='ltr' id='par_1_56' title="bbox 539 3895 2125 3970">
     <span class='ocr_line' id='line_1_56' title="bbox 539 3895 2125 3970; baseline -0.002 -15"><span class='ocrx_word' id='word_1_488' title='bbox 539 3902 798 3955; x_wconf 82' lang='lat' dir='ltr'><strong>contentio</strong></span> <span class='ocrx_word' id='word_1_489' title='bbox 847 3897 1041 3970; x_wconf 84' lang='lat' dir='ltr'><strong>(Prov.</strong></span> <span class='ocrx_word' id='word_1_490' title='bbox 1091 3895 1254 3965; x_wconf 84' lang='lat' dir='ltr'><strong>xxn).</strong></span> <span class='ocrx_word' id='word_1_491' title='bbox 1307 3895 1468 3950; x_wconf 91' lang='lat' dir='ltr'><strong>Solus</strong></span> <span class='ocrx_word' id='word_1_492' title='bbox 1522 3910 1652 3964; x_wconf 88' lang='lat' dir='ltr'><strong>ergo</strong></span> <span class='ocrx_word' id='word_1_493' title='bbox 1683 3897 1735 3950; x_wconf 92' lang='lat' dir='ltr'><strong>in</strong></span> <span class='ocrx_word' id='word_1_494' title='bbox 1766 3905 1907 3950; x_wconf 75' lang='lat' dir='ltr'><strong>cmtu</strong></span> <span class='ocrx_word' id='word_1_495' title='bbox 1937 3906 2125 3952; x_wconf 89' lang='lat' dir='ltr'><strong>sancto</strong></span> 
     </span>
    </p>
   </div>
   <div class='ocr_carea' id='block_1_57' title="bbox 542 3988 2125 4064">
    <p class='ocr_par' dir='ltr' id='par_1_57' title="bbox 542 3988 2125 4064">
     <span class='ocr_line' id='line_1_57' title="bbox 542 3988 2125 4064; baseline -0.003 -17"><span class='ocrx_word' id='word_1_496' title='bbox 542 3991 800 4064; x_wconf 86' lang='lat' dir='ltr'><strong>pestilens</strong></span> <span class='ocrx_word' id='word_1_497' title='bbox 847 3990 962 4053; x_wconf 88' lang='lat' dir='ltr'><strong>fuit,</strong></span> <span class='ocrx_word' id='word_1_498' title='bbox 994 3988 1105 4057; x_wconf 89' lang='lat' dir='ltr'><strong>qui,</strong></span> <span class='ocrx_word' id='word_1_499' title='bbox 1137 3989 1361 4052; x_wconf 90' lang='lat' dir='ltr'><strong>cunctis,</strong></span> <span class='ocrx_word' id='word_1_500' title='bbox 1395 3997 1705 4058; x_wconf 89' lang='lat' dir='ltr'><strong>contemptu</strong></span> <span class='ocrx_word' id='word_1_501' title='bbox 1751 3989 2008 4058; x_wconf 60' lang='lat' dir='ltr'><strong>pecunia),</strong></span> <span class='ocrx_word' id='word_1_502' title='bbox 2040 3988 2125 4043; x_wconf 82' lang='lat' dir='ltr'><strong>lu-</strong></span> 
     </span>
    </p>
   </div>
   <div class='ocr_carea' id='block_1_58' title="bbox 541 4079 2127 4149">
    <p class='ocr_par' dir='ltr' id='par_1_58' title="bbox 541 4079 2127 4149">
     <span class='ocr_line' id='line_1_58' title="bbox 541 4079 2127 4149; baseline -0.002 -11"><span class='ocrx_word' id='word_1_503' title='bbox 541 4096 696 4138; x_wconf 87' lang='lat' dir='ltr'><strong>crum</strong></span> <span class='ocrx_word' id='word_1_504' title='bbox 743 4081 865 4135; x_wconf 74' lang='lat' dir='ltr'><strong>vitae</strong></span> <span class='ocrx_word' id='word_1_505' title='bbox 889 4079 1303 4149; x_wconf 85' lang='lat' dir='ltr'><strong>requirentibus,</strong></span> <span class='ocrx_word' id='word_1_506' title='bbox 1339 4079 1452 4149; x_wconf 90' lang='lat' dir='ltr'><strong>ipse</strong></span> <span class='ocrx_word' id='word_1_507' title='bbox 1483 4087 1691 4134; x_wconf 86' lang='lat' dir='ltr'><strong>tantum</strong></span> <span class='ocrx_word' id='word_1_508' title='bbox 1722 4080 1928 4135; x_wconf 91' lang='lat' dir='ltr'><strong>lucrum</strong></span> <span class='ocrx_word' id='word_1_509' title='bbox 1957 4081 2127 4149; x_wconf 90' lang='lat' dir='ltr'><strong>magis</strong></span> 
     </span>
    </p>
   </div>
   <div class='ocr_carea' id='block_1_59' title="bbox 2217 2904 3799 2976">
    <p class='ocr_par' dir='ltr' id='par_1_59' title="bbox 2217 2904 3799 2976">
     <span class='ocr_line' id='line_1_59' title="bbox 2217 2904 3799 2976; baseline -0.001 -17"><span class='ocrx_word' id='word_1_510' title='bbox 2217 2911 2300 2959; x_wconf 90' lang='lat' dir='ltr'><strong>set</strong></span> <span class='ocrx_word' id='word_1_511' title='bbox 2345 2904 2635 2973; x_wconf 79' lang='lat' dir='ltr'><strong>corrigere,</strong></span> <span class='ocrx_word' id='word_1_512' title='bbox 2669 2920 2776 2958; x_wconf 90' lang='lat' dir='ltr'><strong>non</strong></span> <span class='ocrx_word' id='word_1_513' title='bbox 2803 2905 3078 2976; x_wconf 89' lang='lat' dir='ltr'><strong>punisset;</strong></span> <span class='ocrx_word' id='word_1_514' title='bbox 3125 2906 3220 2960; x_wconf 90' lang='lat' dir='ltr'><strong>sed</strong></span> <span class='ocrx_word' id='word_1_515' title='bbox 3266 2905 3395 2960; x_wconf 90' lang='lat' dir='ltr'><strong>dum</strong></span> <span class='ocrx_word' id='word_1_516' title='bbox 3443 2905 3590 2960; x_wconf 90' lang='lat' dir='ltr'><strong>illum</strong></span> <span class='ocrx_word' id='word_1_517' title='bbox 3618 2905 3799 2976; x_wconf 87' lang='lat' dir='ltr'><strong>punit,</strong></span> 
     </span>
    </p>
   </div>
   <div class='ocr_carea' id='block_1_60' title="bbox 2219 2995 3805 3066">
    <p class='ocr_par' dir='ltr' id='par_1_60' title="bbox 2219 2995 3805 3066">
     <span class='ocr_line' id='line_1_60' title="bbox 2219 2995 3805 3066; baseline 0 -17"><span class='ocrx_word' id='word_1_518' title='bbox 2219 2995 2356 3050; x_wconf 91' lang='lat' dir='ltr'><strong>alios</strong></span> <span class='ocrx_word' id='word_1_519' title='bbox 2378 2995 2597 3065; x_wconf 82' lang='lat' dir='ltr'><strong>corrigit</strong></span> <span class='ocrx_word' id='word_1_520' title='bbox 2629 3013 2642 3049; x_wconf 91' lang='lat'><strong>:</strong></span> <span class='ocrx_word' id='word_1_521' title='bbox 2673 2996 2845 3050; x_wconf 78' lang='lat' dir='ltr'><strong>voluit</strong></span> <span class='ocrx_word' id='word_1_522' title='bbox 2873 2996 3016 3051; x_wconf 90' lang='lat' dir='ltr'><strong>enim</strong></span> <span class='ocrx_word' id='word_1_523' title='bbox 3041 3004 3101 3051; x_wconf 93' lang='lat' dir='ltr'><strong>ut</strong></span> <span class='ocrx_word' id='word_1_524' title='bbox 3126 3012 3283 3066; x_wconf 78' lang='lat' dir='ltr'><strong>poma</strong></span> <span class='ocrx_word' id='word_1_525' title='bbox 3318 2995 3387 3051; x_wconf 89' lang='lat' dir='ltr'><strong>ad</strong></span> <span class='ocrx_word' id='word_1_526' title='bbox 3416 3011 3598 3060; x_wconf 88' lang='lat' dir='ltr'><strong>unum,</strong></span> <span class='ocrx_word' id='word_1_527' title='bbox 3633 3005 3805 3050; x_wconf 86' lang='lat' dir='ltr'><strong>metus</strong></span> 
     </span>
    </p>
   </div>
   <div class='ocr_carea' id='block_1_61' title="bbox 2219 3085 3806 3157">
    <p class='ocr_par' dir='ltr' id='par_1_61' title="bbox 2219 3085 3806 3157">
     <span class='ocr_line' id='line_1_61' title="bbox 2219 3085 3806 3157; baseline 0 -17"><span class='ocrx_word' id='word_1_528' title='bbox 2219 3086 2488 3141; x_wconf 73' lang='lat' dir='ltr'><strong>autem&#39;ad</strong></span> <span class='ocrx_word' id='word_1_529' title='bbox 2524 3087 2781 3156; x_wconf 92' lang='lat' dir='ltr'><strong>plurimos</strong></span> <span class='ocrx_word' id='word_1_530' title='bbox 2810 3087 3138 3157; x_wconf 87' lang='lat' dir='ltr'><strong>perveniret.</strong></span> <span class='ocrx_word' id='word_1_531' title='bbox 3169 3085 3486 3157; x_wconf 84' lang='lat' dir='ltr'><strong>Exemplum</strong></span> <span class='ocrx_word' id='word_1_532' title='bbox 3511 3100 3643 3155; x_wconf 88' lang='lat' dir='ltr'><strong>ergo</strong></span> <span class='ocrx_word' id='word_1_533' title='bbox 3683 3102 3806 3140; x_wconf 84' lang='lat' dir='ltr'><strong>ava-</strong></span> 
     </span>
    </p>
   </div>
   <div class='ocr_carea' id='block_1_62' title="bbox 2219 3175 3803 3248">
    <p class='ocr_par' dir='ltr' id='par_1_62' title="bbox 2219 3175 3803 3248">
     <span class='ocr_line' id='line_1_62' title="bbox 2219 3175 3803 3248; baseline -0.001 -16"><span class='ocrx_word' id='word_1_534' title='bbox 2219 3179 2294 3233; x_wconf 89' lang='lat' dir='ltr'><strong>ris</strong></span> <span class='ocrx_word' id='word_1_535' title='bbox 2321 3179 2569 3233; x_wconf 89' lang='lat' dir='ltr'><strong>omnihus</strong></span> <span class='ocrx_word' id='word_1_536' title='bbox 2591 3178 2643 3231; x_wconf 88' lang='lat' dir='ltr'><strong>in</strong></span> <span class='ocrx_word' id='word_1_537' title='bbox 2661 3177 2864 3232; x_wconf 87' lang='lat' dir='ltr'><strong>Anania</strong></span> <span class='ocrx_word' id='word_1_538' title='bbox 2887 3179 3221 3248; x_wconf 89' lang='lat' dir='ltr'><strong>propositum</strong></span> <span class='ocrx_word' id='word_1_539' title='bbox 3247 3185 3349 3245; x_wconf 90' lang='lat' dir='ltr'><strong>est,</strong></span> <span class='ocrx_word' id='word_1_540' title='bbox 3374 3186 3431 3232; x_wconf 91' lang='lat' dir='ltr'><strong>ut</strong></span> <span class='ocrx_word' id='word_1_541' title='bbox 3451 3177 3542 3246; x_wconf 91' lang='lat' dir='ltr'><strong>qui</strong></span> <span class='ocrx_word' id='word_1_542' title='bbox 3567 3175 3803 3246; x_wconf 87' lang='lat' dir='ltr'><strong>ejusdem</strong></span> 
     </span>
    </p>
   </div>
   <div class='ocr_carea' id='block_1_63' title="bbox 2221 3267 3810 3338">
    <p class='ocr_par' dir='ltr' id='par_1_63' title="bbox 2221 3267 3810 3338">
     <span class='ocr_line' id='line_1_63' title="bbox 2221 3267 3810 3338; baseline -0.003 -13"><span class='ocrx_word' id='word_1_543' title='bbox 2221 3269 2460 3325; x_wconf 89' lang='lat' dir='ltr'><strong>criminis</strong></span> <span class='ocrx_word' id='word_1_544' title='bbox 2489 3284 2613 3323; x_wconf 88' lang='lat' dir='ltr'><strong>reus</strong></span> <span class='ocrx_word' id='word_1_545' title='bbox 2665 3267 2843 3335; x_wconf 86' lang='lat' dir='ltr'><strong>fuerit,</strong></span> <span class='ocrx_word' id='word_1_546' title='bbox 2876 3267 3114 3338; x_wconf 85' lang='lat' dir='ltr'><strong>ejusdem</strong></span> <span class='ocrx_word' id='word_1_547' title='bbox 3142 3268 3388 3338; x_wconf 84' lang='lat' dir='ltr'><strong>supplicii</strong></span> <span class='ocrx_word' id='word_1_548' title='bbox 3431 3268 3484 3322; x_wconf 89' lang='lat' dir='ltr'><strong>in</strong></span> <span class='ocrx_word' id='word_1_549' title='bbox 3509 3267 3696 3336; x_wconf 88' lang='lat' dir='ltr'><strong>judicii</strong></span> <span class='ocrx_word' id='word_1_550' title='bbox 3727 3267 3810 3321; x_wconf 88' lang='lat' dir='ltr'><strong>die</strong></span> 
     </span>
    </p>
   </div>
   <div class='ocr_carea' id='block_1_64' title="bbox 2220 3356 3808 3428">
    <p class='ocr_par' dir='ltr' id='par_1_64' title="bbox 2220 3356 3808 3428">
     <span class='ocr_line' id='line_1_64' title="bbox 2220 3356 3808 3428; baseline -0.001 -16"><span class='ocrx_word' id='word_1_551' title='bbox 2220 3359 2486 3412; x_wconf 88' lang='lat' dir='ltr'><strong>sententia</strong></span> <span class='ocrx_word' id='word_1_552' title='bbox 2508 3356 2749 3412; x_wconf 89' lang='lat' dir='ltr'><strong>feriatur.</strong></span> <span class='ocrx_word' id='word_1_553' title='bbox 2777 3357 2991 3412; x_wconf 88' lang='lat' dir='ltr'><strong>Grande</strong></span> <span class='ocrx_word' id='word_1_554' title='bbox 3019 3358 3182 3428; x_wconf 78' lang='lat' dir='ltr'><strong>igitur</strong></span> <span class='ocrx_word' id='word_1_555' title='bbox 3217 3358 3417 3413; x_wconf 89' lang='lat' dir='ltr'><strong>malum</strong></span> <span class='ocrx_word' id='word_1_556' title='bbox 3447 3366 3533 3413; x_wconf 89' lang='lat' dir='ltr'><strong>est</strong></span> <span class='ocrx_word' id='word_1_557' title='bbox 3560 3359 3808 3420; x_wconf 84' lang='lat' dir='ltr'><strong>avaritia,</strong></span> 
     </span>
    </p>
   </div>
   <div class='ocr_carea' id='block_1_65' title="bbox 2222 3447 3806 3517">
    <p class='ocr_par' dir='ltr' id='par_1_65' title="bbox 2222 3447 3806 3517">
     <span class='ocr_line' id='line_1_65' title="bbox 2222 3447 3806 3517; baseline -0.002 -14"><span class='ocrx_word' id='word_1_558' title='bbox 2222 3448 2332 3503; x_wconf 92' lang='lat' dir='ltr'><strong>imo</strong></span> <span class='ocrx_word' id='word_1_559' title='bbox 2378 3448 2642 3502; x_wconf 87' lang='lat' dir='ltr'><strong>malorum</strong></span> <span class='ocrx_word' id='word_1_560' title='bbox 2675 3448 2913 3502; x_wconf 79' lang='lat' dir='ltr'><strong>omnium</strong></span> <span class='ocrx_word' id='word_1_561' title='bbox 2936 3455 3019 3502; x_wconf 90' lang='lat' dir='ltr'><strong>est</strong></span> <span class='ocrx_word' id='word_1_562' title='bbox 3039 3447 3213 3517; x_wconf 86' lang='lat' dir='ltr'><strong>origo,</strong></span> <span class='ocrx_word' id='word_1_563' title='bbox 3237 3447 3375 3502; x_wconf 89' lang='lat' dir='ltr'><strong>sicut</strong></span> <span class='ocrx_word' id='word_1_564' title='bbox 3394 3448 3469 3501; x_wconf 88' lang='lat' dir='ltr'><strong>ait</strong></span> <span class='ocrx_word' id='word_1_565' title='bbox 3483 3447 3806 3516; x_wconf 80' lang='lat' dir='ltr'><strong>Apostolus:</strong></span> 
     </span>
    </p>
   </div>
   <div class='ocr_carea' id='block_1_66' title="bbox 2225 3537 3812 3609">
    <p class='ocr_par' dir='ltr' id='par_1_66' title="bbox 2225 3537 3812 3609">
     <span class='ocr_line' id='line_1_66' title="bbox 2225 3537 3812 3609; baseline 0.001 -18"><span class='ocrx_word' id='word_1_566' title='bbox 2225 3537 2400 3591; x_wconf 68' lang='lat' dir='ltr'><strong>Radix</strong></span> <span class='ocrx_word' id='word_1_567' title='bbox 2441 3547 2611 3590; x_wconf 87' lang='lat' dir='ltr'><strong>autem</strong></span> <span class='ocrx_word' id='word_1_568' title='bbox 2649 3539 2878 3592; x_wconf 86' lang='lat' dir='ltr'><strong>omnium</strong></span> <span class='ocrx_word' id='word_1_569' title='bbox 2919 3537 3176 3593; x_wconf 82' lang='lat' dir='ltr'><strong>malorum</strong></span> <span class='ocrx_word' id='word_1_570' title='bbox 3221 3549 3297 3592; x_wconf 81' lang='lat' dir='ltr'><strong>est</strong></span> <span class='ocrx_word' id='word_1_571' title='bbox 3333 3539 3589 3609; x_wconf 73' lang='lat' dir='ltr'><strong>cupiditas</strong></span> <span class='ocrx_word' id='word_1_572' title='bbox 3611 3579 3627 3606; x_wconf 96' lang='lat'><strong>,</strong></span> <span class='ocrx_word' id='word_1_573' title='bbox 3659 3555 3812 3609; x_wconf 82' lang='lat' dir='ltr'><strong>quam</strong></span> 
     </span>
    </p>
   </div>
   <div class='ocr_carea' id='block_1_67' title="bbox 2223 3628 3814 3702">
    <p class='ocr_par' dir='ltr' id='par_1_67' title="bbox 2223 3628 3814 3702">
     <span class='ocr_line' id='line_1_67' title="bbox 2223 3628 3814 3702; baseline 0.001 -20"><span class='ocrx_word' id='word_1_574' title='bbox 2223 3631 2430 3702; x_wconf 84' lang='lat' dir='ltr'><strong>quidam</strong></span> <span class='ocrx_word' id='word_1_575' title='bbox 2455 3638 2748 3701; x_wconf 75' lang='lat' dir='ltr'><strong>appetentes</strong></span> <span class='ocrx_word' id='word_1_576' title='bbox 2771 3640 3070 3684; x_wconf 80' lang='lat' dir='ltr'><strong>erraverunt</strong></span> <span class='ocrx_word' id='word_1_577' title='bbox 3091 3647 3121 3683; x_wconf 94' lang='lat' dir='ltr'><strong>a</strong></span> <span class='ocrx_word' id='word_1_578' title='bbox 3145 3629 3248 3700; x_wconf 81' lang='lat' dir='ltr'><strong>ﬁde</strong></span> <span class='ocrx_word' id='word_1_579' title='bbox 3277 3628 3336 3700; x_wconf 88' lang='grc' dir='ltr'><strong>(Ι</strong></span> <span class='ocrx_word' id='word_1_580' title='bbox 3364 3630 3499 3685; x_wconf 87' lang='lat' dir='ltr'><strong>Tim.</strong></span> <span class='ocrx_word' id='word_1_581' title='bbox 3525 3630 3622 3700; x_wconf 70' lang='grc' dir='ltr'><strong>γι).</strong></span> <span class='ocrx_word' id='word_1_582' title='bbox 3652 3629 3814 3685; x_wconf 78' lang='lat' dir='ltr'><strong>Vides</strong></span> 
     </span>
    </p>
   </div>
   <div class='ocr_carea' id='block_1_68' title="bbox 2225 3721 3813 3794">
    <p class='ocr_par' dir='ltr' id='par_1_68' title="bbox 2225 3721 3813 3794">
     <span class='ocr_line' id='line_1_68' title="bbox 2225 3721 3813 3794; baseline 0.001 -17"><span class='ocrx_word' id='word_1_583' title='bbox 2225 3737 2352 3791; x_wconf 88' lang='lat' dir='ltr'><strong>ergo</strong></span> <span class='ocrx_word' id='word_1_584' title='bbox 2381 3724 2471 3792; x_wconf 91' lang='lat' dir='ltr'><strong>qui</strong></span> <span class='ocrx_word' id='word_1_585' title='bbox 2519 3723 2801 3792; x_wconf 88' lang='lat' dir='ltr'><strong>pecuniam</strong></span> <span class='ocrx_word' id='word_1_586' title='bbox 2833 3724 3055 3794; x_wconf 84' lang='lat' dir='ltr'><strong>appetit,</strong></span> <span class='ocrx_word' id='word_1_587' title='bbox 3088 3722 3245 3778; x_wconf 83' lang='lat' dir='ltr'><strong>fidem</strong></span> <span class='ocrx_word' id='word_1_588' title='bbox 3273 3721 3471 3794; x_wconf 88' lang='lat' dir='ltr'><strong>perdit,</strong></span> <span class='ocrx_word' id='word_1_589' title='bbox 3500 3723 3594 3794; x_wconf 91' lang='lat' dir='ltr'><strong>qui</strong></span> <span class='ocrx_word' id='word_1_590' title='bbox 3621 3739 3813 3778; x_wconf 90' lang='lat' dir='ltr'><strong>aurum</strong></span> 
     </span>
    </p>
   </div>
   <div class='ocr_carea' id='block_1_69' title="bbox 2225 3814 3810 3884">
    <p class='ocr_par' dir='ltr' id='par_1_69' title="bbox 2225 3814 3810 3884">
     <span class='ocr_line' id='line_1_69' title="bbox 2225 3814 3810 3884; baseline 0.001 -16"><span class='ocrx_word' id='word_1_591' title='bbox 2225 3814 2447 3882; x_wconf 85' lang='lat' dir='ltr'><strong>redigit,</strong></span> <span class='ocrx_word' id='word_1_592' title='bbox 2501 3814 2728 3879; x_wconf 78' lang='lat' dir='ltr'><strong>gratiam</strong></span> <span class='ocrx_word' id='word_1_593' title='bbox 2779 3815 3034 3884; x_wconf 90' lang='lat' dir='ltr'><strong>prodigit.</strong></span> <span class='ocrx_word' id='word_1_594' title='bbox 3083 3815 3317 3869; x_wconf 86' lang='lat' dir='ltr'><strong>Avaritia</strong></span> <span class='ocrx_word' id='word_1_595' title='bbox 3365 3816 3561 3869; x_wconf 62' lang='lat' dir='ltr'><strong>enim!</strong></span> <span class='ocrx_word' id='word_1_596' title='bbox 3591 3817 3810 3871; x_wconf 61' lang='lat' dir='ltr'><strong>accitas</strong></span> 
     </span>
    </p>
   </div>
   <div class='ocr_carea' id='block_1_70' title="bbox 2224 3905 3815 3975">
    <p class='ocr_par' dir='ltr' id='par_1_70' title="bbox 2224 3905 3815 3975">
     <span class='ocr_line' id='line_1_70' title="bbox 2224 3905 3815 3975; baseline -0.001 -15"><span class='ocrx_word' id='word_1_597' title='bbox 2224 3913 2324 3972; x_wconf 90' lang='lat' dir='ltr'><strong>est,</strong></span> <span class='ocrx_word' id='word_1_598' title='bbox 2357 3921 2596 3961; x_wconf 88' lang='lat' dir='ltr'><strong>errorem</strong></span> <span class='ocrx_word' id='word_1_599' title='bbox 2652 3906 2928 3974; x_wconf 78' lang='lat' dir='ltr'><strong>religionis</strong></span> <span class='ocrx_word' id='word_1_600' title='bbox 2985 3905 3217 3972; x_wconf 90' lang='lat' dir='ltr'><strong>inducit;</strong></span> <span class='ocrx_word' id='word_1_601' title='bbox 3249 3919 3406 3972; x_wconf 66' lang='lat' dir='ltr'><strong>caaca,</strong></span> <span class='ocrx_word' id='word_1_602' title='bbox 3441 3906 3698 3975; x_wconf 86' lang='lat' dir='ltr'><strong>inquam,</strong></span> <span class='ocrx_word' id='word_1_603' title='bbox 3729 3914 3815 3961; x_wconf 89' lang='lat' dir='ltr'><strong>est</strong></span> 
     </span>
    </p>
   </div>
   <div class='ocr_carea' id='block_1_71' title="bbox 2225 3996 3814 4066">
    <p class='ocr_par' dir='ltr' id='par_1_71' title="bbox 2225 3996 3814 4066">
     <span class='ocr_line' id='line_1_71' title="bbox 2225 3996 3814 4066; baseline 0.001 -16"><span class='ocrx_word' id='word_1_604' title='bbox 2225 3997 2470 4064; x_wconf 86' lang='lat' dir='ltr'><strong>avaritia,</strong></span> <span class='ocrx_word' id='word_1_605' title='bbox 2503 3996 2599 4051; x_wconf 90' lang='lat' dir='ltr'><strong>sed</strong></span> <span class='ocrx_word' id='word_1_606' title='bbox 2639 3997 2866 4052; x_wconf 85' lang='lat' dir='ltr'><strong>diversis</strong></span> <span class='ocrx_word' id='word_1_607' title='bbox 2894 3996 3141 4052; x_wconf 87' lang='lat' dir='ltr'><strong>fraudum</strong></span> <span class='ocrx_word' id='word_1_608' title='bbox 3189 3997 3399 4052; x_wconf 90' lang='lat' dir='ltr'><strong>oculata</strong></span> <span class='ocrx_word' id='word_1_609' title='bbox 3436 3997 3665 4066; x_wconf 81' lang='lat' dir='ltr'><strong>ingeniis</strong></span> <span class='ocrx_word' id='word_1_610' title='bbox 3705 4014 3814 4052; x_wconf 91' lang='lat' dir='ltr'><strong>non</strong></span> 
     </span>
    </p>
   </div>
   <div class='ocr_carea' id='block_1_72' title="bbox 2228 4087 3813 4160">
    <p class='ocr_par' dir='ltr' id='par_1_72' title="bbox 2228 4087 3813 4160">
     <span class='ocr_line' id='line_1_72' title="bbox 2228 4087 3813 4160; baseline 0.002 -20"><span class='ocrx_word' id='word_1_611' title='bbox 2228 4087 2372 4141; x_wconf 84' lang='lat' dir='ltr'><strong>videt</strong></span> <span class='ocrx_word' id='word_1_612' title='bbox 2395 4102 2514 4157; x_wconf 61' lang='lat' dir='ltr'><strong>quae</strong></span> <span class='ocrx_word' id='word_1_613' title='bbox 2543 4087 2844 4143; x_wconf 88' lang='lat' dir='ltr'><strong>Divinitatis</strong></span> <span class='ocrx_word' id='word_1_614' title='bbox 2867 4089 3029 4160; x_wconf 61' lang='lat'><strong>325</strong></span> <span class='ocrx_word' id='word_1_615' title='bbox 3053 4096 3197 4153; x_wconf 90' lang='lat' dir='ltr'><strong>sunt,</strong></span> <span class='ocrx_word' id='word_1_616' title='bbox 3224 4088 3317 4143; x_wconf 92' lang='lat' dir='ltr'><strong>sed</strong></span> <span class='ocrx_word' id='word_1_617' title='bbox 3338 4089 3540 4156; x_wconf 86' lang='lat' dir='ltr'><strong>cogitat</strong></span> <span class='ocrx_word' id='word_1_618' title='bbox 3566 4103 3689 4159; x_wconf 69' lang='lat' dir='ltr'><strong>quae</strong></span> <span class='ocrx_word' id='word_1_619' title='bbox 3717 4105 3813 4145; x_wconf 83' lang='lat' dir='ltr'><strong>eu-</strong></span> 
     </span>
    </p>
   </div>
   <div class='ocr_carea' id='block_1_73' title="bbox 543 4170 3817 4247">
    <p class='ocr_par' dir='ltr' id='par_1_73' title="bbox 543 4170 3817 4247">
     <span class='ocr_line' id='line_1_73' title="bbox 543 4170 3817 4247; baseline 0.002 -20"><span class='ocrx_word' id='word_1_620' title='bbox 543 4172 782 4245; x_wconf 70' lang='lat' dir='ltr'><strong>pecunia:</strong></span> <span class='ocrx_word' id='word_1_621' title='bbox 807 4179 1074 4227; x_wconf 83' lang='lat' dir='ltr'><strong>mercatus</strong></span> <span class='ocrx_word' id='word_1_622' title='bbox 1117 4179 1200 4226; x_wconf 90' lang='lat' dir='ltr'><strong>est</strong></span> <span class='ocrx_word' id='word_1_623' title='bbox 1238 4186 1397 4241; x_wconf 91' lang='lat' dir='ltr'><strong>quam</strong></span> <span class='ocrx_word' id='word_1_624' title='bbox 1441 4171 1659 4240; x_wconf 90' lang='lat' dir='ltr'><strong>salutis,</strong></span> <span class='ocrx_word' id='word_1_625' title='bbox 1700 4175 1758 4227; x_wconf 73' lang='lat' dir='ltr'><strong>tat</strong></span> <span class='ocrx_word' id='word_1_626' title='bbox 1796 4170 1923 4226; x_wconf 91' lang='lat' dir='ltr'><strong>dum</strong></span> <span class='ocrx_word' id='word_1_627' title='bbox 1966 4172 2125 4242; x_wconf 87' lang='lat' dir='ltr'><strong>pretii</strong></span> <span class='ocrx_word' id='word_1_628' title='bbox 2156 4186 2200 4246; x_wconf 70' lang='grc' dir='ltr'><strong>ρ</strong></span> <span class='ocrx_word' id='word_1_629' title='bbox 2231 4176 2470 4246; x_wconf 87' lang='lat' dir='ltr'><strong>piditatis</strong></span> <span class='ocrx_word' id='word_1_630' title='bbox 2497 4185 2656 4244; x_wconf 88' lang='lat' dir='ltr'><strong>sunt;</strong></span> <span class='ocrx_word' id='word_1_631' title='bbox 2689 4175 2716 4214; x_wconf 70' lang='grc' dir='ltr'>ιι</span> <span class='ocrx_word' id='word_1_632' title='bbox 2746 4193 2977 4247; x_wconf 89' lang='lat' dir='ltr'><strong>semper,</strong></span> <span class='ocrx_word' id='word_1_633' title='bbox 3007 4179 3253 4247; x_wconf 89' lang='lat' dir='ltr'><strong>quamvis</strong></span> <span class='ocrx_word' id='word_1_634' title='bbox 3280 4177 3430 4232; x_wconf 88' lang='lat' dir='ltr'><strong>dives</strong></span> <span class='ocrx_word' id='word_1_635' title='bbox 3476 4178 3564 4241; x_wconf 89' lang='lat' dir='ltr'><strong>sit,</strong></span> <span class='ocrx_word' id='word_1_636' title='bbox 3613 4178 3817 4246; x_wconf 84' lang='lat' dir='ltr'><strong>cogitat</strong></span> 
     </span>
    </p>
   </div>
   <div class='ocr_carea' id='block_1_74' title="bbox 544 4264 2129 4337">
    <p class='ocr_par' dir='ltr' id='par_1_74' title="bbox 544 4264 2129 4337">
     <span class='ocr_line' id='line_1_74' title="bbox 544 4264 2129 4337; baseline -0.001 -15"><span class='ocrx_word' id='word_1_637' title='bbox 544 4273 721 4337; x_wconf 81' lang='lat' dir='ltr'><strong>sperat</strong></span> <span class='ocrx_word' id='word_1_638' title='bbox 751 4264 1148 4334; x_wconf 85' lang='lat' dir='ltr'><strong>compendium,</strong></span> <span class='ocrx_word' id='word_1_639' title='bbox 1177 4264 1370 4319; x_wconf 77' lang='lat' dir='ltr'><strong>anima:</strong></span> <span class='ocrx_word' id='word_1_640' title='bbox 1393 4267 1592 4335; x_wconf 89' lang='lat' dir='ltr'><strong>reperit</strong></span> <span class='ocrx_word' id='word_1_641' title='bbox 1618 4265 2020 4320; x_wconf 82' lang='lat' dir='ltr'><strong>detrimentum.</strong></span> <span class='ocrx_word' id='word_1_642' title='bbox 2049 4267 2129 4320; x_wconf 88' lang='lat' dir='ltr'><strong>Ab</strong></span> 
     </span>
    </p>
   </div>
   <div class='ocr_carea' id='block_1_75' title="bbox 545 4355 2131 4430">
    <p class='ocr_par' dir='ltr' id='par_1_75' title="bbox 545 4355 2131 4430">
     <span class='ocr_line' id='line_1_75' title="bbox 545 4355 2131 4430; baseline -0.003 -16"><span class='ocrx_word' id='word_1_643' title='bbox 545 4358 802 4430; x_wconf 88' lang='lat' dir='ltr'><strong>apostolis</strong></span> <span class='ocrx_word' id='word_1_644' title='bbox 853 4359 1015 4426; x_wconf 86' lang='lat' dir='ltr'><strong>igitur</strong></span> <span class='ocrx_word' id='word_1_645' title='bbox 1061 4355 1294 4411; x_wconf 83' lang='lat' dir='ltr'><strong>Ananias</strong></span> <span class='ocrx_word' id='word_1_646' title='bbox 1340 4372 1535 4411; x_wconf 87' lang='lat' dir='ltr'><strong>avarus</strong></span> <span class='ocrx_word' id='word_1_647' title='bbox 1589 4357 1835 4412; x_wconf 86' lang='lat' dir='ltr'><strong>inventus</strong></span> <span class='ocrx_word' id='word_1_648' title='bbox 1863 4366 1973 4421; x_wconf 88' lang='lat' dir='ltr'><strong>est;</strong></span> <span class='ocrx_word' id='word_1_649' title='bbox 2017 4357 2131 4425; x_wconf 90' lang='lat' dir='ltr'><strong>jam</strong></span> 
     </span>
    </p>
   </div>
   <div class='ocr_carea' id='block_1_76' title="bbox 547 4449 2128 4508">
    <p class='ocr_par' dir='ltr' id='par_1_76' title="bbox 547 4449 2128 4508">
     <span class='ocr_line' id='line_1_76' title="bbox 547 4449 2128 4508; baseline -0.004 0"><span class='ocrx_word' id='word_1_650' title='bbox 547 4460 731 4508; x_wconf 89' lang='lat' dir='ltr'><strong>nostra</strong></span> <span class='ocrx_word' id='word_1_651' title='bbox 775 4459 1066 4506; x_wconf 82' lang='lat' dir='ltr'><strong>excusatur</strong></span> <span class='ocrx_word' id='word_1_652' title='bbox 1093 4449 1361 4503; x_wconf 88' lang='lat' dir='ltr'><strong>humilitas</strong></span> <span class='ocrx_word' id='word_1_653' title='bbox 1393 4467 1405 4500; x_wconf 76' lang='grc' dir='ltr'>ε</span> <span class='ocrx_word' id='word_1_654' title='bbox 1441 4450 1616 4502; x_wconf 89' lang='lat' dir='ltr'><strong>minus</strong></span> <span class='ocrx_word' id='word_1_655' title='bbox 1659 4450 1800 4503; x_wconf 89' lang='lat' dir='ltr'><strong>enim</strong></span> <span class='ocrx_word' id='word_1_656' title='bbox 1831 4449 2128 4503; x_wconf 89' lang='lat' dir='ltr'><strong>mirandum</strong></span> 
     </span>
    </p>
   </div>
   <div class='ocr_carea' id='block_1_77' title="bbox 547 4539 2129 4608">
    <p class='ocr_par' dir='ltr' id='par_1_77' title="bbox 547 4539 2129 4608">
     <span class='ocr_line' id='line_1_77' title="bbox 547 4539 2129 4608; baseline -0.003 -10"><span class='ocrx_word' id='word_1_657' title='bbox 547 4551 631 4599; x_wconf 87' lang='lat' dir='ltr'><strong>est</strong></span> <span class='ocrx_word' id='word_1_658' title='bbox 669 4541 942 4596; x_wconf 87' lang='lat' dir='ltr'><strong>abundare</strong></span> <span class='ocrx_word' id='word_1_659' title='bbox 969 4539 1068 4594; x_wconf 86' lang='lat' dir='ltr'><strong>sub</strong></span> <span class='ocrx_word' id='word_1_660' title='bbox 1108 4540 1263 4593; x_wconf 88' lang='lat' dir='ltr'><strong>nobis</strong></span> <span class='ocrx_word' id='word_1_661' title='bbox 1294 4549 1317 4575; x_wconf 82' lang='lat'><strong><em>°</em></strong></span> <span class='ocrx_word' id='word_1_662' title='bbox 1348 4539 1452 4593; x_wconf 89' lang='lat' dir='ltr'><strong>hoc</strong></span> <span class='ocrx_word' id='word_1_663' title='bbox 1482 4539 1686 4606; x_wconf 86' lang='lat' dir='ltr'><strong>vitium,</strong></span> <span class='ocrx_word' id='word_1_664' title='bbox 1719 4556 1840 4594; x_wconf 91' lang='lat' dir='ltr'><strong>cum</strong></span> <span class='ocrx_word' id='word_1_665' title='bbox 1868 4539 1966 4597; x_wconf 92' lang='lat' dir='ltr'><strong>sub</strong></span> <span class='ocrx_word' id='word_1_666' title='bbox 1995 4554 2129 4608; x_wconf 87' lang='lat' dir='ltr'><strong>apo-</strong></span> 
     </span>
    </p>
   </div>
   <div class='ocr_carea' id='block_1_78' title="bbox 548 4627 2133 4701">
    <p class='ocr_par' dir='ltr' id='par_1_78' title="bbox 548 4627 2133 4701">
     <span class='ocr_line' id='line_1_78' title="bbox 548 4627 2133 4701; baseline -0.001 -14"><span class='ocrx_word' id='word_1_667' title='bbox 548 4631 703 4687; x_wconf 84' lang='lat' dir='ltr'><strong>stolis</strong></span> <span class='ocrx_word' id='word_1_668' title='bbox 730 4630 954 4701; x_wconf 69' lang='lat' dir='ltr'><strong>coeperit</strong></span> <span class='ocrx_word' id='word_1_669' title='bbox 983 4627 1274 4699; x_wconf 87' lang='lat' dir='ltr'><strong>pullulare;</strong></span> <span class='ocrx_word' id='word_1_670' title='bbox 1300 4636 1355 4684; x_wconf 92' lang='lat' dir='ltr'><strong>et</strong></span> <span class='ocrx_word' id='word_1_671' title='bbox 1383 4630 1427 4683; x_wconf 94' lang='lat' dir='ltr'><strong>si</strong></span> <span class='ocrx_word' id='word_1_672' title='bbox 1450 4629 1665 4683; x_wconf 90' lang='lat' dir='ltr'><strong>illorum</strong></span> <span class='ocrx_word' id='word_1_673' title='bbox 1693 4631 1987 4685; x_wconf 87' lang='lat' dir='ltr'><strong>auctoritas</strong></span> <span class='ocrx_word' id='word_1_674' title='bbox 2015 4630 2133 4685; x_wconf 55' lang='lat' dir='ltr'><strong>haec</strong></span> 
     </span>
    </p>
   </div>
   <div class='ocr_carea' id='block_1_79' title="bbox 551 4721 2131 4793">
    <p class='ocr_par' dir='ltr' id='par_1_79' title="bbox 551 4721 2131 4793">
     <span class='ocr_line' id='line_1_79' title="bbox 551 4721 2131 4793; baseline -0.001 -16"><span class='ocrx_word' id='word_1_675' title='bbox 551 4724 604 4778; x_wconf 94' lang='lat' dir='ltr'><strong>in</strong></span> <span class='ocrx_word' id='word_1_676' title='bbox 631 4721 838 4778; x_wconf 82' lang='lat' dir='ltr'><strong>Ananla</strong></span> <span class='ocrx_word' id='word_1_677' title='bbox 866 4721 1154 4777; x_wconf 90' lang='lat' dir='ltr'><strong>emendare</strong></span> <span class='ocrx_word' id='word_1_678' title='bbox 1181 4737 1286 4775; x_wconf 91' lang='lat' dir='ltr'><strong>non</strong></span> <span class='ocrx_word' id='word_1_679' title='bbox 1317 4725 1524 4792; x_wconf 89' lang='lat' dir='ltr'><strong>potuit,</strong></span> <span class='ocrx_word' id='word_1_680' title='bbox 1561 4721 1713 4777; x_wconf 87' lang='lat' dir='ltr'><strong>nobis</strong></span> <span class='ocrx_word' id='word_1_681' title='bbox 1739 4721 1867 4792; x_wconf 90' lang='lat' dir='ltr'><strong>quid</strong></span> <span class='ocrx_word' id='word_1_682' title='bbox 1896 4723 2131 4793; x_wconf 81' lang='lat' dir='ltr'><strong>imputa-</strong></span> 
     </span>
    </p>
   </div>
   <div class='ocr_carea' id='block_1_80' title="bbox 553 4812 2132 4885">
    <p class='ocr_par' dir='ltr' id='par_1_80' title="bbox 553 4812 2132 4885">
     <span class='ocr_line' id='line_1_80' title="bbox 553 4812 2132 4885; baseline 0.001 -17"><span class='ocrx_word' id='word_1_683' title='bbox 553 4815 712 4882; x_wconf 91' lang='lat' dir='ltr'><strong>bitur,</strong></span> <span class='ocrx_word' id='word_1_684' title='bbox 739 4817 785 4870; x_wconf 92' lang='lat' dir='ltr'><strong>si</strong></span> <span class='ocrx_word' id='word_1_685' title='bbox 815 4815 1004 4871; x_wconf 87' lang='lat' dir='ltr'><strong>eadem</strong></span> <span class='ocrx_word' id='word_1_686' title='bbox 1043 4815 1098 4869; x_wconf 91' lang='lat' dir='ltr'><strong>in</strong></span> <span class='ocrx_word' id='word_1_687' title='bbox 1125 4813 1394 4884; x_wconf 90' lang='lat' dir='ltr'><strong>plerisque</strong></span> <span class='ocrx_word' id='word_1_688' title='bbox 1424 4812 1677 4869; x_wconf 88' lang='lat' dir='ltr'><strong>fratribus</strong></span> <span class='ocrx_word' id='word_1_689' title='bbox 1721 4815 1993 4885; x_wconf 88' lang='lat' dir='ltr'><strong>corrigere</strong></span> <span class='ocrx_word' id='word_1_690' title='bbox 2023 4831 2132 4870; x_wconf 91' lang='lat' dir='ltr'><strong>non</strong></span> 
     </span>
    </p>
   </div>
   <div class='ocr_carea' id='block_1_81' title="bbox 624 5025 1671 5101">
    <p class='ocr_par' dir='ltr' id='par_1_81' title="bbox 624 5025 1671 5101">
     <span class='ocr_line' id='line_1_81' title="bbox 624 5025 1671 5101; baseline 0.008 -23"><span class='ocrx_word' id='word_1_691' title='bbox 624 5025 804 5101; x_wconf 53' lang='lat' dir='ltr'><strong>fgod:</strong></span> <span class='ocrx_word' id='word_1_692' title='bbox 836 5026 958 5101; x_wconf 70' lang='lat' dir='ltr'><strong>Yat.</strong></span> <span class='ocrx_word' id='word_1_693' title='bbox 987 5026 1147 5101; x_wconf 69' lang='lat'><strong>1270,</strong></span> <span class='ocrx_word' id='word_1_694' title='bbox 1175 5031 1418 5101; x_wconf 84' lang='lat' dir='ltr'><strong>peccasti,</strong></span> <span class='ocrx_word' id='word_1_695' title='bbox 1448 5035 1671 5101; x_wconf 85' lang='lat' dir='ltr'><strong>quiesce.</strong></span> 
     </span>
    </p>
   </div>
   <div class='ocr_carea' id='block_1_82' title="bbox 625 5092 2136 5175">
    <p class='ocr_par' dir='ltr' id='par_1_82' title="bbox 625 5092 2136 5175">
     <span class='ocr_line' id='line_1_82' title="bbox 625 5092 2136 5175; baseline 0.008 -30"><span class='ocrx_word' id='word_1_696' title='bbox 625 5094 654 5175; x_wconf 65' lang='grc' dir='ltr'><strong>ξ)</strong></span> <span class='ocrx_word' id='word_1_697' title='bbox 683 5092 818 5175; x_wconf 51' lang='lat' dir='ltr'><strong>god.</strong></span> <span class='ocrx_word' id='word_1_698' title='bbox 846 5093 1106 5175; x_wconf 57' lang='lat' dir='ltr'><strong>Laurent.</strong></span> <span class='ocrx_word' id='word_1_699' title='bbox 1130 5092 1217 5166; x_wconf 66' lang='lat'><strong>910,</strong></span> <span class='ocrx_word' id='word_1_700' title='bbox 1244 5092 1526 5175; x_wconf 68' lang='lat' dir='ltr'><strong>sacrilegii,</strong></span> <span class='ocrx_word' id='word_1_701' title='bbox 1554 5104 1694 5175; x_wconf 69' lang='lat' dir='ltr'><strong>quod</strong></span> <span class='ocrx_word' id='word_1_702' title='bbox 1721 5102 1996 5157; x_wconf 88' lang='lat' dir='ltr'><strong>Dominum</strong></span> <span class='ocrx_word' id='word_1_703' title='bbox 2022 5103 2136 5175; x_wconf 78' lang='lat' dir='ltr'><strong>pol-</strong></span> 
     </span>
    </p>
   </div>
   <div class='ocr_carea' id='block_1_83' title="bbox 556 5163 2138 5242">
    <p class='ocr_par' dir='ltr' id='par_1_83' title="bbox 556 5163 2138 5242">
     <span class='ocr_line' id='line_1_83' title="bbox 556 5163 2138 5242; baseline 0.005 -23"><span class='ocrx_word' id='word_1_704' title='bbox 556 5164 838 5242; x_wconf 78' lang='lat' dir='ltr'><strong>licitatione</strong></span> <span class='ocrx_word' id='word_1_705' title='bbox 889 5163 1166 5242; x_wconf 76' lang='lat' dir='ltr'><strong>fefellerit;</strong></span> <span class='ocrx_word' id='word_1_706' title='bbox 1204 5163 1455 5240; x_wconf 58' lang='lat' dir='ltr'><strong>fraudis:</strong></span> <span class='ocrx_word' id='word_1_707' title='bbox 1501 5163 1636 5242; x_wconf 71' lang='lat' dir='ltr'><strong>quod</strong></span> <span class='ocrx_word' id='word_1_708' title='bbox 1679 5173 1863 5242; x_wconf 84' lang='lat' dir='ltr'><strong>integri</strong></span> <span class='ocrx_word' id='word_1_709' title='bbox 1913 5163 2138 5226; x_wconf 74' lang='lat' dir='ltr'><strong>muneris</strong></span> 
     </span>
    </p>
   </div>
   <div class='ocr_carea' id='block_1_84' title="bbox 557 5234 1850 5308">
    <p class='ocr_par' dir='ltr' id='par_1_84' title="bbox 557 5234 1850 5308">
     <span class='ocr_line' id='line_1_84' title="bbox 557 5234 1850 5308; baseline 0.005 -19"><span class='ocrx_word' id='word_1_710' title='bbox 557 5235 841 5308; x_wconf 63' lang='lat' dir='ltr'><strong>portionem</strong></span> <span class='ocrx_word' id='word_1_711' title='bbox 863 5234 1138 5308; x_wconf 64' lang='lat' dir='ltr'><strong>quamdam</strong></span> <span class='ocrx_word' id='word_1_712' title='bbox 1157 5234 1408 5307; x_wconf 79' lang='lat' dir='ltr'><strong>putaverit</strong></span> <span class='ocrx_word' id='word_1_713' title='bbox 1431 5234 1850 5296; x_wconf 59' lang='lat' dir='ltr'><strong>saliua/tendam.</strong></span> 
     </span>
    </p>
   </div>
   <div class='ocr_carea' id='block_1_85' title="bbox 633 5302 2043 5382">
    <p class='ocr_par' dir='ltr' id='par_1_85' title="bbox 633 5302 2043 5382">
     <span class='ocr_line' id='line_1_85' title="bbox 633 5302 2043 5382; baseline 0.007 -26"><span class='ocrx_word' id='word_1_714' title='bbox 633 5317 653 5382; x_wconf 65' lang='grc' dir='ltr'><strong>ξ</strong></span> <span class='ocrx_word' id='word_1_715' title='bbox 693 5302 1073 5382; x_wconf 38' lang='lat' dir='ltr'><strong>l&#39;J‘terquecod.</strong></span> <span class='ocrx_word' id='word_1_716' title='bbox 1105 5302 1386 5382; x_wconf 12' lang='lat' dir='ltr'><strong>Laurent”,</strong></span> <span class='ocrx_word' id='word_1_717' title='bbox 1413 5311 1549 5381; x_wconf 84' lang='lat' dir='ltr'><strong>quod</strong></span> <span class='ocrx_word' id='word_1_718' title='bbox 1588 5313 1705 5365; x_wconf 88' lang='lat' dir='ltr'><strong>aliis</strong></span> <span class='ocrx_word' id='word_1_719' title='bbox 1733 5313 2043 5382; x_wconf 83' lang='lat' dir='ltr'><strong>repromisit.</strong></span> 
     </span>
    </p>
   </div>
   <div class='ocr_carea' id='block_1_86' title="bbox 629 5372 2130 5452">
    <p class='ocr_par' dir='ltr' id='par_1_86' title="bbox 629 5372 2130 5452">
     <span class='ocr_line' id='line_1_86' title="bbox 629 5372 2130 5452; baseline 0.006 -27"><span class='ocrx_word' id='word_1_720' title='bbox 629 5372 677 5452; x_wconf 74' lang='lat' dir='ltr'><strong>d_</strong></span> <span class='ocrx_word' id='word_1_721' title='bbox 702 5372 885 5452; x_wconf 82' lang='lat' dir='ltr'><strong>codex</strong></span> <span class='ocrx_word' id='word_1_722' title='bbox 914 5373 1301 5452; x_wconf 68' lang='lat' dir='ltr'><strong>Ambrosianus</strong></span> <span class='ocrx_word' id='word_1_723' title='bbox 1337 5372 1437 5436; x_wconf 42' lang='lat' dir='ltr'><strong>h&#39;is&#39;</strong></span> <span class='ocrx_word' id='word_1_724' title='bbox 1463 5382 1738 5437; x_wconf 89' lang='lat' dir='ltr'><strong>homiliam</strong></span> <span class='ocrx_word' id='word_1_725' title='bbox 1777 5372 2086 5452; x_wconf 78' lang='lat' dir='ltr'><strong>auspicatur</strong></span> <span class='ocrx_word' id='word_1_726' title='bbox 2119 5400 2130 5434; x_wconf 92' lang='lat'><strong>:</strong></span> 
     </span>
    </p>
   </div>
   <div class='ocr_carea' id='block_1_87' title="bbox 563 5443 1928 5528">
    <p class='ocr_par' dir='ltr' id='par_1_87' title="bbox 563 5443 1928 5528">
     <span class='ocr_line' id='line_1_87' title="bbox 563 5443 1928 5528; baseline 0.008 -31"><span class='ocrx_word' id='word_1_727' title='bbox 563 5443 767 5528; x_wconf 61' lang='lat' dir='ltr'><strong>lictieet</strong></span> <span class='ocrx_word' id='word_1_728' title='bbox 785 5443 1038 5528; x_wconf 42' lang='lat' dir='ltr'><strong>‘sar‘t‘e‘tit‘es</strong></span> <span class='ocrx_word' id='word_1_729' title='bbox 1055 5455 1250 5528; x_wconf 44' lang='lat' dir='ltr'><strong>eastra,</strong></span> <span class='ocrx_word' id='word_1_730' title='bbox 1270 5451 1485 5528; x_wconf 57' lang='lat' dir='ltr'><strong>fragres,</strong></span> <span class='ocrx_word' id='word_1_731' title='bbox 1501 5461 1634 5528; x_wconf 75' lang='lat' dir='ltr'><strong>_ante</strong></span> <span class='ocrx_word' id='word_1_732' title='bbox 1661 5453 1789 5528; x_wconf 78' lang='lat' dir='ltr'><strong>dies,</strong></span> <span class='ocrx_word' id='word_1_733' title='bbox 1821 5443 1928 5528; x_wconf 73' lang='lat' dir='ltr'><strong>etc.</strong></span> 
     </span>
    </p>
   </div>
   <div class='ocr_carea' id='block_1_88' title="bbox 2235 4267 3818 4338">
    <p class='ocr_par' dir='ltr' id='par_1_88' title="bbox 2235 4267 3818 4338">
     <span class='ocr_line' id='line_1_88' title="bbox 2235 4267 3818 4338; baseline -0.001 -16"><span class='ocrx_word' id='word_1_734' title='bbox 2235 4269 2586 4338; x_wconf 90' lang='lat' dir='ltr'><strong>undecunque</strong></span> <span class='ocrx_word' id='word_1_735' title='bbox 2634 4267 2717 4322; x_wconf 89' lang='lat' dir='ltr'><strong>vel</strong></span> <span class='ocrx_word' id='word_1_736' title='bbox 2763 4283 2829 4322; x_wconf 85' lang='lat' dir='ltr'><strong>ex</strong></span> <span class='ocrx_word' id='word_1_737' title='bbox 2878 4269 3021 4322; x_wconf 88' lang='lat' dir='ltr'><strong>malo</strong></span> <span class='ocrx_word' id='word_1_738' title='bbox 3072 4268 3352 4338; x_wconf 87' lang='lat' dir='ltr'><strong>acquirere</strong></span> <span class='ocrx_word' id='word_1_739' title='bbox 3386 4287 3398 4320; x_wconf 87' lang='lat'><strong>:</strong></span> <span class='ocrx_word' id='word_1_740' title='bbox 3428 4275 3598 4322; x_wconf 89' lang='lat' dir='ltr'><strong>totam</strong></span> <span class='ocrx_word' id='word_1_741' title='bbox 3652 4267 3818 4322; x_wconf 88' lang='lat' dir='ltr'><strong>vitam</strong></span> 
     </span>
    </p>
   </div>
   <div class='ocr_carea' id='block_1_89' title="bbox 2242 4357 3818 4427">
    <p class='ocr_par' dir='ltr' id='par_1_89' title="bbox 2242 4357 3818 4427">
     <span class='ocr_line' id='line_1_89' title="bbox 2242 4357 3818 4427; baseline 0.001 -17"><span class='ocrx_word' id='word_1_742' title='bbox 2242 4357 2256 4394; x_wconf 74' lang='grc' dir='ltr'><strong>ί</strong></span> <span class='ocrx_word' id='word_1_743' title='bbox 2291 4358 2564 4424; x_wconf 81' lang='lat' dir='ltr'><strong>negotium</strong></span> <span class='ocrx_word' id='word_1_744' title='bbox 2595 4364 2785 4426; x_wconf 91' lang='lat' dir='ltr'><strong>putat;</strong></span> <span class='ocrx_word' id='word_1_745' title='bbox 2819 4357 3260 4426; x_wconf 88' lang='lat' dir='ltr'><strong>compendiorum</strong></span> <span class='ocrx_word' id='word_1_746' title='bbox 3289 4357 3453 4412; x_wconf 89' lang='lat' dir='ltr'><strong>etiam</strong></span> <span class='ocrx_word' id='word_1_747' title='bbox 3482 4357 3662 4411; x_wconf 88' lang='lat' dir='ltr'><strong>omnia</strong></span> <span class='ocrx_word' id='word_1_748' title='bbox 3690 4373 3818 4427; x_wconf 85' lang='lat' dir='ltr'><strong>sup-</strong></span> 
     </span>
    </p>
   </div>
   <div class='ocr_carea' id='block_1_90' title="bbox 2237 4448 3816 4521">
    <p class='ocr_par' dir='ltr' id='par_1_90' title="bbox 2237 4448 3816 4521">
     <span class='ocr_line' id='line_1_90' title="bbox 2237 4448 3816 4521; baseline -0.001 -17"><span class='ocrx_word' id='word_1_749' title='bbox 2237 4451 2473 4520; x_wconf 89' lang='lat' dir='ltr'><strong>primens</strong></span> <span class='ocrx_word' id='word_1_750' title='bbox 2516 4451 2530 4500; x_wconf 82' lang='lat' dir='ltr'><strong>l</strong></span> <span class='ocrx_word' id='word_1_751' title='bbox 2572 4451 2747 4505; x_wconf 88' lang='lat' dir='ltr'><strong>inanis</strong></span> <span class='ocrx_word' id='word_1_752' title='bbox 2801 4451 3161 4521; x_wconf 71' lang='lat' dir='ltr'><strong>prmstationis</strong></span> <span class='ocrx_word' id='word_1_753' title='bbox 3201 4465 3313 4504; x_wconf 65' lang='lat' dir='ltr'><strong>sure</strong></span> <span class='ocrx_word' id='word_1_754' title='bbox 3353 4448 3506 4505; x_wconf 83' lang='lat' dir='ltr'><strong>fenus</strong></span> <span class='ocrx_word' id='word_1_755' title='bbox 3557 4451 3816 4520; x_wconf 78' lang='lat' dir='ltr'><strong>imponit,</strong></span> 
     </span>
    </p>
   </div>
   <div class='ocr_carea' id='block_1_91' title="bbox 2234 4540 3825 4605">
    <p class='ocr_par' dir='ltr' id='par_1_91' title="bbox 2234 4540 3825 4605">
     <span class='ocr_line' id='line_1_91' title="bbox 2234 4540 3825 4605; baseline -0.002 -8"><span class='ocrx_word' id='word_1_756' title='bbox 2234 4543 2506 4597; x_wconf 88' lang='lat' dir='ltr'><strong>erubescit</strong></span> <span class='ocrx_word' id='word_1_757' title='bbox 2559 4557 2733 4596; x_wconf 66' lang='lat' dir='ltr'><strong>usurae</strong></span> <span class='ocrx_word' id='word_1_758' title='bbox 2780 4557 2998 4605; x_wconf 90' lang='lat' dir='ltr'><strong>nomen,</strong></span> <span class='ocrx_word' id='word_1_759' title='bbox 3032 4548 3089 4596; x_wconf 89' lang='lat' dir='ltr'><strong>et</strong></span> <span class='ocrx_word' id='word_1_760' title='bbox 3136 4540 3345 4596; x_wconf 90' lang='lat' dir='ltr'><strong>lucrum</strong></span> <span class='ocrx_word' id='word_1_761' title='bbox 3394 4557 3500 4596; x_wconf 92' lang='lat' dir='ltr'><strong>non</strong></span> <span class='ocrx_word' id='word_1_762' title='bbox 3549 4541 3825 4595; x_wconf 88' lang='lat' dir='ltr'><strong>erubescit</strong></span> 
     </span>
    </p>
   </div>
   <div class='ocr_carea' id='block_1_92' title="bbox 2237 4631 3828 4708">
    <p class='ocr_par' dir='ltr' id='par_1_92' title="bbox 2237 4631 3828 4708">
     <span class='ocr_line' id='line_1_92' title="bbox 2237 4631 3828 4708; baseline -0.001 -20"><span class='ocrx_word' id='word_1_763' title='bbox 2237 4650 2433 4689; x_wconf 68' lang='lat' dir='ltr'><strong>usuraz.</strong></span> <span class='ocrx_word' id='word_1_764' title='bbox 2465 4633 2693 4702; x_wconf 91' lang='lat' dir='ltr'><strong>Semper</strong></span> <span class='ocrx_word' id='word_1_765' title='bbox 2719 4647 2849 4700; x_wconf 85' lang='lat' dir='ltr'><strong>ergo</strong></span> <span class='ocrx_word' id='word_1_766' title='bbox 2879 4647 3069 4687; x_wconf 88' lang='lat' dir='ltr'><strong>avarus</strong></span> <span class='ocrx_word' id='word_1_767' title='bbox 3118 4632 3297 4708; x_wconf 82' lang='lat' dir='ltr'><strong>alieno</strong></span> <span class='ocrx_word' id='word_1_768' title='bbox 3327 4633 3514 4701; x_wconf 87' lang='lat' dir='ltr'><strong>utitur,</strong></span> <span class='ocrx_word' id='word_1_769' title='bbox 3544 4631 3721 4686; x_wconf 88' lang='lat' dir='ltr'><strong>alieno</strong></span> <span class='ocrx_word' id='word_1_770' title='bbox 3763 4648 3828 4686; x_wconf 67' lang='lat' dir='ltr'><strong>su</strong></span> 
     </span>
    </p>
   </div>
   <div class='ocr_carea' id='block_1_93' title="bbox 2238 4723 3827 4795">
    <p class='ocr_par' dir='ltr' id='par_1_93' title="bbox 2238 4723 3827 4795">
     <span class='ocr_line' id='line_1_93' title="bbox 2238 4723 3827 4795; baseline -0.001 -16"><span class='ocrx_word' id='word_1_771' title='bbox 2238 4726 2408 4795; x_wconf 89' lang='lat' dir='ltr'><strong>pascit</strong></span> <span class='ocrx_word' id='word_1_772' title='bbox 2439 4726 2463 4761; x_wconf 73' lang='grc' dir='ltr'><em>κ</em></span> <span class='ocrx_word' id='word_1_773' title='bbox 2493 4725 2719 4789; x_wconf 88' lang='lat' dir='ltr'><strong>damno;</strong></span> <span class='ocrx_word' id='word_1_774' title='bbox 2748 4733 2831 4778; x_wconf 88' lang='lat' dir='ltr'><strong>est</strong></span> <span class='ocrx_word' id='word_1_775' title='bbox 2859 4723 2934 4777; x_wconf 91' lang='lat' dir='ltr'><strong>illi</strong></span> <span class='ocrx_word' id='word_1_776' title='bbox 2974 4724 3155 4794; x_wconf 74' lang='lat' dir='ltr'><strong>prmda</strong></span> <span class='ocrx_word' id='word_1_777' title='bbox 3184 4729 3395 4792; x_wconf 86' lang='lat' dir='ltr'><strong>egestas</strong></span> <span class='ocrx_word' id='word_1_778' title='bbox 3443 4723 3665 4778; x_wconf 83' lang='lat' dir='ltr'><strong>alterius</strong></span> <span class='ocrx_word' id='word_1_779' title='bbox 3696 4741 3709 4775; x_wconf 90' lang='lat'><strong>:</strong></span> <span class='ocrx_word' id='word_1_780' title='bbox 3742 4731 3827 4777; x_wconf 86' lang='lat' dir='ltr'><strong>est</strong></span> 
     </span>
    </p>
   </div>
   <div class='ocr_carea' id='block_1_94' title="bbox 2240 4813 3822 4884">
    <p class='ocr_par' dir='ltr' id='par_1_94' title="bbox 2240 4813 3822 4884">
     <span class='ocr_line' id='line_1_94' title="bbox 2240 4813 3822 4884; baseline -0.002 -14"><span class='ocrx_word' id='word_1_781' title='bbox 2240 4815 2318 4870; x_wconf 91' lang='lat' dir='ltr'><strong>illi</strong></span> <span class='ocrx_word' id='word_1_782' title='bbox 2347 4815 2529 4869; x_wconf 74' lang='lat' dir='ltr'><strong>lmtitia</strong></span> <span class='ocrx_word' id='word_1_783' title='bbox 2557 4815 2715 4871; x_wconf 85' lang='lat' dir='ltr'><strong>ﬂetus</strong></span> <span class='ocrx_word' id='word_1_784' title='bbox 2745 4817 2971 4882; x_wconf 86' lang='lat' dir='ltr'><strong>alienus,</strong></span> <span class='ocrx_word' id='word_1_785' title='bbox 3004 4817 3145 4870; x_wconf 92' lang='lat' dir='ltr'><strong>sicut</strong></span> <span class='ocrx_word' id='word_1_786' title='bbox 3189 4829 3407 4884; x_wconf 86' lang='lat' dir='ltr'><strong>semper</strong></span> <span class='ocrx_word' id='word_1_787' title='bbox 3452 4813 3654 4869; x_wconf 86' lang='lat' dir='ltr'><strong>factum</strong></span> <span class='ocrx_word' id='word_1_788' title='bbox 3681 4813 3822 4868; x_wconf 86' lang='lat' dir='ltr'><strong>vidi-</strong></span> 
     </span>
    </p>
   </div>
   <div class='ocr_carea' id='block_1_95' title="bbox 2315 5031 3824 5100">
    <p class='ocr_par' dir='ltr' id='par_1_95' title="bbox 2315 5031 3824 5100">
     <span class='ocr_line' id='line_1_95' title="bbox 2315 5031 3824 5100; baseline 0.007 -14"><span class='ocrx_word' id='word_1_789' title='bbox 2315 5042 2340 5078; x_wconf 74' lang='grc' dir='ltr'><strong>ις</strong></span> <span class='ocrx_word' id='word_1_790' title='bbox 2371 5031 2503 5087; x_wconf 91' lang='lat' dir='ltr'><strong>Cod.</strong></span> <span class='ocrx_word' id='word_1_791' title='bbox 2541 5032 2788 5088; x_wconf 87' lang='lat' dir='ltr'><strong>Ambros.</strong></span> <span class='ocrx_word' id='word_1_792' title='bbox 2819 5034 2948 5100; x_wconf 85' lang='lat' dir='ltr'><strong>legit</strong></span> <span class='ocrx_word' id='word_1_793' title='bbox 2972 5052 2985 5088; x_wconf 86' lang='lat'>:</span> <span class='ocrx_word' id='word_1_794' title='bbox 3015 5035 3248 5088; x_wconf 78' lang='lat' dir='ltr'><strong>Avaritia</strong></span> <span class='ocrx_word' id='word_1_795' title='bbox 3272 5037 3410 5090; x_wconf 83' lang='lat' dir='ltr'><strong>enim</strong></span> <span class='ocrx_word' id='word_1_796' title='bbox 3437 5055 3669 5094; x_wconf 82' lang='lat' dir='ltr'><strong>errorem</strong></span> <span class='ocrx_word' id='word_1_797' title='bbox 3696 5042 3824 5096; x_wconf 85' lang='lat' dir='ltr'><strong>reli-</strong></span> 
     </span>
    </p>
   </div>
   <div class='ocr_carea' id='block_1_96' title="bbox 2239 5102 3828 5176">
    <p class='ocr_par' dir='ltr' id='par_1_96' title="bbox 2239 5102 3828 5176">
     <span class='ocr_line' id='line_1_96' title="bbox 2239 5102 3828 5176; baseline 0.005 -19"><span class='ocrx_word' id='word_1_798' title='bbox 2239 5104 2408 5174; x_wconf 86' lang='lat' dir='ltr'><strong>gionis</strong></span> <span class='ocrx_word' id='word_1_799' title='bbox 2447 5103 2663 5176; x_wconf 80' lang='lat' dir='ltr'><strong>inducit.</strong></span> <span class='ocrx_word' id='word_1_800' title='bbox 2695 5102 2866 5171; x_wconf 68' lang='lat' dir='ltr'><strong>Caco,</strong></span> <span class='ocrx_word' id='word_1_801' title='bbox 2897 5105 3125 5176; x_wconf 80' lang='lat' dir='ltr'><strong>inquam,</strong></span> <span class='ocrx_word' id='word_1_802' title='bbox 3157 5114 3233 5159; x_wconf 75' lang='lat' dir='ltr'><strong>est</strong></span> <span class='ocrx_word' id='word_1_803' title='bbox 3261 5109 3504 5175; x_wconf 83' lang='lat' dir='ltr'><strong>auaritia,</strong></span> <span class='ocrx_word' id='word_1_804' title='bbox 3535 5112 3630 5163; x_wconf 80' lang='lat' dir='ltr'><strong>sed</strong></span> <span class='ocrx_word' id='word_1_805' title='bbox 3658 5111 3828 5166; x_wconf 77' lang='lat' dir='ltr'><strong>diver-</strong></span> 
     </span>
    </p>
   </div>
   <div class='ocr_carea' id='block_1_97' title="bbox 2239 5173 3169 5245">
    <p class='ocr_par' dir='ltr' id='par_1_97' title="bbox 2239 5173 3169 5245">
     <span class='ocr_line' id='line_1_97' title="bbox 2239 5173 3169 5245; baseline 0.001 -19"><span class='ocrx_word' id='word_1_806' title='bbox 2239 5173 2321 5245; x_wconf 77' lang='lat' dir='ltr'><strong>sis</strong></span> <span class='ocrx_word' id='word_1_807' title='bbox 2339 5173 2584 5245; x_wconf 62' lang='lat' dir='ltr'><strong>[randum</strong></span> <span class='ocrx_word' id='word_1_808' title='bbox 2613 5173 3169 5245; x_wconf 65' lang='lat' dir='ltr'><strong>occultaturjngeniis.</strong></span> 
     </span>
    </p>
   </div>
   <div class='ocr_carea' id='block_1_98' title="bbox 2313 5241 3804 5314">
    <p class='ocr_par' dir='ltr' id='par_1_98' title="bbox 2313 5241 3804 5314">
     <span class='ocr_line' id='line_1_98' title="bbox 2313 5241 3804 5314; baseline 0.006 -18"><span class='ocrx_word' id='word_1_809' title='bbox 2313 5241 2346 5280; x_wconf 65' lang='grc' dir='ltr'>δ’</span> <span class='ocrx_word' id='word_1_810' title='bbox 2372 5241 2608 5314; x_wconf 89' lang='lat' dir='ltr'><strong>Uterque</strong></span> <span class='ocrx_word' id='word_1_811' title='bbox 2635 5245 2756 5299; x_wconf 88' lang='lat' dir='ltr'><strong>cod.</strong></span> <span class='ocrx_word' id='word_1_812' title='bbox 2802 5242 2858 5298; x_wconf 89' lang='grc'>8.</span> <span class='ocrx_word' id='word_1_813' title='bbox 2887 5241 3076 5300; x_wconf 74' lang='lat' dir='ltr'><strong>Crucis</strong></span> <span class='ocrx_word' id='word_1_814' title='bbox 3117 5244 3170 5298; x_wconf 92' lang='lat' dir='ltr'><strong>in</strong></span> <span class='ocrx_word' id='word_1_815' title='bbox 3203 5243 3338 5312; x_wconf 82' lang='lat' dir='ltr'><strong>Jer.,</strong></span> <span class='ocrx_word' id='word_1_816' title='bbox 3369 5256 3426 5302; x_wconf 90' lang='lat' dir='ltr'><strong>et</strong></span> <span class='ocrx_word' id='word_1_817' title='bbox 3456 5245 3627 5306; x_wconf 81' lang='lat' dir='ltr'><strong>Vatic.</strong></span> <span class='ocrx_word' id='word_1_818' title='bbox 3663 5250 3804 5305; x_wconf 71' lang='lat'><strong>£9.70</strong></span> 
     </span>
    </p>
   </div>
   <div class='ocr_carea' id='block_1_99' title="bbox 2239 5293 3828 5392">
    <p class='ocr_par' dir='ltr' id='par_1_99' title="bbox 2239 5293 3828 5392">
     <span class='ocr_line' id='line_1_99' title="bbox 2239 5293 3828 5392; baseline 0.006 -26"><span class='ocrx_word' id='word_1_819' title='bbox 2239 5293 2439 5392; x_wconf 61' lang='grc' dir='ltr'><strong>δεηιμξέ</strong></span> <span class='ocrx_word' id='word_1_820' title='bbox 2449 5293 3431 5392; x_wconf 27' lang='lat' dir='ltr'><strong>ﬁﬁﬁfﬁlzniv‘iiii&#39;cwétéifgignit}</strong></span> <span class='ocrx_word' id='word_1_821' title='bbox 3458 5293 3828 5385; x_wconf 47' lang='lat' dir='ltr'><strong>inarata:</strong></span> 
     </span>
    </p>
   </div>
   <div class='ocr_carea' id='block_1_100' title="bbox 2316 5382 3832 5463">
    <p class='ocr_par' dir='ltr' id='par_1_100' title="bbox 2316 5382 3832 5463">
     <span class='ocr_line' id='line_1_100' title="bbox 2316 5382 3832 5463; baseline 0.005 -25"><span class='ocrx_word' id='word_1_822' title='bbox 2316 5382 2553 5440; x_wconf 52' lang='lat' dir='ltr'><strong>ﬂCodex</strong></span> <span class='ocrx_word' id='word_1_823' title='bbox 2582 5382 2984 5451; x_wconf 87' lang='lat' dir='ltr'><strong>Ambrosianus,</strong></span> <span class='ocrx_word' id='word_1_824' title='bbox 3019 5392 3182 5440; x_wconf 77' lang='lat' dir='ltr'><strong>totam</strong></span> <span class='ocrx_word' id='word_1_825' title='bbox 3201 5382 3360 5441; x_wconf 65' lang='lat' dir='ltr'><strong>vitam</strong></span> <span class='ocrx_word' id='word_1_826' title='bbox 3386 5382 3832 5463; x_wconf 61' lang='lat' dir='ltr'><strong>euantnegotium</strong></span> 
     </span>
    </p>
   </div>
   <div class='ocr_carea' id='block_1_101' title="bbox 2311 5463 2404 5508">
    <p class='ocr_par' dir='ltr' id='par_1_101' title="bbox 2311 5463 2404 5508">
     <span class='ocr_line' id='line_1_101' title="bbox 2311 5463 2404 5508; baseline 0.011 -1"><span class='ocrx_word' id='word_1_827' title='bbox 2311 5463 2404 5508; x_wconf 87' lang='lat' dir='ltr'><strong>tat.</strong></span> 
     </span>
    </p>
   </div>
   <div class='ocr_carea' id='block_1_102' title="bbox 636 5472 3835 5597">
    <p class='ocr_par' dir='ltr' id='par_1_102' title="bbox 636 5472 3835 5597">
     <span class='ocr_line' id='line_1_102' title="bbox 636 5472 2404 5550; baseline 0.006 -52"><span class='ocrx_word' id='word_1_828' title='bbox 636 5472 764 5550; x_wconf 54' lang='lat' dir='ltr'><strong>:&quot;l‘ci</strong></span> <span class='ocrx_word' id='word_1_829' title='bbox 789 5472 1038 5530; x_wconf 59' lang='lat' dir='ltr'><strong>outlbtlu‘ll</strong></span> <span class='ocrx_word' id='word_1_830' title='bbox 1064 5472 1250 5530; x_wconf 48' lang='lat' dir='ltr'><strong>ucstra,</strong></span> <span class='ocrx_word' id='word_1_831' title='bbox 1270 5472 1485 5528; x_wconf 59' lang='lat' dir='ltr'><strong>Jrutres,</strong></span> <span class='ocrx_word' id='word_1_832' title='bbox 1513 5472 1634 5506; x_wconf 84' lang='lat' dir='ltr'><strong>ante</strong></span> <span class='ocrx_word' id='word_1_833' title='bbox 1661 5472 1789 5519; x_wconf 75' lang='lat' dir='ltr'><strong>ares,</strong></span> <span class='ocrx_word' id='word_1_834' title='bbox 1821 5472 1928 5536; x_wconf 72' lang='lat' dir='ltr'><strong>etc.</strong></span> <span class='ocrx_word' id='word_1_835' title='bbox 2168 5483 2212 5542; x_wconf 74' lang='grc' dir='ltr'><strong>υ</strong></span> <span class='ocrx_word' id='word_1_836' title='bbox 2239 5472 2404 5534; x_wconf 64' lang='lat' dir='ltr'><strong>putat.</strong></span> 
     </span>
     <span class='ocr_line' id='line_1_103' title="bbox 665 5511 3835 5597; baseline 0.007 -31"><span class='ocrx_word' id='word_1_837' title='bbox 665 5511 820 5597; x_wconf 73' lang='lat' dir='ltr'><strong>_Lod.</strong></span> <span class='ocrx_word' id='word_1_838' title='bbox 967 5514 1240 5597; x_wconf 27' lang='lat' dir='ltr'><strong>Subrucis</strong></span> <span class='ocrx_word' id='word_1_839' title='bbox 1269 5533 1320 5570; x_wconf 88' lang='lat' dir='ltr'><strong>Ill</strong></span> <span class='ocrx_word' id='word_1_840' title='bbox 1351 5517 1466 5597; x_wconf 46' lang='grc' dir='ltr'><strong>ρει-τ</strong></span> <span class='ocrx_word' id='word_1_841' title='bbox 1500 5521 1663 5597; x_wconf 79' lang='lat' dir='ltr'><strong>habet</strong></span> <span class='ocrx_word' id='word_1_842' title='bbox 1687 5523 1794 5578; x_wconf 82' lang='lat' dir='ltr'><strong>lucc</strong></span> <span class='ocrx_word' id='word_1_843' title='bbox 1823 5521 2128 5597; x_wconf 45' lang='grc' dir='ltr'><strong>υιιιαηϐοιὶ.</strong></span> <span class='ocrx_word' id='word_1_844' title='bbox 2319 5537 2332 5573; x_wconf 80' lang='lat' dir='ltr'><strong>t</strong></span> <span class='ocrx_word' id='word_1_845' title='bbox 2374 5521 3066 5597; x_wconf 26' lang='lat' dir='ltr'><strong>Uterque‘codaAmbros&quot;</strong></span> <span class='ocrx_word' id='word_1_846' title='bbox 3097 5524 3155 5580; x_wconf 92' lang='lat' dir='ltr'><strong>S.</strong></span> <span class='ocrx_word' id='word_1_847' title='bbox 3200 5525 3391 5584; x_wconf 84' lang='lat' dir='ltr'><strong>Crucis</strong></span> <span class='ocrx_word' id='word_1_848' title='bbox 3419 5529 3474 5584; x_wconf 91' lang='lat' dir='ltr'><strong>in</strong></span> <span class='ocrx_word' id='word_1_849' title='bbox 3501 5528 3636 5597; x_wconf 61' lang='lat' dir='ltr'><strong>leta,</strong></span> <span class='ocrx_word' id='word_1_850' title='bbox 3689 5530 3835 5588; x_wconf 81' lang='lat' dir='ltr'><strong>Lau-</strong></span> 
     </span>
    </p>
   </div>
   <div class='ocr_carea' id='block_1_103' title="bbox 566 5583 2139 5665">
    <p class='ocr_par' dir='ltr' id='par_1_103' title="bbox 566 5583 2139 5665">
     <span class='ocr_line' id='line_1_104' title="bbox 566 5583 2139 5665; baseline 0.004 -26"><span class='ocrx_word' id='word_1_851' title='bbox 566 5584 834 5665; x_wconf 78' lang='lat' dir='ltr'><strong>Ainbros.,</strong></span> <span class='ocrx_word' id='word_1_852' title='bbox 866 5583 1128 5665; x_wconf 71' lang='lat' dir='ltr'><strong>almudare</strong></span> <span class='ocrx_word' id='word_1_853' title='bbox 1155 5585 1247 5665; x_wconf 67' lang='lat' dir='ltr'><strong>sub</strong></span> <span class='ocrx_word' id='word_1_854' title='bbox 1277 5589 1421 5641; x_wconf 85' lang='lat' dir='ltr'><strong>nobis</strong></span> <span class='ocrx_word' id='word_1_855' title='bbox 1442 5591 1551 5644; x_wconf 76' lang='lat' dir='ltr'><strong>lucc</strong></span> <span class='ocrx_word' id='word_1_856' title='bbox 1579 5593 1719 5661; x_wconf 85' lang='lat' dir='ltr'><strong>vitia,</strong></span> <span class='ocrx_word' id='word_1_857' title='bbox 1754 5610 1866 5648; x_wconf 86' lang='lat' dir='ltr'><strong>cum</strong></span> <span class='ocrx_word' id='word_1_858' title='bbox 1897 5592 1988 5648; x_wconf 80' lang='lat' dir='ltr'><strong>sub</strong></span> <span class='ocrx_word' id='word_1_859' title='bbox 2017 5611 2139 5665; x_wconf 73' lang='lat' dir='ltr'><strong>apo-</strong></span> 
     </span>
    </p>
   </div>
   <div class='ocr_carea' id='block_1_104' title="bbox 564 5656 2110 5724">
    <p class='ocr_par' dir='ltr' id='par_1_104' title="bbox 564 5656 2110 5724">
     <span class='ocr_line' id='line_1_105' title="bbox 564 5656 2110 5724; baseline -0.015 -14"><span class='ocrx_word' id='word_1_860' title='bbox 564 5656 709 5711; x_wconf 81' lang='lat' dir='ltr'><strong>stolis</strong></span> <span class='ocrx_word' id='word_1_861' title='bbox 737 5656 977 5724; x_wconf 74' lang='lat' dir='ltr'><strong>cazperint</strong></span> <span class='ocrx_word' id='word_1_862' title='bbox 1003 5656 1280 5724; x_wconf 85' lang='lat' dir='ltr'><strong>pullulare.</strong></span> <span class='ocrx_word' id='word_1_863' title='bbox 1707 5656 1716 5661; x_wconf 77' lang='lat'><em>&#39;</em></span> <span class='ocrx_word' id='word_1_864' title='bbox 2050 5656 2058 5664; x_wconf 92' lang='grc'>·</span> <span class='ocrx_word' id='word_1_865' title='bbox 2085 5656 2110 5672; x_wconf 60' lang='grc' dir='ltr'><strong>ὀ</strong></span> 
     </span>
    </p>
   </div>
   <div class='ocr_carea' id='block_1_105' title="bbox 642 5725 1555 5784">
    <p class='ocr_par' dir='ltr' id='par_1_105' title="bbox 642 5725 1555 5784">
     <span class='ocr_line' id='line_1_106' title="bbox 642 5725 1555 5784; baseline -0.001 -2"><span class='ocrx_word' id='word_1_866' title='bbox 642 5728 656 5766; x_wconf 67' lang='grc' dir='ltr'>ί</span> <span class='ocrx_word' id='word_1_867' title='bbox 690 5725 823 5784; x_wconf 69' lang='lat' dir='ltr'><strong>Gud.</strong></span> <span class='ocrx_word' id='word_1_868' title='bbox 855 5725 1104 5782; x_wconf 80' lang='lat' dir='ltr'><strong>Ambros.</strong></span> <span class='ocrx_word' id='word_1_869' title='bbox 1135 5744 1237 5782; x_wconf 88' lang='lat' dir='ltr'><strong>non</strong></span> <span class='ocrx_word' id='word_1_870' title='bbox 1260 5726 1555 5781; x_wconf 75' lang='lat' dir='ltr'><strong>valeamus?</strong></span> 
     </span>
    </p>
   </div>
   <div class='ocr_carea' id='block_1_106' title="bbox 2246 5593 3523 5666">
    <p class='ocr_par' dir='ltr' id='par_1_106' title="bbox 2246 5593 3523 5666">
     <span class='ocr_line' id='line_1_107' title="bbox 2246 5593 3523 5666; baseline 0.002 -17"><span class='ocrx_word' id='word_1_871' title='bbox 2246 5603 2395 5666; x_wconf 40' lang='lat' dir='ltr'><strong>rent:</strong></span> <span class='ocrx_word' id='word_1_872' title='bbox 2423 5593 2593 5659; x_wconf 24' lang='lat' dir='ltr'><strong>10,7et</strong></span> <span class='ocrx_word' id='word_1_873' title='bbox 2615 5593 2738 5666; x_wconf 72' lang='lat' dir='ltr'><strong>Vat.</strong></span> <span class='ocrx_word' id='word_1_874' title='bbox 2769 5595 2951 5664; x_wconf 91' lang='lat' dir='ltr'><strong>legunt</strong></span> <span class='ocrx_word' id='word_1_875' title='bbox 2971 5597 3162 5666; x_wconf 76' lang='lat' dir='ltr'><strong>majus,</strong></span> <span class='ocrx_word' id='word_1_876' title='bbox 3193 5612 3302 5652; x_wconf 87' lang='lat' dir='ltr'><strong>non</strong></span> <span class='ocrx_word' id='word_1_877' title='bbox 3331 5599 3523 5654; x_wconf 76' lang='lat' dir='ltr'><strong>inanis.</strong></span> 
     </span>
    </p>
   </div>
   <div class='ocr_carea' id='block_1_107' title="bbox 2319 5663 3288 5725">
    <p class='ocr_par' dir='ltr' id='par_1_107' title="bbox 2319 5663 3288 5725">
     <span class='ocr_line' id='line_1_108' title="bbox 2319 5663 3288 5725; baseline 0.003 -7"><span class='ocrx_word' id='word_1_878' title='bbox 2319 5663 2338 5701; x_wconf 64' lang='grc' dir='ltr'><strong>ι*</strong></span> <span class='ocrx_word' id='word_1_879' title='bbox 2374 5665 2532 5722; x_wconf 85' lang='lat' dir='ltr'><strong>Deest</strong></span> <span class='ocrx_word' id='word_1_880' title='bbox 2561 5667 2614 5722; x_wconf 90' lang='lat' dir='ltr'><strong>in</strong></span> <span class='ocrx_word' id='word_1_881' title='bbox 2644 5664 2763 5721; x_wconf 88' lang='lat' dir='ltr'><strong>cod.</strong></span> <span class='ocrx_word' id='word_1_882' title='bbox 2797 5663 3288 5725; x_wconf 52' lang='lat' dir='ltr'><strong>Ambrosfdamno.</strong></span> 
     </span>
    </p>
   </div>
  </div>
