4054 6190
577 321 684 376 479

1787 323 1846 380 S.
1887 321 2130 378 MAXINI
2168 319 2619 377 TAURINENSIS

3748 320 3857 374 480

573 437 662 509 qui
687 435 873 491 biberit
893 394 1139 509 cunque
1182 437 1302 503 hac,
1349 437 1490 493 sitiet
1514 437 1701 494 iterum
1723 479 1739 505 ,
1770 439 1856 511 qui
1884 448 2057 493 autem
2092 438 2169 492 bi-
2191 450 2238 507 Α
2270 436 2563 492 revertitur
2590 434 2958 507 praedicatrix;
2981 441 3036 491 et
3059 449 3181 506 qua:
3200 434 3401 507 hydria!
3427 438 3705 495 vasculum
3726 440 3858 493 ami-

575 529 706 585 berit
732 546 799 584 ea:
829 545 966 601 aqua
991 546 1147 601 quam
1183 546 1276 602 ego
1309 530 1443 585 dabo
1471 530 1570 595 illi,
1622 548 1727 586 non
1757 532 1896 585 sitiet
1920 532 1974 586 in
2003 538 2157 585 teter-

577 637 701 674 num
727 619 929 692 (Joau.
954 622 1052 689 tv).
1083 620 1293 691 Aquam
1317 636 1448 691 ergo
1477 620 1727 676 Salvator
1754 638 1786 675 a
1809 622 2038 676 muliere
2062 635 2161 690 po-

574 710 757 774 stulat,
798 719 856 765 et
892 710 1046 766 sitire
1081 726 1143 767 se
1178 711 1415 777 simulat,
1457 718 1517 767 ut
1552 712 1859 768 sitientibus
1896 721 2159 766 aeternam

573 801 802 869 gratiam
831 801 1108 869 largiatur.
1148 801 1335 872 Neque
1371 803 1517 856 enim
1554 811 1769 872 poterat
1808 801 1928 858 fons
1954 802 2108 857 sitire
2141 818 2154 853 :

575 907 771 961 neque,
802 892 856 945 in
883 906 994 961 quo
1019 900 1103 946 est
1130 907 1268 961 aqua
1292 892 1437 957 viva,
1469 900 1684 962 poterat
1704 892 1900 946 undam
1931 901 2159 947 terrente

573 981 718 1037 faecis
745 982 979 1037 haurire.
1012 981 1243 1037 Sitiebat
1268 996 1398 1051 ergo
1427 981 1711 1038 Christus?
1739 981 1969 1037 Sitiebat
1996 983 2157 1053 327

573 1072 757 1142 plane,
785 1088 893 1128 non
923 1081 1111 1143 potum
1135 1072 1446 1138 hominum,
1474 1073 1569 1128 sed
1621 1073 1851 1128 salutem
1901 1072 2117 1128 sitiebat
2141 1110 2155 1134 ,

574 1181 687 1220 non
711 1179 909 1233 aquam
936 1164 1159 1230 mundi,
1195 1165 1293 1221 sed
1330 1166 1755 1235 redemptionem
1797 1166 2012 1231 generis
2061 1165 2161 1217 hu-

578 1257 745 1311 mani.
796 1256 989 1311 Mirum
1018 1257 1179 1325 igitur
1207 1258 1261 1311 in
1310 1257 1529 1312 modum
1575 1259 1697 1313 fons
1737 1274 1901 1328 super
1936 1267 2156 1326 puteum

572 1347 769 1402 sedens
813 1347 1197 1403 misericordia:
1260 1348 1457 1402 ibidem
1515 1346 1719 1402 fluenta
1765 1348 2053 1418 producit,
2104 1355 2160 1401 et

573 1437 856 1492 mulierem
875 1446 1034 1493 sexto
1056 1437 1167 1506 jam
1198 1455 1304 1493 non
1331 1439 1472 1503 viro,
1500 1439 1593 1494 sed
1617 1439 1862 1494 adultero
1891 1438 2161 1493 fornican-

574 1536 706 1591 tem,
735 1528 843 1583 vivi
872 1537 1081 1584 meatus
1121 1528 1261 1583 unda
1305 1530 1577 1599 puriﬁcat,
1633 1545 1881 1598 novoque
1927 1530 2160 1584 admira-

573 1618 736 1674 tionis
762 1632 961 1688 genere
986 1619 1212 1686 mulier,
1243 1636 1364 1690 qua:
1392 1621 1458 1674 ad
1487 1629 1709 1689 puteum
1750 1620 2007 1675 Samaria:
2046 1635 2161 1674 me-

572 1713 741 1766 retrix
767 1712 1078 1773 advenerat,
1110 1729 1139 1766 a
1170 1711 1368 1767 Christi
1419 1712 1566 1767 fonte
1614 1720 1763 1769 casta
1813 1713 2116 1782 regreditur
2142 1750 2160 1777 ,

2262 535 2431 593 serat,
2460 526 2657 581 Christi
2682 526 3071 597 plenitudinem
3093 526 3426 596 reportabat,
3455 529 3512 582 in
3550 527 3703 583 nullo
3727 529 3863 584 civi-

2261 619 2360 672 tati
2399 631 2510 671 sute
2538 616 2773 672 inferens
2801 616 3209 683 detrimentum;
3241 618 3442 672 etenim
3469 619 3517 673 si
3541 633 3740 688 aquam
3765 620 3847 675 ci-

2260 708 2416 763 vibus
2438 723 2544 763 non
2576 707 2775 773 intulit,
2791 708 2954 779 328
2969 714 3148 761 tamen
3174 706 3377 762 fontem
3396 708 3589 764 salutis
3610 709 3852 770 invexit;

2258 796 2589 855 sanctiﬁcata
2615 812 2744 867 ergo
2768 813 2866 868 per
2885 796 3042 853 fidem
3070 798 3271 853 Christi
3296 798 3491 854 mulier
3512 799 3739 854 domum
3762 816 3852 854 re-

2262 890 2382 945 diit.
2419 888 2498 943 De
2533 889 2635 945 hac
2679 888 2839 957 igitur
2875 888 3195 958 prOpbetam
3242 888 3443 944 dixisse
3470 897 3607 958 puto
3648 887 3850 961 (Prov.

2263 980 2392 1051 xxx)
2429 999 2442 1033 :
2475 980 2738 1050 ejusmodi
2780 988 2864 1036 est
2906 980 3087 1048 iniqua
3120 981 3206 1034 via
3237 981 3477 1036 mulieris
3506 982 3852 1046 meretricis;

2259 1087 2378 1141 qua:
2406 1088 2527 1125 cum
2554 1085 2613 1126 se
2638 1071 2886 1137 abluerit,
2933 1070 3064 1125 nihil
3102 1085 3161 1125 se
3195 1070 3326 1126 dicit
3364 1069 3561 1126 fecisse
3599 1086 3851 1141 pravum.

2262 1162 2340 1217 De
2377 1164 2480 1217 hac
2505 1163 2663 1232 plane
2690 1162 2891 1216 dictum
2923 1169 3034 1227 est;
3065 1176 3185 1231 quae
3209 1170 3564 1233 posteaquam
3590 1172 3676 1217 est
3704 1163 3855 1217 fonte

2262 1252 2443 1306 abluta
2472 1252 2784 1318 Salvatoris,
2809 1252 3129 1307 delictorum
3153 1253 3282 1307 vitia
3316 1268 3423 1308 non
3445 1255 3714 1324 meminit,
3735 1255 3850 1311 vir-

2262 1351 2426 1397 tutem
2456 1342 2849 1412 prmdicationis
2873 1343 3129 1409 assumit;
3153 1343 3349 1409 etviva
3375 1359 3517 1414 aqua
3534 1344 3853 1414 abstergens

2261 1434 2498 1489 maculas
2536 1451 2679 1502 suas,
2726 1435 2795 1490 ad
2842 1434 3316 1504 evangelizandum
3364 1452 3474 1492 non
3517 1438 3853 1495 conscientia

2262 1526 2467 1595 peccati
2491 1526 2806 1589 retrahitur,
2837 1525 2935 1581 sed
2958 1525 3081 1581 lidei
3108 1527 3289 1582 calore
3315 1528 3678 1599 compellitur.
3706 1529 3850 1586 Nihil

2261 1617 2403 1671 enim
2437 1632 2496 1672 se
2535 1617 2663 1672 dicit
2705 1616 2895 1672 fecisse
2920 1618 3221 1688 pravitatis,
3252 1618 3381 1674 dum
3409 1619 3467 1675 ﬁt
3491 1621 3681 1676 nuntia
3705 1624 3853 1678 veri-

2263 1711 2418 1775 tatis;
2449 1718 2506 1765 et
2550 1711 2822 1765 oblivione
2865 1711 3100 1778 abnegat
3139 1711 3712 1782 impudicitiam,-dnm
3753 1700 3855 1768 de-

573 1809 632 1855 et
658 1816 778 1870 quze
806 1817 1002 1870 aquam
1033 1810 1219 1872 petere
1249 1811 1503 1867 venerat,
1554 1801 1865 1873 pudicitiam
1908 1808 2159 1872 reporta-
2195 1820 2236 1878 ῃ
2261 1804 2483 1859 votione
2504 1803 2756 1873 praedicat
2783 1803 3106 1859 castitatem.
3132 1803 3259 1860 Haec
3286 1805 3429 1859 enim
3458 1805 3631 1860 virtus
3650 1804 3855 1862 Christi

580 1890 695 1955 vit;
723 1892 905 1946 statim
948 1893 1132 1959 etiam,
1182 1892 1453 1947 indicante
1497 1891 1723 1946 Domino
1746 1931 1763 1957 ,
1813 1907 1910 1948 sua
1939 1899 2161 1963 peccata
2268 1901 2353 1948 est
2391 1892 2635 1959 Domini,
2674 1902 2734 1948 ut
2759 1894 3003 1964 quamvis
3031 1902 3303 1965 peccator,
3334 1896 3429 1965 qui
3469 1895 3587 1965 ejus
3625 1896 3775 1951 unda
3798 1913 3854 1952 se

574 1992 985 2048 recognoscens,
1010 1981 1298 2036 conﬁtetur
1324 1979 1619 2046 Christum,
1660 1981 1943 2035 annuntiat
1970 1979 2163 2035 Salva-
2266 1982 2476 2049 laverit,
2506 1983 2686 2038 denuo
2714 1984 2767 2037 in
2788 1984 3052 2052 virginem
3083 1993 3366 2054 reparatus
3405 2002 3513 2041 non
3542 1987 3852 2042 meminerit

537 2098 540 2101 λ
573 2080 775 2136 torem;
807 2080 865 2126 et
900 2073 1208 2140 relinquens
1255 2087 1408 2142 aqua:
1440 2073 1737 2139 vasculum,
1786 2071 1853 2126 ad
1889 2072 2162 2127 civitatem
2266 2082 2393 2130 ante
2427 2074 2572 2146 quod
2599 2073 2804 2139 fecerit,
2837 2082 2893 2129 et
2918 2075 3157 2130 rediviva
3192 2076 3474 2132 nativitate
3501 2078 3750 2132 infantia:
3772 2078 3852 2132 in-

572 2176 684 2216 non
707 2159 812 2215 fert
838 2161 1105 2232 hydriam,
1136 2161 1230 2217 sed
1253 2162 1421 2216 refert
1446 2162 1707 2231 gratiam;
1739 2177 1909 2218 vacua
1946 2162 2165 2231 quidem
2263 2164 2572 2220 nocentiam
2591 2161 2866 2234 praaferat,
2887 2162 3183 2232 juventutis
3201 2164 3407 2220 scelera
3427 2181 3540 2221 non
3558 2175 3850 2235 agnoscat;

571 2250 785 2306 videtur
813 2252 1011 2306 reverti
1034 2266 1219 2313 onere.
1235 2253 1330 2308 sed
1350 2253 1510 2322 plena
1540 2254 1830 2309 revertitur
1848 2254 2159 2309 sanctitate.
2263 2256 2440 2324 sitque
2465 2255 2616 2323 virgo
2656 2252 2760 2310 ﬁde
2805 2253 3036 2320 Christi,
3071 2256 3165 2325 qui
3190 2254 3365 2312 fuerat
3410 2255 3622 2312 adulter
3660 2273 3851 2313 eorru-

572 2337 759 2409 Plena,
789 2342 1027 2412 inquam,
1056 2342 1225 2409 redit;
1248 2343 1377 2413 quia
1405 2359 1525 2414 quae
1547 2345 1823 2415 peccatrix
1844 2346 2159 2413 advenerat,
2266 2346 2452 2416 ptione
2477 2346 2707 2416 peccati.

1851 2456 2197 2518 HOMILIA
2246 2456 2531 2519 XCVIII.

1559 2557 1634 2611 De
1662 2557 1997 2628 eleemosynis
2022 2567 2072 2611 et
2100 2557 2164 2612 de
2190 2558 2373 2613 eadem
2398 2558 2738 2614 Samaritana
2781 2557 2809 2611 Ι
2816 2557 2864 2612 1.

1993 2646 2383 2702 ADMONITIO.

638 2742 774 2798 Cum
803 2742 1247 2816 de_eleemosynis
1285 2754 1529 2802 sanctum
1558 2744 1871 2816 episcopum
1917 2744 2306 2816 Taurinensem
2348 2744 2637 2816 Maximum
2683 2744 3019 2816 disseruisse,
3046 2742 3515 2816 utuadmonitione
3552 2743 3840 2816 superiore

570 2815 822 2878 diximus,
849 2811 1160 2870 Gennadius
1178 2823 1431 2885 testetur,
1468 2811 1816 2884 nonnullique
1854 2816 1963 2870 sint
1987 2815 2209 2885 codices;
2242 2817 2293 2870 in
2316 2815 2514 2883 quibus
2554 2816 2914 2885 btecgqnoque
2959 2813 3178 2869 homilia
3218 2829 3328 2885 pra:
3347 2829 3407 2885 se
3435 2811 3847 2885 feratejusdem

570 2899 784 2956 nomen,
817 2886 929 2938 veri
955 2894 1039 2939 est
1065 2884 1277 2956 quidem
1323 2886 1652 2956 simillimum
1686 2882 1792 2940 non
1824 2885 2001 2956 aliud,
2038 2882 2459 2956 nisi_bIaximum
2507 2892 2562 2939 et
2596 2882 2754 2956 hujus
2778 2882 2918 2956 esse
2956 2882 3592 2956 auctorem._lstiusmodi
3625 2882 3848 2956 codices

571 2961 698 3009 sunt
724 2951 1258 3021 Sangallensis’num.
1305 2955 1392 3020 78,
1445 2953 1514 3008 99
1560 2955 1773 3012 Sanctae
1813 2954 2003 3011 Crucis
2050 2956 2100 3009 in
2130 2954 2427 3010 Jerusalem
2456 2972 2606 3010 num.
2646 2953 2733 3019 2|,
2777 2952 3167 3009 Laurentianus
3199 2970 3229 3007 κ
3261 2951 3397 3007 Plut.
3426 2969 3538 3020 xtv,
3565 2954 3621 3007 in
3644 2953 3846 3023 quibus

568 3024 785 3096 homilia
810 3024 1115 3096 inscribitur
1148 3043 1160 3078 :
1189 3024 1269 3079 De
1290 3026 1626 3096 eleemosynis
1655 3036 1705 3080 et
1725 3027 1790 3079 de
1818 3024 2057 3096 muliere
2082 3025 2443 3089 Samaritana,
2467 3035 2524 3080 et
2546 3024 2952 3096 Ambrosianus
2992 3024 3173 3092 itaque
3205 3032 3358 3096 vetus
3385 3024 3667 3096 imprimis,
3701 3040 3843 3096 eum

569 3092 875 3166 titulo_:_De
904 3094 1180 3166 eltdemfff,
1207 3096 1345 3165 apud
1367 3091 1684 3166 Cymnicum
1714 3109 1838 3166 pag.
1863 3094 1987 3166 937,
2020 3093 2352 3150 Galesinium
2381 3109 2503 3165 pag.
2535 3094 2660 3162 177,
2695 3093 3050 3166 Raynaudum
3080 3108 3203 3163 pag.
3251 3091 3375 3162 144,
3399 3091 3847 3163 et’blargarinum

568 3162 706 3218 Bibl.
738 3162 879 3218 Max.
912 3173 1045 3218 tom.
1079 3164 1163 3230 VI,
1196 3162 1317 3234 pag.
1351 3162 1439 3232 46,
1467 3162 1821 3221 inscribitur;
1859 3164 2093 3220 Homilia
2122 3166 2353 3221 secunda
2373 3162 2512 3219 unde
2528 3182 2707 3234 supra.

569 3275 1054 3347 Ancumsnrun._—-
1075 3274 1158 3347 Ex
1185 3277 1514 3331 conversione
1541 3276 1771 3331 mulieris
1804 3277 2154 3333 Samaritana
2182 3276 2228 3342 C
2259 3274 2522 3347 puriﬁcat.
2556 3275 2671 3331 Hoc
2698 3276 2863 3329 etiam
2891 3276 3312 3341 demonstrasse,
3342 3275 3486 3345 quod
3512 3275 3638 3332 huic
3681 3278 3849 3332 evah-

641 3348 812 3435 arguit
846 3345 1024 3435 $.10.
1069 3346 1265 3435 divinis
1306 3346 1678 3435 misericordia:
1724 3349 2069 3435 clementiam.
2093 3350 2150 3435 in

2257 3345 2442 3435 gelicae
2481 3365 2693 3420 mulieri
2733 3365 2821 3419 illa
2850 3364 3167 3434 prophetica
3208 3364 3464 3419 meretrix
3507 3367 3847 3430 conveniret,

962 3420 963 3423 η
1103 3417 1114 3428 .
1177 3418 1187 3429 .
1235 3418 1245 3429 .
1509 3420 1517 3445 ς
2058 3420 2069 3432 ,
2258 3416 2438 3435 οη---
2853 3416 3167 3434 VT---“

639 3416 2152 3527 ἳῖἓέῗῗᾷηίῗῖ³ηῗζῖῗ³ᾜῗίηἼῪζῖῗντῖιιρφᾷῗηῗεηῗξπιῗιῖῗ
2257 3472 2378 3527 quae
2406 3464 2592 3526 postea
2620 3456 2931 3525 quamviva
2971 3469 3110 3525 aqua
3130 3471 3190 3511 se
3219 3455 3365 3517 lavit.
3398 3456 3675 3511 oblivione
3715 3473 3847 3527 pos-

639 3494 883 3555 teaquam
934 3502 965 3538 a
999 3489 1142 3558 fonte
1178 3486 1482 3548 dimanaus,
1527 3486 2019 3560 virtute'prtecipue
2054 3487 2152 3542 ba—
2257 3486 2378 3527 qui”
2408 3486 2931 3560 νυδπῗῘξῨΨῘῙΙΜ
2971 3486 3190 3560 aut“?
3219 3486 3675 3560 “mlufm'mc
3717 3486 3792 3559 Pu.

639 3545 914 3627 ptisntatis,
939 3545 1161 3627 gratiam
1181 3545 1581 3628 regenerationis
1602 3545 1862 3629 operatur.
1919 3545 1930 3560 ’

2257 3561 2403 3602 sessa
2430 3545 2713 3616 pravitatis
2734 3545 2911 3600 nitore
2939 3545 3189 3615 puritatis
3215 3545 3478 3613 exsultat;
3504 3562 3680 3618 neque
3702 3549 3849 3602 enim

641 3645 859 3702 Retinet
898 3654 1076 3700 vestra
1108 3647 1346 3712 dilectio,
1388 3655 1513 3701 ante
1559 3646 1674 3702 dies
1712 3658 1737 3686 ι
1778 3649 2001 3718 aliquot,
2029 3664 2152 3706 eum

2259 3636 2329 3693 de
2375 3636 2662 3692 meretrice
2705 3635 2868 3705 hujus
2906 3635 3091 3691 mundi
3138 3636 3302 3693 talem
3347 3639 3675 3693 sententiam
3721 3656 3849 3711 pro-

567 3751 873 3792 sermonem
923 3735 989 3790 ad
1017 3752 1112 3792 vos
1155 3735 1221 3791 de
1267 3737 1623 3808 eleemosynis
1668 3736 1998 3807 faceremus,
2043 3739 2156 3809 pri-

573 3829 739 3881 ntitus
785 3842 883 3880 nos
925 3826 1186 3892 originem
1247 3828 1735 3882 misericordiarum
1780 3845 2020 3899 (μιαίνει-(ι
2053 3847 2155 3885 vo-

571 3914 769 3977 luisse;
798 3922 854 3967 et
880 3920 1098 3980 reperto
1129 3927 1313 3967 earum
1354 3913 1502 3968 fonte
1530 3915 1812 3981 virtutum,
1834 3919 2154 3989 ostendisse,

570 4001 712 4070 quod
736 4002 973 4057 mulieris
999 4001 1352 4058 Samaritana:
1378 4004 1564 4061 sordes
1588 4006 1780 4063 melius
1797 4006 1995 4066 Christi
2013 4011 2155 4068 unda

571 4089 825 4156 diluerit,
872 4106 1035 4161 quam
1076 4091 1333 4148 Samaria:
1389 4109 1526 4164 aqua
1573 4098 1842 4166 purgarit;
1891 4108 1947 4155 et
2009 4102 2153 4171 quod

570 4181 820 4238 mundius
845 4183 1207 4239 misericordia
1235 4185 1458 4241 detersit
1485 4197 1708 4256 peccata
1740 4204 1900 4258 quam
1930 4180 2144 4262 puteus.

569 4272 817 4329 Mundius
863 4274 1021 4345 plane
1072 4275 1439 4332 misericordia
1485 4294 1645 4348 quam
1682 4290 1877 4351 puteus
1921 4282 2150 4353 detergit

570 4366 844 4434 maculas,
892 4367 1016 4437 quia
1051 4369 1198 4436 putei
1239 4384 1379 4437 aqua
1419 4378 1624 4425 tantum
1681 4374 1928 4443 corporis
1967 4384 2147 4432 cutem

566 4448 1167 4527 abluit,misericordi:e
1213 4470 1391 4516 autem
1420 4461 1633 4519 bonitas
1673 4466 1865 4520 animae
1890 4467 2145 4524 interiora

2258 3718 2424 3799 pheta
2454 3726 2676 3792 diceret,
2720 3727 2871 3796 cujus
2916 3727 3145 3797 pollutio
3185 3743 3295 3783 non
3339 3729 3513 3783 solum
3561 3745 3703 3800 aqua
3741 3748 3848 3787 non

2255 3818 2496 3883 diluitur,
2527 3817 2622 3872 sed
2653 3817 2814 3872 etiam
2857 3817 3050 3887 polluit
3087 3818 3203 3888 ipsa
3234 3820 3378 3889 quod
3404 3820 3594 3888 tangit,
3626 3820 3850 3877 dicente

2257 3906 2519 3977 Apostolo
2548 3925 2561 3961 :
2595 3906 2695 3971 Qui
2721 3918 2890 3962 autem
2928 3925 2985 3963 se
3026 3909 3202 3981 jungit
3240 3912 3518 3977 meretrici,
3547 3928 3709 3967 unum
3733 3930 3851 3968 cor-

2257 4016 2351 4071 pus
2379 4008 2474 4054 est.
2507 3998 2662 4066 Quod
2690 4000 2735 4054 si
2756 4014 2921 4054 unum
2947 4010 3145 4071 corpus
3179 4009 3323 4058 tactu
3351 4017 3450 4058 suo
3479 4002 3664 4072 efficit,
3693 4013 3754 4060 et
3796 4006 3849 4061 in

2256 4092 2617 4147 cohaerentem
2640 4092 2740 4145 sibi
2769 4080 3074 4162 ignominiae
3097 4108 3207 4148 suae
3229 4095 3466 4149 membra
3488 4094 3847 4160 transfundit;

2254 4182 2526 4252 quomodo
2577 4190 2757 4252 potest
2801 4182 3085 4252 puriﬁcare
3115 4184 3230 4253 ipsa
3270 4200 3390 4240 cum
3439 4184 3678 4255 polluat?
3718 4186 3849 4254 Quae

2251 4285 2380 4340 ergo
2398 4273 2471 4328 sit
2494 4273 2593 4327 ista
2617 4274 2890 4339 meretrix,
2921 4289 3042 4342 qua:
3084 4274 3185 4329 ista
3227 4273 3568 4330 Samaritana
3611 4276 3836 4342 mulier,

2250 4372 2404 4442 cujus
2430 4374 2677 4429 adulterii
2703 4375 2892 4430 sordes
2933 4375 3052 4432 fons
3093 4374 3297 4431 Christi
3333 4377 3638 4444 deterserit,
3672 4379 3837 4435 solli—

2252 4472 2413 4528 citius
2455 4474 2809 4542 requiramus.
2848 4477 2861 4506 ¹
2910 4472 3023 4544 Ego
3052 4475 3192 4531 hanc
3230 4476 3512 4533 mulierem
3550 4476 3849 4535 Ecclesiam

638 4621 665 4652 ι
703 4610 873 4668 Codd.
899 4609 968 4664 99
1004 4612 1062 4667 S.
1088 4611 1275 4668 Crucis
1310 4614 1363 4667 in
1388 4613 1498 4670 Jer.
1529 4625 1586 4672 et
1613 4616 1870 4677 Laurent.
1916 4639 1951 4677 x
1986 4627 2244 4683 omittunt
2270 4630 2490 4703 aliquot.

643 4751 658 4781 ‘
690 4749 892 4805 Scribit
915 4747 1128 4837 cardiu;
1144 4747 1408 4837 baronius
1426 4751 1490 4837 in
1517 4752 1716 4835 ᾼρρατ.
1747 4756 1816 4809 ad
1842 4757 2035 4837 Annal.
2059 4777 2146 4837 ee~
2178 4768 2228 4827 υ
2255 4762 2558 4837 Ecclesiam
2589 4781 2708 4821 esse
2735 4775 2994 4824 secutam.
3014 4767 3093 4822 Ita
3115 4767 3311 4837 legitur
3332 4769 3388 4825 in
3412 4769 3807 4837 Martyrologio
3835 4794 3851 4829 :

567 4821 714 4899 ales,
746 4837 891 4874 num.
919 4817 1045 4899 με,
1082 4816 1386 4899 IScclcsiam
1417 4836 1445 4874 a
1469 4816 1654 4891 primis
1683 4841 1852 4899 usque
1887 4831 2149 4899 tempori-

568 4891 668 4943 bus
696 4890 1041 4945 consncvisse
1081 4889 1136 4944 in
1165 4900 1418 4958 computo
1447 4889 1710 4948 annorum
1740 4889 1808 4950 ab
1836 4899 1969 4953 orbe
2004 4889 2147 4954 con-

567 4959 680 5012 dito
703 4961 773 5037 ad_
780 4959 1068 5037 Christum
1090 4959 1271 5029 potius
1298 4961 1451 5037 sequi
1471 4963 1778 5037 versionem
1799 4965 2149 5037 Septuaginta

567 5026 1358 5114 quattt'llebraictnn'textum;‘
1378 5026 1523 5114 Iliae
1560 5034 1717 5114 primi
1732 5026 1952 5114 ‘Patr'cs,
1983 5026 2150 5094 JVusti-

568 5092 688 5178 nus,
720 5092 970 5162 Iremeus,
1002 5096 1286 5166 Eusebius,
1317 5092 1666 5178 Iznipipbanius,
1699 5103 1766 5157 ab
1793 5105 1896 5161 hac
1920 5092 2147 5178 suppu-

571 5167 774 5245 tatione
803 5180 910 5245 non
939 5167 1467 5245 recesser_u_t1t._Qnid
1497 5172 1696 5245 mirum
1731 5188 1861 5245 ergo
1897 5178 1940 5232 si
1978 5167 2145 5234 etiam

568 5233 829 5314 maximus
857 5234 910 5287 in
939 5244 1091 5314 sexto
1118 5233 1563 5314 millesinioAanno
1591 5233 1909 5300 idololatriae
1936 5255 1992 5301 et
2011 5233 2147 5304 aboé

569 5303 921 5385 minationurn
952 5302 1111 5385 linem
1141 5311 1415 5385 posuerit?
1455 5310 1596 5385 Nam
1633 5328 1731 5382 per
1752 5313 2027 5385 Christum
2057 5302 2149 5374 lux

567 5374 809 5450 veritatis
855 5374 1296 5450 illuxit_m_undo,
1346 5388 1403 5436 et
1452 5381 1568 5450 ipse
1615 5374 1856 5440 omnium
1908 5388 2149 5443 maculas

568 5442 787 5499 abluere
812 5443 1170 5527 venitabiod‘o
1200 5442 1363 5527 etiam
1390 5451 1444 5505 in
1473 5442 1870 5527 'hlartyrologio
1900 5442 2147 5514 Romano

567 5526 741 5568 annus
768 5515 1063 5591 nativitatis
1108 5514 1306 5572 Christi
1356 5514 1667 5578 enuntiatur
1703 5514 1860 5591 jufta
1906 5535 2149 5583 veterem

569 5596 796 5666 morem,
818 5584 979 5666 quia,
998 5600 1066 5641 eo
1102 5592 1367 5666 tempore
1387 5605 1496 5658 quo
1534 5584 1734 5666 editum
1775 5593 1873 5650 fuit
1900 5595 2144 5653 Ecclesia

570 5650 811 5731 Romana
835 5650 1090 5731 versione
1115 5650 1466 5731 Septuaginta
1500 5663 1794 5731 utebatur;
1822 5673 1884 5729 et
1907 5650 2141 5731 constat,

2248 4834 2469 4912 Annoa
2506 4838 2766 4912 creatione
2800 4838 3007 4902 mundi,
3052 4833 3258 4912 quando
3300 4833 3657 4912 inpr-incipio
3699 4833 3845 4899 Deus

2249 4907 2439 4985 creavit
2467 4907 2651 4985 cretum
2676 4915 2725 4960 et
2737 4916 2981 4985 ferrum;
3008 4907 3269 4985 quinques
3286 4907 3578 4985 millesimo
3597 4928 3842 4985 nonage-

2249 4975 2381 5047 simo
2414 4991 2572 5047 nono,
2603 4984 2714 5047 etc_._
2737 4976 2878 5031 Nihil
2910 4975 3086 5032 tamen
3117 4975 3364 5047 religioni
3389 4979 3577 5047 allicit,
3602 4990 3663 5036 ut
3688 4975 3845 5038 recte

2250 5043 2645 5119 animadvertit
2673 5044 2847 5100 Natal.
2876 5047 3138 5119 Alexand.
3182 5043 3245 5102 in
3276 5047 3313 5102 2
3338 5043 3588 5119 dissert,
3615 5066 3756 5109 sect.
3790 5053 3841 5118 l,

2250 5113 2555 5187 ltujusmodi
2595 5116 2979 5187 discrepantia,
3008 5118 3132 5185 quia
3160 5132 3271 5172 non
3300 5119 3437 5175 adeo
3465 5113 3623 5176 curat
3646 5113 3844 5178 Eccle;

2250 5183 2351 5250 sia,
2373 5191 2513 5257 _quo_t
2539 5194 2668 5257 ante
2696 5183 2972 5242 Christum
2992 5183 3154 5257 annis
3182 5189 3360 5257 reipsa
3389 5190 3621 5246 mundus
3648 5193 3845 5247 condi-

2253 5258 2341 5328 tus
2366 5252 2543 5309 fuerit.
2566 5254 2765 5328 Verum
2788 5257 2930 5328 inter
2949 5256 3132 5326 plures
3149 5252 3580 5328 dissidentesque
3597 5262 3845 5316 chrono-

2253 5321 2497 5398 logorum
2534 5327 2828 5398 sententias
2855 5326 2924 5398 de
2952 5321 3241 5398 ‘anno_quo
3268 5321 3513 5384 Christus
3540 5339 3701 5386 natus
3730 5341 3839 5391 est.

2254 5390 2540 5463 Usseriana
2569 5396 2775 5463 epocha
2805 5397 3081 5452 collocans
3107 5390 3319 5452 Domini
3346 5400 3684 5454 nativitatem
3735 5400 3841 5456 sub

2253 5458 2413 5534 linem
2458 5458 2825 5532 anni'quater
2868 5466 3136 5522 millesimi
3183 5481 3213 5520 a
3241 5469 3520 5523 creatione
3565 5469 3775 5534 mundi,
3807 5484 3843 5524 a

2249 5531 2448 5611 multis
2463 5531 3145 5611 scriptoribusprmfertnr.
3177 5536 3297 5611 Yid.
3315 5537 3580 5611 Mamacb.
3601 5531 3838 5611 deO'rig.

2249 5609 2299 5654 et
2316 5602 2583 5678 ilntiquit.
2600 5602 2804 5678 Christ.
2825 5605 2918 5660 Iih.
2941 5623 3000 5673 tt,
3021 5605 3226 5678 eam},
3259 5605 3287 5678 §
3314 5605 3367 5659 2.

2314 5669 2502 5727 Restat
2552 5680 2636 5746 ut“
2663 5675 2947 5746 explicem,
2988 5669 3103 5746 cur
3123 5669 3388 5732 Maximus
3414 5677 3614 5735 dixerit
3642 5686 3841 5746 gentes

570 5729 629 5777 ut
655 5721 729 5779 ait
756 5724 1038 5791 Baronius.
1059 5733 1172 5782 tam
1192 5721 1598 5786 ’Occi'dentalent
1625 5721 1793 5801 quam.
1814 5721 2143 5795 Orientaleni
2245 5740 2300 5797 in
2316 5721 2500 5800 "eiii?
2527 5721 3837 5820 uii'ue'siniaii'i'ﬁﬁo'iérﬁéiﬁaﬁibﬁ‘mj‘iéii};
