4054 6190
627 260 730 314 ιεῦ

629 374 818 429 Arrisit
851 373 1142 436 editoribus
1166 369 1425 440 Gymnico
1444 382 1565 440 pag.
1597 365 1731 440 29!,
1744 365 2019 440 Cglesiuio
2036 377 2140 440 pag

1779 253 1833 306 S.
1876 249 2117 305 MAXIM!
2154 244 2601 302 TAURI‘NENSIS

2145 401 2159 414 .
2192 357 2316 424 178,
2345 354 2638 426 Rayuaudo
2657 368 2788 426 pag.
2817 351 2943 426 iii,
2973 358 3028 405 et
3056 347 3353 416 Margarino
3391 344 3526 398 Bibl.
3556 343 3695 426 Max.
3720 357 3847 426 tom.

3745 232 3849 292 ιιιι

1669 415 1736 512 9ξ)
1754 415 2063 512 Eii—Crucis?
2080 415 2139 485 iii
2163 415 2458 510 {erusalem
2480 443 2510 512 ,τι
2542 423 2618 475 De
2623 415 3011 512 0hospitalitate,
3041 428 3596 512 quemonoanuoque
3625 415 3847 468 honnilw

1435 484 1844 559 (Ξίἰῖὸῖἰὺείιειιῖέ
1872 484 2149 555 humilium
2183 499 2234 550 in
2261 493 2598 550 sermonibus
2623 491 2678 544 S.
2706 484 2968 543 Ambrosii
2996 484 3138 541 num.
3171 484 3242 538 '52
3269 485 3573 538 collocavit.

629 631 1010 683 Ancuueuruu.
1063 655 1133 665 -—
1179 621 1451 691 Postquam
1499 619 1560 671 de
1606 627 1803 670 terrena
1845 615 2191 691 hospitalitate
2220 627 2264 684 Α
2295 607 2478 662 tribuit
2518 607 2876 667 intellectum;
2906 619 3012 656 non
3052 601 3194 653 enim
3224 598 3350 650 mihi
3378 597 3585 649 videtur
3613 594 3679 647 de
3706 594 3853 661 hujus

698 696 931 765 eligenda
952 683 1568 765 Evangelium‘explicans
1599 693 1897 765 prolocutus.
1921 693 1997 736 est
2024 683 2074 734 Μ
2082 684 2193 734 axi-

699 754 830 829 mus,
861 780 891 815 a
928 779 1075 815 sensu
1097 754 1313 830 litterttli
1344 754 1526 830 transit
1564 756 1631 807 ad
1659 754 1999 830 spiritualem,
2030 767 2189 830 Ignem

697 822 859 902 aperit
877 833 1053 885 dicens
1082 847 1099 883 :
1136 829 1200 882 In
1222 828 1441 902 hospitio
1469 822 1729 902 nunquam
1757 822 2072 902 immittenda
2100 823 2186 872 in-

701 889 1027 972 telligendam
1072 914 1181 952 esse
1233 889 1554 958 Ecclesiam;
1590 889 1656 948 ἰιι
1701 893 1900 962 hospite
1947 889 2186 944 Salvato-

699 987 825 1025 rem.

703 1059 944 1114 Advertit
969 1057 1224 1110 sanctitas
1261 1061 1457 1116 vestra,
1489 1051 1695 1113 fratres,
1728 1047 2094 1114 evangelicam‘
2115 1045 2194 1099 le—

631 1153 884 1212 ctiOnem,
899 1144 1341 1216 quemadmodum
1365 1143 1617 1197 Dominus
1637 1140 1908 1209 discipulis
1928 1139 2038 1190 suis
2060 1138 2199 1190 inter

631 1252 851 1298 ceteras
865 1237 1229 1306 exsequendas
1250 1237 1493 1296 virtutes,
1509 1233 1668 1287 etiam
1696 1226 2197 1299 hospitalitatisjura

633 1330 1016 1402 praescripserit
1041 1346 1053 1380 ε
1078 1329 1151 1380 ait
1173 1327 1312 1381 enim
1339 1343 1351 1376 :
1386 1324 1451 1377 In
1473 1337 1824 1391 quamcunque
1844 1321 2097 1372 civitatem
2126 1318 2202 1369 in-

633 1421 892 1481 troieritis,
912 1421 1219 1485 interrogate
1235 1416 1346 1483 quis
1360 1415 1414 1466 in
1431 1429 1492 1466 ea
1506 1413 1690 1482 dignus
1706 1412 1802 1463 sit:
1819 1420 1868 1462 et
1887 1409 1954 1462 ibi
1977 1415 2196 1472 manete,

633 1512 790 1566 donec
819 1510 1010 1563 exectis
1041 1505 1253 1574 (Matth.
1295 1505 1377 1572 x),
1411 1515 1466 1557 et
1493 1504 1716 1570 reliqua.
1741 1501 1934 1554 Sancta
1965 1499 2119 1569 plane
2147 1507 2201 1551 et

632 1600 809 1654 divina
837 1596 1121 1656 sententia,
1159 1609 1277 1664 quae
1301 1603 1354 1646 et
1375 1592 1644 1660 discipulis
1672 1591 1898 1656 eligendi
1927 1589 2199 1657 optionem

636 1687 876 1758 primitus
906 1685 1116 1751 detulit,
1162 1693 1216 1737 et
1267 1683 1573 1736 facilitatem
1621 1681 1834 1750 penitus
1884 1678 2195 1748 amputavit.

632 1775 876 1830 Providit
903 1775 1042 1828 enim
1073 1772 1286 1826 modum
1330 1771 1629 1832 statuendo,
1661 1785 1729 1823 ne
1759 1770 1838 1822 vir
1865 1777 2082 1822 sanctus
2109 1775 2203 1820 aut

637 1868 776 1919 citus
802 1873 944 1918 esset
965 1864 1016 1916 in
1033 1862 1341 1931 judicando,
1369 1870 1462 1914 aut
1490 1862 1620 1915 levis
1647 1862 1698 1914 in
1730 1860 1936 1928 hospite
1964 1875 2204 1914 commu~

636 1957 818 2013 tando.
850 1955 1000 2010 Sicut
1028 1955 1170 2009 enim
1202 1963 1226 1989 ι
1256 1953 1408 2006 vobis
1437 1952 1680 2021 permisit
1708 1951 1982 2004 arbitrium
2001 1991 2015 2016 ,
2048 1951 2118 2002 ita
2148 1957 2203 2002 et

633 2047 802 2100 voluit
829 2061 926 2099 vos
946 2052 1128 2098 tenere
1150 2043 1524 2097 constantiam.
1554 2041 1723 2106 Quam
1746 2041 1884 2094 enim
1913 2039 2202 2109 reprehen-

633 2135 786 2190 sibile
810 2141 892 2188 est
915 2141 972 2187 ut
1009 2133 1109 2195 vir,
1142 2132 1230 2199 qui
1261 2129 1604 2197 Evangelium
1638 2130 1934 2189 annuntiat,
1967 2135 2023 2182 et
2046 2128 2204 2182 docet

633 2221 916 2277 errandum
959 2238 1065 2276 non
1103 2235 1242 2281 esse.
1279 2221 1391 2289 ipse
1419 2235 1514 2288 per
1541 2219 1783 2273 diversos
1807 2218 2022 2287 incipiat
2047 2217 2204 2271 ober-

635 2327 753 2366 rare
786 2320 841 2366 et
866 2311 1100 2375 domum,
1139 2311 1223 2364 cui
1252 2325 1437 2380 pacem
1474 2309 1682 2364 dixerat
1719 2308 1994 2371 deserere;
2024 2307 2206 2376 hospi-

636 2413 741 2456 tem
771 2402 857 2456 cui
885 2400 1310 2456 benedictionem
1338 2400 1592 2454 intulerat
1625 2396 1973 2453 contristare!
2013 2399 2202 2465 Magna

638 2493 780 2546 enim
822 2492 1196 2560 hospitalitatis
1241 2499 1322 2546 est
1359 2491 1551 2559 gratia,
1593 2506 1693 2545 nec
1740 2491 1894 2545 facile
1920 2491 2202 2555 violanda;

639 2579 886 2635 omnibus
913 2565 1097 2649 aperta
1127 2589 1226 2644 est,
1258 2580 1504 2634 omnibus
1546 2588 1731 2648 parata
1770 2589 1868 2643 est,
1901 2588 1956 2633 et
1992 2589 2207 2636 sanctos

637 2668 865 2724 libenter
886 2669 1125 2738 suscipit,
1157 2676 1211 2723 et
1241 2676 1547 2737 peccatores
1572 2668 1766 2722 tolerat
1789 2669 2073 2738 patienter.
2098 2666 2205 2723 Sed

637 2768 938 2830 repetamus
959 2770 1197 2816 sanctam
1227 2761 1393 2830 ipsam
1420 2760 1758 2830 divinamque
1786 2763 2136 2829 sententiam;
2158 2764 2203 2818 si

637 2851 778 2904 enim
808 2851 862 2904 in
891 2851 1069 2905 littera
1097 2852 1294 2921 placet,
1342 2860 1397 2906 et
1436 2851 1487 2904 in
1529 2853 1786 2922 mysterio
1814 2853 2037 2907 forsitan
2081 2855 2202 2922 plus

636 2941 882 3009 placebit.
917 2941 1002 2994 Ait
1033 2942 1191 3010 igitur
1238 2959 1250 2994 :
1296 2939 1364 2995 Ut
1393 2957 1511 2996 cum
1543 2943 1803 2996 intramus
1833 2943 1886 2996 in
1906 2943 2199 3010 civitatem,

636 3031 1024 3098 interrogemus
1044 3033 1163 3100 quis
1185 3032 1240 3084 in
1263 3046 1326 3086 ea
1351 3031 1434 3085 vel
1456 3032 1650 3101 hospes
1671 3032 1877 3100 dignus,
1901 3034 1987 3087 vel
2011 3033 2200 3088 idonea

638 3120 830 3174 domus
857 3119 948 3186 sit,
988 3127 1044 3174 et
1085 3121 1155 3175 ibi
1191 3135 1499 3176 maneamus
1516 3120 1689 3176 donec
1716 3122 1829 3176 dies
1858 3121 2203 3191 profectionis

637 3207 885 3262 adveniat
923 3207 1136 3280 (Matth.
1169 3210 1248 3282 x).
1279 3209 1409 3276 Qua:
1454 3211 1721 3264 sententia
1761 3211 2006 3265 altiorem
2049 3213 2204 3267 nobis

2294 699 2474 754 s'eculi
2500 698 2732 767 hospite,
2760 697 2843 750 vel
2870 695 3029 748 domo
3053 691 3294 760 iussisse,
3321 704 3418 743 nec
3450 698 3553 740 tam
3584 687 3855 752 diligenier

2297 791 2586 857 inquirere,
2617 788 2708 841 sed
2746 787 2818 840 de
2849 785 2938 838 illo
2966 783 3155 849 magis,
3185 781 3274 849 qui
3306 796 3404 834 nos
3436 793 3602 845 nsque
3626 777 3692 830 ad
3724 777 3854 828 diem

2295 880 2471 933 exitus
2501 878 2670 931 nostri
2711 875 2880 945 possit
2923 872 3210 926 inoffensos
3252 869 3517 937 hospites,
3560 867 3853 934 illzcsosque

2296 982 2529 1022 servare.
2561 966 2692 1020 Nam
2721 964 2876 1031 hujus
2913 961 3090 1016 saeculi
3138 959 3400 1027 hospitem
3442 957 3551 1010 cito
3603 954 3852 1018 lzediums,

2298 1058 2407 1112 cito
2431 1055 2751 1110 oll'cndimus
2786 1071 2797 1105 :
2832 1051 3094 1116 interdum
3118 1048 3167 1102 ei
3197 1057 3251 1100 et
3283 1055 3399 1116 post
3423 1045 3653 1100 triduum
3682 1044 3856 1112 displi-

2300 1140 2513 1209 cemus;
2541 1144 2708 1197 fidelis
2737 1143 2893 1209 igitur
2919 1141 3127 1202 domus,
3153 1147 3207 1192 et
3236 1138 3431 1206 hospes
3459 1136 3650 1202 dignus
3675 1137 3856 1202 inquiri

2293 1236 2471 1304 jussus
2499 1242 2600 1288 est.
2624 1231 2751 1297 Quae
2774 1231 2963 1284 domus
2993 1227 3197 1282 fidelior
3221 1225 3490 1280 Ecclesia?
3519 1225 3646 1290 Quis
3674 1225 3857 1292 hospes

2298 1325 2506 1392 dignior
2532 1322 2845 1377 Salvatore?
2873 1317 2979 1373 Iste
3008 1317 3336 1387 peregrinos,
3367 1325 3425 1367 ut
3451 1312 3590 1368 filios
3614 1316 3855 1382 suscipit;

2301 1420 2391 1473 illa
2417 1426 2696 1486 susceptos
2719 1414 2945 1477 refovet,
2969 1420 3025 1466 ut
3053 1410 3299 1464 infantes.
3323 1408 3428 1462 Iste
3451 1407 3767 1476 hospitibus,
3793 1407 3858 1460 si-

2297 1516 2388 1562 cut
2416 1507 2621 1576 experti
2649 1520 2854 1564 sumus,
2884 1502 3048 1572 pedes
3077 1501 3255 1553 lavare
3282 1499 3439 1564 gestit
3465 1515 3478 1549 :
3514 1497 3601 1549 illa
3629 1511 3857 1550 mensam

2299 1614 2491 1670 parare
2521 1597 2768 1655 festinat;
2814 1608 2948 1661 quos
2972 1591 3112 1645 enim
3135 1588 3381 1643 Salvator
3401 1589 3520 1640 viva
3550 1602 3687 1655 aqua
3713 1585 3857 1639 refri-

2301 1699 2476 1760 gerat,
2498 1691 2596 1742 hos
2614 1687 2784 1741 reficit
2803 1683 3110 1740 exelestibus
3129 1680 3264 1735 cibis
3278 1679 3539 1734 Ecclesia.
3553 1678 3710 1748 333
3723 1675 3860 1730 llunc

2303 1783 2464 1851 igitur
2492 1779 2759 1847 hospitem
2807 1773 3135 1842 evangelista
3164 1769 3360 1837 inquiri
3382 1768 3561 1837 jussit,
3601 1775 3659 1820 et
3706 1781 3860 1833 usque

2303 1873 2371 1925 ad
2398 1871 2542 1925 diem
2570 1869 2747 1922 exitus
2774 1866 2942 1920 nostri
2963 1879 3084 1919 cum
3111 1862 3214 1915 hoc
3243 1860 3485 1914 habitare
3509 1857 3782 1928 pruepit,
3802 1871 3862 1908 ne

2239 1978 2278 2034 Β
2307 1961 2482 2030 aliqua
2502 1958 2720 2011 levitate
2748 1953 2924 2007 medio
2951 1960 3193 2018 tempore
3215 1949 3467 2001 aliorsum
3497 1946 3724 1999 forsitan
3743 1943 3863 1998 enti-

2310 2062 2555 2116 gremus;
2589 2046 2690 2098 hoc
2716 2053 2799 2098 est
2839 2042 2928 2110 qui
2957 2039 3123 2095 semel
3156 2038 3210 2091 in
3234 2035 3502 2090 Christum
3531 2034 3862 2097 credidimus,

2306 2157 2414 2195 non
2437 2142 2627 2194 iterum
2649 2138 2794 2192 velut
2812 2143 3232 2202 transgressores
3254 2131 3319 2184 ad
3341 2131 3481 2185 idola
3503 2144 3862 2192 recurramus;

2303 2231 2561 2300 scriptum
2583 2237 2666 2282 est
2695 2227 2835 2281 enim
2872 2242 2886 2277 :
2918 2223 3084 2277 Nemo
3112 2232 3276 2290 potest
3298 2221 3494 2274 duobus
3517 2220 3744 2272 dominis
3763 2233 3862 2271 ser-

2306 2322 2410 2374 vire
2435 2317 2646 2388 (Matth.
2672 2316 2750 2385 ιιι)
2797 2333 2809 2367 :
2843 2315 2967 2369 dum
2995 2312 3138 2366 enim
3168 2311 3258 2364 uni
3288 2310 3503 2379 placere
3533 2309 3714 2376 gestit,
3745 2307 3864 2360 alte-

2307 2426 2424 2464 rum
2453 2409 2616 2464 sentit
2663 2408 2872 2461 iratum.
2902 2401 3171 2458 Christum
3217 2403 3376 2469 igitur
3419 2401 3685 2468 hospitem
3716 2396 3865 2468 334

2307 2502 2554 2554 deserere
2575 2514 2680 2552 non
2702 2497 2976 2561 debemus,
2998 2490 3440 2562 quemadmodum
3463 2499 3516 2541 et
3531 2487 3724 2542 Petrus
3745 2502 3865 2556 apo-

2306 2592 2475 2646 stolas
2503 2605 2622 2645 cum
2644 2589 2752 2644 suis
2779 2587 3035 2641 similibus
3062 2583 3428 2641 deserentibus
3453 2579 3570 2633 aliis
3592 2578 3865 2632 Dominum

2310 2698 2415 2735 non
2445 2681 2686 2749 reliquit;
2717 2678 2810 2734 sed
2853 2678 3090 2733 dicamus
3135 2674 3276 2744 quod
3305 2673 3391 2726 ille
3433 2672 3498 2725 ad
3537 2668 3862 2724 Salvatorem

2308 2771 2442 2826 dixit
2477 2789 2489 2823 :
2517 2770 2755 2834 Domine,
2785 2770 2853 2822 ad
2891 2785 3038 2841 quem
3079 2766 3300 2821 ibimus?
3331 2762 3499 2816 Verba
3526 2764 3644 2816 vita:
3671 2773 3867 2815 reterns!

2303 2870 2356 2913 tu
2397 2859 2571 2922 habes,
2601 2867 2649 2912 et
2679 2875 2770 2913 nos
2798 2859 3050 2911 credimus
3077 2855 3254 2927 (Joan.
3284 2855 3378 2921 γι).
3413 2851 3551 2905 Ecce
3586 2859 3863 2904 exsecutor

2305 2950 2604 3004 cmlestium
2630 2957 3053 3018 praeceptorum;
3097 2944 3188 3015 qui
3229 2943 3481 3011 quoniam
3520 2938 3724 2995 Christi
3771 2954 3870 2993 non

2304 3039 2533 3093 mutavit
2555 3039 2862 3108 hospitium,
2885 3036 3078 3090 meruit
3097 3049 3218 3089 cum
3238 3031 3452 3088 Christo
3471 3032 3622 3100 regni
3640 3029 3870 3086 celestis

2304 3129 2505 3186 habere
2525 3129 2876 3185 consortium.

2017 3301 2356 3368 HOMILIA
2403 3307 2472 3367 C.

1943 3398 2022 3453 De
2050 3401 2336 3465 defectione
2365 3407 2502 3460 luna:
2528 3405 2576 3460 Ι.

2061 3493 2447 3551 ADMONITIO.

709 3583 784 3666 De
825 3599 956 3666 _vero
1001 3583 1409 3666 homilimliujlus
1435 3589 1674 3666 auctore,
1699 3597 1819 3666 cum
1841 3582 1908 3664 ab
1931 3583 2193 3666 aliquibus
2217 3586 2516 3666 Ambrosio,
2550 3588 2616 3641 ab
2638 3588 2755 3666 aliis
2775 3587 3070 3666 Augustino
3097 3585 3347 3666 inscripta
3377 3585 3696 3666 reperiatur,
3723 3583 3870 3666 dubi:

637 3652 782 3708 tandi
801 3654 974 3734 .locus
996 3661 1157 3734 esset,
1205 3655 1304 3709 nisi
1325 3650 1591 3734 'Gennadii
1623 3652 1986 3734 testimonium
2015 3650 2262 3721 tanquam
2311 3655 2396 3734 fax
2427 3658 2479 3734 in
2506 3650 2761 3712 tenebris
2787 3650 3150 3734 prtcfulsisset.
3180 3650 3298 3724 Ipse
3333 3650 3754 3734 non—ambiguis,
3785 3651 3874 3706 sed

638 3723 930 3857 Eerspicuis
956 3723 1134 3776 verbis
1160 3731 1426 3802 memorat
1451 3722 1507 3774 S.
1540 3720 1829 3774 Maximum
1870 3723 2012 3775 inter
2039 3738 2108 3803 ea.
2126 3719 2252 3790 qum
2279 3726 2494 3794 scripsit
2523 3719 2804 3781 tractatum
2835 3728 2995 3778 etiam
3031 3725 3103 3778 De
3130 3719 3330 3795 defectu
3380 3724 3514 3776 luna
3559 3719 3867 3776 confecisse.

690 3792 994 3844 uamobrem
1015 3800 1106 3844 aut
1133 3790 1487 3855 Gennadium,
1518 3799 1610 3842 aut
1636 3799 1870 3844 veterem
1895 3806 2197 3857 quempiam
2219 3794 2379 3846 alium
2402 3803 2671 3850 auctorem
2720 3796 2886 3850 secuti
2914 3798 3204 3857 scriptores
3231 3793 3470 3848 codicum
3500 3791 3867 3857 praestantissi-

690 3790 995 3872 uainohrem
1015 3800 1106 3872 aut
1133 3790 1870 3872 Gennadin_m,nanut‘vcterem
1895 3793 2197 3872 quempiam
2219 3790 2671 3872 aliuni'auctorem
2720 3796 2886 3872 secuti
2914 3790 3205 3863 scriptores
3231 3793 3470 3848 codicum
3495 3791 3872 3872 praestantissi-

642 3874 850 3938 ιιιοτιιῐη
870 3859 1241 3938 δξιιιεξιιιοιιείξ
1257 3857 1587 3938 ιιοξιιῇιίτιὲἆ
1616 3857 1948 3938 ᾼηιιιι-(ιδίῃιί
2046 3857 2134 3926 98,
2173 3871 2222 3914 et
2261 3861 2469 3938 Sanctm
2497 3864 2762 3938 Crp_e_is__in
2792 3857 3082 3938 Jerusalem
3111 3865 3178 3915 90
3205 3871 3257 3916 et
3286 3861 3382 3938 99,.
3419 3857 3518 3938 qui
3557 3857 3871 3938 uniformem

677 3935 889 4010 βιξφιιςε
910 3927 1167 4010 ῐὶιξξξιδεηᾉεν
1196 3925 1584 4010 ρεηᾳειέεζὶίξηξ
1610 3925 1766 4010 (ante,
1797 3928 1851 4010 in
1877 3927 2162 4010 Maximum
2192 3933 2536 4010 conveniunt.
2568 3932 2706 3986 Nihil
2731 3949 2857 4003 ergo
2896 3933 3083 3986 horum
3107 3931 3384 3986 consensui
3415 3925 3567 3983 obest
3594 3939 3685 3982 aut
3709 3928 3875 3982 codex

689 3995 932 4075 aticanus
959 3993 1089 4075 49.51
1117 4008 1236 4075 pag.
1269 3991 1393 4075 ῇιιὸ,
1423 3994 1512 4075 qui
1541 3991 1596 4045 S.
1630 3994 1924 4075 Augustino
1953 3997 2222 4075 homiliam
2248 4000 2509 4075 attribuit,
2531 3991 2905 4075 appositajhac
2952 4003 3306 4075 inscriptione
3339 4018 3351 4052 :
3397 4002 3476 4052 Ad
3503 4015 3588 4052 eos
3617 4000 3702 4068 qui
3731 3998 3873 4066 defe-

641 4071 787 4143 ctum.
800 4063 935 4144 luna:
949 4064 1059 4144 suis
1081 4063 1385 4144 clamoribus
1401 4063 1656 4144 adjuvare
1680 4064 1946 4144 pilantur;
1976 4073 2069 4117 aut
2094 4066 2264 4144 codex
2295 4063 2681 4144 Laurentia-nus
2713 4088 2744 4144 ξ
2777 4071 2911 4124 Plut.
2944 4087 3029 4123 xlv
3058 4063 3178 4139 pag.
3205 4070 3306 4123 357
3333 4085 3363 4122 a
3398 4078 3547 4144 tergo
3574 4063 3729 4133 hujus
3750 4063 3878 4120 con-

647 4132 820 4212 cionis
843 4133 1052 4186 laudem
1081 4133 1362 4212 Ambrosio
1379 4131 1654 4212 deferens.
1679 4131 1820 4212 Nihil
1846 4135 2006 4212 etiam
2030 4136 2318 4212 prrevalere
2339 4147 2514 4212 potest
2533 4141 2695 4212 editio
2714 4139 3026 4212 Parisieusjs
3055 4131 3316 4192 Ambrosii
3341 4153 3427 4192 an.
3456 4131 3620 4212 1369ὲ
3645 4131 3730 4189 ubi
3761 4134 3872 4200 ejus

648 4201 789 4255 inter
805 4217 1089 4282 sermones
1109 4218 1255 4282 num.
1287 4201 1356 4257 83
1374 4201 1779 4282 Gillptiushanc
1807 4201 2076 4282 homiliain
2121 4201 2429 4282 collocavit.
2454 4208 2932 4282 ipsiadversantnr
2953 4207 3238 4278 Gymnicus
3263 4222 3381 4275 pag.
3412 4206 3533 4264 295.
3582 4203 3877 4257 ϐειιυεῐιιὶιις

644 4285 778 4352 ξμς..
799 4271 918 4352 l_79_,
953 4271 1271 4352 liaynaudus
1292 4286 1410 4340 pag.
1433 4269 1554 4335 245,
1584 4280 1638 4324 et
1667 4270 1993 4352 margarinus
2021 4287 2140 4341 pag.
2166 4271 2254 4336 47,
2279 4275 2332 4328 in
2354 4269 2492 4330 Bibl:
2522 4277 2662 4330 Max.
2696 4286 2825 4331 tom.
2858 4277 2943 4342 Vl,
2972 4269 3111 4346 apud
3140 4269 3279 4346 quos
3295 4269 3525 4329 homiliaz
3553 4275 3737 4327 titulus
3766 4281 3882 4326 est:

645 4340 724 4394 De
744 4341 940 4410 defectu
969 4340 1123 4394 tuine.

645 4426 1344 4501 Aucuueuruu.ﬁ0ueritur
1364 4436 1570 4501 sanctus
1589 4427 1872 4501 episcopus,
1887 4427 2063 4495 ﬁdeles
2085 4444 2203 4482 suos

2307 4432 2441 4485 meis
2469 4432 2669 4486 nullum
2701 4449 2795 4486 vos
2831 4433 3028 4486 habere
3055 4431 3372 4501 profectum,
3403 4431 3555 4484 labor
3598 4445 3748 4482 meus
3772 4428 3878 4493 jam

715 4499 1030 4568 infructuose
1049 4498 1368 4568 Christianas
1394 4496 1737 4568 institutiones
1767 4496 1828 4547 ab
1866 4513 1924 4548 eo
1950 4497 2202 4564 excipere,

719 4565 832 4620 cum
861 4567 912 4619 in
942 4565 1451 4634 pietateit't'rtuthtte
1502 4565 1824 4634 proﬁcientes
1868 4581 1969 4618 non
2015 4566 2202 4618 videat.

717 4634 915 4686 Deinde
931 4631 992 4686 de
1012 4633 1227 4704 stultitia
1247 4648 1333 4684 eos
1355 4631 1608 4704 objurgat,
1636 4633 1769 4700 quod
1798 4635 1850 4686 in
1878 4634 2052 4704 eclipsi
2074 4635 2209 4688 (ante

714 4705 963 4756 clamores
1007 4703 1313 4772 emitterent,
1362 4715 1493 4772 vano
1540 4698 1862 4756 obscuritatis
1891 4698 2000 4772 ejus
2023 4707 2207 4758 timore

715 4773 957 4843 perculsi,
983 4788 1046 4824 ne
1065 4771 1271 4823 omnino
1292 4769 1664 4839 exstinguatur.

716 4885 785 4938 Et
825 4884 925 4953 ipsi
954 4883 1161 4946 videtis,
1192 4880 1403 4944 fratres,
1434 4880 1578 4948 quod
1621 4896 1738 4934 mea
1769 4897 1876 4935 non
1907 4890 2081 4936 cessat
2107 4882 2210 4935 hu-

649 4973 843 5027 utilitas
870 4976 1014 5027 omni
1043 4973 1183 5026 circa
1212 4985 1310 5024 vos
1355 4969 1712 5024 sollicitudine
1743 4971 2004 5033 laborare,
2037 4979 2091 5024 et
2143 4969 2210 5022 ad

647 5063 848 5127 frugem
873 5061 1069 5116 bonam
1099 5077 1193 5116 vos
1217 5067 1334 5115 tota
1356 5059 1696 5114 festinatione
1726 5070 2039 5113 convertere
2072 5077 2084 5110 :
2117 5057 2211 5114 sed

647 5159 847 5218 quanto
876 5151 992 5218 plus
1012 5152 1195 5206 laboro
1224 5151 1516 5214 vobiscum,
1547 5157 1698 5203 tanto
1728 5149 1955 5217 amplius
1981 5147 2209 5202 confun-

648 5239 750 5292 dor
802 5239 856 5292 in
899 5239 1066 5292 vobis.
1091 5239 1223 5294 Cum
1250 5242 1393 5294 enim
1419 5239 1579 5294 video
1605 5247 1686 5293 tot
1709 5238 2212 5293 commonitionibus

720 5403 744 5430 ι
774 5392 974 5448 Praeter
1007 5391 1142 5445 duos
1184 5393 1394 5449 codices
1439 5394 1497 5449 S.
1540 5393 1726 5448 Crucis
1764 5393 1817 5446 in
1865 5391 2000 5454 Jer.,
2043 5392 2209 5445 etiam

651 5463 767 5584 eupd.
798 5479 830 5516 ς
858 5462 1110 5515 Laurent.
1137 5475 1232 5528 pro
1251 5462 1389 5515 vobis
1416 5464 1544 5532 legit
1565 5463 1728 5529 nobis,
1757 5464 1832 5516 ita
1859 5472 1908 5516 et
1929 5461 2085 5514 voluit
2111 5477 2206 5514 nos

705 5548 838 5586 nere.

719 5571 894 5655 V'did.
924 5599 1166 5652 Ambros.
1199 5598 1357 5652 habet
1382 5610 1430 5651 et
1455 5601 1520 5652 de
1538 5617 1686 5670 grege
1715 5603 1934 5671 fructum
1955 5613 2058 5652 non
2080 5614 2202 5666 ρει·⁴

2311 4539 2417 4576 non
2435 4525 2773 4592 gratulationi
2795 4533 2894 4588 est,
2912 4524 3006 4578 sed
3028 4524 3228 4578 rubori.
3243 4523 3378 4576 Dicit
3398 4523 3538 4575 enim
3561 4518 3878 4588 Apostolus:

2314 4609 2440 4674 Quis
2461 4612 2706 4682 plantavit
2728 4614 2943 4673 vineam,
2967 4621 3015 4665 et
3041 4613 3104 4664 de
3132 4613 3298 4682 {ructu
3320 4612 3432 4680 ejus
3451 4625 3555 4662 non
3575 4609 3680 4660 edit
3705 4608 3730 4658 Ρ
3756 4605 3881 4669 Quis

2313 4703 2478 4770 pascit
2498 4717 2722 4772 gregem,
2755 4701 2781 4738 δ
2804 4711 2852 4754 et
2873 4701 2934 4754 de
2955 4701 3086 4753 lacte
3113 4702 3280 4772 gregis
3321 4717 3422 4754 non
3451 4698 3661 4769 percipit
3685 4695 3737 4764 (I
3762 4698 3880 4748 Cor.

2313 4807 2387 4854 Ix,
2421 4791 2510 4856 7)?
2538 4789 2674 4843 Ecce
2703 4804 2801 4857 ego
2823 4805 2985 4857 pasco
3011 4803 3224 4858 gregem
3254 4788 3471 4850 Christi,
3497 4795 3552 4841 et
3580 4786 3758 4854 gregis
3784 4783 3883 4837 fru-

2313 4890 2459 4934 ctum
2507 4889 2826 4948 extorquere
2873 4896 2979 4934 non
3009 4881 3191 4945 valeo;
3221 4895 3384 4949 pasco
3412 4891 3624 4946 gregem
3651 4874 3880 4934 Domini,

2307 4975 2362 5021 et
2384 4967 2522 5020 milla
2552 4981 2619 5020 ex
2647 4982 2713 5020 eo
2742 4977 2764 5006 ο
2799 4967 3160 5035 religiositatis
3183 4969 3432 5021 alimenta
3460 4965 3710 5034 percipio.
3734 4962 3882 5016 Nulla

2309 5055 2448 5109 enim
2479 5069 2564 5107 me
2596 5053 2713 5108 fidei
2736 5057 2851 5124 ejus
2876 5057 3099 5111 dulcedo
3129 5056 3389 5120 laetificat;
3420 5055 3512 5110 sed
3540 5051 3799 5122 quidquid
3818 5066 3883 5104 ex

2311 5160 2376 5199 eo
2405 5144 2619 5213 profluit
2654 5160 2899 5214 asperum
2929 5144 2952 5181 ά
2982 5153 3036 5199 et
3066 5161 3304 5199 amarum
3337 5155 3454 5211 est;
3478 5152 3606 5198 tunc
3631 5143 3777 5197 enim
3799 5155 3883 5209 pa-

2309 5245 2424 5292 stor
2448 5234 2735 5292 Christiani
2762 5239 2936 5306 gregis
2955 5238 3092 5292 lacte
3113 5237 3369 5304 reficitur,
3391 5238 3604 5306 quando
3624 5237 3884 5290 honorum

2319 5389 2462 5458 cipit.

2385 5467 2408 5496 ο
2439 5457 2572 5511 Cod.
2599 5456 2656 5512 S.
2679 5457 2863 5512 Crucis
2884 5457 2936 5510 in
2965 5454 3097 5520 Jer.,
3128 5457 3356 5520 religiosi
3382 5454 3532 5509 lactis
3550 5455 3817 5506 alimenta.

2385 5525 2408 5562 ἀ
2439 5524 2572 5580 Cod.
2606 5525 2875 5592 Ambros,
2901 5542 3141 5595 asperum
3163 5524 3238 5580 vel
3259 5541 3494 5579 amarum
3523 5534 3619 5578 est.
