4054 6190
213 271 303 326 185
1587 261 1867 316 ιιοδιωΑ
1901 261 1984 316 Cl.

3342 273 3449 325 486

210 397 413 452 operum
437 381 552 450 ejus
577 382 812 437 candore
841 383 1068 436 laetatur.
1100 381 1231 447 Quis
1257 379 1420 443 enim,
1451 377 1662 440 fratres,
1709 375 1760 428 in
1792 379 1842 434 Α
1869 381 1954 430 tus
1983 383 2038 429 et
2066 375 2321 445 insipiens
2347 377 2416 432 ad
2444 386 2648 435 motum
2673 379 2808 450 ejus,
2838 381 2932 450 qui
2949 380 3283 440 Christianus
3327 384 3447 442 fue-

209 474 346 528 vobis
373 484 396 508 ⁶ι
427 488 530 526 non
577 473 810 540 graviter
856 471 992 526 ferat
1031 471 1379 542 (nontamen
1409 468 1475 522 de
1514 468 1762 522 omnibus

202 566 310 621 dico
331 602 346 623 .
375 571 496 618 sunt
523 564 666 617 enim
697 563 835 617 inter
859 578 954 616 vos
981 577 1116 630 quos
1152 561 1218 616 ad
1261 561 1534 629 religionis
1561 560 1761 613 cultum

201 656 424 710 debeatis
463 654 663 708 habere
693 653 720 691 δ
748 655 1040 722 exemplo),
1067 654 1206 722 quis,
1240 653 1474 720 inquam,
1508 667 1612 704 non
1642 666 1760 704 mo-

201 749 320 802 leste
345 745 494 810 ferat,
527 747 604 800 sic
635 762 729 800 vos
755 761 872 800 esse
897 755 1085 800 vestra:
1114 744 1301 798 salutis
1324 745 1686 807 it'muemores,
1705 749 1764 794 ut

202 839 352 892 etiam
401 837 539 892 cmlo
596 846 732 892 teste
759 838 1028 906 peccetis?
1053 836 1183 889 Nam
1219 851 1340 889 cum
1367 843 1491 888 ante
1511 833 1626 887 dies
1649 833 1762 902 ple-

203 943 380 996 rosque
430 928 496 982 de
550 936 742 982 vestra:
801 928 1038 981 avaritia:
1095 927 1387 996 cupiditate
1415 925 1758 995 pulsaverim,

200 1019 300 1087 ipsa
326 1019 411 1074 die
447 1019 591 1074 circa
622 1035 904 1088 vesperum
934 1029 1080 1073 tanta
1108 1020 1418 1087 vociferatio
1459 1019 1640 1088 populi
1667 1033 1763 1072 ex-

196 1110 333 1173 stitit,
375 1117 433 1163 ut
480 1109 850 1176 irreligiositas
899 1108 1016 1176 ejus
1048 1121 1069 1148 ε
1115 1118 1422 1178 penetraret
1453 1110 1518 1161 ad
1545 1109 1757 1162 caelum.

195 1200 329 1266 Quod
356 1215 475 1254 cum
525 1202 854 1270 requirerem
904 1201 1030 1270 quid
1085 1203 1184 1254 sibi
1226 1203 1432 1256 clamor
1480 1203 1566 1255 hic
1594 1203 1762 1256 velit?

193 1289 422 1343 dixerunt
441 1291 573 1344 mihi
598 1289 743 1358 quod
765 1291 1029 1344 laboranti
1061 1291 1197 1344 lunae
1233 1300 1410 1346 vestra
1449 1290 1759 1346 vociferatio

192 1379 503 1444 subveniret,
557 1389 612 1435 et
639 1381 909 1435 defectum
930 1366 1046 1448 ejus
1067 1382 1178 1434 suis
1198 1381 1519 1436 clamoribus
1539 1383 1602 1434 ad
1604 1383 1731 1450 juva
1745 1411 1760 1420 -

192 1475 282 1522 ret.
314 1468 424 1522 Risi
470 1470 734 1538 equidem,
787 1479 841 1524 et
889 1471 1111 1524 miratus
1132 1486 1251 1524 sum
1277 1471 1587 1535 vanitatem,
1619 1471 1760 1539 quod

189 1560 324 1626 quasi
347 1560 530 1615 devoti
559 1558 845 1614 Christiani
871 1560 894 1597 ἀ
929 1560 1040 1615 Deo
1073 1562 1326 1617 ferebatis
1350 1563 1763 1616 auxilium.Cla-

188 1650 398 1706 mabatis
433 1652 578 1705 enim
629 1667 719 1716 ne,
756 1653 1057 1707 tacentibus
1104 1653 1270 1717 vobis,
1310 1663 1331 1690 θ
1373 1653 1622 1722 perderet
1649 1654 1762 1707 ele-

1864 462 1968 530 ras,
1999 467 2192 537 incipis
2211 482 2331 523 esse
2354 471 2664 539 sacrilegus.
2697 474 3045 541 Sacrilegium
3079 476 3093 524 i
3125 477 3267 530 enim
3289 477 3449 532 Crea-

1862 560 1965 613 tori
1995 561 2363 624 committitnr,
2387 562 2512 616 dum
2541 565 2876 620 imbecillitas
2902 569 3186 622 ascribitur
3233 579 3447 624 creatu-

1863 665 1954 705 m.
1987 651 2207 707 Mutaris
2234 668 2381 722 ergo,
2413 655 2550 709 sicut
2598 657 2744 721 luna,
2774 665 2831 710 ut
2858 659 2946 727 qui
2978 660 3139 728 paulo
3166 667 3291 713 ante
3323 659 3444 714 fidei

1863 743 2147 798 devotione
2176 743 2432 813 fulgebas,
2465 754 2649 814 postea
2675 746 2908 816 perfidiae
2938 749 3252 803 infirmitate
3307 749 3441 804 defi-

1864 835 2004 900 cias;
2035 836 2274 897 mutaris,
2311 834 2334 872 ¹ε
2375 837 2514 890 sicut
2561 838 2705 902 luna,
2745 837 2869 892 dum
2891 840 3170 894 cerebrum
3199 848 3346 894 tuum
3369 841 3441 895 ita

1864 926 2168 980 exinanitur
2187 928 2469 996 sapientia,
2505 930 2516 965 ι
2545 930 2684 984 sicut
2705 930 2842 983 luna:
2871 931 3204 997 obscuritas;
3235 941 3286 986 te
3314 948 3442 987 vero

1865 1017 2151 1070 teterrima:
2176 1019 2408 1072 tenebrae
2434 1020 2627 1074 mentis
2649 1019 2922 1073 invadunt.
2957 1021 3132 1088 Atque
3161 1023 3382 1086 utinam,
3407 1039 3442 1078 0

1864 1108 2048 1171 stulte,
2078 1118 2114 1144 ω
2145 1109 2282 1163 sicut
2312 1109 2436 1162 luna
2467 1111 2720 1164 mutet-is!
2752 1110 2842 1163 llla
2863 1112 3004 1164 enim
3026 1112 3135 1165 cito
3163 1112 3228 1164 ad
3271 1113 3443 1181 pleni-

1865 1198 2100 1251 tudinem
2129 1214 2276 1252 snatn
2301 1199 2466 1264 redit;
2501 1209 2554 1253 tu
2574 1199 2637 1252 ad
2668 1201 2987 1269 sapientiam
3015 1217 3114 1255 nec
3142 1217 3264 1255 sero
3311 1218 3442 1256 con-

1863 1289 2118 1354 verteris;
2149 1291 2313 1360 336
2350 1290 2438 1344 illa
2468 1291 2724 1344 velociter
2763 1291 2965 1359 colligit
3003 1291 3148 1360 quod
3191 1292 3444 1346 amiserat

1861 1379 2070 1442 lumen,
2106 1388 2160 1433 tu
2214 1396 2313 1434 nec
2362 1381 2510 1434 tarde
2561 1379 2714 1434 fidem
2755 1382 2948 1452 recipis
2984 1397 3145 1450 quam
3185 1383 3392 1449 negasti
3419 1405 3436 1434 -.

1861 1469 2075 1534 gravior
2102 1483 2230 1537 ergo
2279 1477 2367 1522 tua
2395 1484 2553 1537 quam
2583 1470 2717 1523 luna}
2743 1472 2970 1524 mutatio
2999 1479 3110 1535 cst;
3142 1472 3267 1526 luna
3294 1472 3443 1527 defe-

1865 1569 2007 1612 ctum
2037 1559 2249 1613 luminis
2276 1561 2493 1629 patitur,
2517 1568 2569 1612 tu
2585 1561 2790 1613 salutis.
2816 1560 2985 1626 Quam
3016 1562 3153 1615 bene
3179 1563 3437 1630 scriptum

1871 1659 1950 1704 est
1975 1661 2001 1686 η
2031 1651 2097 1705 de
2126 1651 2366 1721 sapiente
2399 1669 2411 1702 :
2446 1659 2472 1686 ο
2519 1651 2583 1702 Et
2620 1650 2935 1720 permanebit
2983 1668 3094 1704 cum
3124 1653 3233 1706 sole
3269 1653 3438 1725 (Psal.

188 1751 407 1795 mentum
445 1759 461 1794 :
495 1749 747 1811 tanquam
777 1742 1018 1796 infirmus
1060 1743 1202 1797 enim
1250 1753 1305 1797 et
1332 1744 1629 1808 imbecillis,
1655 1745 1755 1798 nisi
1793 1737 1832 1793 Β
1863 1741 2040 1810 uxr);
2091 1749 2368 1810 permanet
2397 1741 2541 1794 enim
2589 1742 2803 1809 sapiens
2849 1756 2967 1795 cum
2997 1742 3129 1806 sole,
3157 1758 3276 1796 cum
3306 1759 3440 1798 con-

187 1831 362 1886 vestris
389 1832 738 1901 adjuvaretur
762 1833 999 1896 vocibus,
1033 1849 1141 1886 non
1165 1843 1346 1903 posset
1366 1835 1645 1888 luminaria
1674 1834 1762 1889 de-

188 1922 381 1978 lendere
409 1939 535 1993 quae
561 1925 796 1988 creavit;
829 1925 966 1979 bene
994 1925 1154 1993 igitur
1183 1925 1374 1990 facitis,
1421 1926 1513 1994 Qui
1559 1926 1761 1980 Divini-

191 2013 272 2066 tati
298 2013 564 2068 exbibetis
602 2014 877 2076 solatium,
934 2023 991 2068 ut
1039 2015 1191 2068 vobis
1234 2015 1544 2084 juvantibus
1591 2017 1758 2084 possit

188 2104 359 2160 uelum
391 2119 603 2173 regere.
638 2104 743 2160 Sed
782 2106 828 2159 si
852 2106 1012 2159 vultis
1041 2107 1144 2160 hoc
1164 2107 1372 2176 plenius
1400 2106 1595 2172 facere,
1627 2123 1759 2162 cun-

186 2198 270 2251 ctis
289 2205 339 2250 et
359 2197 491 2251 totis
519 2197 763 2252 noctibus
786 2197 1106 2266 pervigilare
1129 2197 1336 2252 debetis
1365 2217 1377 2250 :
1403 2215 1522 2252 nam
1545 2200 1757 2268 quoties

195 2287 335 2356 335
371 2285 390 2325 ί
423 2288 650 2356 putatis,
682 2288 834 2342 vobis
861 2287 1269 2352 dormientibus,
1300 2288 1424 2342 luna
1472 2289 1575 2342 vim
1603 2304 1756 2358 passa

186 2387 284 2442 cst;
331 2386 384 2431 et
445 2386 626 2432 tamen
675 2377 744 2432 de
789 2377 929 2432 caelo
979 2393 1085 2432 non
1114 2378 1352 2432 corruit?
1385 2378 1488 2432 Aut
1514 2378 1754 2447 nunquid

186 2483 377 2539 semper
400 2469 551 2525 circa
576 2483 861 2538 vesperum
907 2469 1172 2523 defectum
1203 2479 1227 2514 κ
1253 2469 1472 2538 patitur,
1517 2485 1622 2523 non
1649 2470 1751 2523 ali-

186 2563 376 2629 quando
403 2570 466 2618 et
486 2563 630 2618 circa
657 2563 830 2618 lucem
860 2561 1106 2616 laborat?
1128 2560 1234 2616 Sed
1257 2561 1397 2631 apud
1418 2578 1514 2617 vos
1545 2577 1755 2632 vesper-

187 2654 296 2709 tinis
344 2663 559 2708 tantum
615 2655 763 2709 horis
817 2655 1059 2709 laborare
1086 2654 1384 2720 consuevit,
1415 2654 1627 2724 quando
1655 2670 1746 2710 co-

188 2745 320 2814 piosa
345 2760 500 2800 omna
531 2754 720 2800 venter
745 2743 1085 2810 distenditur,
1108 2745 1322 2814 quando
1349 2745 1641 2814 majoribus
1655 2761 1753 2815 po-

190 2834 303 2888 culis
341 2844 507 2905 caput
561 2842 829 2890 movetur.
881 2834 1033 2889 Tunc
1062 2834 1225 2903 igitur
1257 2836 1405 2912 apud
1429 2852 1526 2891 vos
1547 2836 1752 2892 laborat

188 2925 314 2994 luna,
340 2927 564 2998 quando
591 2927 800 2984 laborat
824 2934 879 2982 et
924 2928 1125 2993 vinum,
1165 2935 1311 2993 tunc,
1341 2928 1578 2996 inquam,
1611 2930 1749 2998 apud

188 3031 269 3072 vos
295 3019 540 3074 turbatur
571 3018 898 3074 carminibus
917 3018 1108 3086 globus
1138 3019 1295 3085 lunae,
1325 3019 1539 3088 quando
1569 3019 1752 3075 calici-

1861 1832 2059 1886 stantia
2083 1830 2202 1884 fidei
2231 1840 2509 1900 permanet
2529 1847 2648 1886 cum
2670 1830 2966 1885 Salvatore.
3011 1831 3116 1886 Sed
3166 1835 3309 1888 dicet
3337 1836 3438 1888 ali-

1860 1926 2019 1994 quis:
2056 1924 2205 1978 Luna
2235 1925 2395 1992 igitur
2440 1942 2547 1979 non
2596 1926 2838 1980 laborat?
2879 1927 3112 1982 Laborat
3140 1930 3317 1998 plane,
3347 1947 3441 1986 ne-

1859 2030 1986 2084 gare
2007 2032 2115 2070 non
2143 2033 2458 2085 possumus;
2489 2016 2582 2071 sed
2614 2017 2820 2073 laborat
2844 2036 2963 2073 eum
2995 2021 3203 2075 caeteris
3231 2030 3440 2076 creatu-

1859 2111 1950 2174 ris,
1983 2109 2121 2164 sicut
2151 2109 2440 2179 Apostolus
2466 2109 2595 2163 dicit
2620 2127 2631 2161 :
2664 2107 2798 2173 Quia
2832 2113 2999 2164 omnis
3029 2122 3265 2166 creatura
3291 2114 3438 2184 inge-

1858 2203 2043 2266 miscit,
2091 2209 2140 2254 et
2187 2202 2408 2270 parturit
2434 2217 2591 2271 usque
2611 2201 2778 2253 adhuc
2803 2200 2978 2270 (Rom.
3011 2202 3154 2272 vui);
3181 2211 3235 2256 et
3255 2201 3389 2256 infra
3422 2221 3436 2256 :

1860 2292 2118 2357 Quoniam
2142 2302 2191 2346 et
2218 2295 2332 2361 ipsa
2368 2303 2602 2348 creatura
2631 2291 2929 2347 liberabitur
2957 2310 2988 2344 ιι
3028 2295 3267 2346 servitute
3315 2309 3434 2346 cor-

1856 2385 2128 2452 ruptionis,
2175 2391 2230 2437 et
2260 2383 2484 2452 reliqua.
2531 2381 2870 2449 Liberabitur,
2891 2383 3079 2451 inquit,
3104 2400 3136 2434 a
3164 2383 3437 2443 seruitute;

1854 2477 2006 2531 vides
2046 2491 2195 2544 ergo,
2236 2476 2488 2544 quoniam
2531 2475 2654 2528 luna
2685 2489 2792 2527 non
2842 2473 3053 2527 laborat
3094 2473 3436 2536 carminibus,

1855 2570 1950 2624 sed
1977 2569 2186 2624 laborat
2214 2567 2516 2637 obsequiis;
2551 2581 2655 2619 non
2688 2566 2898 2620 laborat
2924 2564 3196 2634 periculis,
3227 2563 3322 2619 sed
3357 2563 3438 2616 la-

1853 2661 2011 2715 borat
2039 2657 2260 2722 ofﬁciis;
2309 2672 2417 2710 non
2466 2656 2673 2726 laborat
2711 2664 2768 2708 ut
2789 2663 2994 2724 pereat,
3026 2639 3120 2708 sed
3145 2653 3354 2708 laborat
3383 2661 3440 2706 ut

1853 2751 2072 2806 serviat.
2108 2749 2344 2802 Vanitati
2371 2748 2506 2800 enim
2527 2753 2767 2800 creatura
2788 2743 3020 2814 subjecta
3041 2753 3116 2798 est
3138 2760 3240 2797 non
3260 2755 3440 2814 sponte

1856 2842 2066 2914 (Ibid.),
2099 2849 2154 2895 et
2197 2840 2420 2908 reliqua.
2448 2836 2588 2906 Ergo
2617 2838 2741 2890 lttna
2778 2851 2808 2889 a
2835 2844 2975 2890 statu
2996 2852 3095 2890 suo
3117 2851 3222 2890 non
3245 2844 3437 2905 sponte

1853 2942 2110 2998 mutatur,
2135 2941 2191 2986 tu
2212 2931 2278 2985 de
2299 2945 2459 2984 sensu
2479 2936 2574 2982 tuo
2603 2935 2796 2996 sponte
2825 2927 3078 2991 mutaris;
3105 2927 3191 2979 illa
3217 2926 3267 2980 in
3290 2927 3440 2980 dimi-

1853 3025 2131 3080 nutionem
2156 3025 2236 3076 sui
2267 3019 2572 3076 conditione
2598 3017 2898 3074 deducitur.
2912 3024 2969 3070 tu
2989 3016 3042 3069 in
3064 3015 3441 3071 detrimentum

187 3109 270 3163 bus
296 3111 581 3165 turbantur
605 3116 658 3165 et
689 3109 850 3164 oculi.
881 3109 1162 3176 Quomodo
1189 3111 1372 3178 igitur,
1403 3107 1428 3145 δ
1451 3111 1653 3178 ebrius,
1685 3112 1764 3164 vi-
1789 3099 1832 3158 C
1866 3117 1944 3170 tui
1967 3115 2245 3168 voluntate
2270 3109 2617 3182 pertralteris.
2648 3107 2784 3162 Nolo
2811 3108 2990 3175 igitur,
3021 3106 3204 3170 frater,
3235 3107 3308 3160 ita
3346 3107 3440 3170 Sis.

189 3199 296 3255 dere
313 3209 464 3270 potes
483 3200 632 3255 circa
656 3200 837 3254 lunam
877 3199 1004 3268 quid
1036 3207 1225 3268 agatur
1243 3200 1296 3253 in
1318 3201 1473 3265 coelo,
1506 3202 1597 3271 qui
1617 3201 1761 3254 circa

191 3299 235 3346 te
269 3308 370 3346 non
418 3292 573 3348 vides
629 3291 772 3361 quod
815 3300 1002 3360 agatur
1031 3293 1084 3346 in
1119 3293 1299 3346 terra?
1328 3291 1443 3346 Hoc
1471 3301 1552 3346 est
1579 3293 1757 3362 plane,

190 3383 313 3450 quod
357 3385 433 3438 ait
475 3382 740 3438 Salomon
783 3381 966 3436 dicens
998 3400 1010 3434 :
1044 3382 1245 3436 Stultus
1284 3391 1339 3434 ut
1385 3384 1507 3436 luna
1534 3393 1761 3437 mutatur

190 3470 363 3542 (Eccle.
395 3473 556 3544 xm).
594 3472 611 3512 ί
645 3471 867 3527 Mutaris
906 3473 1069 3539 enim,
1099 3472 1235 3528 sicut
1265 3473 1410 3539 luna,
1441 3473 1568 3528 dum
1621 3477 1757 3530 stul-

1865 3207 2004 3262 sicut
2052 3205 2198 3268 luna,
2253 3216 2376 3256 cum
2427 3197 2641 3263 deficit;
2672 3197 2764 3252 sed
2795 3204 2932 3264 esto,
2964 3198 3102 3252 sicut
3128 3197 3344 3266 quando
3361 3206 3441 3252 est

1859 3297 2019 3365 plena
2071 3303 2230 3361 atque
2278 3289 2543 3360 perfecta;
2570 3288 2826 3356 scriptum
2857 3295 2941 3340 est
2980 3287 3124 3341 enim
3152 3287 3219 3341 de
3251 3286 3439 3354 justo:

1863 3388 2010 3443 Sicut
2037 3385 2160 3439 luna
2179 3384 2234 3436 in
2268 3389 2537 3446 aeternum,
2579 3387 2626 3432 et
2657 3379 2798 3432 testis
2826 3378 2881 3431 in
2902 3377 3028 3431 caelo
3051 3377 3222 3447 ﬁdelis
3265 3376 3436 3442 (Psal.

1863 3477 2139 3546 Lxxxvnn.

1577 3612 1920 3674 HOMILIA
1966 3613 2065 3674 Cl.

1442 3727 1520 3782 De
1547 3731 1723 3784 eodem
1752 3742 2051 3801 argumento
2077 3729 2105 3784 I
2113 3728 2160 3782 1.

1605 3837 1997 3894 annoanno.
2086 3907 2090 3910 ,

246 3957 357 4013 Mox
381 3958 544 4013 edita:
571 3955 807 4010 homilize
833 3953 892 4009 S.
916 3953 1148 4008 Maximo
1169 3961 1389 4008 auctore
1409 3953 1647 4020 cognito,
1673 3969 1740 4008 ex
1768 3954 1926 4010 simili
1956 3951 2222 4006 scribendi
2250 3950 2461 4004 ratione
2480 3962 2740 4020 _ne_x_uque
2760 3961 2939 4002 rerum
2989 3947 3056 4001 ab
3082 3947 3269 4020 eodem
3300 3947 3440 4020 lianc

186 4044 380 4098 quoque
422 4027 788 4098 conscriptam
814 4022 1011 4098 fuisse,
1041 4037 1384 4098 cognoscere,
1428 4017 1734 4098 si'animutn
1766 4024 2252 4098 advertat,_cuiqne
2302 4022 2443 4074 licet.
2472 4017 2844 4098 Suffragantur
2880 4026 3062 4098 autem
3092 4017 3191 4098 ipsi
3223 4018 3441 4098 codices

188 4085 346 4156 iidem.
369 4099 460 4167 qui
485 4085 720 4167 priorem
750 4095 849 4167 sub
869 4094 928 4167 S.
948 4085 1174 4167 Maximi
1206 4093 1518 4167 aeminenti
1535 4094 1901 4167 posteritatem
1933 4085 2310 4167 traduxerunt;
2345 4104 2536 4167 nempe
2561 4085 2922 4167 Sangallensis
2943 4103 3086 4167 num.
3210 4087 3438 4167 Ambro—

185 4167 364 4232 sianus,
385 4155 443 4222 et
472 4155 545 4219 90
565 4165 621 4220 S.
652 4165 838 4219 Crueis
868 4165 918 4217 in
941 4163 1236 4216 Jerusalem
1263 4175 1382 4232 pag.
1414 4155 1548 4232 ΞΠ]
1567 4160 1942 4232 Jam_diximns
1971 4177 1999 4214 a
2025 4161 2333 4232 Mabillonio
2363 4155 2590 4232 primum
2635 4173 2667 4209 e
2721 4156 2906 4232 codice
2952 4155 3288 4232 Sangallensi
3333 4159 3434 4232 de-

185 4248 468 4308 promptam
491 4236 788 4299 homiliam,
819 4235 1016 4308 editam
1040 4248 1122 4308 ,υς
1143 4247 1290 4308 num.

1381 4233 1435 4284 in
1467 4230 1644 4284 Musca
1676 4229 1864 4286 Italico
1893 4233 2081 4292 fuisse;
2121 4233 2174 4284 in
2205 4231 2354 4297 cujus
2367 4226 2692 4297 prmfatione
2715 4226 3087 4297 adnotavimus
3115 4227 3273 4288 hanc,
3301 4227 3442 4297 sicut

186 4292 391 4361 alteram
419 4322 576 4361 num.
603 4321 762 4374 supra
777 4292 1046 4374 'positatn,’
1073 4301 1670 4374 Gennadiitestitnonio
1687 4303 1802 4366 niti,
1827 4318 1954 4374 cum
1979 4302 2070 4374 ill_e_
2094 4292 2468 4374 Masinium'de
2491 4292 2796 4374 defectione
2819 4295 3259 4374 lumen-scripsisse
3287 4296 3438 4374 dise-

186 4376 261 4430 rit.
291 4376 413 4432 Haic
439 4363 988 4446 quoque'Gall'andius
1003 4363 1153 4446 suam
1179 4374 1235 4425 in
1254 4363 1996 4446 collectionem,_ut_reliquas
2018 4369 2070 4423 Μ
2074 4372 2182 4446 usei
2207 4367 2398 4430 Italici,
2419 4365 2728 4446 transtulit;
2751 4363 2845 4418 sed
2873 4363 3058 4418 codice
3081 4364 3439 4418 Ambrosiano

186 4438 496 4513 inconsulto,
530 4438 692 4516 a'quo
720 4446 904 4516 plures
932 4444 1201 4496 variantes
1229 4443 1548 4512 accepimus,
1582 4448 1638 4496 et
1657 4438 1950 4496 Mabillonii
1967 4440 2183 4495 lectioni
2211 4438 2572 4508 apposuinms.

246 4657 269 4682 '
297 4645 429 4701 Cod.
458 4644 586 4699 Vat.
619 4641 779 4707 4951,
807 4640 1006 4696 omittit
1027 4657 1150 4693 non.

245 4714 273 4753 δ
301 4716 432 4771 Cod.
467 4715 593 4768 Vat.
621 4711 779 4775 4951,
809 4711 1118 4780 exemplum.
1149 4772 1156 4779 _

247 4798 268 4825 ε
297 4784 432 4841 Cod.
463 4784 587 4839 Vat.
619 4780 780 4848 4951,
811 4778 1154 4848 penetraverit
1174 4778 1244 4831 ad
1271 4778 1471 4833 caelum.

247 4854 269 4892 ¹¹
297 4855 430 4910 Cod.
463 4855 586 4907 Vat.
621 4847 779 4917 4951,
802 4847 940 4904 luna:
968 4866 1066 4919 pro
1098 4847 1226 4903 Deo.

251 4937 272 4963 ε
300 4925 435 4980 Cod.
464 4923 590 4978 Vat.
613 4920 770 4984 4951,
801 4920 941 4973 Deus
968 4921 1220 4988 perderet,
1246 4925 1353 4972 etc.

255 4994 430 5050 'Cod.
464 4993 589 5047 Vat.
618 4990 778 5054 4951,
807 5007 910 5044 non
950 4990 1158 5059 putatis.

246 5075 268 5111 ε
296 5064 432 5118 Cod.
461 5064 586 5117 Vat.
610 5060 768 5128 4951,
797 5055 1027 5128 patitur?
1055 5057 1198 5112 Num
1225 5067 1274 5112 et
1307 5057 1587 5129 aliquando
1615 5058 1752 5112 circa
1783 5055 1832 5114 D

181 5135 334 5188 lucem
361 5133 574 5189 laborat
591 5134 615 5184 .9

250 5204 273 5240 ¹¹
303 5204 440 5259 Cod.
467 5204 590 5256 Vat.
622 5198 782 5267 4951,
811 5198 939 5253 ebrii
964 5197 1133 5252 videre
1156 5198 1386 5266 potestis,
1419 5198 1555 5249 circa
1578 5197 1756 5251 lunam

182 5275 521 5345 quidagatur
564 5274 644 5345 in,
671 5271 824 5336 ctelo,
863 5270 948 5339 qui
986 5270 1125 5322 circa
1151 5283 1240 5322 vos
1267 5284 1373 5321 non
1397 5267 1599 5333 uidetis,
1629 5267 1756 5338 quid

182 5344 370 5415 agatur
388 5347 448 5397 in
474 5344 655 5415 terra?
670 5408 759 5415 μη
825 5385 843 5415 _.

254 5414 267 5450 ί
305 5414 447 5468 Cod.
479 5412 597 5466 Vat.
629 5408 790 5472 4951,
815 5409 1090 5463 Mutamini
1115 5409 1250 5461 enim
1277 5409 1408 5477 sicut
1446 5407 1592 5471 luna,
1633 5409 1758 5477 facti

182 5484 316 5538 stulti
338 5494 390 5537 et
410 5484 710 5551 insipientes
724 5480 792 5533 ad
811 5490 1007 5551 motum
1021 5478 1150 5551 ejus,
1174 5479 1260 5551 qui
1279 5475 1564 5551 Cbristiani
1586 5475 1758 5551 {uera-

183 5556 261 5616 tis,
307 5570 429 5607 sere
475 5547 620 5606 stulti
661 5559 713 5604 et
735 5567 848 5604 uere
873 5549 1133 5618 sacrilegi.
1171 5547 1513 5618 Sacrilegiuin
1539 5547 1676 5618 enim
1701 5549 1755 5601 in

183 5615 426 5678 creatore
479 5620 810 5683 committitis,
847 5619 968 5673 dum
982 5615 1389 5672 imbecillitatem
1409 5615 1640 5671 Creatori
1665 5633 1754 5671 as-

184 5692 394 5748 cribitis.
423 5690 648 5746 latoris
673 5707 795 5760 ergo
816 5688 1182 5762 sicut_luna,ut
1205 5689 1290 5759 qui
1311 5686 1465 5758 paulo
1486 5697 1604 5740 ante
1629 5687 1753 5755 ﬁdei

1866 4631 2130 4691 devotione
2151 4635 2403 4707 fulgebas,
2427 4645 2602 4706 postea
2631 4635 2754 4707 ﬁdei
2780 4634 3085 4704 inﬁrmitate
3115 4630 3346 4701 deﬁcias.

1942 4707 1955 4756 i
1995 4707 2128 4760 Cod.
2151 4703 2402 4759 'Ambros.
2428 4703 2596 4760 habet
2622 4703 2676 4758 in
2705 4703 3016 4758 Creatorem.

1936 4775 1958 4812 ιε
1984 4775 2116 4829 Cod.
2150 4774 2268 4828 Vat.
2295 4773 2452 4844 4951,
2478 4777 2608 4828 sicut
2629 4778 2769 4828 lunae
2787 4774 2966 4844 globus
2992 4780 3266 4844 evacuatur
3279 4769 3439 4844 clari-

1863 4854 1966 4899 tate
2005 4854 2278 4898 nocturna.
2332 4843 2400 4896 Et
2420 4845 2560 4897 illam
2583 4839 2967 4914 quidem—parra
2990 4839 3195 4894 nubium
3216 4840 3438 4914 obducit

1860 4916 2174 4976 obscuritas;
2223 4924 2269 4965 te
2315 4930 2431 4967 vero
2482 4911 2754 4967 teterrima:
2808 4911 3030 4966 tenebrte
3073 4913 3253 4963 mortis
3297 4912 3441 4963 inua-

1861 4986 2006 5044 dunt.
2031 4993 2134 5038 etc.

1935 5053 1953 5093 ι
1979 5054 2114 5111 Cod.
2137 5069 2264 5108 vero
2293 5053 2562 5116 Ambros.,
2585 5055 2716 5106 sicut
2735 5051 2873 5105 luna:
2901 5049 3079 5120 globus
3101 5049 3212 5120 luce
3225 5065 3442 5102 evacua-

1857 5136 1958 5190 tur,
1981 5135 2030 5178 et
2066 5124 2208 5177 illum
2232 5124 2435 5196 quidem
2462 5139 2620 5194 parua
2649 5122 2859 5175 nubium
2884 5118 3089 5174 obducit
3117 5118 3434 5184 obscuritas;

1860 5207 1906 5249 te
1926 5213 2060 5255 vero,
2095 5204 2200 5250 etc.

1929 5276 1967 5302 ιιι
1997 5265 2143 5319 Idem
2169 5264 2292 5320 cod.
2319 5263 2592 5325 Ambros,
2633 5277 2664 5315 ο
2686 5261 2858 5326 stulte,
2894 5261 3008 5330 jam
3027 5259 3160 5312 sicut
3177 5259 3304 5312 luna
3326 5274 3438 5312 mu-

1861 5347 2100 5460 “Tm
2118 5405 2152 5457 ι.
2183 5403 2240 5458 s.
2265 5403 2450 5457 Crucis
2479 5402 2532 5456 in
2556 5399 2693 5466 Jcr.,
2722 5398 2844 5454 Vat.
2867 5397 3027 5466 4951,
3064 5406 3121 5453 et
3159 5397 3440 5463 Laurent.,

1862 5474 2030 5541 Quam
2055 5475 2180 5528 bene
2204 5475 2452 5544 scriptum
2473 5480 2547 5527 est
2575 5489 2592 5525 :
2625 5471 2826 5526 Stultus
2853 5472 2989 5544 sicut
3017 5476 3141 5522 tuna
3188 5478 3438 5544 mutatur,

1861 5538 1982 5615 quia
2015 5547 2260 5614 scriptum
2303 5538 2380 5598 est
2417 5543 2481 5596 de
2520 5544 2749 5614 sapiente
2777 5557 2795 5594 :
2843 5539 2913 5594 Et
2957 5538 3275 5608 permanebit
3329 5553 3440 5591 eum

1862 5617 1987 5680 sole,
2010 5625 2114 5672 etc.

1932 5695 1956 5723 ο
1975 5677 2034 5740 ln
2061 5684 2195 5742 Cod.
2226 5683 2475 5740 Ambros.
2505 5682 2654 5739 deest
2685 5677 2770 5735 Et.
