4054 6190
553 281 651 334 137
1748 278 1804 335 S.
1849 275 2097 334 MAXIM!
2137 274 2587 338 TAURINENSIS

549 394 706 517 κῃ
737 391 1125 446 Annuussruu.
1175 415 1246 430 -—-
1296 386 1577 441 llortatum
1625 403 1680 442 se
1725 389 1941 469 fratres.
1967 387 2127 458 fuisse
2151 388 2201 444 A
2231 385 2316 442 tis.
2344 388 2450 443 Sed
2472 391 2697 458 legimus
2719 390 2787 444 de
2813 391 3095 448 Salvatore
3121 393 3263 462 quod
3291 394 3371 448 sol
3401 395 3574 462 magis
3600 395 3672 449 sit
3702 397 3813 465 ipse

680 463 883 516 eximus
903 459 1099 517 scribit.
1127 468 1182 511 ut
1208 459 1550 517 pratermisso
1578 474 1752 511 errore
1767 460 1964 517 gentili,
1988 456 2128 509 laute
2231 476 2444 517 ίηςιειεη,
2495 479 2778 517 omnm.“
2805 497 2934 517 mm.
2962 497 3082 517 mm
3117 484 3254 517 Imm
3281 485 3514 517 mum“...
3538 501 3813 517 ,Μυκη-

680 481 712 515 a

713 463 883 516 :rimus
903 459 1099 522 scribit,
1127 468 1182 511 ut
1208 459 1550 528 pratermisso
1578 456 1752 511 errore
1767 456 1972 528 gentili,
1988 456 2128 528 laute

618 541 782 587 ortum
837 539 984 600 atque
1012 530 1263 600 defectum
1297 527 1496 581 ratione
1525 528 1688 600 magis
1727 527 1877 598 quam
1906 527 2130 600 inﬁrmi-

620 613 724 655 tate
751 597 1023 655 subsistere
1065 597 1355 667 intelligant
1384 613 1423 668 :7
1448 597 1643 668 grande
1671 597 1782 650 esse
1828 597 2128 666 mysterium

615 675 776 737 lunae,
797 671 876 723 cui
904 668 1136 722 Christus
1163 669 1370 738 ejusque
1399 667 1632 721 Ecclesia
1664 677 2012 735 comparatur.

624 847 758 902 Ante
780 846 895 900 dies
917 842 1186 913 prosecuti
1213 857 1421 905 sumus,
1452 841 1663 907 fratres,
1708 845 1965 896 adversus
2011 841 2130 894 illos

547 941 636 1007 qui
682 944 935 1008 putarent
981 935 1162 987 lunam
1209 932 1277 986 de
1323 932 1460 986 ctnlo
1489 947 1768 1001 magorum
1799 933 2128 987 carminibus

550 1045 706 1100 posse
757 1027 983 1091 deduci;
1014 1035 1069 1080 et
1107 1040 1293 1080 eorum
1324 1023 1658 1079 retundimus
1695 1027 1989 1079 vanitatem
2037 1027 2130 1093 qui

549 1140 654 1178 non
681 1124 857 1177 minus
909 1121 1176 1175 defectum
1219 1121 1495 1188 patiuntur
1521 1119 1684 1172 animi
1727 1134 1886 1186 quam
1917 1120 2131 1174 luminis

549 1219 746 1288 patitur
775 1216 861 1270 illa
883 1214 1172 1268 defectum.
1203 1211 1350 1279 Quos
1369 1221 1425 1266 et
1445 1212 1646 1266 hortati
1673 1226 1858 1265 sumus
1887 1220 1963 1276 ut,
1997 1227 2131 1280 prte-

549 1306 796 1360 termisso
826 1319 1013 1358 errore
1041 1303 1245 1370 gentili,
1281 1311 1390 1355 tam
1439 1302 1548 1356 cito
1577 1301 1643 1355 ad
1690 1302 2008 1370 sapientiam
2039 1318 2129 1355 re-

549 1397 728 1460 deant,
757 1410 916 1465 quam
947 1395 1055 1448 cito
1084 1393 1150 1446 ad
1179 1392 1565 1461 plenitudinem
1594 1407 1746 1446 suam
1778 1393 1865 1446 illa
1893 1403 1919 1429 ι
1948 1407 2130 1447 rever—

549 1485 711 1538 titur:
739 1493 792 1538 et
820 1485 957 1538 sicut
983 1481 1244 1535 velociter
1273 1483 1360 1535 illa
1392 1482 1569 1536 lumen
1600 1483 1803 1550 colligit
1823 1483 1966 1552 quod
1996 1482 2130 1536 ami-

547 1585 709 1640 serat,
741 1578 809 1631 ita
841 1576 1154 1630 festinanter
1182 1575 1266 1628 isti
1299 1574 1454 1628 fidem
1489 1575 1749 1644 recipiant
1776 1590 1934 1642 quam
1968 1587 2130 1642 nega-

548 1677 707 1732 runt;
752 1666 778 1704 ι)
823 1675 897 1730 et,
952 1665 1194 1733 deposita
1247 1665 1563 1734 insipientia:
1609 1665 1822 1728 nebula,
1872 1665 2129 1734 incipiant

3710 289 3813 341 εδκ

2224 476 2462 544 justitim.
2495 479 2778 546 Quomodo
2805 497 2934 550 ergo
2962 497 3084 537 cum
3117 484 3254 538 luna:
3280 485 3516 539 motibus
3538 501 3823 554 compara-

2229 583 2351 622 mus
2371 569 2393 621 ?
2414 568 2527 623 Non
2551 584 2742 638 magna
2772 573 2930 641 plane
2951 574 3204 626 distantia
3234 574 3555 628 conveniunt
3587 576 3691 629 sibi
3716 577 3810 630 ista

2229 659 2528 712 luminaria.
2561 660 2831 728 Siquidem
2874 662 2996 715 luna
3026 664 3257 730 quadam
3305 662 3640 718 fraternitate
3683 681 3812 720 con-

2230 751 2384 803 sortii
2408 751 2586 804 lumen
2616 760 2890 806 mutuatur
2919 767 2947 805 a
2975 754 3106 817 sole,
3139 761 3196 807 et
3224 754 3390 808 radiis
3418 755 3552 810 lucis
3578 756 3696 824 ejus
3726 772 3812 811 re-

2228 855 2504 910 percussa,
2535 840 2874 910 splendorem
2916 843 2998 895 sui
3028 842 3248 910 fulgoris
3285 845 3520 914 accipiat
3553 862 3565 896 :
3601 845 3743 899 unde
3767 846 3813 899 si

2231 931 2473 985 Christus
2502 931 2760 988 Dominus
2785 933 2885 987 soli
2927 935 3125 987 rectius
3167 943 3533 1002 comparatur,
3565 935 3591 973 ι
3633 936 3810 991 lunam

2231 1023 2440 1077 nonnisi
2473 1022 2726 1078 Ecclesia:
2751 1025 3369 1093 comparabimus.'Nam
3417 1027 3529 1095 ipsa
3559 1028 3702 1082 sicut
3729 1030 3811 1081 ln-

2232 1130 2322 1180 na,
2354 1123 2413 1166 ut
2452 1115 2593 1168 inter
2637 1123 2822 1183 gentes
2851 1116 3056 1182 luceat,
3111 1126 3388 1171 mutuatur
3430 1119 3610 1172 lumen
3641 1135 3671 1172 a
3700 1121 3813 1175 sole

2225 1205 2445 1273 justitite
2461 1216 2516 1259 et
2539 1207 2735 1261 Christi
2764 1207 2928 1261 radiis
2957 1226 2970 1260 :
3002 1208 3106 1262 hoc
3118 1216 3202 1262 est
3224 1210 3594 1278 apostolorum
3622 1211 3813 1279 praedi-

2231 1297 2532 1351 cationibus
2553 1313 2887 1367 repercussa,
2909 1297 3244 1366 splendorem
3267 1296 3281 1335 ¹
3307 1315 3375 1352 ex
3403 1315 3470 1354 eo
3498 1301 3814 1355 immortali-

2231 1389 2354 1441 tatis
2380 1389 2626 1457 acquirit.
2659 1387 2845 1455 Fulget
2863 1389 3007 1442 enim
3031 1387 3264 1442 Ecclesia
3287 1404 3393 1443 non
3425 1405 3544 1449 suo.
3575 1391 3670 1444 sed
3697 1390 3813 1445 Sal-

2229 1479 2430 1531 vatoris
2461 1478 2696 1542 lumine;
2741 1487 2796 1532 et
2826 1480 2995 1531 radiat
3037 1495 3142 1533 non
3201 1481 3422 1549 proprio
3477 1483 3673 1546 nitore,
3720 1483 3810 1537 sed

2230 1578 2268 1604 ιη
2301 1566 2491 1632 Patris,
2511 1568 2651 1621 sicut
2672 1569 2961 1637 Apostolus
2990 1571 3082 1632 ait,
3113 1569 3329 1624 dicens:
3358 1571 3481 1625 Vivo
3509 1584 3680 1626 autem
3698 1575 3807 1643 jam

2231 1675 2333 1712 non
2361 1675 2473 1728 ego,
2509 1659 2627 1712 vivit
2656 1667 2681 1693 υ
2711 1659 2762 1711 in
2792 1675 2872 1711 me
2904 1656 3138 1711 Christus
3169 1657 3310 1723 (Cal.
3337 1666 3394 1730 ιι)
3427 1678 3443 1726 ;
3486 1669 3542 1714 et
3569 1663 3764 1716 iterum
3791 1680 3804 1716 :

549 1760 727 1812 lumen
751 1773 857 1811 non
875 1755 986 1824 jam
1006 1755 1165 1810 oculo
1188 1758 1430 1823 corporis
1457 1755 1747 1822 mstimare,
1771 1756 1862 1809 sed
1892 1758 2122 1822 mentis;
2161 1744 2203 1800 Β
2233 1749 2301 1803 Ut
2345 1751 2389 1803 εἰ
2437 1751 2804 1819 primoge'ttims
2845 1752 2898 1802 in
2939 1749 3115 1803 multis
3156 1751 3400 1820 fratribus
3451 1751 3628 1821 (Rom.
3678 1759 3806 1821 vui).

548 1860 602 1904 et
627 1862 648 1888 ε
679 1858 856 1903 ortum
887 1846 1262 1914 deiectamque
1291 1846 1407 1914 ejus
1439 1847 1736 1914 intelligant
1771 1849 1982 1902 ratione
2014 1864 2132 1902 ma-

547 1943 626 2008 gis
654 1956 817 2009 quam
843 1937 1149 1993 infirmitate
1173 1939 1462 1992 subsistere
1487 1955 1501 2003 ;
1524 1936 1548 1973 d
1572 1954 1690 2007 quae
1720 1955 1987 2009 nunquam
2012 1950 2130 1994 tan-

549 2039 656 2084 tam
677 2030 841 2084 rebus
869 2029 1074 2083 cunctis
1109 2031 1461 2084 mutationem
1509 2030 1680 2094 daret,
1731 2031 1832 2084 nisi
1867 2042 2010 2085 esset
2053 2033 2127 2086 illi

547 2121 661 2175 hmo
679 2121 817 2174 ratio
843 2135 872 2172 a
901 2118 1161 2174 Creatore
1189 2121 1404 2174 collata.
1427 2120 1564 2174 Ecce
1587 2122 1912 2176 elementum
1942 2139 2127 2190 maris,

545 2212 667 2264 luna
700 2210 1002 2275 deficiente,
1035 2211 1366 2274 subducitur,
1398 2213 1584 2265 eadem
1611 2222 1906 2278 crescente,
1939 2230 2126 2269 cumu-

546 2304 685 2356 latur
711 2321 724 2355 :
759 2313 816 2356 ut
845 2303 909 2356 ad
937 2312 1142 2357 motum
1167 2303 1282 2370 ejus
1311 2312 1403 2357 aut
1430 2304 1587 2358 undze
1615 2305 1754 2360 intra
1796 2321 1855 2361 se
1882 2307 2123 2372 redeant,

546 2401 640 2447 aut
662 2404 684 2430 °
716 2392 913 2448 ﬂuenta
944 2409 1049 2447 non
1081 2395 1294 2462 capiant
1323 2412 1334 2445 :
1364 2395 1436 2448 ita
1463 2402 1522 2448 ut
1565 2397 1776 2462 quoties
1803 2397 1928 2450 luna
1955 2404 2128 2451 muta-

549 2491 634 2536 tur
675 2483 726 2535 in
755 2483 975 2547 lumine,
1007 2484 1168 2538 toties
1207 2483 1223 2520 ί
1259 2485 1426 2536 maria
1473 2493 1750 2539 mutentur
1773 2486 1827 2539 in
1857 2483 2125 2542 fluctibus.

545 2572 784 2641 Denique
823 2574 1072 2626 dicuntur
1108 2574 1221 2642 ipsa
1268 2576 1432 2629 maris
1469 2577 1704 2628 natantia
1743 2577 1797 2632 in
1828 2592 1988 2633 carne
2030 2595 2125 2634 sua

545 2664 782 2734 pleniora
811 2679 929 2718 esse
957 2680 1079 2719 cum
1126 2664 1250 2718 luna
1280 2665 1514 2734 perfecta
1541 2677 1642 2730 est,
1695 2679 1750 2724 et
1777 2671 2041 2726 exhausta
2071 2681 2125 2726 et

543 2754 801 2807 diminuta
824 2769 947 2807 cum
977 2754 1064 2807 illa
1095 2756 1368 2810 minuitur.
1409 2755 1599 2825 Magna
1633 2759 1794 2827 igitur
1821 2760 1960 2816 lunae
1984 2763 2123 2817 ratio

541 2852 642 2907 est,
669 2853 724 2896 et
745 2858 936 2912 magna
967 2846 1288 2912 praestantia,
1312 2861 1430 2915 quae
1456 2849 1640 2916 vigore
1665 2865 1765 2904 suo
1787 2853 1856 2904 ita
1886 2853 2124 2907 elemen-

543 2942 592 2986 ta
624 2934 833 2996 minuit,
867 2943 926 2986 ut
953 2950 1138 2989 rursus
1165 2936 1453 3005 adimpleat
1479 2957 1490 2990 :
1526 2940 1597 2992 ita
1628 2941 1831 3010 implet,
1860 2951 1920 2997 ut
1946 2944 2121 2999 denuo

542 3026 866 3079 minuantur.
908 3024 1142 3090 Scilicet,
1192 3035 1250 3079 ut
1285 3027 1508 3083 diversis
1553 3031 1869 3098 quibusdam
1912 3034 2119 3090 vicibus

2231 1840 2398 1895 Recte
2443 1841 2602 1910 plane
2649 1841 2786 1894 luna:
2840 1849 3184 1910 comparatur
3238 1841 3480 1897 Ecclesia
3513 1861 3526 1894 :
3557 1845 3808 1912 quoniam

2229 1940 2285 1987 et
2329 1933 2441 2001 ipsa
2479 1948 2578 1986 nos
2621 1932 2819 1986 lavacri
2868 1946 2991 1986 rore
3037 1930 3324 2000 perfundit,
3365 1941 3420 1987 et
3467 1939 3666 1987 terram
3695 1949 3810 1988 cor-

2231 2027 2375 2096 poris
2421 2025 2590 2081 nostri
2638 2026 2974 2094 baptismatis
3028 2040 3150 2079 rore
3198 2023 3459 2079 viviﬁcat.
3507 2025 3679 2080 Recte
3728 2027 3811 2080 ln-

2229 2135 2312 2174 nte
2373 2127 2718 2188 comparatur
2778 2117 3016 2172 Ecclesia
3076 2134 3090 2169 :
3143 2117 3267 2185 quia
3315 2125 3370 2170 et
3420 2117 3533 2187 ipsa
3594 2127 3620 2153 ο
3683 2131 3808 2186 aug-

2229 2221 2468 2266 mentum
2521 2210 2787 2279 acquirit,
2851 2211 3160 2279 patiturque
3211 2207 3500 2264 defectum.
3553 2197 3806 2264 Minuitur

2227 2306 2368 2360 enim
2412 2320 2552 2373 same
2585 2322 2598 2357 :
2630 2303 2937 2372 frequenter
2972 2310 3233 2371 augetur:
3257 2300 3515 2354 minuitur
3551 2315 3806 2370 persecu-

2228 2396 2495 2460 tionibus,
2544 2393 3012 2464 praedicationibus
3064 2392 3368 2461 ampliatur.
3419 2401 3448 2439 P
3494 2390 3799 2454 Decrescit,

2227 2501 2349 2541 cum
2395 2485 2651 2539 minuitur
2690 2481 2843 2548 filiis;
2874 2481 3106 2546 crescit,
3144 2496 3266 2536 eum
3304 2480 3630 2552 martyribus
3653 2495 3803 2536 coro-

2227 2587 2423 2642 natur;
2465 2585 2518 2632 et
2568 2575 2754 2630 eadem
2796 2589 2988 2638 causa,
3030 2589 3134 2643 qua
3165 2574 3348 2627 tribuit
3388 2573 3465 2627 illi
3501 2572 3798 2639 defectum,

2227 2670 2340 2738 ipsa
2371 2674 2586 2738 prznstat
2614 2673 2977 2734 augmentum.
3009 2663 3342 2733 Frequenter
3361 2665 3504 2718 enim
3531 2678 3666 2732 quos
3701 2663 3797 2718 do-

2225 2765 2299 2818 let
2328 2770 2716 2833 persecutores,
2763 2759 2907 2828 ipsos
2946 2757 3137 2826 recipit
3179 2755 3537 2811 confessores.
3584 2753 3798 2821 Quoties

2222 2871 2365 2922 eam,
2394 2854 2532 2907 sicut
2554 2853 2756 2918 lunam,
2786 2850 2986 2919 putatis
3004 2862 3280 2917 magorum
3309 2858 3337 2897 ει
3374 2847 3702 2903 carminibus
3723 2847 3799 2900 la-

2222 2946 2488 3000 borasse?
2517 2942 2738 3008 Quoties
2762 2957 2880 2996 eam
2910 2941 3063 2994 malae
3089 2947 3233 2994 artes
3263 2939 3329 2994 de
3357 2939 3477 2994 cmli
3511 2953 3675 3007 regno
3703 2938 3797 2994 de-

2223 3036 2417 3089 ducere
2448 3033 2768 3086 voluerunt?
2809 3031 2940 3085 Nam
2988 3030 3215 3100 primum
3263 3031 3449 3100 utique
3496 3027 3714 3084 Jamnes
3745 3039 3798 3084 et

539 3125 688 3184 grata
718 3117 792 3169 sit-
815 3118 1185 3178 commutatio,
1228 3117 1354 3171 dum
1386 3122 1652 3188 reparatio
1681 3121 1740 3174 lit
1765 3123 2022 3191 perfecta.
2060 3126 2126 3180 Et
2151 3108 2196 3168 (ἶ
2227 3123 2492 3177 Mamhres
2526 3122 2667 3190 magi
2706 3137 2832 3175 cum
2861 3119 3029 3190 Moysi
3070 3120 3234 3190 signis
3276 3119 3636 3188 prodigiisque
3670 3119 3799 3174 resi-

539 3205 796 3276 quantum
826 3209 983 3261 terris
1029 3208 1284 3276 largiatur
1323 3218 1690 3277 augmentum,
1744 3215 1994 3269 omnibus
2023 3232 2124 3270 uo-

539 3305 650 3351 tum
680 3306 780 3360 est,
809 3307 834 3344 8
883 3306 1084 3366 quanto
1127 3314 1254 3353 rore
1293 3301 1461 3356 saltus
1500 3302 1705 3366 refecit,
1746 3319 1883 3373 quos
1911 3307 2120 3361 diurnis

537 3388 687 3442 horis
731 3388 863 3441 solis
915 3390 1076 3442 ardor
1123 3398 1406 3444 exusserat
1455 3431 1468 3444 .
1513 3399 1567 3446 et
1596 3393 1953 3449 admiratione
1990 3411 2122 3465 qua-

536 3478 678 3547 dam,
710 3477 734 3514 ¹¹
765 3478 1081 3534 ardentibus
1107 3490 1238 3535 aestu
1269 3483 1426 3537 rebus
1453 3485 1743 3538 serenitate
1778 3495 1993 3554 praestet
2023 3487 2122 3540 hu-

535 3584 761 3622 morem.
792 3567 942 3624 Novo
971 3570 1114 3624 enim
1143 3585 1358 3638 genere,
1411 3573 1744 3628 illuminante
1770 3574 1914 3638 luna,
1946 3576 2118 3630 madi-

534 3660 654 3714 dam
685 3669 883 3714 terram
917 3663 1179 3716 serenitas
1208 3663 1352 3718 facit.
1386 3665 1614 3720 Grandis
1656 3681 1786 3735 ergo
1815 3670 1954 3723 ratio
1979 3670 2114 3724 luna:

535 3760 634 3815 est,
678 3752 788 3805 imo
810 3753 1011 3818 grande
1040 3753 1200 3822 338
1223 3757 1555 3824 mysterium.
1583 3756 1832 3813 Exinanit
1873 3777 1930 3814 se
1960 3762 2118 3814 lumi-

535 3856 624 3904 ne,
668 3847 728 3892 ut
769 3841 1017 3894 universa
1061 3852 1269 3895 recreet
1307 3844 1532 3898 humore
1570 3855 1625 3898 et
1669 3845 1685 3882 ί
1733 3849 1922 3904 imbre.
1953 3851 2031 3904 Ita
2059 3861 2116 3906 et

534 3929 776 3982 Christus
803 3927 1060 3982 Dominus
1087 3930 1381 3984 exiuanivit
1425 3947 1484 3986 se
1511 3933 1810 4004 divinitate,
1854 3947 1912 3991 ut
1939 3940 2115 3994 homi-

533 4032 628 4070 nes
655 4017 892 4085 repleret
919 4017 1339 4075 immortalitate.
1372 4019 1523 4076 Unde
1563 4023 1638 4076 ait
1663 4023 1853 4082 beatus
1879 4027 2113 4098 Aposto-

533 4106 614 4160 lus
648 4125 659 4158 :
695 4105 794 4170 Qui
829 4124 942 4161 cum
968 4109 1023 4161 in
1049 4111 1219 4180 forma
1244 4110 1340 4164 Dei
1370 4122 1506 4167 esset
1525 4117 1850 4183 constitutus,
1893 4137 1994 4175 non
2025 4140 2113 4176 ra-

532 4199 710 4269 pinam
737 4199 1018 4255 arbitratus
1047 4211 1125 4256 est
1153 4218 1263 4257 esse
1284 4221 1338 4257 se
1363 4206 1612 4276 aqualem
1641 4207 1753 4264 Deo
1775 4227 1792 4263 :
1815 4213 1908 4265 sed
1925 4225 2113 4268 semet-

531 4290 697 4358 ipsum
722 4289 1005 4343 exinauivit
1049 4293 1270 4361 formam
1297 4294 1428 4348 servi
1465 4297 1724 4367 accipiens
1758 4299 1977 4371 (Philip.
2027 4302 2108 4375 ιι).

531 4379 837 4434 Exinanivit
866 4396 995 4450 ergo
1017 4397 1077 4437 se
1104 4381 1369 4450 Christus,
1402 4395 1462 4439 ut
1488 4389 1653 4443 vitam
1687 4401 1905 4460 praestet
1933 4394 2111 4450 homi-

2225 3222 2450 3281 sterent,
2481 3213 2771 3267 Ecclesiam
2800 3211 3116 3266 subvertere
3154 3210 3443 3280 cupiebant
3470 3227 3482 3261 :
3514 3210 3608 3263 sed
3637 3211 3798 3266 sacris

2227 3307 2446 3361 vocibus
2467 3303 2824 3358 venelieorum
2836 3316 3052 3356 carmen
3071 3315 3266 3356 nocere
3283 3302 3441 3372 339
3467 3317 3576 3355 non
3605 3302 3793 3370 potuit.

2186 3450 2195 3457 .
2222 3400 2363 3454 Nihil
2384 3399 2526 3453 enim
2547 3394 2936 3451 incantationes
2962 3394 3162 3461 valent,
3192 3393 3282 3446 ubi
3308 3391 3503 3446 Christi
3533 3393 3797 3448 canticum

2221 3490 2554 3545 decantatur.
2586 3486 2789 3540 Deinde
2835 3500 2956 3538 cum
2995 3483 3136 3552 apud
3165 3482 3409 3552 Sergium
3451 3493 3473 3521 τ
3518 3481 3796 3537 Paulinum

2221 3579 2596 3650 proconsulem
2627 3576 2811 3631 Simon
2843 3574 3027 3643 Magus
3050 3573 3274 3626 Paulum
3300 3572 3602 3642 apostolum
3625 3588 3796 3642 oppu-

2217 3680 2424 3740 gnaret,
2453 3670 2636 3736 utique
2679 3665 2928 3720 Ecclesiae
2956 3680 3050 3718 vas
3073 3665 3336 3731 tentabat,
3366 3673 3419 3718 et
3446 3664 3697 3718 veneficis
3719 3679 3798 3716 ar-

2217 3764 2358 3817 tibus
2381 3762 2524 3815 illum
2547 3773 2809 3828 quassare
2839 3756 3121 3826 cupiebat;
3171 3754 3265 3810 sed
3295 3763 3444 3808 tanta
3482 3754 3549 3808 ab
3577 3753 3670 3808 illo
3693 3754 3797 3807 vir-

2216 3862 2332 3907 tute
2360 3850 2637 3906 convictus
2679 3857 2780 3912 est,
2830 3856 2891 3900 ut
2932 3839 3048 3900 non~
3084 3845 3257 3899 solum
3287 3844 3420 3898 artis
3466 3842 3794 3908 inﬁrmitate,

2215 3943 2308 3998 sed
2337 3942 2500 3996 etiam
2521 3938 2801 3993 oculorum
2827 3953 2952 3992 eum
2980 3937 3270 3992 amissione
3297 3941 3542 4000 caecaret,
3566 3943 3624 3989 et
3650 3935 3794 4004 pari-

2219 4043 2300 4088 ter
2330 4033 2403 4086 illi
2432 4030 2665 4085 auferret
2687 4044 2922 4092 carmen,
2948 4037 3003 4082 et
3030 4027 3222 4081 visum.
3253 4025 3368 4079 Non
3394 4025 3538 4078 enim
3560 4024 3796 4079 mereba-

2216 4133 2304 4179 tur
2328 4123 2527 4177 habere
2555 4120 2799 4191 corporis
2835 4119 3042 4182 oculos,
3084 4117 3175 4187 qui
3203 4115 3398 4170 mentis
3426 4114 3614 4170 oculos
3635 4113 3794 4184 διο

2217 4233 2324 4272 non
2354 4215 2606 4271 habebat.
2656 4211 2795 4279 Quid
2837 4217 3016 4265 autem
3047 4209 3286 4264 dicamus
3325 4207 3394 4262 de
3421 4206 3668 4277 apostolo
3695 4204 3794 4259 Pe-

2217 4317 2302 4362 tro
2331 4309 2355 4361 ?
2382 4305 2517 4372 Quia
2543 4306 2739 4359 iterum
2783 4301 3056 4359 Simonem
3095 4300 3149 4353 in
3179 4298 3420 4352 Romana
3446 4297 3578 4351 urbe
3605 4294 3789 4351 Eccle-

2218 4401 2312 4456 siae
2341 4397 2684 4452 fundamenta
2713 4392 3043 4455 turbantem,
3075 4390 3381 4444 orationum
3421 4403 3640 4443 suarum
3663 4387 3788 4441 soli-

529 4471 682 4526 nibus
716 4488 730 4526 :
764 4473 778 4522 i
816 4472 1096 4526 evacuavit
1145 4488 1204 4528 se
1236 4483 1293 4528 ut
1321 4474 1621 4545 profectum
1651 4481 1852 4538 tribuat
1878 4485 2107 4542 elemen-
2134 4482 2186 4542 ι)
2212 4491 2380 4545 ditate
2399 4483 2711 4557 prostravit.
2744 4480 2880 4537 Cum
2907 4481 3050 4534 enim
3079 4480 3170 4535 ille
3198 4478 3403 4534 artibus
3432 4479 3656 4548 magicis
3683 4475 3791 4531 ela-

597 4703 623 4765 f
653 4691 783 4765 Cod.
820 4692 1211 4765 Ambros.,illa
1239 4698 1565 4765 convertitur,
1595 4711 1700 4754 etc.

597 4761 624 4800 ι)
652 4763 783 4834 Cod.
817 4763 1063 4834 Ambros.
1099 4763 1225 4830 legit
1251 4775 1304 4817 ut
1331 4773 1430 4834 pro
1459 4778 1526 4821 et.

601 4842 623 4871 ε
655 4833 1063 4914 Cod.'Ainbi-os.
1096 4834 1284 4903 plurali
1313 4833 1537 4892 numero
1582 4838 1744 4895 habet
1772 4852 1914 4898 ortus
1958 4845 2104 4918 defe-

526 4913 1058 5049 εωίᾳὲἓάᾝηρτοε.
1107 4974 1231 5049 Issit
1266 4991 1680 5049 «lacrumam
1716 4988 1913 5036 “‘m'"
1956 4984 2104 5039 ’⁸⁸⁸⁸³

526 5041 1081 5160 functisum‘utationem
1108 5041 1289 5110 daret,
1305 5048 1405 5100 nisi
1453 5041 1582 5100 esset
1618 5049 1723 5103 illis
1752 5051 1858 5104 haec
1879 5070 1913 5104 a
1940 5051 2094 5108 Creo-

548 5122 634 5159 ore
658 5124 715 5160 co
758 5126 789 5160 a
813 5127 863 5160 a.

548 5122 634 5159 ore
658 5122 863 5162 cauata.

600 5185 624 5257 ς
810 5179 1080 5257 Ambros,
1101 5193 1190 5236 aut
1216 5201 1272 5238 se
1293 5186 1488 5254 ﬂuenta
1516 5203 1617 5240 non
1646 5190 1873 5257 capiant.

600 5243 776 5326 ffieri.
809 5243 1078 5326 Ambros...
1106 5270 1248 5326 mare
1272 5243 1492 5310 mutetur
1518 5258 1571 5309 in
1603 5243 1859 5326 ﬂuctibus.

597 5324 622 5400 ξ
651 5314 782 5400 _C_od.
807 5317 1082 5400 'Ani_bros.,_
1103 5323 1223 5377 dum
1247 5335 1496 5400 nocturno
1516 5314 1632 5382 rore
1653 5329 1816 5383 saltus
1842 5330 2025 5400 reﬁcit.

597 5383 622 5458 Ιξ
647 5385 790 5458 idem
815 5386 941 5458 cod.
968 5387 1240 5458 Ambros,
1268 5395 1551 5451 urentibus.

604 5453 620 5490 ί
650 5455 705 5507 In
728 5455 850 5510 cod.
881 5457 1130 5512 Ambros.
1154 5453 1306 5516 deest
1332 5466 1508 5519 imbre.

605 5536 618 5573 ι
650 5525 783 5610 Cod.
817 5527 1061 5610 Ambros.
1090 5529 1228 5610 legit
1254 5545 1461 5587 evacuat
1488 5553 1544 5589 se
1580 5537 1721 5604 luna,
1751 5546 1808 5590 ut
1831 5553 1887 5592 se
1923 5541 2100 5610 profe-

525 5605 658 5647 stum
681 5595 868 5650 tribuat
888 5597 1163 5651 elementis.

596 5663 620 5701 ¹ι
646 5663 774 5719 Cod.
801 5666 1045 5722 Ambros.
1070 5667 1230 5724 habet
1248 5669 1385 5726 luna:
1403 5672 1525 5739 quid
1542 5675 1643 5728 nisi
1663 5674 1948 5732 Ecclesium
1969 5693 2100 5733 cont-

2200 5193 2284 5248 liis

2210 4706 2526 4778 parabimus.
2598 4772 2612 4778 _
2682 4771 2692 4778 _
2770 4772 2780 4778 _
2840 4762 2850 4772 _

2288 4775 2304 4814 ι
2339 4775 2486 4830 Idem
2514 4772 2635 4828 cod.
2667 4771 2937 4834 AmbrOs..
2966 4771 3290 4841 splendorem
3315 4771 3411 4825 sibi
3439 4785 3506 4823 es:
3529 4784 3610 4822 eo.

2285 4855 2324 4882 ιη
2351 4844 2484 4899 Cod.
2511 4843 2767 4912 Ambros.
2786 4842 2948 4896 habet
2975 4842 3065 4895 sed
3093 4842 3293 4912 fratris.

2281 4925 2308 4953 ιι
2337 4914 2481 4969 Idem
2511 4912 2633 4967 eod.
2656 4911 2927 4976 Ambros,
2947 4912 3064 4965 vivit
3084 4911 3197 4966 vero
3222 4914 3276 4965 in
3303 4928 3402 4976 me,
3425 4919 3528 4964 etc.

2283 4983 2468 5064 °_Cod.
2497 4982 2741 5064 Ambros.
2791 4981 2918 5064 legit
2938 4983 3057 5064 quia
3089 4995 3143 5064 et
3165 4984 3282 5052 ipsa
3326 4980 3472 5035 habet
3499 4990 3644 5035 ortus
3673 4995 3786 5034 suos

2209 5055 2498 5126 patiturque
2517 5052 2764 5126 defectus.
2791 5050 3063 5126 innitar,
3096 5050 3200 5107 etc.

2279 5135 2306 5174 ρ
2333 5120 2479 5178 Idem
2525 5120 2646 5176 cod.
2698 5121 2965 5188 Ambros,
2997 5120 3258 5176 Decrescit
3301 5137 3416 5175 cum
3460 5121 3700 5176 viduatur
3724 5121 3785 5191 ﬁ-

2277 5233 2305 5312 ;
2333 5261 2464 5316 Cod.
2508 5259 2780 5325 Ambros,
2808 5257 3018 5324 Quoties
3044 5277 3179 5325 eam,
3207 5266 3339 5316 sicut
3367 5263 3567 5328 lunam,
3596 5259 3781 5331 putatis

2203 5348 2472 5404 magorum
2519 5331 2755 5404 carmina
2797 5340 3186 5400 temptaverunt.
3216 5331 3429 5395 Quoties
3473 5330 3604 5386 eam
3635 5330 3776 5383 multa

2204 5400 2340 5456 artes
2369 5401 2433 5455 de
2460 5400 2648 5470 σαίρειί
2682 5417 2862 5470 regno,
2885 5410 2990 5456 etc.

2298 5483 2319 5510 τ
2342 5470 2510 5527 Codd.
2541 5468 2790 5524 Ambros.
2821 5480 2878 5524 et
2902 5471 2972 5525 90
2998 5470 3056 5526 S.
3084 5469 3271 5527 Crucis
3320 5474 3373 5526 in
3421 5470 3534 5527 Jer.
3568 5468 3776 5524 Paulam

2202 5542 2407 5611 legunt,
2429 5557 2536 5596 non
2561 5539 2872 5612 Paulinum;
2893 5556 3013 5612 quae
3029 5543 3188 5600 lectio
3207 5541 3502 5600 conformis
3519 5549 3604 5596 est
3619 5536 3773 5595 textui

2206 5609 2324 5668 Aet.
2356 5609 2530 5681 apost.
2560 5626 2669 5679 xm,
2706 5609 2756 5665 7.
