4054 6190
252 300 343 354 ικθ
1661 287 1943 346 HOMILIA
1980 285 2086 343 Cll.
3402 274 3507 328 490

250 424 327 467 tus
363 418 528 478 esset,
558 418 617 465 ut
644 410 806 464 etiam
851 423 948 480 per
974 409 1114 464 aeris
1157 407 1330 476 spatia
1358 404 1608 460 volitaret
1632 420 1645 456 :
1673 412 1701 440 ι
1727 403 1816 457 hic
1843 407 1890 467 Α
1917 406 2071 471 petra
2111 396 2231 453 saxi
2260 396 2409 450 illum
2436 393 2682 449 allisione
2707 391 3046 457 comminuit,
3079 398 3139 445 ut
3167 391 3260 459 qui
3287 390 3388 480 sibi
3418 407 3508 443 rc-

251 504 386 556 illum
415 501 614 555 virtute
639 499 857 568 dejeeit,
891 508 949 552 ut
980 506 1128 553 tanto
1155 497 1315 551 altius
1343 494 1584 560 caderet,
1610 499 1814 562 quanto
1919 504 2024 560 gna
2053 486 2294 544 cmlestia
2344 484 2712 554 promittebat,
2763 492 2992 537 terrena:
3032 482 3220 535 mortis
3262 492 3283 519 ε
3316 479 3509 534 duritie

247 591 519 647 sublimius
548 591 838 645 volitassct.
872 589 1011 644 Vere
1039 588 1183 643 enim
1229 586 1422 641 Petrus
1450 585 1478 624 δ
1507 592 1619 638 tam
1646 580 1821 637 solida
1928 580 2147 650 periret.
2180 575 2429 647 Explicit.

1620 695 1963 758 HOMILIA
1999 692 2126 754 CII.

764 803 850 858 De
877 822 935 859 eo
959 805 1093 876 quod
1114 805 1358 873 scriptunt
1385 810 1459 856 est
1487 802 1540 854 in
1571 799 1715 853 Isaia
1745 816 1859 868 cap.
1892 814 1908 851 1
1943 815 1954 848 :
1989 795 2258 864 Caupones
2288 793 2361 844 tui
2390 792 2600 844 miscent
2630 806 2813 860 aquam
2839 790 2974 843 uino.

1688 883 2077 941 ADMONITIO.

314 981 417 1038 Hic
446 983 598 1054 idem;
617 983 802 1054 titulus
838 984 1034 1050 legitur
1061 983 1567 1054 apud.Gennadium
1601 980 1661 1054 in
1691 977 1938 1054 catalogo
1964 988 2193 1054 _op_erum
2220 973 2276 1027 S.
2308 972 2539 1054 Marimi.
2572 970 2629 1054 S_i
2671 971 2801 1025 nihil
2842 971 2980 1054 ultra
3021 968 3422 1054 afferriposset
3448 972 3516 1054 ad

240 1053 542 1109 faciendam
572 1052 749 1117 ﬁdem,
777 1042 919 1108 satis
931 1042 1221 1108 essethed
1241 1052 1520 1108 Gennadio
1549 1050 1709 1105 trium
1731 1042 2271 1117 pratclarissimorum
2293 1042 2540 1097 codicum
2564 1043 2932 1117 obsequuntur
2952 1042 3297 1117 testimonia,
3310 1043 3519 1117 scilicet
3544 1104 3555 1110 _

246 1123 611 1191 Sangallensis
638 1109 824 1178 homil.
857 1123 945 1186 8‘2,
976 1132 1032 1178 et
1058 1125 1335 1192 utriusque
1380 1122 1436 1176 S.
1476 1120 1662 1192 Crucis
1702 1109 1756 1172 in
1788 1115 2114 1192 Jerusalem,
2147 1113 2201 1167 in
2230 1109 2782 1192 quor111n__v'etnstiore
2908 1118 2991 1164 est
3018 1110 3237 1192 humilia
3264 1110 3434 1192 f26,_et
3464 1114 3517 1192 in

250 1194 310 1246 99
342 1179 488 1246 liom.
520 1192 610 1258 8‘3,
654 1179 1061 1261 conformi'hoc
1088 1179 1261 1248 titulo.
1291 1212 1303 1245 :
1339 1191 1529 1261 Incipit
1559 1191 1621 1243 de
1662 1204 1719 1241 eo
1748 1185 1883 1258 quod
1913 1184 2165 1253 propheta
2209 1179 2281 1234 ait
2326 1182 2394 1261 ad
2417 1183 2554 1251 ﬁlios
2585 1179 3097 1261 Ist‘ael_.;.Caupottes
3124 1183 3520 1261 vestrinntiscent

251 1279 437 1331 nquam
480 1249 615 1315 vino'.
666 1260 781 1316 Ilac
826 1263 1047 1317 bomilia
1091 1263 1306 1317 codices
1357 1249 1466 1315 alii'
1493 1274 1678 1315 omnes
1728 1249 1951 1331 carent;
2002 1249 2184 1331 quam“
2214 1249 2425 1331 recudit
2450 1266 2547 1331 sua
2597 1251 2649 1303 in
2683 1249 2949 1331 "editione
2975 1249 3244 1330 Ambrosii
3273 1249 3521 1331 Gillotips

251 1319 396 1386 num.
450 1332 515 1384 78
562 1346 899 1395 sermOnum;
948 1348 1134 1386 verum
1182 1331 1517 1386 Benedictini
1556 1327 1808 1401 monachi
1848 1319 2101 1401 congreg.
2153 1320 2210 1376 S.
2253 1320 2424 1401 Mauri
2466 1323 2521 1401 _in
2564 1320 2715 1401 praef.
2748 1321 2817 1373 ad
2855 1332 3134 1401 sermones
3176 1320 3417 1401 ejusdem

251 1402 488 1471 episcopi
534 1388 949 1471 lifediolanensis
993 1403 1429 1471 pronuntiarunt,
1465 1416 1569 1453 non
1610 1397 1754 1471 aliud
1801 1388 2138 1471 sentiendum
2178 1404 2307 1471 esse
2350 1391 2442 1471 de
2466 1388 2685 1471 humilia
2736 1395 3110 1471 superneap'nt
3156 1404 3175 1441 ι
3221 1388 3389 1471 Isaia),
3422 1389 3526 1444 nisi

286 1456 395 1541 uod
434 1456 741 1541 Gennadius
778 1456 1013 1541 scripsit:
1075 1471 1310 1541 Idipsum
1355 1456 1639 1541 senserunt
1674 1465 1964 1541 Gymnicus
2006 1475 2125 1530 pag.
2160 1458 2655 1541 _297,_‘_Galesiniu_s_‘
2692 1456 2819 1539 pag;
2867 1456 2990 1541 1ξξς),
3016 1456 3371 1541 "Baynau‘dus
3400 1473 3522 1527 pag.

286 1487 395 1525 U00
434 1487 741 1525 bennaums
778 1487 1013 1541 SCI'lpSIl.
1075 1487 1310 1540 1u1psum
1355 1487 1639 1526 senserunt
1674 1487 1964 1529 letuucus
2007 1487 2125 1530 pug.
2182 1487 2304 1539 lat,
2334 1487 2649 1540 _uutcmmua
2693 1487 2819 1539 μφὸἱ
2871 1487 2990 1521 ιον,
3047 1487 3371 1537 ξιαιιηιιιυυδ
3402 1487 3522 1527 γωδ.

252 1487 379 1606 346,
405 1549 461 1594 et
489 1540 820 1608 Margarinus
848 1542 902 1595 in
930 1541 1066 1596 Bibl.
1098 1540 1239 1595 Max.
1274 1548 1405 1595 tom.
1435 1539 1524 1605 VI,
1548 1552 1669 1609 pag.
1701 1527 1789 1600 48,
1825 1533 1917 1602 qui
1944 1545 2132 1587 omnes
2160 1529 2501 1584 homibarum
2523 1527 2581 1583 S.
2608 1527 2823 1582 Maxum
2851 1527 3227 1581 collectionem
3258 1528 3363 1583 hac
3390 1544 3525 1583 con-

244 1610 544 1666 cluserunt.

244 1702 645 1756 'ARGUMENTUM.
676 1730 749 1740 —
772 1696 981 1769 Scripta
1013 1699 1170 1755 Isaia:
1215 1699 1366 1754 verba
1404 1699 1628 1769 mystice
1665 1696 1839 1769 empti-1
1871 1696 1917 1754 Β
1944 1698 2061 1745 ctus
2118 1689 2354 1759 loquitur
2406 1688 2529 1756 qui,
2580 1686 2803 1755 publicis
2854 1686 3164 1740 ministeriis
3207 1686 3524 1749 servientes,

298 1771 492 1823 .canda
518 1788 630 1825 esse
659 1774 844 1825 docens
886 1764 1151 1824 Maximus
1199 1770 1273 1823 ait
1302 1769 1363 1821 de
1394 1764 1704 1838 cauponibus
1736 1764 1839 1835 'qui

306 1851 554 1908 prwsunt
586 1840 853 1907 Ecclesiis,
892 1857 995 1894 non
1038 1850 1209 1894 autem
1256 1838 1504 1899 tabernis,
1535 1838 1839 1907 prophetam

306 1910 483 1980 'loqui,
504 1910 722 1980 illosque
743 1910 806 1962 a‘b
847 1910 1027 1964 cadent
1064 1912 1213 1980 argui
1242 1910 1377 1980 quod
1404 1908 1519 1980 vino
1549 1922 1842 1980 aqttw_spe-

319 1977 452 2033 ciem
479 1977 805 2051 permiscent,
838 1997 950 2033 cum
988 1977 1167 2051 mundi
1209 1977 1639 2051 oblectatioltibus
1674 1977 1844 2029 delec-

321 2047 523 2121 tantur,
548 2050 797 2121 rebusque
823 2051 1017 2121 sanctis
1042 2050 1165 2103 viles
1187 2051 1438 2121 inserunt.
1464 2047 1728 2102 Prwterea
1758 2063 1843 2121 os-

323 2120 491 2201 tendit
520 2137 621 2200 qua
652 2117 854 2173 ratione
879 2118 1183 2174 Judazorum
1199 2119 1491 2173 sacerdotes
1516 2134 1703 2189 aquam
1724 2117 1841 2171 vino

308 2197 648 2244 miscuerint.

308 2325 446 2380 Non
495 2322 838 2379 incommode
866 2330 993 2378 ante
1020 2323 1137 2378 dies
1165 2321 1192 2360 ἀ
1220 2336 1420 2392 paucos
1452 2320 1725 2391 prosecuti
1750 2334 1844 2375 su-

244 2435 375 2473 mus
405 2418 738 2472 iunctionem
769 2416 908 2471 hanc
937 2415 1327 2471 sacerdotalem
1357 2414 1531 2469 vicem
1559 2412 1847 2481 quamdam

260 2509 464 2578 negotii
492 2507 747 2574 retinere,
776 2514 830 2560 et
873 2513 1135 2575 quatstum
1162 2519 1281 2561 esse
1310 2519 1418 2559 non
1445 2504 1717 2559 modicum
1746 2504 1850 2559 hoc

260 2599 550 2654 clericatus
602 2595 858 2651 ofﬁcium.
914 2594 1011 2651 Est
1056 2603 1293 2663 quaestus
1327 2595 1487 2665 plane
1533 2610 1643 2649 non
1679 2594 1853 2649 modi-

242 2707 371 2755 rcus,
402 2690 499 2743 ubi
529 2690 734 2743 lucrum
765 2702 871 2742 non
898 2688 1267 2757 pecuniarum.
1296 2688 1392 2744 sed
1416 2686 1713 2756 acquiritur
1739 2687 1854 2740 ani-

260 2795 505 2846 marum;
538 2787 622 2834 est
640 2793 843 2847 magna
871 2778 1189 2847 negotiatio,
1225 2778 1315 2832 ubi
1344 2778 1643 2849 redemptio
1681 2779 1856 2834 homi-

261 2872 341 2926 nis
367 2878 607 2936 constat,
641 2886 751 2924 non
776 2880 799 2908 ε
830 2870 1279 2926 annumeratione
1307 2869 1484 2939 pretii,
1523 2868 1617 2924 sed
1648 2884 1857 2925 annun-

262 2962 491 3015 tiatinne
522 2960 796 3029 prmcepti.
828 2958 1163 3030 Praeceptum
1192 2960 1334 3014 enim
1364 2958 1564 3015 Christi
1595 2959 1858 3014 talentum

1944 1796 2148 1836 meram
2200 1780 2309 1835 vini
2356 1779 2591 1849 speciem
2639 1776 2970 1831 fraudulenta
3012 1777 3170 1847 δή]
3211 1792 3363 1845 aqua:
3411 1777 3528 1832 col-

1942 1872 2158 1926 luvione
2195 1870 2520 1940 permiscent
2561 1869 2682 1939 (nec
2726 1868 2868 1922 enim
2924 1868 3029 1922 hoc
3073 1868 3141 1921 ad
3191 1867 3409 1921 beatum
3452 1866 3533 1921 vi-

1946 1980 2064 2019 rum
2091 1977 2242 2018 more
2266 1962 2464 2030 judicis
2495 1961 2674 2016 saeculi
2702 1961 2972 2029 pertinere
3000 1968 3235 2029 poterat,
3265 1975 3362 2014 cur
3407 1974 3534 2014 cor-

1944 2055 2117 2124 ruptis
2187 2054 2531 2107 tabernarum
2601 2050 2867 2115 vasculis,
2919 2050 3095 2104 minus
3143 2050 3359 2104 ebrioso
3403 2057 3534 2118 potu

1945 2147 2175 2218 populus
2232 2144 2517 2212 uteretur),
2566 2143 2659 2197 sed
2707 2143 2774 2196 de
2828 2142 2930 2195 1llis
2977 2143 3161 2210 utiQue
3205 2141 3537 2211 cauponibus

1945 2238 2184 2306 loquitur
2212 2237 2304 2305 qui
2325 2242 2562 2305 praesunt
2592 2233 2864 2297 Ecclesiis,
2893 2248 2999 2287 non
3033 2232 3300 2298 tabernis;
3333 2232 3424 2302 qui
3462 2231 3537 2286 si-

1945 2328 2201 2383 tientibus
2228 2326 2443 2396 populis
2483 2340 2590 2379 non
2631 2324 3082 2393 concupiscentia
3108 2323 3331 2379 calicem
3358 2323 3536 2393 porri-

1949 2424 2101 2485 gunt,
2128 2416 2222 2472 sed
2242 2416 2474 2483 virtutis,
2502 2429 2607 2468 non
2638 2413 2917 2469 ebrietatis
2939 2413 3246 2467 ministrant
3270 2414 3541 2483 poculum,

1949 2508 2044 2565 sed
2072 2508 2321 2577 poculum
2344 2505 2659 2561 Salvatoris.
2683 2504 2820 2560 Istos
2840 2517 2970 2571 ergo
2992 2517 3263 2573 caupones
3282 2504 3544 2574 propheta

1952 2599 2127 2668 arguit
2146 2605 2201 2652 et
2229 2596 2497 2666 objurgat,
2522 2602 2579 2650 et
2605 2596 2846 2665 queritur
2875 2609 2972 2650 eos
2994 2594 3119 2649 vino
3142 2608 3297 2664 aqua:
3309 2594 3545 2663 speciem

1952 2690 2308 2761 permiscere;
2342 2688 2446 2742 hoc
2495 2687 2741 2756 increpat
2787 2687 2840 2740 in
2889 2687 3005 2754 eis,
3053 2700 3176 2740 cum
3214 2683 3545 2739 functionum

1956 2782 2258 2837 divinarum
2306 2787 2487 2836 essent
2526 2777 2801 2848 prmsules,
2850 2785 3146 2833 sectatores
3195 2791 3374 2831 rerum
3425 2776 3547 2832 facti

1956 2882 2083 2930 sunt
2110 2874 2484 2938 humanarum,
2517 2872 2657 2926 sicut
2678 2871 2792 2940 ipse
2816 2870 2890 2923 ait
2920 2871 3181 2939 propheta
3214 2885 3226 2921 :
3263 2868 3548 2925 Sectamini

1959 2963 2305 3035 unusquisque
2346 2962 2554 3016 domum
2581 2978 2728 3015 suum
2751 2959 2769 3032 (
2797 2961 2976 3031 Aggwi
3004 2960 3079 3031 1).
3127 2958 3379 3031 Quisquis
3406 2961 3549 3016 enim

267 3050 545 3120 quoddam
577 3059 658 3105 est
689 3052 1004 3121 pretiosum,
1046 3066 1154 3121 quo
1180 3052 1324 3107 salus
1356 3057 1721 3120 comparatur,
1751 3065 1859 3118 quo
1886 3064 1931 3123 ο
1962 3054 2230 3118 sacerdos,
2264 3053 2452 3108 relicto
2482 3049 2825 3121 pontiﬁcatus
2854 3048 3062 3115 ofﬁcio,
3093 3051 3280 3107 mundi
3309 3052 3551 3108 oblecta-

264 3144 367 3197 vita
400 3140 689 3195 redimitur
715 3158 727 3191 :
752 3148 808 3193 et
836 3154 1027 3207 magna
1052 3148 1135 3195 est
1159 3139 1480 3209 redemptio,
1505 3154 1627 3194 cum
1653 3147 1709 3193 et
1735 3154 1863 3208 pre-

267 3232 615 3297 tiumdatur,
647 3243 701 3285 ct
731 3230 955 3300 pecunia
983 3246 1093 3285 non
1132 3230 1365 3285 videtur.
1410 3230 1693 3284 Talentum
1735 3244 1865 3298 ergo

264 3337 524 3391 magnum
554 3331 877 3392 praeceptum
907 3330 990 3376 est
1015 3320 1330 3385 Salvatoris,
1362 3319 1511 3391 quod
1539 3319 1866 3374 commodati

264 3415 380 3469 vice
410 3412 561 3482 apud
589 3412 811 3468 idoneos
836 3411 1099 3482 proficere
1127 3418 1329 3481 potest,
1363 3411 1505 3479 apud
1533 3409 1866 3479 negligentes

266 3512 453 3574 potest
491 3503 778 3574 deperire;
811 3504 929 3557 aliis
957 3503 1102 3558 enim
1126 3518 1248 3557 cum
1280 3500 1557 3570 multiplici
1579 3500 1750 3565 gratia
1779 3514 1867 3555 re—

267 3597 531 3657 stituitur,
566 3594 635 3648 ab
674 3594 793 3648 aliis
831 3610 954 3648 cum
996 3608 1276 3664 pmnarum
1324 3608 1483 3647 usura
1533 3591 1862 3661 depascitur.

266 3683 515 3741 Christus
557 3685 701 3739 enim
745 3684 1005 3737 talentum
1050 3682 1195 3751 quod
1240 3682 1587 3738 commendat
1642 3696 1867 3736 necesse

266 3784 351 3830 est
401 3783 468 3829 ut
514 3774 792 3843 requirat,
839 3781 893 3827 ct
933 3773 1163 3828 solventi
1210 3772 1437 3841 gratiam
1478 3772 1713 3836 referat,
1757 3785 1864 3826 non

265 3865 577 3921 solventem
605 3863 797 3918 subdat
823 3862 1048 3933 injuriis.
1081 3862 1274 3917 Subdit
1296 3863 1458 3932 plane
1482 3861 1693 3930 injuriis
1712 3875 1866 3917 more

273 3956 497 4022 mundi;
529 3965 591 4010 ut
616 3956 848 4021 debitor,
875 3956 967 4026 qui
992 3956 1351 4011 redhibitione
1378 3955 1689 4010 substantim
1708 3955 1868 4010 satis-

271 4046 457 4103 facere
506 4064 616 4103 non
646 4055 854 4117 potest,
894 4048 1189 4103 satisfaciat
1233 4048 1315 4101 vel
1354 4049 1596 4117 corporis
1640 4048 1862 4101 ultione.

244 4135 384 4193 ‘Hoc
418 4154 551 4208 ergo
581 4138 858 4205 talentum,
889 4136 1101 4203 fratres,
1144 4154 1244 4192 nos
1272 4138 1653 4207 praedicatione
1682 4147 1865 4192 nostra

267 4230 471 4283 vestris
495 4229 806 4300 pectoribus
835 4229 1294 4296 commendamus,
1324 4236 1382 4282 ut
1409 4229 1616 4283 lucrum
1647 4227 1868 4298 aliquod

245 4320 468 4377 'salutis
494 4328 687 4374 vestrae
718 4320 944 4375 Domino
985 4321 1344 4388 designemus.
1378 4318 1661 4374 Rationem
1691 4319 1868 4373 daturi

267 4425 465 4464 sumus
493 4411 724 4479 qualiter
754 4419 847 4465 aut
894 4411 1203 4480 praedicatio
1253 4419 1433 4465 nostra
1480 4410 1745 4481 proficiat,
1775 4419 1867 4465 aut
1898 4437 1945 4498 υ

270 4502 589 4556 obedientia
636 4511 815 4557 vestra
861 4501 1172 4569 fructificet;
1216 4519 1323 4558 non
1372 4503 1517 4557 enim
1563 4502 1679 4556 sine
1705 4517 1865 4557 causa

272 4589 635 4663 Evangelium
666 4595 969 4659 annuntiat,
1004 4594 1293 4663 Apostolus
1316 4594 1530 4658 clamat,
1558 4593 1869 4649 sacerdotes

272 4682 579 4751 loquuntur
608 4700 620 4736 :
655 4684 708 4751 in
738 4683 1101 4752 cujuscunque
1128 4699 1287 4738 aures
1313 4700 1418 4738 vox
1456 4692 1640 4739 sancta
1670 4699 1866 4752 perve-

270 4775 447 4839 nerit,
481 4784 579 4829 aut
600 4775 792 4830 beatus
820 4776 923 4829 erit
953 4775 1270 4838 devotione,
1303 4785 1396 4830 aut
1434 4792 1559 4830 reus
1585 4775 1653 4830 de
1680 4783 1867 4830 conte-

269 4866 536 4919 statione.
569 4864 862 4933 Loquimur
891 4866 1034 4919 enim
1076 4866 1461 4920 beatitudinem
1502 4866 1865 4930 credentibus,

270 4962 655 5011 contestamur
693 4955 952 5024 judicium
981 4956 1300 5011 criminosis.
1334 4955 1737 5011 Mercimonium
1766 4957 1866 5026 igi-

269 5053 366 5099 tur
410 5054 499 5101 est
527 5047 918 5101 administratio
941 5047 1279 5103 sacerdotum
1314 5066 1325 5101 :
1358 5049 1497 5103 unde
1526 5057 1581 5103 et
1608 5050 1870 5119 propheta

270 5138 416 5192 dicit
461 5138 527 5191 ad
560 5137 696 5193 filios
724 5138 885 5193 Israel
919 5158 931 5192 :
971 5139 1239 5211 Caupones
1266 5142 1416 5194 vestri
1444 5142 1659 5194 miscent
1685 5158 1873 5209 aquam

270 5232 398 5284 vino
436 5228 595 5300 (Isai.
622 5229 682 5297 1).
709 5229 824 5285 Non
855 5230 997 5284 enim
1028 5230 1095 5285 de
1125 5230 1189 5285 iis
1209 5232 1544 5288 cauponibus
1570 5232 1737 5287 Isaias
1758 5248 1875 5287 san-

415 5426 552 5482 Cod.
588 5426 861 5492 Ambros,
891 5430 965 5482 sic
992 5428 1138 5482 illum
1179 5429 1302 5499 ﬁdei
1341 5446 1451 5484 sua:
1486 5432 1671 5484 virtute
1716 5431 1876 5499 depo—

266 5499 405 5559 suit,
442 5506 501 5548 ut
530 5506 671 5550 tanto
700 5499 874 5561 altius,
917 5505 1021 5552 etc.

349 5568 381 5640 β
416 5566 568 5640 Idem
607 5567 728 5622 cod.
758 5568 1029 5640 Ambros,
1069 5568 1199 5623 Vere
1226 5572 1365 5624 enim
1405 5570 1591 5624 Petrus
1632 5579 1876 5640 tanquam

275 5636 475 5706 solidet
500 5646 642 5706 petra
678 5639 814 5701 saxi,
845 5648 953 5693 etc.

356 5720 381 5747 ε
418 5703 557 5760 Cod.
590 5706 856 5774 Ambros,
890 5718 1107 5764 terrena:
1132 5714 1310 5767 mortis
1342 5713 1533 5767 duritia
1561 5710 1834 5777 deperiret.

579 5803 846 5863 Ρλτιιοι..
893 5805 1084 5867 LVII.

1966 3143 2202 3197 tionibus
2231 3142 2566 3209 delectatur,
2598 3142 2686 3197 hic
2726 3157 2919 3211 aquam
2951 3142 3075 3197 vino
3103 3144 3417 3212 permiscet,
3449 3142 3552 3198 hoc

1965 3241 2067 3295 est,
2092 3232 2255 3286 rebus
2283 3233 2483 3286 sanctis
2510 3240 2566 3285 et
2594 3232 2813 3286 fervidis
2842 3232 3031 3286 inserit
3058 3248 3144 3287 res
3166 3233 3300 3288 viles
3326 3241 3381 3288 ct
3410 3232 3553 3302 frigi-

1965 3322 2080 3377 das.
2105 3322 2209 3378 Sed
2225 3330 2280 3376 et
2306 3323 2383 3380 sic
2408 3336 2693 3392 possumus
2715 3323 2977 3391 accipere,
2994 3322 3137 3392 quod
3167 3324 3325 3377 iidem
3351 3322 3553 3378 Iudico.

1965 3430 2084 3470 rum
2127 3412 2437 3468 sacerdotes
2479 3428 2670 3482 aquam
2699 3414 2826 3467 vino
2858 3413 3186 3479 miscuerint,
3220 3430 3342 3470 cum
3366 3414 3553 3470 Domi-

1966 3518 2092 3557 num
2123 3501 2459 3556 Salvatorcm
2492 3519 2597 3556 non
2627 3502 2769 3557 sicut
2797 3501 2965 3556 Deum
3013 3500 3032 3539 τ
3065 3502 3431 3571 susciperent,
3460 3504 3553 3558 sed

1966 3594 2104 3647 sicut
2150 3592 2421 3647 hominem
2448 3591 2773 3661 judicarent,
2808 3600 2862 3646 et
2890 3592 3110 3647 sincerae
3137 3608 3202 3646 ac
3246 3608 3407 3647 mera:
3442 3593 3554 3661 ejus

1964 3682 2230 3736 divinitati
2262 3680 2531 3735 turbidum
2559 3681 2809 3751 quiddam
2838 3696 2901 3736 ac
2928 3680 3202 3736 sordidum
3234 3681 3430 3735 inferre
3458 3698 3555 3736 vo-

1966 3774 2184 3841 luerint,
2213 3774 2457 3828 dicentes
2480 3772 2546 3827 ad
2576 3788 2697 3827 eum
2733 3789 2745 3825 :
2782 3772 2939 3841 Quia,
2970 3790 3085 3826 cum
3113 3773 3264 3827 homo
3295 3774 3386 3839 sis,
3427 3774 3556 3844 facis

1969 3873 2016 3920 te
2036 3868 2205 3938 ipsum
2242 3864 2409 3919 Deum
2434 3864 2621 3934 (Joan.
2656 3864 2711 3934 x)
2740 3873 2830 3920 :et
2855 3866 3048 3920 iterum
3078 3883 3090 3917 ε
3126 3863 3242 3919 Nos
3269 3883 3334 3921 ea:
3364 3867 3558 3937 prosti-

1969 3958 2163 4011 tutione
2204 3974 2307 4011 non
2337 3973 2512 4011 sumus
2541 3957 2651 4009 nati
2684 3954 2856 4027 (Ibid.
2888 3955 2983 4024 V1).
3026 3955 3163 4010 Dum
3213 3956 3358 4034 enim
3405 3971 3463 4010 se
3492 3957 3559 4011 ab

1968 4048 2237 4102 adulterio
2268 4047 2667 4116 prostitutionis
2706 4055 2986 4110 excusant,
3013 4046 3159 4101 illum
3204 4048 3259 4102 in
3282 4047 3561 4102 divinitate

1968 4139 2265 4193 nativitatis
2304 4154 2415 4193 suae
2455 4137 2758 4192 adulterare
2806 4137 3069 4191 nituntur.
3101 4136 3208 4192 Sed
3235 4139 3412 4194 adhuc
3440 4139 3558 4193 dili-

1968 4230 2182 4297 gentius
2201 4228 2480 4284 videamus
2503 4226 2631 4297 quid
2652 4228 2721 4280 sit
2742 4227 2884 4297 quod
2909 4227 3010 4280 ait:
3033 4226 3350 4283 Permiscent
3373 4245 3558 4299 aquam

1970 4321 2086 4375 vino
2118 4318 2266 4390 (Luc.
2303 4317 2378 4389 v).
2416 4317 2664 4385 Legimus
2692 4317 2875 4371 vinum
2906 4317 2960 4370 in
2987 4315 3225 4371 Ecclesia
3255 4319 3557 4386 specialiter

1970 4413 2266 4479 abundare,
2282 4412 2419 4467 sicut
2444 4410 2495 4464 in
2522 4408 2812 4477 Evangelio
2832 4407 3043 4479 (Matth.
3066 4423 3121 4474 11;
3136 4406 3263 4463 Luc.
3279 4407 3335 4479 v)
3358 4407 3557 4463 dictum

1968 4515 2069 4563 est:
2089 4506 2267 4560 vinum
2279 4504 2437 4576 3&2
2452 4518 2647 4557 novqu
2662 4502 2716 4556 in
2729 4508 2875 4556 utres
2887 4516 3056 4555 novos
3068 4514 3185 4555 esse
3198 4498 3552 4563 condendum;

1970 4597 2076 4652 hoc
2096 4602 2179 4651 est
2218 4595 2271 4648 in
2293 4610 2464 4648 novos
2494 4593 2755 4657 homines,
2801 4592 3105 4664 neophytos
3134 4592 3367 4661 Spiritus
3385 4593 3555 4645 sancti

1969 4688 2194 4756 gratiam
2224 4685 2622 4741 conferendam.
2648 4683 2706 4740 Si
2730 4686 2892 4754 igitur
2928 4685 3165 4755 pretiosa
3206 4692 3261 4740 et
3306 4683 3560 4754 spiritalis

1970 4781 2080 4835 vini
2124 4779 2294 4847 gratia
2337 4778 2576 4832 abundat
2614 4779 2667 4831 in
2704 4777 2972 4843 Ecclesia;
3004 4793 3141 4845 aqua
3167 4777 3287 4832 vilis
3313 4786 3370 4832 et
3396 4776 3560 4831 fetida

1972 4873 2072 4927 nisi
2105 4874 2157 4926 in
2178 4872 2459 4943 Synagoga
2489 4879 2573 4925 est
2594 4870 2900 4936 referenda;
2921 4869 3083 4924 fetida
3110 4869 3249 4924 enim
3266 4868 3561 4939 Synagoga:

1974 4978 2110 5034 aqua
2139 4971 2244 5030 est,
2273 4978 2392 5032 qua:
2422 4962 2742 5031 baptismate
2767 4975 2864 5016 suo
2892 4969 3115 5029 peccata
3139 4976 3245 5015 non
3272 4960 3442 5026 diluit,
3469 4959 3563 5013 sed

1976 5054 2237 5125 acquirit;
2259 5068 2380 5122 quae
2401 5052 2671 5108 hominem
2694 5067 2801 5105 non
2817 5051 3064 5119 purificat
3084 5051 3302 5120 proprio
3326 5051 3565 5118 lavacro,

1975 5144 2069 5200 sed
2106 5144 2317 5214 polluit.
2370 5144 2608 5213 Denique
2645 5142 2783 5196 sicut
2834 5141 2887 5194 in
2925 5142 3034 5195 vini
3072 5141 3280 5196 utribus
3326 5140 3566 5196 Ecclesia

1977 5236 2276 5290 honoratur
2295 5278 2310 5303 ,
2333 5236 2404 5290 ita
2426 5243 2624 5290 etcum
2654 5247 2807 5301 aquas
2831 5241 2951 5289 utre
2962 5232 3241 5305 Synagoga
3263 5234 3564 5305 projicitur.

2055 5429 2077 5467 ἀ
2098 5430 2345 5501 Uterque
2373 5430 2492 5485 cod.
2526 5430 2579 5485 S.
2615 5430 2804 5501 Crucis
2836 5430 2888 5483 in
2918 5429 3029 5501 Ier.
3054 5432 3253 5485 omittit
3280 5448 3491 5501 paucos.

2053 5512 2075 5538 ε
2110 5499 2345 5569 Uterque
2372 5501 2492 5555 cod.
2536 5500 2593 5555 S.
2622 5500 2810 5554 Crucis
2837 5501 2887 5553 in
2918 5499 3049 5567 Jer.,
3079 5518 3181 5557 non
3203 5499 3563 5569 annumeratio

1978 5574 2155 5652 pretii,
2178 5572 2267 5624 sed
2297 5572 2671 5652 attnun‘terutio‘
2681 5572 2940 5652 praecepti.

2059 5645 2074 5679 τ
2115 5639 2350 5709 Uterque
2375 5639 2499 5695 cod.
2548 5640 2606 5695 S.
2632 5639 2817 5696 crucis
2847 5639 2898 5694 in
2930 5639 3062 5706 Jer.,
3095 5658 3199 5695 non
3228 5643 3359 5696 sicut
3402 5640 3561 5693 Deum

1978 5711 2311 5781 susceperint,
2338 5711 2429 5767 sed
2456 5715 2587 5767 sicut
2617 5713 2873 5769 hominem
2900 5711 3207 5780 judicarint.

3221 5795 3293 5855 ιϐ
