4054 6190
515 269 625 324 .m

1561 259 1617 316 s.
1660 256 1904 313 MAXIM!
1941 252 2246 312 EPISCOPI
2286 253 2736 311 raunmeusrs
3590 293 3606 320 ι
3639 217 3642 220 ’

3688 253 3790 308 ωε

523 381 656 438 Nam
687 381 774 437 illa
805 382 968 451 Agar,
1009 394 1128 450 qua:
1172 387 1357 450 typum
1397 375 1692 447 Synagogze
1740 373 2013 442 gestabat,
2035 374 2102 428 de
2133 380 2176 437 Λ
2207 389 2313 428 non
2339 375 2646 428 merebatur
2673 373 3002 440 alimoniam,
3027 371 3110 426 vel
3138 369 3386 425 solatium
3405 369 3688 427 morientis
3707 387 3792 428 ao-

517 491 628 546 qua
661 475 728 530 ad
755 474 1026 528 Abraham
1049 472 1244 526 dicitur
1267 489 1279 523 :
1309 468 1454 540 Ejice
1482 467 1723 520 ancillam
1740 476 1789 520 et
1809 465 1976 535 ﬁlium
1996 465 2108 535 ejus

526 566 679 637 (Gen.
731 564 843 635 xxi)
879 582 892 617 :
938 564 1144 630 utique,
1173 577 1294 616 eum
1335 561 1640 628 ejiceretur,
1681 573 1790 612 non
1827 572 1948 612 cum
1976 556 2105 620 vini,

525 656 620 710 sed
650 671 770 711 cum
817 664 934 709 utre
961 667 1114 722 aqu-.e
1141 653 1208 706 de
1237 649 1595 705 tabernaculis
1637 646 1914 716 eﬂ'ugatur.
1947 644 2108 700 Certe

523 746 714 800 domus
733 744 959 798 Abralue
986 750 1106 797 erat
1126 743 1294 807 dives,
1327 740 1566 810 locuples
1584 781 1600 807 ,
1624 737 1900 793 abundans
1931 743 2107 790 :atta-

523 851 648 889 men
669 851 776 890 non
795 835 996 900 vinum,
1029 849 1137 888 non
1158 833 1360 900 oleum,
1381 847 1488 886 non
1513 845 1703 900 panem
1732 829 1959 898 accepit,
1987 842 2108 898 qute

523 935 652 980 sunt
691 926 816 979 viue
854 925 1107 979 alimenta
1139 924 1472 988 ﬁrmissima;
1499 930 1556 976 et
1581 929 1743 975 recte
1779 921 1902 974 vitae
1930 919 2106 990 Syna-

522 1029 658 1084 goga
681 1017 931 1070 alimenta
956 1031 1063 1070 non
1093 1015 1323 1085 accepit,
1345 1013 1468 1082 quia
1492 1012 1678 1078 vitam,
1703 1024 1824 1080 quae
1844 1019 1929 1065 est
1953 1010 2108 1065 Chri-

522 1116 660 1175 stus,
689 1109 920 1176 ignorat,
963 1121 1102 1177 aqua
1131 1105 1244 1160 sola
1272 1119 1416 1174 aeger
1437 1103 1794 1174 pertrahitur,
1827 1103 2109 1172 languidus

519 1204 880 1264 sustentatur;
929 1197 1256 1253 conveniens
1283 1195 1428 1250 enim
1477 1200 1594 1249 erat
1639 1201 1700 1248 ut
1723 1207 1841 1263 quae
1880 1193 2108 1248 viventis

2209 465 2431 533 ciperet.
2459 467 2766 532 Arguuntur
2785 465 2928 518 enim
2969 463 3278 518 sacerdotes
3305 460 3646 530 Judzeorum,
3667 477 3790 517 cum

2209 554 2582 610 ecclesiastico
2605 555 2732 608 vino
2761 554 2998 623 pretioso
3026 567 3219 622 aquam
3257 551 3554 622 Synagogte
3605 551 3790 620 abjec-

2209 654 2321 700 tam
2346 645 2458 714 jam
2488 652 2544 700 et
2565 647 2908 714 reprobatam
2927 644 3195 699 voluerint
3216 644 3574 712 permiscere;
3596 657 3791 711 aquam

2209 737 2354 793 enim
2377 738 2430 792 in
2456 737 2692 792 Ecclesia
2720 738 2935 793 misceri
2974 752 3079 790 non
3100 736 3262 798 solet,
3289 734 3384 789 sed
3412 735 3629 798 mutari,
3653 736 3794 790 sicut

2211 829 2469 883 Dominus
2516 829 2769 883 invitatus
2797 828 2865 882 ad
2903 828 3137 896 nuptias,
3169 825 3385 896 hydrias
3419 826 3608 894 plenas
3653 840 3794 894 aqua

2211 935 2319 974 non
2365 919 2492 974 vino
2527 919 2759 984 miscuit,
2794 918 2897 996 sed
2947 917 3174 972 mutavit
3201 917 3256 970 in
3307 916 3520 981 vinum;
3550 929 3618 970 ne
3663 915 3795 984 quid

2209 1010 2352 1064 enim
2398 1009 2450 1064 in
2503 1019 2692 1065 sancto
2737 1009 2984 1065 convivio
3027 1009 3252 1064 vilitatis
3302 1005 3540 1064 Iudaica:
3585 1006 3794 1063 reside-

2208 1109 2314 1170 ret,
2342 1101 2528 1156 maluit
2568 1111 2815 1157 naturam
2857 1108 3071 1156 vertere
3116 1113 3280 1170 quam
3317 1098 3623 1156 adulterare
3665 1097 3796 1155 sub-

2209 1192 2484 1247 stantiam.

1883 1307 2229 1369 HOMILIA
2274 1307 2432 1369 CIII.

1831 1407 1910 1464 De
1940 1409 2174 1463 calendis
2203 1409 2489 1479 gentilium.

1960 1498 2350 1554 ADMONITIO.

585 1592 1289 1665 Proprius‘congruensque
1304 1589 1474 1665 hujus
1495 1589 1730 1665 homilize
1771 1589 1958 1665 titulus
1985 1605 2092 1665 non
2119 1596 2429 1665 est,__quem_
2443 1603 2510 1645 ex
2540 1591 2728 1665 codice
2764 1589 3102 1665 Sangallensi
3121 1592 3794 1665 ΔθχςιίξνίιὶείεΜτῲίιιοιιίιιε

505 1657 958 1733 υθιΙὶιοι·’θ]υεᾶθιῐι
980 1657 1183 1733 primus
1201 1657 1268 1714 'in
1297 1657 1477 1733 Museo
1497 1658 1688 1733 talico
1714 1668 1852 1733 part.
1883 1658 1938 1723 2,
1971 1675 2025 1733 ῃ.
2062 1657 2113 1724 5,
2156 1657 2361 1733 scilicet
2387 1659 2468 1733 De
2493 1657 3040 1733 colendislanuariis
3058 1702 3074 1728 ,
3103 1662 3296 1718 deinde
3315 1657 3634 1721 'Gallandius
3656 1683 3671 1729 ;
3693 1665 3793 1720 sed

518 1750 551 1810 ρ
591 1728 777 1810 codice
805 1728 1163 1810 Ambrosianp
1191 1729 1578 1810 exscribendas
1601 1728 1738 1794 erat,
1763 1730 1951 1810 inquo
1974 1729 2019 1783 is
2047 1737 2132 1810 est
2164 1728 2564 1810 :"De_ca‘lendis_
2582 1729 2895 1810 Centilium;
2921 1734 3047 1810 quia
3074 1743 3260 1788 contra
3295 1733 3450 1810 ludos
3465 1728 3794 1810 _Saturn.ales

517 1804 622 1878 hac
647 1805 698 1857 in
729 1801 946 1878 homilia
968 1803 1078 1869 agit
1178 1800 1478 1878 Maximus,
1499 1813 1728 1878 quorum
1762 1797 1970 1878 initium
1998 1807 2117 1852 erat
2151 1798 2238 1878 die
2258 1797 2325 1878 i7
2355 1799 2663 1878 Decembris
2681 1816 2746 1878 ex
2769 1797 3795 1878 veteriRomanorumjnstitpto,iique

519 1875 689 1928 tribus
710 1872 793 1926 vel
823 1867 1059 1941 quinque
1086 1870 1276 1924 diebus
1297 1869 1452 1937 juxta
1481 1867 1747 1941 diversam
1778 1869 2097 1941 scriptorum
2129 1867 2442 1941 opinionem
2463 1871 2898 1941 celebrabantur.
2931 1871 3070 1926 Tota
3117 1880 3298 1926 autem
3328 1871 3407 1924 De
3434 1873 3666 1927 calendis
3693 1867 3794 1927 Ja-

518 1943 716 1996 nuariis
746 1937 1370 1996 linit—tilia—vehementem
1395 1938 1638 1992 continet
1667 1937 2088 2007 increpationem
2111 1937 2372 1991 adversus
2393 1938 2500 1992 diei
2527 1940 2670 1995 illius
2691 1941 3060 1996 obscenitates
3087 1949 3513 2066 ρει-δονακοδὲοε
3541 1943 3795 1998 homines

518 2014 570 2065 in
605 2012 803 2066 bestias
832 2010 1276 2066 transformatos:
1305 2009 1359 2062 in
1389 2009 1491 2062 hac
1518 2023 1672 2066 vero,
1703 2008 2111 2066 intemperantia
2131 2016 2186 2062 et
2213 2008 2489 2066 turpitudo
2517 2011 2904 2066 conviviorum.
2937 2012 3128 2066 quibus
3151 2011 3396 2066 ludorum
3461 2012 3794 2066 aturnalium

518 2014 570 2065 in
605 2012 803 2067 bestias
832 2010 1276 2074 transformatos;
1305 2009 1359 2079 in
1389 2009 1491 2062 hac
1518 2023 1672 2075 vero,
1703 2008 2111 2079 intemperantia
2131 2016 2186 2062 et
2213 2008 2489 2079 turpitudo
2517 2011 2904 2074 conviviorum,
2937 2008 3128 2079 quibus
3151 2011 3396 2066 ludorum
3419 2008 3794 2067 Saturnalium

516 2091 760 2150 tempore
787 2080 1294 2150 paganiivacabaknt,
1322 2078 1628 2150 damnatur,
1659 2086 1819 2150 atque
1839 2076 2093 2150 ditiorum
2123 2076 2346 2130 avaritia
2377 2078 2737 2150 improbatur,
2758 2081 2849 2148 qui
2882 2096 2913 2134 a
2949 2076 3118 2135 servis
3166 2088 3221 2135 et
3257 2082 3469 2136 clientis
3496 2090 3709 2136 strenas
3735 2090 3794 2136 et

515 2147 739 2204 munera
783 2147 1161 2220 accipiebant,
1187 2147 1297 2220 Sed
1343 2147 1669 2220 pnecipuum
1698 2147 1855 2214 hujus
1873 2147 2123 2220 _l_iomili:e_
2163 2147 2572 2220 argumentum,
2602 2147 2850 2220 quodque
2879 2157 3028 2220 certo
3073 2151 3412 2220 comprobat,
3445 2159 3570 2205 ante
3598 2151 3793 2206 Natale

515 2166 739 2204 munera
783 2166 896 2205 acci
940 2166 1138 2204 leuant.
1187 2166 1297 2202 aeu
1343 2166 1668 2216 pneCIpuuni
1698 2166 1855 2214 uiuus
1885 2166 2117 2200 nonnnae
2163 2166 2572 2217 argumentum,
2602 2166 2850 2217 quoaque
2879 2166 3028 2204 certo
3073 2166 3412 2220 eompronat,
3445 2166 3570 2205 ante
3598 2166 3791 2206 natale

515 2221 728 2296 Domini
749 2235 779 2273 a
894 2166 1128 2296 ﬁnitimo
1151 2215 1945 2296 habitambiisseaabesordio
1969 2214 2216 2296 ejusdem
2240 2217 2475 2296 eruitur;
2515 2218 2860 2296 commendat
2883 2219 3026 2273 enim
3056 2221 3151 2296 D_e_i
3178 2219 3610 2296 providentiam,
3640 2221 3791 2289 quod

513 2290 860 2359 disposuerit,
892 2291 1034 2344 inter
1060 2288 1264 2359 medias
1284 2286 1560 2359 gentilium
1581 2285 1907 2359 festivitates
1929 2293 1984 2338 ut
2012 2283 2255 2339 Christus
2284 2285 2539 2359 Dominus
2561 2289 2810 2352 oriretur,
2849 2303 3065 2358 sumque
3085 2283 3382 2344 divinitatis
3402 2283 3605 2359 lumine
3632 2283 3790 2345 tene-

514 2355 705 2413 brosas
747 2359 1160 2428 superstitiones
1185 2355 1869 2428 dissiparet,_adventuque
1914 2370 2012 2428 suo
2043 2369 2225 2428 veram
2257 2356 2456 2428 mundo
2497 2358 2737 2412 laetitiam
2777 2366 2831 2412 et
2859 2355 3165 2414 felicitatem
3203 2359 3438 2413 aﬁ'erret.
3471 2358 3790 2427 Hujusmodi

515 2443 644 2494 ergo
673 2423 1165 2496 festa-gentilitatis,
1200 2423 1472 2498 mensibus
1495 2423 1797 2498 Decembri
1831 2432 1886 2498 et
1913 2423 2167 2498 ._l_anuario
2195 2425 2436 2498 instituta
2478 2436 2653 2498 erant,
2697 2429 3043 2498 maximoque
3082 2445 3190 2484 non
3219 2436 3332 2482 tam
3361 2423 3589 2498 strepitu
3626 2444 3789 2498 quam

514 2493 646 2552 vitio
676 2493 1089 2566 peragebantur,
1128 2511 1159 2548 a
1187 2494 1696 2566 quibusiChristiani
1745 2494 2046 2566 lzetioribus‘
2074 2493 2305 2566 gaudiis,
2333 2493 2796 2565 sanetioribtrsque
2826 2493 2985 2552 donis
3014 2499 3270 2553 cumulati
3300 2493 3595 2554 abhorrere
3619 2493 3787 2554 debe-

513 2567 662 2620 bant.
677 2563 962 2620 Restituto
991 2567 1168 2635 itaque
1216 2565 1447 2619 homilite
1475 2579 1574 2635 suo
1620 2579 1750 2618 vero
1780 2564 1956 2635 titulo,
1985 2563 2052 2617 ad
2082 2564 2406 2635 peculiarem
2460 2566 2576 2635 ejus
2621 2563 3147 2622 commendationem
3195 2568 3368 2622 dicam
3406 2569 3541 2622 alios
3570 2567 3780 2630 Patres,

515 2636 856 2707 Ambrosium
888 2631 1507 2707 nempe,_Augus_tinut_n,
1534 2631 2374 2707 Leonem_Magnum,_etPetrum
2402 2631 2792 2707 Chrysalogum
2820 2645 3008 2707 contra
3035 2637 3381 2707 calendarum
3409 2637 3788 2692 Ianuariarum

515 2706 953 2776 superstitionem
982 2702 1260 2759 orationes
1301 2703 1569 2767 habuisse,
1600 2704 1696 2758 sed
1723 2702 1792 2757 ad
1821 2702 2145 2758 avertendos
2181 2703 2364 2760 ﬁdeles
2389 2721 2420 2760 a
2450 2702 2588 2760 ludis
2626 2702 3002 2762 saturnalibus
3027 2708 3203 2763 solum
3230 2706 3522 2762 Maximum
3545 2707 3708 2764 docte
3731 2714 3790 2763 et

519 2777 866 2831 vehementer
887 2788 1192 2844 perorasse.

515 2869 673 2940 35,3
720 2868 1111 2940 Anciuuenreu.
1147 2895 1216 2906 —-
1259 2865 1686 2940 bupet'slitiosam
1736 2863 2099 2940 Saturnaliunt
2133 2873 2178 2933 Β
2205 2865 2296 2919 tia.
2326 2865 2460 2921 Nam
2485 2867 2560 2921 ita
2579 2866 2888 2936 lasciviunt,
2914 2866 2989 2922 ita
3009 2867 3135 2922 vino
3155 2874 3211 2922 et
3228 2866 3399 2936 epulis
3425 2867 3710 2936 satiantur,
3731 2875 3790 2922 ut

586 2933 737 3010 {itane
756 2938 1098 3010 calendarum
1109 2935 1546 2997 consuetudinem,
1566 2933 2014 3010 _vigentem_adh_uc
2042 2935 2099 2987 in

583 3002 894 3062 Christianis
925 3006 1145 3076 populis,
1189 3020 1360 3058 severe
1396 3002 1674 3076 exprobrat
1713 3003 1774 3058 S.
1810 3002 2096 3076 Maximus,

571 3095 737 3148 quam
777 3076 841 3131 ab
869 3073 933 3132 iis
963 3073 1435 3148 potissimum‘esse
1458 3073 1921 3148 _contl_enm_andam
1949 3082 2102 3143 atque

583 3141 948 3202 declinandam
963 3141 1144 3200 scribit
1165 3145 1248 3217 qui
1273 3142 1520 3197 dominici
1563 3141 1774 3197 Natalis
1804 3141 2103 3197 sacramen-

577 3228 696 3272 ‘tunt
725 3219 922 3273 colunt.

583 3332 732 3387 Bene
746 3328 1144 3402 quodammodo
1172 3329 1283 3384 Deo
1313 3327 1630 3398 providente
1656 3325 1972 3396 dispositum
1997 3334 2103 3396 est,

514 3432 573 3478 ut
593 3421 732 3476 inter
771 3420 976 3475 medias
1000 3419 1278 3489 gentilimn
1303 3417 1618 3473 festivitates
1650 3415 1891 3471 Christus
1919 3415 2103 3470 Domi-

517 3529 616 3568 nus
643 3511 899 3575 oriretur,
930 3518 987 3566 et
1023 3511 1163 3565 inter
1186 3509 1330 3580 ipsas
1356 3508 1670 3563 tenebrosas
1696 3507 2106 3577 superstitiones

513 3621 760 3662 errorum
787 3604 902 3660 veri
932 3604 1145 3658 luminis
1173 3602 1429 3673 splendor
1466 3600 1747 3669 effulgeret
1775 3619 1788 3654 :
1822 3609 1878 3654 ut
1897 3600 2106 3670 perspi-

509 3697 719 3752 cientes
741 3693 992 3749 homines
1014 3694 1067 3747 in
1103 3692 1264 3747 variis
1309 3690 1782 3760 superstitionibus
1826 3691 1936 3744 suis
1959 3703 2105 3758 pura:

509 3784 820 3842 Divinitatis
841 3782 1126 3836 emicuisse
1142 3779 1709 3851 justitiatu,pr:eterita
1732 3779 2108 3835 oblivisceren.

515 3885 603 3930 tur
621 3874 926 3942 sacrilegia,
943 3873 1118 3926 latura
1138 3887 1246 3926 non
1269 3870 1526 3925 colerent.
1545 3869 1675 3935 Quis
1695 3871 1838 3924 enim
1866 3871 2102 3941 sapiens,

514 3965 605 4036 qui
633 3963 884 4019 dominici
911 3961 1115 4016 Natalis
1138 3968 1534 4016 sacramentum
1563 3959 1714 4028 colit,
1743 3975 1849 4014 non
1872 3961 2104 4016 ebrieta-

516 4063 625 4109 tem
646 4051 973 4108 condemnet
1012 4047 1374 4106 Saturnalium
1392 4091 1408 4117 ,
1432 4064 1538 4104 non
1568 4047 1804 4104 declinet
1829 4050 2101 4106 lasciviam

517 4145 895 4211 calendarum;
927 4153 982 4200 et
1003 4151 1210 4214 partem
1232 4142 1456 4212 cupiens
1486 4143 1687 4198 habere
1713 4157 1836 4198 cum
1865 4142 2100 4212 Christo,

2203 2955 2296 3025 qui
2324 2964 2436 3012 toto
2464 2971 2608 3012 anno
2634 2964 2814 3012 castus
2843 2964 2900 3012 et
2925 2964 3233 3027 temperans
3259 2957 3449 3024 fuerit,
3481 2957 3572 3012 illa
3603 2957 3690 3013 die
3720 2959 3793 3012 sit

2205 3045 2532 3103 temulentus
2555 3056 2719 3118 atque
2747 3048 3014 3120 pollutus;
3043 3055 3099 3103 et
3146 3048 3292 3118 quod
3320 3049 3418 3103 nisi
3470 3049 3545 3103 ita
3580 3048 3792 3119 fecerit,

2205 3146 2360 3210 putet
2387 3139 2415 3179 δ
2440 3140 2736 3210 perdidisse
2765 3156 2825 3196 se
2853 3140 3045 3207 ferias;
3090 3140 3216 3210 quia
3263 3156 3370 3194 non
3419 3140 3669 3211 intelligit
3694 3157 3792 3212 per

2204 3230 2342 3286 tales
2365 3245 2422 3285 se
2444 3229 2603 3286 ferias
2640 3229 2937 3300 perdidisse
2984 3230 3231 3286 salutem.
3263 3229 3396 3285 Illud
3425 3239 3604 3285 autem
3631 3231 3792 3300 quale

2205 3329 2309 3390 est,
2330 3320 2472 3390 quod
2488 3327 2770 3390 surgentes
2795 3328 3004 3376 mature
3031 3321 3096 3374 ad
3119 3320 3391 3391 publicum
3416 3336 3537 3376 cum
3567 3336 3791 3376 munus-
3868 3309 3879 3318 ’

2207 3411 2354 3479 culo,
2383 3411 2489 3466 hoc
2517 3417 2630 3479 est,
2669 3425 2790 3466 cum
2820 3409 3015 3465 strenis
3043 3410 3407 3480 unusquisque
3428 3409 3700 3480 procedit;
3736 3419 3791 3466 et

2205 3501 2533 3558 salutaturus
2555 3501 2990 3569 amicos,salutat
3010 3502 3230 3572 praemio
3259 3509 3546 3572 antequam
3575 3502 3789 3558 osculo?

2207 3591 2388 3648 Lahiis
2413 3591 2552 3647 labia
2581 3593 2810 3662 porrigit
2855 3601 2910 3647 et
2932 3594 3112 3647 manui
3155 3609 3372 3648 manum
3411 3595 3600 3649 inserit
3631 3635 3646 3661 ,
3677 3610 3787 3650 non

2205 3693 2266 3741 ut
2293 3685 2492 3742 amoris
2508 3685 2698 3740 reddat
2713 3683 2984 3755 allectum,
3009 3686 3105 3742 sed
3127 3693 3186 3740 ut
3211 3685 3372 3758 3M
3396 3687 3638 3741 avaritia:
3659 3703 3780 3756 per-

2207 3779 2383 3834 solvat
2408 3778 2747 3848 obsequium,
2774 3785 2830 3832 et
2867 3793 2975 3832 uno
3023 3777 3322 3848 eodemque
3349 3776 3527 3833 ofﬁcio
3551 3779 3785 3833 amicum

2205 3867 2581 3938 complectitur
2619 3875 2675 3921 et
2736 3867 3030 3922 fraudetur.
3078 3866 3186 3922 Vos
3227 3865 3464 3936 judicate
3503 3867 3663 3937 quale
3703 3875 3785 3922 cst

2204 3958 2350 4016 istud
2382 3960 2623 4016 osculum
2650 3960 2793 4030 quod
2817 3960 3006 4016 venale
3033 3967 3117 4015 est
3144 3977 3157 4013 :
3187 3975 3332 4026 nam,
3362 3974 3468 4028 quo
3497 3960 3786 4030 pretiosius

2205 4051 2422 4120 emitur,
2465 4058 2616 4107 tanto
2646 4051 2800 4106 vilius
2843 4050 3156 4105 aestimatur.
3189 4048 3385 4117 Quanti
3414 4057 3540 4104 ante
3593 4064 3784 4104 aurum

2204 4142 2477 4211 potiorum
2528 4141 2729 4210 indigni
2764 4139 3148 4210 judicabuntur
3175 4140 3398 4195 osculo?
3427 4139 3784 4211 Posteaquam

516 4239 785 4311 particeps
829 4237 965 4292 nolit
1011 4249 1130 4291 esse
1157 4249 1280 4289 cum
1309 4233 1544 4289 saeculo?
1571 4232 1698 4290 Haec
1747 4235 1891 4289 enim
1937 4235 2100 4290 divini
2127 4247 2170 4308 ς
2205 4249 2394 4289 aurum
2422 4233 2631 4289 refulsit
2669 4234 2723 4287 in
2760 4232 2980 4288 dextera
3001 4275 3016 4301 ,
3040 4231 3233 4302 dignos
3261 4233 3380 4286 illos
3409 4232 3535 4287 facit
3580 4231 3783 4302 praeda,

515 4330 693 4386 cultus
721 4329 861 4382 ratio
889 4336 993 4395 est,
1016 4335 1076 4381 ut
1117 4325 1207 4396 qui
1237 4325 1554 4380 societatem
1579 4326 1824 4381 habuerit
1851 4342 1974 4381 cum
2005 4342 2100 4380 va-

516 4420 687 4474 nitate
725 4417 1038 4486 gentilium,
1095 4414 1346 4485 copulam
1399 4429 1508 4468 non
1549 4415 1722 4484 possit
1749 4415 1950 4470 habere
1979 4431 2100 4470 cum

514 4512 745 4567 veritate
790 4516 1120 4564 sanctorum.
1169 4506 1307 4560 Dicit
1350 4507 1544 4561 beatus
1591 4505 1928 4576 Apostolus:
1975 4504 2105 4570 Qua:

515 4603 683 4672 portio
699 4601 920 4672 justitia:
939 4613 1054 4651 cum
1081 4597 1386 4667 iniquitate;
1423 4605 1513 4650 aut
1553 4612 1668 4668 qua:
1718 4597 1937 4650 societas
1976 4597 2104 4652 lucis

516 4711 632 4748 cum
653 4691 872 4748 tenebris
903 4687 990 4762 (ΙΙ
1013 4687 1134 4743 Cor.
1168 4687 1284 4757 Vt)?
1312 4688 1424 4744 lloc
1452 4696 1535 4743 est
1569 4699 1593 4725 ἰ
1625 4688 1827 4758 pariter
1846 4689 2105 4744 Christia-

515 4801 618 4842 nos
639 4793 694 4840 et
721 4783 1021 4854 iniquitatis
1068 4795 1324 4836 exercere
1353 4780 1614 4834 luxuriam
1635 4821 1650 4847 ,
1679 4791 1735 4835 et
1762 4778 1929 4835 Deum
1946 4780 2106 4850 justi-

519 4877 605 4930 ti:e
633 4875 832 4930 habere
852 4873 1141 4945 placatum.
1173 4869 1302 4924 Nam
1333 4879 1458 4924 sunt
1479 4871 1739 4940 plerique,
1770 4872 1862 4942 qui
1889 4873 2103 4927 trahen-

520 4975 602 5017 tes
630 4963 1072 5018 consuetudinem
1101 4958 1170 5014 de
1203 4959 1378 5015 veteri
1419 4961 1803 5029 superstitione
1828 4961 2100 5028 vanitatis,

513 5051 867 5108 calendarum
895 5052 1036 5106 diem
1082 5065 1181 5121 pro
1228 5065 1434 5106 summa
1462 5049 1750 5106 festivitate
1778 5060 2099 5119 procurent;

517 5154 578 5199 et
599 5143 677 5199 sic
693 5143 940 5198 ‘lzetitiam
961 5143 1162 5200 habere
1191 5144 1388 5214 velint,
1413 5149 1471 5196 ut
1498 5143 1569 5198 sit
1606 5143 1775 5210 magis
1802 5141 1905 5197 illis
1930 5143 2100 5197 tristi-

595 5333 616 5358 ⁸
649 5321 783 5374 Cod.
811 5319 1081 5381 Ambros.,
1116 5317 1230 5370 llos
1275 5325 1370 5382 est,
1402 5334 1504 5373 non
1527 5325 1695 5387 potest
1728 5319 1922 5386 pariter
1950 5317 2100 5371 Chri-

522 5398 719 5452 stianus
739 5403 787 5446 et
813 5389 1097 5460 iniquitatis
1124 5403 1360 5442 exercere
1379 5388 1643 5443 luxuriam
1659 5425 1674 5451 ,
1707 5395 1814 5460 etc.

595 5465 620 5504 δ
656 5463 787 5518 Cod.
835 5457 1107 5523 Ambros.,
1139 5474 1229 5528 per
1269 5463 1399 5513 tales
1439 5460 1598 5530 ferias
1643 5457 1855 5529 perdere
1872 5473 1929 5512 se
1954 5457 2101 5512 salu-

517 5550 782 5661 !enz'Cod.
811 5600 1086 5667 Ambros,
1115 5599 1409 5668 potentiori.

589 5677 617 5718 δ
647 5676 782 5735 Cod.
822 5672 1068 5729 Ambros.
1117 5667 1339 5724 strenias
1382 5679 1584 5736 uocant,
1639 5686 1754 5726 cum
1799 5668 1996 5725 nullum
2039 5667 2107 5724 sit

2202 4343 2310 4381 non
2337 4326 2529 4396 gratia.
2563 4325 2675 4380 Hoc
2696 4333 2874 4379 autem
2900 4326 2951 4379 in
2975 4326 3090 4395 ipsa
3119 4324 3422 4396 iniquitate,
3449 4339 3610 4394 quam
3641 4323 3786 4393 inju-

2203 4427 2342 4474 stum
2369 4426 2471 4484 est,
2495 4417 2638 4486 quod
2671 4425 3020 4488 exspectatur
3039 4417 3242 4472 donare
3264 4414 3486 4471 inferior
3510 4427 3531 4455 ο
3562 4416 3784 4487 potiori;

2204 4518 2259 4567 et
2287 4510 2438 4566 diviti
2468 4510 2680 4580 cogitur
2706 4511 2795 4567 ille
2820 4510 3020 4579 largiri,
3044 4511 3166 4581 qui,
3217 4509 3361 4580 quod
3388 4509 3646 4578 largiatur
3675 4511 3788 4565 for-

2205 4603 2345 4658 sitan
2369 4609 2662 4657 mutuatur.
2681 4601 2866 4658 Adhuc
2888 4612 2942 4658 ct
2969 4603 3139 4672 ipsam
3162 4601 3583 4657 muniﬁcentiam
3607 4601 3635 4640 ά
3658 4610 3790 4658 stre-

2205 4707 2304 4746 nas
2330 4700 2548 4760 vocant,
2577 4707 2698 4747 eum
2729 4692 2893 4760 magis
2919 4701 3220 4759 strenuum,
3249 4691 3508 4762 quod.....
3541 4691 3787 4762 Cogitur.

2206 4782 2445 4851 inquam,
2475 4783 2639 4837 miser
2682 4781 2884 4836 donare
2925 4782 3072 4851 quod
3118 4798 3225 4836 non
3275 4781 3459 4849 habet,
3491 4790 3545 4836 et
3593 4797 3791 4838 munus

2205 4871 2400 4928 oll'erre
2432 4887 2531 4941 pro
2558 4887 2666 4942 quo
2713 4870 2851 4926 ﬁlios
2888 4887 3015 4928 suos
3065 4871 3330 4927 obnoxios
3357 4871 3648 4941 relinquat.
3682 4870 3791 4928 Sed

2205 4969 2261 5017 et
2287 4961 2480 5018 divites
2523 4963 2722 5033 quique
2769 4970 2894 5018 sunt
2935 4963 3037 5018 hac
3081 4962 3445 5018 munificentia
3493 4963 3788 5019 liberales:

2207 5069 2393 5110 verum
2415 5070 2516 5111 nec
2542 5054 2642 5125 ipsi
2670 5069 2700 5109 a
2720 5062 2940 5124 peccato
2961 5054 3210 5109 videntur
3239 5054 3523 5109 immunes.
3553 5064 3577 5092 ε
3601 5054 3793 5124 Largi-

2208 5153 2298 5200 tur
2321 5145 2465 5201 enim
2509 5144 2660 5201 dives
2697 5145 3000 5215 cuicunque
3051 5144 3152 5200 soli
3205 5144 3507 5216 locupleti;
3555 5145 3792 5216 dumque

2207 5319 2476 5394 strenium.
2526 5319 2758 5392 Cogitur,
2776 5320 3029 5394 _inquant,
3075 5321 3478 5394 miser__donare
3527 5323 3664 5394 quod
3690 5337 3791 5377 non

2209 5386 2377 5452 habet,
2421 5398 2470 5442 et
2495 5386 2679 5445 manus
2723 5386 2914 5460 offerre
2959 5407 3053 5462 pro
3079 5407 3178 5461 quo
3206 5391 3346 5461 ﬁlios
3394 5408 3514 5446 suos
3534 5386 3791 5448 obnoxios

2210 5457 2545 5512 derelinanat.

2275 5475 2769 5602 ζέὲῒὲῗῖζξηῢτοεη
2809 5528 3054 5602 Largitur
3072 5533 3210 5602 enim
3239 5531 3377 5585 dives
3405 5532 3688 5601 cuicunque
3713 5532 3795 5586 lo-

2213 5599 2400 5673 cupleti
2425 5599 2662 5673 solidum,
2685 5602 2774 5673 qui
2799 5599 3031 5656 mendico
3051 5600 3322 5673 denarium
3340 5602 3538 5657 donare
3556 5599 3794 5673 despere-

2213 5670 2299 5736 rit,
2330 5679 2378 5724 et
2396 5670 2624 5726 catendis
2646 5670 2714 5724 ad
2735 5670 2948 5736 domum
2975 5672 3130 5727 amici
3157 5688 3287 5728 auro
3315 5682 3550 5740 onustus,
3579 5670 3684 5727 etc.
