4054 6190
267 305 367 361 ωδ

1651 297 1929 356 HOMILIA
1967 299 2098 356 CIV.

3420 309 3526 367 494

259 418 506 474 mendico
525 417 806 473 denarium
831 417 959 473 dare
981 417 1326 486 despexerit,
1375 415 1616 471 calendis
1645 415 1712 467 ad
1739 413 1836 468 do—
1861 419 1910 476 Α
1938 419 2128 478 tatem,
2183 413 2266 467 vel
2312 413 2586 468 tristitiam
2637 417 2970 471 metiuntur?
3009 417 3140 484 Quae
3181 434 3302 475 cum
3343 404 3520 493 inepta

256 525 408 562 mum
435 509 591 562 amici
620 523 752 562 auro
776 516 999 567 onustus
1027 516 1300 577 properat,
1332 507 1423 576 qui
1461 505 1634 559 Natali
1673 505 1845 560 domi-

257 601 384 654 nico
431 600 497 653 ad
527 601 813 655 ecclesiam
853 615 1054 655 vacuus
1089 608 1144 655 et
1201 599 1374 653 inanis
1421 597 1653 651 advenit.
1680 593 1844 648 Vides

253 704 387 758 ergo
417 690 560 760 quod
588 690 728 759 apud
758 691 1043 759 plerosque
1064 691 1182 759 plus
1218 698 1302 745 est
1332 703 1567 758 przesens
1606 685 1842 739 adulatio

250 796 419 848 quam
447 779 623 834 futura
672 782 1054 836 remuneratio.
1087 780 1365 835 Libentius
1409 778 1573 832 habet
1596 775 1840 830 osculum

250 872 483 940 potioris
529 886 692 940 quam
743 872 970 940 gloriam
1016 871 1332 926 Salvatoris.
1391 866 1546 935 Quod
1597 866 1838 921 osculum

247 960 496 1014 osculum
521 976 631 1014 non
675 961 958 1015 dicendum
985 968 1087 1026 est,
1115 961 1241 1029 quia
1266 959 1458 1014 venale
1479 964 1580 1012 est.
1612 955 1746 1010 Nam
1780 961 1837 1009 et

246 1047 418 1104 Judas
438 1049 684 1105 Scarioth
712 1051 805 1104 tali
833 1051 1020 1106 osculo
1043 1051 1382 1107 osculabatur
1406 1047 1712 1114 Dominum,
1739 1045 1836 1102 sed

246 1138 379 1192 hinc
425 1139 570 1193 illum
613 1151 638 1176 ει
689 1141 899 1195 tradere
942 1142 1257 1195 conabatur.
1290 1139 1406 1195 Hoc
1459 1145 1638 1192 autem
1676 1135 1835 1206 quale

249 1240 336 1286 est
364 1231 395 1268 ι)
425 1231 594 1301 quod,
624 1232 939 1302 interposita
969 1233 1075 1298 die,
1120 1233 1210 1287 tali
1237 1232 1381 1286 inani
1420 1229 1665 1296 exordio,
1690 1227 1838 1282 velut

244 1321 569 1391 incipientes
597 1323 798 1387 vivere,
827 1333 921 1376 aut
959 1323 1196 1392 auspicia
1232 1322 1515 1390 colligant,
1545 1319 1834 1386 omniaque

242 1413 598 1482 perquirant;
649 1421 705 1468 et
732 1413 926 1469 exinde
964 1413 1133 1471 totius
1161 1415 1287 1468 anni
1315 1413 1419 1469 sibi
1445 1411 1532 1466 vel
1560 1409 1834 1480 prosperi-

1951 506 2060 561 sint
2086 514 2141 560 et
2171 505 2414 571 ridicula,
2445 515 2560 561 tum
2598 508 2702 564 illis
2736 509 2866 578 ipsis
2917 511 3001 564 vel
3027 509 3236 565 inutilia
3265 520 3410 578 sunt,
3440 514 3528 570 vel

1949 597 2158 651 nociva.
2183 596 2316 650 Nam
2339 599 2750 667 prosperitatem
2787 615 2895 654 non
2923 599 3148 670 habent,
3178 601 3306 656 dum
3329 602 3528 658 fallun-

1949 697 2036 742 tur
2062 688 2336 757 auguriis:
2375 689 2647 744 tristitiam
2685 706 2899 760 semper
2925 691 3148 761 habent,
3194 692 3319 748 dum
3349 709 3528 750 reme-

1946 779 2249 834 moratione
2281 780 2519 834 omnium
2547 782 2905 837 suntsolliciti
2935 798 3003 838 ne
3041 783 3374 853 contingant.
3407 785 3526 842 Hoc

1951 880 1972 907 ο
1999 877 2178 924 autem
2220 870 2378 925 malis
2405 871 2518 926 suis
2548 870 2772 940 addunt,
2799 882 2857 927 ut
2884 873 3036 942 quasi
3063 872 3131 929 de
3153 875 3524 944 auspicatione

1939 957 2154 1013 domum
2191 959 2480 1015 redeuntes
2523 961 2858 1016 ramusculos
2903 971 3118 1030 gestent
3157 965 3209 1018 in
3250 966 3520 1032 manibus,

1939 1047 2145 1102 scilicet
2166 1064 2264 1118 pro
2285 1049 2484 1115 omine,
2504 1050 2662 1104 utvel
2682 1051 2863 1105 onusti
2887 1051 2954 1106 ad
2977 1053 3265 1122 h08pitium
3275 1057 3518 1110 redeant:
3553 1088 3556 1091 -

1937 1154 2046 1192 non
2075 1139 2434 1207 intelligentes
2459 1140 2664 1210 miseri,
2688 1142 2831 1210 quod
2853 1143 3032 1198 onusti
3059 1143 3274 1212 quidem
3296 1145 3522 1200 redeunt

1938 1241 2047 1281 non
2096 1229 2308 1284 sarcina
2356 1243 2641 1285 munerum
2667 1270 2684 1297 ,
2735 1230 2830 1286 sed
2881 1231 3096 1287 cumulo
3155 1240 3517 1302 peccatorum.

1939 1316 2104 1372 Finit.

1612 1498 1955 1560 HOMlLIA
2007 1498 2164 1559 CIV.

1277 1602 1469 1672 Incipit
1502 1602 1564 1655 de
1592 1598 1846 1654 luci-elicis
1887 1606 2098 1665 peccata
2128 1597 2484 1653 vendentibus.

1694 1684 2087 1740 ADMONlTlO.

309 1805 478 1878 355
516 1806 634 1864 lloc
654 1807 806 1862 titulo
835 1808 1146 1878 inscriptam
1177 1806 1449 1878 homiliam
1497 1801 1697 1871 reperit
1737 1797 2074 1878 Mabillonius
2104 1799 2390 1878 in___codice
2435 1799 2770 1878 Sangallensi
2821 1817 2965 1857 num.
3004 1803 3074 1878 8_0
3117 1808 3233 1860 sine
3275 1809 3517 1878 auctoris

238 1867 488 1932 ηοῆιίῖιῖ.
535 1878 595 1935 At
629 1878 957 1932 clarissimus
986 1867 1032 1932 is
1060 1879 1160 1938 vir,
1193 1893 1314 1931 cum
1356 1877 1495 1928 inter
1523 1867 1746 1943 caeteras
1777 1867 2275 1943 Maximibomilias
2322 1870 2521 1943 inserta
2541 1867 2920 1943 _'videatur,ret
2947 1874 3113 1943 stylus
3142 1875 3362 1930 omnino
3382 1892 3515 1932 con-

239 1946 432 2001 formis
449 1949 679 2008 eluceat,
713 1963 830 2001 eam
862 1947 919 2002 S.
953 1948 1180 2001 antistiti
1210 1943 1526 2000 Taurinensi
1555 1941 1735 2010 potius
1779 1951 1940 2015 quam
1971 1938 2126 2015 alteri
2149 1953 2268 2015 esse
2308 1939 2648 2015 tribuendam
2699 1942 2912 2006 statuit;
2964 1938 3124 2012 atque
3152 1960 3274 1998 cum
3297 1947 3518 2015 reliquis

238 2017 457 2070 ηυνίωι.
486 2005 714 2072 detectis
742 2018 944 2088 pr};me
973 2033 1119 2088 nam.
1155 2017 1188 2088 9
1217 2015 1408 2088 edidit,
1431 2022 1484 2088 ct
1508 2005 1627 2088 post
1649 2023 1770 2088 eum
1799 2005 2128 2088 Gallandius.
2158 2009 2378 2088 illorum
2408 2009 2653 2077 exempla
2685 2017 2741 2088 e_t
2772 2005 3061 2088 nos_Secut'i
3087 2025 3290 2078 sumus,
3323 2005 3515 2088 admo-

237 2094 435 2158 nentes
467 2097 647 2158 tamen
670 2075 813 2154 qubd
847 2087 1101 2140 nonnulla
1154 2087 1207 2140 in
1253 2075 1565 2158 prmfatione
1596 2079 1699 2132 hac
1728 2075 1797 2156 de
1850 2075 2066 2155 homilia
2117 2077 2420 2158 attigimus,
2467 2075 2661 2158 nempe
2711 2075 3286 2158 hzereticos,__quorum
3343 2084 3517 2158 auda-

237 2155 379 2207 ciam
423 2166 481 2210 et
527 2145 858 2224 impietatem
895 2171 1181 2224 aggressus
1229 2145 1313 2209 e'st
1339 2153 1626 2218 Maximus,
1666 2145 1978 2216 progeniem
2024 2147 2310 2215 quamdam
2360 2145 2774 2201 Manichzeorum
2802 2163 2900 2216 per
2933 2145 3142 2204 Italiam
3180 2154 3514 2222 serpentium

237 2224 549 2278 habendam
578 2241 718 2280 esse.

236 2319 634 2368 Ancnuearun.
682 2342 750 2352 —-
800 2315 1036 2369 Primum
1085 2316 1146 2374 S.
1193 2316 1460 2384 episcopus
1505 2309 1825 2384 Christianos
1857 2307 1903 2366 B
1930 2304 2092 2368 nulla,
2121 2306 2524 2376 quibuscunque
2545 2306 2707 2378 346
2723 2308 2924 2378 passim
2952 2309 3069 2363 sine
3083 2310 3276 2365 merito
3304 2325 3368 2366 ac
3397 2313 3515 2368 sine

303 2385 555 2438 admonet
582 2403 645 2438 ne
679 2386 733 2438 in
775 2385 1114 2453 procurandis
1158 2378 1520 2454 teniporalibus
1549 2381 1693 2434 bonis
1722 2378 1828 2454 sol-

309 2454 634 2508 licitudinem
661 2446 987 2523 impendant;
1018 2455 1202 2508 deinde
1240 2446 1328 2508 eos
1370 2453 1692 2505 vehementer
1727 2446 1826 2500 ad-

305 2525 547 2595 hortatur
573 2535 629 2577 ut
649 2526 826 2593 ﬁdem,
849 2526 1128 2595 justitiam,
1163 2524 1432 2595 caritatem
1463 2525 1734 2595 quierant;
1766 2531 1827 2595 (ἕο

305 2593 523 2645 tandem
578 2591 768 2647 inre/tit
813 2591 994 2647 contra
1035 2594 1302 2648 haereticos
1344 2591 1574 2663 illosqui
1618 2593 1828 2656 accepta

302 2665 529 2730 pecunia
556 2674 768 2733 peccata
798 2663 1140 2717 dimittebant.

301 2752 536 2821 Semper
565 2754 872 2807 meminisse
899 2761 954 2809 et
977 2761 1100 2807 ante
1115 2751 1301 2807 oculos
1328 2751 1528 2804 habere
1544 2747 1826 2812 debemus,

233 2843 436 2896 fratres
478 2842 847 2911 dilectissimi,
886 2841 1029 2911 qood
1082 2841 1342 2896 Dominus
1393 2837 1549 2893 Jesus
1585 2835 1826 2891 Christus

235 2931 362 2986 ideo
410 2931 483 2985 ad
536 2939 732 2985 terram
761 2931 1039 2986 descendit
1079 2931 1146 2986 de
1171 2932 1341 2998 caelis,
1372 2938 1430 2983 ut
1455 2930 1618 2984 vitam
1672 2927 1828 2980 nobis

232 3021 528 3089 largiretur
566 3031 841 3076 aeternam.
874 3023 1042 3089 ldem,
1067 3038 1187 3078 cum
1205 3031 1349 3079 esset
1377 3022 1472 3076 Dei
1501 3020 1684 3085 Filius,
1711 3016 1824 3073 ﬁeri

231 3115 473 3170 hominis
495 3115 631 3169 [ilius
655 3117 857 3182 maluit,
890 3124 948 3169 ut
983 3131 1080 3170 nos
1107 3116 1196 3184 qui
1222 3131 1434 3169 eramus
1454 3113 1702 3167 homines
1728 3111 1825 3164 Dei

233 3206 376 3259 ﬁlios
419 3203 638 3259 faceret.
668 3206 782 3261 Non
813 3207 953 3261 enim
983 3216 1203 3276 pr0pter
1225 3207 1366 3260 hanc
1391 3206 1558 3259 vitam
1589 3217 1823 3272 praesen-

148 3335 156 3340 .
234 3302 347 3348 tem
381 3303 550 3349 tantee
579 3297 854 3364 dignitatis
903 3304 1156 3368 operatus
1196 3303 1281 3352 est
1331 3295 1666 3366 mysterium,
1704 3306 1823 3361 quae

232 3395 314 3441 est
339 3386 545 3451 brevis,
571 3387 794 3454 caduca,
825 3389 1067 3442 mortalis
1090 3427 1106 3453 ,
1135 3386 1230 3441 sed
1275 3391 1496 3455 propter
1523 3382 1667 3437 illam
1705 3394 1823 3451 qua:

230 3486 499 3546 perpetua
531 3484 587 3530 et
615 3480 942 3546 sempiterna
975 3487 1077 3533 est.
1112 3478 1296 3547 Neque
1317 3476 1460 3531 enim
1504 3475 1643 3529 Deus
1668 3473 1823 3527 nobis

231 3567 394 3636 hujus
415 3567 540 3620 vitae
565 3567 958 3635 longacvitatem
987 3577 1336 3638 praestaturus
1364 3573 1503 3632 erat,
1523 3580 1643 3634 qua:
1665 3565 1820 3634 plena

1922 2395 2127 2464 judicio
2148 2396 2484 2467 deferuntur,
2506 2401 2632 2468 quia
2655 2414 2764 2460 non
2790 2400 2846 2454 in
2876 2402 3369 2457 remunerationem
3386 2404 3513 2460 data

1927 2494 2073 2551 sunt,
2121 2486 2217 2543 sed
2263 2487 2332 2542 ad
2375 2489 2747 2544 tentationem.
2778 2488 2888 2545 Nos
2929 2490 3123 2558 igitur,
3158 2491 3355 2562 quibus
3406 2494 3514 2550 vita

1927 2582 2130 2628 aeterna
2161 2575 2519 2644 promittitur,
2550 2585 2748 2632 aeterna
2779 2593 2997 2649 semper
3046 2579 3189 2634 bona
3237 2581 3517 2651 possidere

1927 2664 2187 2719 debemus
2213 2672 2270 2719 et
2297 2681 2558 2735 quaerere,
2588 2666 2695 2723 hoc
2721 2675 2805 2724 est
2833 2669 3020 2734 ﬁdem,
3047 2669 3344 2741 justitiam,
3374 2674 3514 2728 cari-

1927 2761 2116 2809 tatem.
2146 2753 2359 2809 Habent
2385 2756 2530 2810 enim
2570 2756 2671 2812 ista
2701 2757 2845 2813 bona
2880 2759 3220 2817 adversarios
3265 2777 3426 2828 suos;
3457 2770 3516 2818 et

1927 2845 2053 2899 licet
2101 2845 2216 2902 hmc
2243 2845 2381 2900 dona
2416 2848 2484 2902 ab
2523 2848 2833 2904 hominibus
2860 2850 3094 2906 conferri
3121 2841 3231 2909 bon
3253 2863 3514 2926 possunt,

1925 2935 2234 3005 frequenter
2259 2944 2439 2990 tamen
2465 2952 2496 2991 a
2524 2939 2709 3007 pravis
2723 2939 3032 2996 hominibus
3061 2941 3392 3000 auferuntur.
3421 2946 3516 3002 At-

1925 3041 2029 3097 que
2057 3027 2178 3082 ideo
2199 3028 2342 3084 circa
2377 3027 2501 3083 ﬁdei
2531 3029 2733 3084 bonum
2763 3031 2980 3087 solliciti
3008 3048 3125 3088 esse
3153 3035 3430 3104 debemus,
3459 3046 3515 3093 et

1920 3117 2147 3187 providi,
2170 3125 2224 3172 et
2245 3119 2311 3172 ad
2336 3119 2635 3174 custodiam
2661 3119 2776 3189 ejus
2805 3123 3000 3177 tuentis
3038 3123 3325 3181 devotione
3353 3143 3500 3182 sem-

1923 3223 2021 3277 per
2057 3223 2176 3263 esse
2205 3211 2420 3276 armati,
2454 3225 2555 3265 nec
2579 3213 2688 3266 cito
2734 3212 3013 3269 fallacibus
3041 3218 3263 3272 credere
3305 3218 3514 3273 blandi-

1923 3298 2136 3352 mentis.
2172 3299 2324 3352 Solet
2352 3301 2494 3353 enim
2523 3300 2622 3355 sub
2667 3310 2936 3370 praetextu
2964 3304 3111 3372 pacis
3155 3305 3326 3361 hostis
3368 3309 3500 3362 irre-

1923 3403 2076 3458 pere,
2100 3387 2205 3442 hoc
2223 3397 2306 3441 est
2326 3387 2426 3442 sub
2453 3389 2720 3444 vocabulo
2747 3392 2984 3447 nominis
3025 3392 3316 3449 Christiani
3343 3397 3505 3452 haeret

1924 3478 2063 3534 ticus
2085 3479 2412 3543 subintrare,
2442 3479 2532 3547 qui
2561 3479 2629 3534 ad
2656 3479 3004 3549 decipiendos
3038 3483 3311 3552 simplices
3339 3487 3512 3540 homi-

1922 3583 2019 3621 nes
2039 3567 2310 3622 Christum
2335 3568 2388 3621 in
2417 3583 2512 3621 ore
2541 3575 2738 3636 portat,
2770 3569 3041 3623 diabolum
3070 3579 3224 3640 gerat
3244 3573 3296 3626 in
3325 3575 3507 3642 corde;

231 3668 313 3712 cst
338 3658 615 3718 aerumnis,
635 3658 924 3724 laboribus,
953 3667 1190 3726 egestate
1215 3675 1228 3723 ;
1262 3672 1329 3712 ne
1356 3671 1463 3710 non
1494 3662 1602 3710 tam
1622 3656 1821 3723 longzn-
1847 3657 1892 3718 C
1923 3666 1978 3712 et
1997 3673 2117 3711 eum
2149 3649 2360 3725 quidem
2390 3658 2567 3726 lingua
2597 3658 2908 3724 conﬁtetur,
2933 3661 3028 3714 sed
3049 3669 3232 3716 mente
3259 3663 3518 3734 blasphe-

234 3751 468 3803 vitatem
519 3750 640 3802 vitae
675 3758 958 3818 praestaret
983 3765 1142 3818 quam
1173 3749 1584 3818 perpetuitatem
1611 3743 1636 3782 ά
1667 3745 1818 3799 labo-

231 3856 380 3893 rum.
431 3840 566 3892 Nam
597 3840 704 3895 hoc
734 3841 784 3893 in
817 3841 904 3894 illa
944 3841 1164 3896 remedii
1211 3841 1385 3894 solum
1430 3838 1642 3892 videtur
1680 3851 1820 3904 esse,

232 3931 381 3998 quod
418 3940 442 3967 ε
466 3931 646 3985 brevis
691 3939 793 3984 est.
824 3930 974 3984 Unde
1003 3939 1058 3984 ct
1086 3931 1375 3999 Apostolus
1413 3931 1526 3983 ait:
1560 3928 1619 3982 Si
1644 3928 1696 3981 in
1729 3927 1823 3978 hac

233 4023 341 4074 vita
364 4030 563 4073 tantum
585 4021 641 4073 in
672 4021 871 4074 Clu-isto
897 4038 1184 4091 speramus,
1226 4019 1623 4074 miserabiliores
1649 4034 1821 4071 sumus

234 4111 474 4166 omnibus
513 4112 802 4165 hominibus
822 4112 876 4183 (Ι
905 4114 1025 4168 Cor.
1054 4113 1167 4184 xv).
1202 4113 1319 4166 Non
1340 4125 1467 4179 ergo
1504 4112 1555 4163 in
1585 4111 1686 4164 hac
1716 4110 1821 4162 vita

234 4211 451 4254 tantum
477 4203 528 4254 in
561 4202 777 4256 Christo
800 4203 1118 4271 sperandum
1159 4210 1262 4269 est,
1294 4202 1345 4255 in
1374 4216 1476 4269 qua
1508 4199 1633 4253 mali
1662 4213 1822 4267 quam

233 4291 368 4345 boni
410 4291 694 4360 plurimum
725 4300 985 4360 possunt:
1034 4293 1086 4346 in
1114 4309 1217 4362 qua
1248 4291 1514 4345 feliciores
1543 4296 1703 4352 sunt,
1733 4289 1822 4358 qui

235 4381 455 4450 pejores
475 4390 631 4445 sunt;
656 4388 710 4435 et
739 4397 994 4450 prospere
1016 4382 1184 4448 magis
1203 4381 1420 4448 degunt,
1453 4380 1544 4449 qui
1570 4379 1826 4432 crimino-

234 4475 355 4529 sius
379 4483 786 4529 conversantur.
811 4475 951 4540 Quid
973 4475 1115 4528 enim
1143 4475 1270 4528 boni
1300 4475 1412 4528 haec
1432 4475 1539 4525 vita
1563 4470 1825 4542 possidet?

238 4564 511 4630 llonorcs,
545 4566 778 4634 divitias,
799 4567 1107 4633 sanitatem,
1137 4579 1278 4633 quae,
1311 4565 1433 4617 licet
1463 4563 1667 4618 caduca
1696 4561 1820 4623 sint,

240 4672 353 4707 non
379 4667 558 4708 tamen
590 4657 792 4709 meritis
807 4657 1091 4720 accedunt,
1120 4655 1217 4710 sed
1245 4651 1465 4707 fortuito
1488 4653 1820 4718 contingunt.

243 4744 493 4810 Quantos
543 4747 685 4799 enim
734 4746 976 4799 videmus
1026 4761 1162 4812 quos
1207 4745 1499 4797 honoratos
1543 4741 1668 4794 tccit
1716 4754 1823 4792 non

247 4836 531 4900 honestas,
563 4836 654 4890 sed
686 4839 954 4905 potestas?
983 4836 1224 4901 Quantos
1270 4835 1482 4889 divitias
1507 4840 1826 4888 consecutos

243 4941 356 4978 non
381 4926 596 4981 relictas
617 4943 644 4979 a
677 4927 1004 4996 parentibus,
1029 4926 1123 4981 sed
1152 4925 1495 4992 sanguinibus
1515 4924 1826 4993 occupatas?

1921 3755 2056 3803 mat.
2089 3748 2170 3801 Ab
2215 3749 2319 3801 hoc
2349 3747 2510 3814 igitur
2559 3753 2775 3815 oportet
2819 3749 3035 3817 penitus
3080 3751 3360 3820 declinari,
3411 3769 3515 3810 nec

1922 3839 2098 3905 aliqua
2120 3838 2384 3892 societate
2413 3836 2688 3904 conjungi.
2721 3835 2823 3902 Qui
2843 3838 2986 3892 enim
3017 3840 3264 3896 inimicus
3289 3850 3371 3896 est
3399 3843 3510 3897 Do—

1922 3930 2072 3993 mini,
2101 3928 2374 3997 quomodo
2422 3928 2629 3982 amicus
2659 3935 2744 3983 est
2785 3931 3159 3985 servulorum?
3187 3932 3300 3988 Nec
3326 3933 3516 3988 mirari

1922 4019 2180 4074 debemus
2233 4017 2380 4086 quod
2419 4017 2728 4085 hujusmodi
2775 4019 3016 4075 hmretici
3054 4021 3108 4074 in
3144 4030 3326 4077 nostra
3357 4025 3512 4079 aber-

1923 4127 2043 4165 rare
2071 4111 2337 4181 caaperint
2362 4111 2603 4177 regione.
2638 4110 2866 4180 Semper
2894 4113 3036 4166 enim
3077 4128 3294 4183 gregem
3326 4119 3508 4172 ovium

1923 4202 2207 4256 insidiator
2229 4200 2385 4269 lupus
2405 4200 2670 4267 sequitur,
2693 4215 2909 4268 semper
2928 4201 3290 4257 Christianum
3312 4214 3512 4261 emtum

1923 4291 2167 4345 diabolus
2196 4291 2456 4359 deceptor
2484 4290 2740 4344 incursat.
2765 4288 2919 4354 Quod
2958 4290 3172 4357 quidem
3203 4291 3260 4345 ﬁt
3287 4295 3510 4358 utiliter,

1926 4391 1982 4436 ut
2010 4383 2325 4438 sollicitiore
2345 4381 2611 4447 custodia,
2638 4395 2738 4434 nec
2758 4392 2973 4447 gregem
3004 4377 3121 4434 ovis
3149 4382 3379 4449 deserat,
3409 4400 3510 4440 nec

1923 4469 2257 4526 Christianus
2278 4470 2572 4525 Ecclesiam
2587 4469 2942 4536 derelinquat.
2964 4467 3119 4524 Unde
3138 4478 3194 4525 et
3221 4469 3514 4540 Apostolus

1926 4563 2001 4616 ait
2032 4580 2045 4615 :
2077 4559 2287 4632 Oportet
2317 4561 2472 4613 etiam
2493 4559 2708 4613 hwreses
2738 4558 2984 4622 existere,
3016 4566 3071 4611 ut
3099 4558 3300 4628 probati
3337 4561 3503 4613 mani-

1928 4654 2043 4722 festi
2073 4653 2203 4720 ﬁant
2231 4653 2366 4704 inter
2399 4665 2484 4703 vos
2508 4647 2564 4720 (Ι
2591 4646 2711 4702 Cor.
2735 4645 2814 4717 XI)
2848 4665 2860 4698 :
2894 4656 3147 4716 tanquam
3192 4649 3236 4702 si
3265 4647 3505 4704 diceret:

1925 4742 2148 4810 Oportet
2171 4754 2289 4794 esse
2309 4738 2628 4793 Christianis
2654 4737 2773 4791 ﬁdei
2802 4750 3054 4806 pugnam,
3086 4746 3145 4791 ut
3170 4738 3238 4792 sit
3264 4736 3511 4806 probatis

1925 4839 2072 4887 certa
2101 4830 2342 4884 victoria.
2376 4828 2507 4882 Nam
2546 4835 2606 4881 ut
2649 4843 2835 4883 eorum
2882 4828 3096 4882 interim
3150 4828 3512 4896 blasphemias

1926 4932 2269 4989 seponamus,
2300 4923 2606 4970 retexamus
2653 4930 2770 4984 quae
2807 4915 2916 4969 sint
2962 4915 3197 4981 ipsorum
3243 4924 3511 4985 praecepta

242 5014 492 5080 Quantos
521 5016 879 5070 membrorum
908 5016 1140 5068 sanitate
1170 5016 1457 5084 pollentes,
1481 5014 1571 5083 qui
1594 5028 1702 5067 non
1732 5013 1825 5066 Dei
1852 5015 1901 5075 υ
1927 5007 2160 5064 vivendi.
2193 5004 2472 5074 Praapositi
2519 5019 2703 5058 eorum
2751 5020 2887 5073 quos
2924 5003 3266 5072 presbyteros
3290 5015 3511 5074 vocant,

243 5105 617 5159 misericordia
671 5107 1069 5173 gubernantur;
1121 5105 1214 5160 sed
1259 5103 1526 5173 pecudum
1565 5102 1828 5170 sanguine

246 5197 602 5250 crassantur?
631 5195 754 5250 llaec
804 5197 982 5265 igitur,
1033 5197 1158 5265 quia
1202 5196 1513 5264 temporalia
1565 5202 1721 5259 sunt,
1776 5200 1830 5247 et

327 5427 349 5451 ³³
387 5417 522 5489 Cod.
555 5421 797 5475 Ambros.
822 5421 893 5475 ita
922 5436 1132 5476 sensum
1161 5421 1361 5489 praibet
1393 5439 1404 5472 :
1431 5420 1522 5475 sed
1540 5421 1658 5474 hinc
1680 5421 1826 5474 illum

248 5487 595 5550 osculabatur,
627 5491 746 5543 inde
771 5491 1033 5544 vendebat.
1060 5487 1193 5544 Hoc.

328 5556 352 5593 δ
391 5555 525 5631 Cod.
568 5557 813 5631 Ambros.
854 5558 981 5631 legit
1012 5578 1023 5612 :
1056 5561 1191 5631 quod
1238 5561 1542 5629 interposita
1573 5559 1673 5620 die,
1702 5567 1823 5631 tan-

247 5643 407 5692 quam
435 5627 579 5680 inani
606 5630 834 5690 exordio,
858 5627 984 5681 velut
1012 5627 1111 5682 inci
1131 5631 1309 5682 pientes
1351 5627 1514 5682 vivere
1541 5629 1824 5696 procedunt

249 5705 400 5750 extra
421 5697 692 5752 civitatem.
723 5706 776 5751 ut
795 5700 1023 5753 ausnicia
1043 5649 1310 5753 colliannt.
1334 5700 1602 5753 ontuiaaue
1629 5698 1824 5753 neraui—

1933 5101 2181 5155 dicuntur
2217 5097 2324 5150 tale
2353 5095 2554 5149 habere
2581 5093 2920 5159 mandatum,
2950 5101 3010 5147 ut
3037 5092 3082 5148 si
3102 5093 3222 5162 quis
3249 5095 3509 5150 laicorum

1936 5189 2108 5243 fassus
2154 5185 2314 5241 fuerit
2359 5184 2561 5239 crimen
2605 5182 2917 5251 admissum,
2944 5197 3051 5238 non
3079 5181 3222 5239 dicat
3245 5184 3318 5239 illi
3353 5202 3366 5237 :
3399 5186 3517 5253 Age

1927 5429 2084 5484 rant;
2119 5429 2167 5473 et
2185 5417 2368 5472 exinde
2389 5417 2490 5471 sibi
2517 5416 2682 5486 [uturi
2709 5417 2860 5470 totius
2889 5418 3046 5484 anni,
3077 5425 3183 5472 etc.

2002 5500 2023 5528 ο
2055 5483 2188 5543 Cod.
2213 5488 2484 5551 Ambros.,
2518 5483 2636 5538 Hoc
2672 5497 2846 5551 etiam,
2870 5495 2974 5541 etc.

1997 5555 2022 5594 ἀ
2052 5555 2297 5611 Galland.
2321 5555 2476 5619 edit.,
2509 5554 2780 5608 malorum.

2000 5636 2022 5664 ⁸
2052 5625 2394 5680 Emendanda
2417 5625 2552 5680 edit.
2589 5622 2859 5690 Galland.,
2886 5625 2976 5695 qui
3007 5625 3137 5692 legit
3177 5623 3374 5677 brevius
3405 5629 3501 5670 cst.

249 5705 400 5750 utra
421 5697 692 5752 civitatem.
723 5706 776 5751 ut
795 5700 1023 5768 auspicia
1043 5697 1310 5770 colligant,
1334 5700 1602 5768 omniaque
1627 5698 1825 5768 perqui—
1920 5751 1922 5754 ,
