4054 6190
523 285 632 358 tas

1578 306 1638 360 s.
1680 273 1922 359 unum
1960 304 2260 360 EPISCOPI
2299 305 2744 364 TAURINENSIS

3699 304 3807 360 196

524 410 915 489 ptenitentiam,
965 411 1184 488 deplora
1235 417 1371 471 facta
1403 424 1512 481 tua,
1544 415 1679 470 delle
1723 426 1977 485 peccata;
2008 409 2114 470 sed
2134 425 2178 479 Α
2212 431 2354 483 xxvi,
2380 417 2499 486 75).
2529 418 2709 482 Vides,
2743 419 2958 488 inquam
2978 459 2991 485 ,
3016 417 3141 486 quia
3171 415 3313 485 apud
3342 414 3616 470 Christum
3640 415 3693 468 in
3725 415 3805 468 la-

527 499 673 564 dicat
704 527 716 562 :
759 509 865 564 Pro
906 510 1127 564 crimine
1153 509 1220 562 da
1249 517 1456 563 tantum
1518 498 1678 571 mihi,
1711 515 1765 561 et
1813 501 2113 576 indulgetur

530 601 647 656 tibi.
679 597 857 654 Vanus
886 601 1042 668 plane
1068 607 1121 653 et
1141 599 1401 667 insipiens
1429 599 1730 668 presbyter,
1760 599 1990 667 quicum
2023 599 2112 651 ille

526 685 762 762 priedam
794 688 1043 761 accipiat,
1082 699 1240 760 putat
1277 690 1418 760 quod
1454 681 1731 758 peccatum
1761 689 2003 743 Christus
2029 689 2115 742 in-

528 779 761 851 dulgeat.
796 781 976 836 Nescit
997 777 1158 852 35.7
1188 781 1312 848 quia
1343 778 1592 834 Salvator
1610 779 1750 832 solet
1778 779 1997 848 peccata
2027 779 2121 834 do-

529 871 660 928 nare
689 880 743 927 et
767 867 866 942 pro
895 872 1091 927 delicto
1120 885 1363 939 qumrere
1399 870 1664 938 pretiosas
1691 869 1977 938 lacrymas,
2003 873 2110 923 nOn

529 957 782 1034 pecunias
809 957 1161 1019 numerosas?
1190 960 1343 1016 Unde
1373 961 1486 1031 ipse
1508 959 1582 1012 ait
1615 976 1627 1011 ε
1651 955 1836 1012 Gratis
1865 959 2114 1029 “'accipi-

529 1059 627 1124 tis,
659 1058 820 1129 gratis
851 1058 969 1110 date
995 1053 1259 1126 (Malach.
1292 1052 1372 1123 χ).
1401 1047 1642 1120 Denique
1669 1049 1861 1104 Petrus
1881 1061 2008 1106 'cnm
2031 1057 2119 1105 ter

534 1148 779 1216 negando
807 1145 1090 1201 Dominum
1121 1143 1450 1212 deliquisset,
1483 1141 1694 1195 veniam
1731 1139 1844 1195 non
1875 1140 2114 1194 muneri-

530 1241 629 1292 bus
654 1239 877 1301 meruit,
908 1237 1005 1292 sed
1034 1235 1282 1306 lacrymis
1311 1231 1637 1302 impetravit.
1667 1228 1924 1286 Ait'cnim
1954 1230 2022 1284 de
2047 1245 2114 1284 eo

529 1329 898 1400 Evangelistat
932 1327 1100 1383 Flevit
1129 1321 1616 1394 amarissime(Luc.
1643 1337 1775 1386 χχιι,
1795 1320 1894 1387 62;
1917 1320 2110 1375 Matth.

2215 507 2412 577 crymis
2465 515 2548 560 cst
2591 499 2898 575 quantitas,
2931 524 3035 561 non
3079 508 3131 561 in
3156 506 3333 561 donis.
3365 504 3536 570 Quam
3566 504 3810 572 graviter

2217 593 2362 654 enim
2407 599 2554 654 ﬂevit
2589 601 2803 670 culpam
2825 643 2839 668 ,
2887 609 2992 654 tam
3023 600 3272 654 celeriter
3297 597 3461 668 358
3483 605 3811 652 consecutus

2219 697 2302 743 est
2321 690 2551 743 veniam.
2575 689 2808 758 Suscipit
2833 703 2960 756 ergo
2989 689 3130 743 dona
3154 688 3458 758 presbyter,
3482 693 3537 741 et
3555 685 3812 756 pactione

2219 778 2447 849 quadam
2489 771 2870 848 indulgentiam
2898 779 2966 834 de
3019 779 3301 834 Salvatore
3347 777 3636 847 promittit.
3667 775 3810 829 Insi-

2221 871 2374 942 piens
2400 865 2676 941 placitum,
2710 872 2763 924 in
2791 887 2898 938 quo
2932 871 3128 925 dicitur
3163 870 3339 923 minus
3367 867 3655 936 deliquisse
3695 866 3814 920 Du-

2215 961 2363 1016 min’o
2391 961 2482 1030 qui
2521 961 2641 1030 plus
2660 960 2960 1016 contulerit
2985 959 3270 1014 sacerdoti.
3316 956 3471 1027 Apud
3500 956 3813 1024 huiusmodi

2216 1065 2577 1125 praeceptores
2605 1071 2816 1126 semper
2837 1055 3033 1111 divites
3062 1057 3402 1121 innOceutes,
3425 1067 3642 1122 semper
3667 1066 3812 1122 pau-

2216 1160 2377 1215 peres
2406 1148 2702 1204 criminos'i.
2731 1146 3016 1214 Quomodo
3035 1151 3249 1216 pauper
3280 1145 3543 1200 satisfacit
3581 1160 3683 1214 pro
3714 1143 3812 1197 de-

2219 1227 2369 1304 licto,
2398 1241 2487 1308 qui
2519 1253 2624 1294 non
2657 1241 2817 1294 habet
2843 1238 2988 1310 quad
3005 1228 3208 1294 offerat
3233 1254 3332 1309 pro
3360 1238 3622 1308 peccato?

1905 1415 2248 1477 HOMILIA
2285 1419 2421 1481 ‘CV.

1554 1517 1766 1590 Incipit,
1789 1519 1926 1590 quod
1945 1537 2049 1573 non
2081 1520 2264 1574 debent
2291 1522 2465 1578 clerici
2487 1526 2764 1594 negotiari.

1951 1606 2344 1664 ADMONITIO.

599 1703 720 1758 Visa
751 1701 847 1756 fuit
869 1701 1175 1755 Mabillonio
1203 1701 1319 1755 hmo
1354 1698 1573 1754 homilia
1615 1699 1664 1752 ei
1712 1713 1850 1752 nexa
1886 1712 2048 1820 quam
2087 1713 2250 1768 supra
2278 1700 2542 1756 edidimus
2569 1718 2622 1755 ιι.
2655 1701 2741 1756 Cll
2768 1721 2780 1755 :
2814 1702 2891 1756 De
2919 1720 2979 1756 eo

599 1791 642 1820 η-
679 1790 693 1820 ι
727 1770 1033 1820 :Cmmones
1064 1771 1136 1820 tui
1155 1771 1368 1820 miscent
1394 1770 1736 1820 aauamviuo.
1771 1768 1860 1820 ubi
1929 1783 1959 1820 e
1981 1769 2282 1820 ministerio
2311 1772 2497 1820 altaris
2541 1773 2651 1820 agit
2689 1773 2748 1820 S-
2783 1773 2975 1820 Maxim

1929 1783 1959 1822 e
1981 1772 2282 1852 ministerio
2311 1772 2505 1852 altaris.
2541 1773 2651 1839 agit
2689 1773 2748 1826 S.
2783 1773 3064 1836 Maximus,
3093 1772 3370 1852 docetque‘
3387 1778 3654 1852 quaestum
3683 1788 3818 1852 esse

523 1791 642 1842 cap.
678 1790 693 1827 ι
727 1770 1033 1842 :Caupones
1064 1771 1368 1842 tuiimiscent
1394 1785 1581 1842 aquam
1601 1770 1736 1842 riuo,
1771 1768 1860 1820 ubi

3022 1703 3160 1770 quod
3188 1701 3434 1771 scriptum
3462 1709 3539 1754 est
3577 1701 3633 1754 in
3665 1700 3818 1756 Isaia

528 1835 889 1897 sacerdotium
919 1857 1026 1895 non
1049 1840 1374 1903 divitiarum,
1405 1835 1501 1892 sed
1532 1839 1849 1910 animarum.
1873 1835 2009 1890 Cum
2035 1851 2165 1910 ergo
2195 1839 2335 1910 idem
2366 1842 2453 1896 hic
2493 1835 2821 1896 insianretur
2849 1835 3248 1910 argumentum,
3273 1835 3572 1910 iisdemque
3602 1841 3820 1896 doctri-

528 1913 611 1966 nis
632 1911 925 1982 negotiatio
940 1910 1214 1982 stecularis
1230 1911 1559 1982 clericorum
1589 1907 1924 1982 reprobctur,
1958 1908 2158 1982 nemini
2186 1909 2408 1982 dubium
2453 1927 2572 1982 esse
2601 1907 2942 1982 potestquid
2979 1911 3158 1982 eidem
3182 1981 3187 1982 γ
3207 1910 3439 1982 Maximo
3471 1907 3698 1982 homilia
3722 1912 3799 1965 sit

528 1976 891 2036 concedenda.
923 1980 1242 2034 Auctoritati
1271 1980 1489 2049 codicis
1521 1976 2264 2049 Sangallensis,_judicioque
2319 1976 2634 2048 Mabillonii,
2676 1991 2730 2036 et
2777 1976 3040 2036 Gallandii
3063 1981 3192 2049 ,‘qui
3234 1994 3352 2034 eam
3386 1981 3576 2049 iterum
3604 1979 3807 2041 edidit,

528 2051 735 2106 accedit
761 2051 1123 2105 testimonium
1150 2050 1350 2105 codicis
1373 2048 1442 2101 90
1467 2047 1524 2100 S.
1573 2047 1764 2101 Crucis
1812 2047 1864 2098 in
1914 2045 2232 2114 Jerusalem,
2267 2052 2354 2104 ubi
2407 2059 2491 2105 est
2519 2045 2738 2106 homilia
2779 2051 2866 2115 Ξῖ),
2898 2067 3021 2105 cum

3067 2047 3174 2118 quo
3214 2049 3502 2104 lectionem
3528 2047 3814 2104 Gallandii

528 2121 874 2183 contulimus,
897 2127 952 2175 et
977 2120 1240 2188 aliquibus
1261 2120 1314 2172 in
1344 2117 1477 2188 locis
1498 2117 1922 2188 emendavimus.
1946 2115 2005 2170 In
2034 2128 2336 2188 memorato
2356 2122 2548 2176 codice
2574 2120 2631 2175 S.
2661 2121 2847 2176 Crucis
2869 2122 3011 2175 illius
3039 2115 3121 2175 est
3149 2120 3364 2174 titulus:
3391 2118 3528 2188 Item
3546 2120 3611 2172 de
3624 2121 3817 2174 eodem

527 2193 830 2262 sequentia;
853 2185 1196 2258 subsequitur
1213 2189 1355 2243 enim
1382 2187 1658 2240 bomiliam
1677 2185 1987 2254 inscriptam
2013 2204 2026 2240 ε
2061 2186 2140 2242 De
2168 2205 2228 2242 eo
2257 2190 2393 2260 quod
2414 2193 2664 2262 scriptum
2688 2199 2767 2246 est
2796 2209 2808 2244 :
2846 2191 3063 2245 Reddite
3084 2206 3196 2261 qua:
3220 2188 3319 2243 Dei
3347 2185 3465 2242 sunt
3497 2187 3632 2256 Deo,
3663 2201 3717 2244 et
3747 2191 3815 2245 de

529 2257 894 2313 militantibus.

529 2353 920 2427 Ancuunnruu.
948 2381 1020 2392 --
1049 2347 1511 2427 Sacerdoteshideo
1559 2353 1782 2427 erogant
1824 2329 2115 2427 mandantis
2146 2350 2194 2411 Β
2224 2341 2486 2404 Pecunias
2531 2350 2676 2405 enim
2724 2347 2958 2415 Domini,
3010 2347 3118 2404 hoc
3159 2328 3244 2403 est
3279 2347 3491 2416 eloquia
3515 2345 3821 2404 Salvatoris

598 2421 864 2491 pecunias,
892 2428 966 2491 Aut
1013 2415 1236 2491 internas
1263 2415 1469 2491 diuitias
1507 2413 1801 2491 acquirunt.
1835 2413 2117 2490 Mercimo-

598 2483 739 2542 nium
766 2483 1022 2558 quoddam
1049 2496 1130 2557 est,
1154 2483 1563 2558 Christianitatis
1589 2483 1829 2554 oﬂicium,
1859 2493 1908 2539 et
1957 2484 2116 2556 nego-

599 2559 746 2612 tiatio
775 2555 1022 2628 pretiosa,
1055 2555 1250 2628 [unctio
1278 2555 1624 2608 sacerdotum.

601 2703 1068 2780 Repreliendimus
1097 2714 1224 2762 ante
1248 2706 1388 2762 diem
1435 2706 1858 2780 negotiationem
1891 2693 2118 2765 clericos

529 2808 884 2868 exercentes,
905 2806 964 2854 et
980 2798 1126 2868 justa
1156 2812 1252 2852 eos
1285 2797 1685 2867 quodammodo
1726 2797 1994 2852 sententia
2023 2813 2116 2852 ca-

527 2893 840 2964 stigavimus
873 2908 886 2944 :
933 2889 1027 2945 sed
1061 2889 1108 2944 si
1151 2897 1302 2944 recte
1348 2887 1376 2926 b
1404 2887 1834 2956 consideremus,
1881 2887 2117 2943 cilicium

528 2994 772 3040 nostrum
812 2997 941 3038 vere
979 2981 1256 3052 negotium
1281 2987 1399 3046 est;
1444 2988 1500 3035 et
1532 2979 1736 3035 functio
1772 2979 2118 3038 sacerdotalis

527 3073 808 3130 ministerii
837 3071 1042 3127 functio
1081 3069 1327 3140 quaedam
1362 3079 1446 3126 est
1473 3070 1730 3140 spiritalis
1758 3071 2112 3127 mercimonii.

527 3164 652 3222 Ideo
672 3167 818 3222 enim
847 3173 1064 3220 terrena
1109 3163 1498 3234 impendimus,
1530 3171 1590 3218 ut
1634 3164 1876 3220 cmlestia
1921 3178 2114 3220 conse-

527 3272 786 3329 quamur;
809 3255 930 3311 ideo
959 3268 1244 3324 erogamus
1271 3253 1566 3308 mundanas
1585 3254 1938 3324 pecunias,ut
1964 3263 2118 3310 teter-

527 3363 627 3404 nas
654 3347 868 3404 divitias
896 3345 1240 3416 acquiramus
1272 3361 1285 3398 :
1311 3343 1436 3399 ideo
1462 3343 1602 3398 fame
1630 3353 1814 3400 nostra
1837 3345 1971 3399 alios
2000 3360 2117 3415 pas-

526 3438 720 3503 cimus,
742 3444 802 3491 ut
841 3452 951 3491 non
983 3447 1002 3472 ε
1036 3434 1292 3505 depereat
1331 3434 1584 3490 alimonia
1614 3441 1816 3501 nostra,
1847 3434 1942 3490 sed
1963 3449 2112 3489 cres-

526 3537 632 3582 cat.
656 3525 794 3594 Quid
823 3527 967 3580 enim
996 3525 1096 3579 sibi
1124 3524 1238 3578 vult
1265 3539 1558 3594 pauperum
1607 3539 1705 3594 per
1727 3539 1826 3579 nos
1869 3524 2111 3592 refectio,

527 3616 654 3687 quid
684 3615 952 3670 nudorum
981 3613 1270 3694 protectio,
1294 3614 1420 3682 quid
1439 3621 1839 3669 carceratorum
1853 3613 2111 3681 visitatio,

2223 2443 2442 2512 populis
2469 2442 2738 2510 eroganda
2764 2441 3132 2512 susCepimus;
3158 2441 3226 2496 de
3251 2440 3447 2509 quibus
3484 2439 3719 2509 eloquiis
3750 2441 3820 2496 ad

2220 2533 2368 2588 illum
2395 2541 2640 2588 tenacem
2678 2540 2732 2587 et
2773 2532 3080 2603 imperitum
3108 2529 3394 2586 sacerdotii
3419 2531 3820 2598 negotiatorem

2223 2627 2487 2681 Dominus
2515 2625 2569 2679 in
2586 2615 2884 2692 ‘Evangeli'o
2913 2613 3081 2679 dicit:
3101 2623 3274 2678 'Serve
3300 2639 3552 2694 nequam,
3585 2624 3820 2692 aportuit

2227 2727 2276 2772 te
2294 2718 2565 2789 pecuniam
2587 2733 2754 2770 meam
2775 2715 2902 2770 dare
2920 2716 2988 2768 ad
3012 2731 3241 2769 mensam
3269 2713 3579 2768 numulariis
3595 2751 3612 2775 ,
3648 2721 3699 2766 et
3722 2729 3819 2785 ego

2218 2809 2422 2864 veniens
2452 2823 2566 2860 cum
2588 2807 2758 2860 usuris
2787 2807 3070 2878 exegissem
3096 2821 3211 2858 eam
3257 2803 3477 2876 (Matth.
3518 2803 3681 2873 xxv).
3717 2803 3818 2857 Ar-

2217 2900 2395 2969 guitur
2423 2900 2585 2964 enim,
2617 2914 2715 2954 cur
2742 2905 3008 2968 prmcepta
3029 2897 3334 2952 Divinitatis
3362 2896 3465 2953 sibi
3487 2896 3698 2952 credita
3730 2912 3819 2952 re-

2223 2991 2522 3046 servaverit
2549 2991 2845 3053 reticendo,
2869 3004 2988 3061 qua:
3017 2989 3372 3058 multiplicare
3400 2987 3660 3044 debuerat
3686 3003 3820 3057 pra:-

2216 3079 2468 3134 dicando.
2492 3079 2779 3148 Arguetur,
2804 3080 3041 3148 inquam,
3071 3095 3167 3134 cur
3187 3095 3293 3133 non
3320 3065 3669 3133 seminaverit
3690 3073 3820 3134 ero-

2215 3170 2390 3240 gando
2418 3186 2537 3240 quae
2563 3172 2734 3240 possit
2773 3181 2976 3226 metere
3011 3169 3349 3241 colligendo;
3379 3171 3518 3225 sicut
3546 3170 3625 3223 ait
3653 3169 3815 3240 Apo-

2214 3263 2385 3320 stolus
2413 3281 2425 3315 :
2452 3260 2580 3326 Qua:
2605 3265 2931 3318 seminaverit
2961 3265 3130 3328 homo,
3149 3265 3257 3318 hazc
3285 3274 3336 3317 et
3364 3271 3518 3316 metet
3550 3261 3692 3333 (Gal.
3716 3264 3817 3338 γι).

2217 3353 2306 3408 Ait
2331 3353 2474 3408 enim
2521 3347 2780 3409 Dominus
2812 3373 2824 3407 :
2864 3354 3084 3409 Veniens
3125 3371 3239 3408 cum
3278 3355 3453 3408 usuris
3495 3355 3816 3424 exegissent.

2214 3445 2456 3515 lntellige
2485 3460 2614 3515 ergo
2662 3448 3084 3516 negotiationem
3127 3448 3200 3503 ibi
3229 3463 3368 3511 esse,
3411 3449 3502 3502 ubi
3547 3456 3818 3519 tanquam

2214 3549 2313 3606 pro
2342 3535 2528 3590 fenore
2557 3553 2716 3592 usura
2741 3539 3050 3607 deposcitur
3082 3557 3094 3592 :
3141 3540 3234 3594 sed
3275 3555 3384 3594 non
3408 3540 3497 3594 illa
3519 3557 3686 3596 usura
3715 3559 3816 3612 per

2215 3642 2375 3696 quam
2423 3641 2707 3680 avarorum
2758 3638 2967 3682 mentes
2996 3629 3255 3684 lucrativa
3295 3631 3537 3699 pecunia:
3567 3632 3817 3686 redhibi-

529 3707 633 3763 nisi
657 3707 782 3776 quia
817 3714 1062 3775 sumptus
1089 3705 1180 3774 qui
1219 3706 1274 3759 in
1304 3706 1408 3760 illis
1440 3714 1724 3774 erogatur,
1764 3719 1872 3758 non
1901 3705 2111 3775 impen-

2225 3719 2371 3774 tione
2398 3727 2710 3788 pascuntur,
2744 3719 2905 3789 349
2937 3729 2960 3756 θ
2991 3719 3045 3773 in
3091 3735 3198 3789 qua
3236 3728 3614 3774 remuneratur
3635 3722 3816 3777 credi-

528 3797 693 3861 ditur,
740 3794 835 3850 sed
862 3803 1121 3863 augetur;
1153 3793 1178 3830 ἀ
1213 3803 1268 3848 et
1290 3796 1584 3862 negotiatio
1605 3796 2003 3864 quodammodo
2032 3812 2114 3851 ar-

531 3885 680 3952 genti
739 3899 862 3938 cum
914 3883 1145 3952 quadam
1217 3883 1348 3936 lucri
1408 3899 1570 3937 usura
1625 3887 1912 3939 servatur?
1969 3886 2112 3940 Thc-

525 3988 722 4029 saurus
745 3974 888 4041 enim
912 3971 1130 4042 quidam
1155 3972 1306 4026 diviti
1331 3980 1412 4026 est
1444 3987 1650 4042 pauper
1677 3974 1936 4028 esuriens.
1963 3973 2110 4030 Elec-

521 4077 813 4132 mosynam
868 4063 1012 4117 enim
1055 4060 1238 4116 datam
1281 4078 1389 4117 non
1438 4062 1692 4129 comedit,
1733 4064 1828 4120 sed
1855 4067 2108 4122 custodit.

513 4152 788 4208 ‘Solvatur
814 4153 940 4208 licet
967 4167 1112 4218 caro,
1144 4162 1199 4207 et
1225 4154 1388 4208 homo
1434 4153 1485 4208 in
1515 4153 1789 4224 pulverem
1816 4156 2108 4227 redigatur,

513 4258 673 4313 .Opus
689 4249 881 4298 tamen
911 4242 964 4296 in
1001 4257 1068 4298 eo
1103 4250 1345 4298 sanctum
1366 4244 1516 4310 vivit,
1539 4253 1593 4299 et
1612 4255 1910 4314 permanet,
1933 4258 1990 4302 et
2009 4249 2112 4303 erit

532 4333 632 4388 tibi
655 4330 825 4386 indic
847 4323 1213 4402 judicii'testis
1241 4331 1496 4400 idoneus,
1527 4334 1618 4402 qui
1646 4334 1746 4390 sibi
1777 4343 1861 4390 est
1886 4335 1956 4390 ad
1984 4353 2108 4407 pas-

527 4436 643 4480 tum
673 4431 924 4493 operator
938 4423 1146 4478 inutilis
1177 4441 1189 4476 :
1223 4424 1294 4478 ita
1319 4433 1377 4495 ut
1398 4425 1508 4480 cito
1537 4427 1584 4481 ei
1613 4427 1681 4482 de
1721 4428 1826 4484 tuis
1863 4429 2114 4486 credatur

529 4516 808 4587 operibus,
837 4531 960 4571 cum
1001 4516 1069 4578 de
1114 4517 1224 4571 suis
1271 4519 1478 4573 actibus
1523 4534 1633 4574 non
1675 4520 1946 4576 credatur.
1978 4523 2112 4580 Vide

526 4619 660 4674 ergo
687 4607 733 4660 si
757 4621 865 4660 non
908 4607 1200 4673 negotiatio
1238 4617 1321 4662 est
1348 4609 1706 4682 eleemosyna.
1739 4612 1926 4670 Amico
1967 4619 2110 4686 quod

525 4695 756 4765 largitus
790 4693 952 4758 fueris
981 4695 1073 4750 tibi
1109 4698 1265 4766 perit,
1318 4700 1490 4755 solum
1520 4702 1616 4757 tibi
1651 4720 1759 4760 non
1788 4707 1926 4776 perit
1962 4725 2113 4765 men-

527 4785 650 4842 dico
671 4786 817 4856 quod
862 4784 1094 4842 dederis.
1126 4788 1184 4842 ιιι
1224 4789 1312 4844 die
1334 4790 1521 4859 judicii
1551 4795 1691 4848 enim
1719 4811 1984 4868 pauperes
2012 4801 2109 4856 tibi

529 4883 787 4944 prosunt,
836 4877 994 4933 amici
1020 4877 1221 4947 ﬁliique
1270 4881 1399 4934 nihil
1452 4893 1697 4952 prosunt.
1759 4887 1839 4942 llli
1889 4905 2106 4946 causam

521 4971 675 5017 tuam
702 4976 894 5034 agent;
925 4968 1011 5024 isti
1041 4984 1141 5025 nec
1187 4984 1403 5047 causam
1448 4987 1599 5028 suam
1634 4985 1893 5045 poterunt
1920 4980 2108 5037 defen-

2216 3811 2324 3883 tori
2350 3811 2612 3878 debitum,
2644 3825 2744 3864 nec
2771 3811 3008 3865 debitum
3037 3821 3332 3864 evacuatur
3355 3851 3370 3874 ,
3403 3810 3496 3864 sed
3527 3811 3614 3864 illa
3650 3828 3815 3865 usura

2217 3901 2527 3970 deposcitur
2557 3900 2646 3955 ubi
2697 3917 2804 3956 non
2847 3901 3195 3954 denariorum
3258 3903 3418 3966 ratio,
3449 3901 3545 3957 sed
3594 3919 3814 3958 morum

2217 3990 2561 4044 conversatio
2589 3999 2934 4061 supputatur,
2961 3991 3050 4045 ubi
3071 4007 3177 4046 non
3216 3991 3283 4046 de
3311 3992 3487 4062 capite
3509 3994 3674 4048 sortis
3701 3996 3814 4064 agi-

2218 4086 2335 4145 tur,
2360 4077 2456 4133 sed
2491 4079 2556 4134 de
2595 4081 2772 4150 capite
2799 4081 2989 4134 salutis
3018 4080 3322 4150 inquiritur.
3350 4079 3638 4136 Debitores
3663 4085 3815 4138 enim

2217 4186 2421 4237 sumus,
2448 4179 2503 4225 et
2531 4171 2748 4226 obnoxii
2775 4171 3073 4226 retinemur
3095 4171 3163 4226 ad
3190 4172 3430 4227 debitum
3447 4214 3462 4237 ,
3492 4189 3600 4229 non
3623 4173 3814 4229 chiro-

2213 4263 2422 4333 grapho
2487 4263 2818 4331 litterarum,
2867 4264 2962 4319 sed
3017 4265 3381 4335 chirographo
3427 4276 3812 4336 peccatorum.

2219 4353 2375 4410 Unde
2421 4363 2476 4410 et
2514 4355 2804 4424 Apostolus
2832 4357 2906 4410 ait
2931 4357 2999 4412 de
3037 4358 3264 4412 Domino
3305 4359 3490 4414 dicens
3523 4377 3535 4412 :
3590 4347 3812 4432 Delens,

2215 4442 2351 4516 quod
2379 4445 2650 4499 adversum
2699 4461 2793 4498 uos
2837 4457 2951 4500 erat
2978 4448 3378 4519 chirographum
3408 4448 3554 4520 (Col.
3589 4451 3649 4517 ιι)
3699 4469 3712 4502 :
3757 4460 3814 4506 et

2216 4537 2441 4605 reliqua.
2465 4535 2632 4605 Hujus
2652 4549 2782 4604 ergo
2802 4536 2968 4591 debiti
2990 4553 3205 4591 usuram
3231 4537 3484 4606 jubemur
3498 4539 3812 4606 exsolvere;

2217 4643 2342 4685 nam
2373 4628 2527 4684 istius
2554 4627 2812 4683 debitoris
2837 4627 3082 4681 meminit
3101 4627 3359 4683 Dominus
3375 4627 3604 4697 350m
3634 4625 3812 4682 Evan-

2206 4718 2379 4788 tgelio,
2410 4718 2595 4773 dicens
2627 4715 2944 4772 tradendum
2965 4717 3107 4771 hunc
3133 4731 3253 4772 esse
3280 4715 3518 4772 exactori
3535 4759 3550 4784 ,
3582 4718 3813 4773 mitten—

2216 4808 2342 4861 dum
2379 4808 2432 4860 in
2461 4821 2752 4872 carcerem,
2783 4815 2838 4862 et
2880 4822 2988 4862 non
3018 4806 3396 4863 dimittendum
3422 4808 3598 4863 donec
3626 4810 3812 4865 solvat

2216 4899 2565 4954 novissimum
2611 4901 2967 4969 quadrantem
3012 4901 3227 4974 (Matth.
3256 4902 3344 4974 v).
3389 4902 3622 4958 Istorum
3673 4921 3809 4974 ergo

2218 4987 2552 5056 eloquiorum
2583 4998 2639 5044 et
2667 5006 2786 5056 nos,
2819 4990 3014 5046 fratres
3034 5034 3049 5059 ,
3076 5008 3295 5047 usuram
3334 4995 3622 5061 debemus;
3674 4998 3809 5067 quia

527 5050 1120 5156 ξθτθιςοθξθτθίφοηίιιπξ
1143 5061 1285 5156 θρίω
1313 5063 1584 5156 QUOddatn
1611 5073 1696 5120 est
1734 5065 2107 5127 Christianita-
2135 5091 2188 5154 ι)
2210 5050 2355 5134 enim
2395 5097 2555 5137 usura
2585 5083 2653 5138 ab
2700 5050 2903 5140 utendo
2949 5050 3177 5152 dicitur,
3207 5050 3665 5156 quemadmodum
3695 5050 3810 5146 ’θος

511 5141 597 5196 .tis
619 5141 852 5197 cilicium
868 5154 924 5200 et
946 5153 1238 5218 negotiatio
1253 5155 1508 5224 pretiosa,
1526 5154 1728 5213 functio
1739 5161 2096 5220 sacerdotum.

648 5329 914 5412 931nm,
947 5335 1436 5412 Gratisacceptstis.

551 5469 562 5480 .
596 5399 624 5438 δ
655 5400 829 5455 Minus
857 5399 1006 5460 recte
1022 5413 1036 5480 _'
1051 5407 1219 5465 editio
1265 5399 1530 5471 Uallandii
1577 5427 1632 5472 et
1653 5417 2100 5480 venenatae-

514 5476 656 5524 {iam
685 5483 982 5554 exppnunt,
1004 5477 1129 5530 dum
1153 5481 1229 5534 sic
1252 5481 1436 5554 legunt
1463 5505 1476 5540 :
1513 5488 1604 5542 sed
1629 5490 1674 5543 si
1698 5501 1836 5545 recte
1861 5476 2102 5550 conside-

523 5542 1224 5632 ramus—qmcinmnon‘vere
1252 5542 1511 5632 negotium
1552 5542 1647 5624 est,
1680 5542 2099 5632 sed.

519 5609 800 5737 magis;
828 5614 1114 5680 ministerii,
1139 5609 1338 5690 [unctio
1360 5609 1599 5692 quaedam
1614 5609 1699 5684 est
1709 5609 2103 5700 iiiii'iiiii'm'e'}.

2207 5173 2292 5228 his
2338 5181 2555 5229 utamur
2594 5175 2823 5246 eloquiis
2864 5178 3129 5234 rationem
3177 5178 3355 5234 daturi
3401 5194 3609 5234 sumus.
3683 5181 3806 5237 Non

2206 5424 2223 5430 η
2287 5372 2323 5446 ,ξ
2357 5361 2637 5419 Editioncs
2675 5366 2812 5422 Ven.
2856 5373 2912 5421 et
2939 5365 3206 5436 Galland.,
3236 5371 3448 5442 deﬁciat
3492 5389 3593 5443 pro
3639 5376 3804 5446 dape-

2443 5502 2567 5558 cod.
2600 5503 2753 5582 90.8.
2779 5505 2971 5582 _Crucis
2991 5500 3048 5563 in
3069 5507 3208 5574 ‘Jer.,
3231 5508 3496 5567 Gallandii
3523 5523 3580 5569 et
3602 5513 3798 5570 Venet.

2209 5569 2476 5627 editiones
2496 5573 2862 5631 emendanda}.

2207 5640 2666 5780 cto'lgonizjntnam
2694 5645 2777 5702 hic
2803 5657 2855 5701 ct
2881 5647 3079 5702 claram
3110 5641 3279 5706 usura:
3306 5643 3581 5707 notionem
3609 5652 3669 5710 S.
3703 5653 3804 5709 do-

2382 5727 2454 5766 ra:
2491 5729 2521 5767 e
2551 5754 2563 5766 .

2382 5727 2563 5767 Γωυθῑ.
