4054 6190
229 457 322 511 497
1627 464 1789 519 "OMU
1798 465 1905 518 LIA
1943 465 2072 520 CVI.
3393 475 3510 529 498“

225 570 644 623 cnimincassum
670 567 1010 644 Evangeliu‘m
1043 573 1440 640 pra:dicat,non
1472 577 1638 642 gratis
1669 577 1809 645 Apo-
1837 583 1882 636 A
1913 579 2057 653 beati
2104 586 2263 650 erunt
2290 579 2356 650 de
2401 580 2706 647 devotione,
2734 574 2834 639 aut.
2867 586 2942 640 rei
2968 586 3035 640 de
3077 589 3504 646 contestatione.

224 659 395 712 stolus
423 658 637 724 clamat,
668 672 772 711 non
821 659 936 712 sine
962 673 1119 736 causa
1144 660 1455 716 sacerdotes
1480 662 1800 731 loquuntur:
1915 666 2172 736 Explicit.

227 753 276 803 in
325 763 771 820 quorumcuuque
799 764 955 814 aures
985 765 1086 802 vox
1132 757 1316 824 sancta
1347 754 1689 820 pervenerit,
1715 764 1810 808 aut

1593 852 1933 926 HOMILIA
1981 857 2137 923 CVI.

1268 951 1346 1015 De
1375 954 1555 1018 timore
1581 955 1680 1015 Dei
1708 967 1758 1010 et
1785 961 2102 1014 correctione
2133 962 2448 1032 linguarum.

1682 1048 2082 1108 ADMONITIO.

295 1137 591 1216 Ptin-imum
619 1150 728 1216 npg
745 1133 942 1216 debet};
969 1134 1192 1216 professi
1222 1150 1407 1215 sumus
1434 1135 1488 1189 in
1513 1135 1829 1216 praefatione
1856 1140 2220 1216 eruditissimo
2247 1142 2546 1216 viroJOan.
2596 1145 2845 1216 Baptista:
2873 1148 3078 1203 Branca
3104 1151 3349 1206 biblioth.
3379 1152 3506 1205 Am-

223 1207 490 1285 brosianus
521 1203 730 1285 praesidi
759 1203 1066 1285 Stipstituto,
1093 1205 1182 1271 qui
1208 1205 1410 1285 primus
1439 1203 2036 1285 nobishhujushomilite
2058 1211 2434 1285 copian_1_l'e_cit.
2461 1214 2570 1270 Nos
2591 1203 2753 1270 etiam
2783 1217 3061 1282 admonuit
3089 1203 3518 1280 eﬁiéi‘éddﬁc.

223 1277 408 1330 surculi
436 1277 488 1330 an
517 1271 784 1343 quondam
817 1271 1066 1344 Ecclesia;
1093 1271 1456 1343 przepositura:
1498 1275 1603 1330 loci
1635 1271 1871 1330 Biaschae
1901 1277 1952 1331 in'
1983 1271 2200 1334 ὀίωοὲδὶ
2241 1281 2624 1339 Mediolanensi
2653 1295 2901 1341 recenter
2923 1271 2958 1341 ά
2987 1271 3506 1344 δίωίδιιιῖλῆῐιῖέῖόἰ

221 1349 379 1424 siuna
408 1353 721 1424 corripui-ato
749 1359 780 1396 a
809 1343 1217 1424 se_exscripta‘m
1244 1343 1428 1424 luisse,
1457 1347 1830 1424 quamnullibi
1853 1347 2165 1424 impressam
2193 1350 2413 1424 invenit,
2440 1345 2613 1407 nisiin
2636 1351 2945 1424 pervetusto
2967 1357 3240 1412 Breviario
3267 1345 3331 1411 ad
3357 1343 3508 1412 usum

225 1415 493 1490 Ecclesia:_
510 1412 920 1490 Mediolatiensis
948 1427 1036 1490 an_.
1067 1412 1222 1490 499.
1258 1414 1391 1490 Dum
1418 1412 1550 1490 vero
1579 1415 1861 1490 Florentia:
1885 1412 1943 1470 ιη’
1963 1419 2235 1490 codicibus
2264 1412 2660 1490 Laurentianis',
2681 1434 2736 1479 et
2759 1426 2845 1480 hic
2866 1426 3051 1481 Romae
3075 1429 3126 1482 in
3146 1428 3510 1484 celeberrimis

223 1482 841 1566 manuscriptisnSancttc
868 1482 1054 1566 grucis
1084 1483 1135 1536 in
1161 1482 1458 1566 Jerusalem
1487 1486 1828 1566 absconditos
1854 1488 2024 1566 sancti
2049 1488 2274 1566 ,Μειξίηῇ
2305 1506 2434 1566 opes
2461 1482 2886 1566 exquireremus,
2916 1482 3510 1566 duorum—prastantis-l

221 1556 488 1628 simorum
514 1553 756 1628 codicum
789 1553 1091 1606 testimonia
1120 1554 1393 1628 eguisecuti
1422 1570 1624 1628 sumus,
1657 1556 1851 1628 quibus
1891 1557 2091 1628 codicis
2138 1553 2476 1613 Ambrosiani
2529 1553 2658 1616 lides
2687 1553 2913 1628 augetur
2941 1573 2996 1619 et
3025 1553 3337 1621 illustratur.
3372 1566 3510 1621 Sunt

221 1633 406 1679 autem
439 1623 741 1702 l1i_:’_coldex
764 1637 942 1702 ctuxu
971 1622 1192 1702 pag._69
1220 1630 1452 1702 antergo,
1485 1624 1612 1702 olim
1633 1625 1780 1702 aedil.
1811 1627 1945 1702 eccl:
1973 1639 2202 1702 tuetrop.
2237 1627 2580 1702 Florentium,
2606 1622 2825 1702 nuncin
2847 1635 3227 1702 Laurentiano,
3256 1645 3312 1689 et
3337 1636 3512 1691 codex

222 1711 275 1771 rx
297 1708 425 1771 pag:
453 1692 513 1771 5i
539 1691 598 1771 SI:
619 1689 888 1771 (Erucisin
909 1689 1228 1771 Jerusalem.
1252 1692 1360 1771 Sed
1373 1689 1523 1771 'qupt
1549 1695 1782 1771 codices,
1806 1703 1885 1771 tot
1909 1696 2046 1771 tituli
2076 1689 2443 1771 ad'homiliam
2465 1689 2691 1771 omnino
2718 1703 2934 1757 diversi.
2957 1689 3098 1757 Nam
3128 1689 3511 1759 Ambrosianus

220 1760 310 1837 sic
329 1760 498 1832 habet
521 1760 788 1837 ._Subba_to
814 1761 867 1837 in
897 1761 1180 1837 traditione
1203 1760 1422 1837 symboli
1450 1760 1939 1837 It_om_ilia'Maximi.
1980 1766 2177 1832 Venite,
2210 1768 2326 1837 ﬁlii,
2352 1770 2526 1823 audite
2553 1788 2664 1835 me;
2698 1775 2932 1826 timorem
2957 1773 3165 1828 Domini
3191 1774 3379 1828 docebo
3400 1792 3506 1829 vos.

221 1830 709 1912 ldemnest-titulus'
732 1831 781 1883 in
812 1830 1511 1912 Breviario.Mediolan'ensi.
1547 1832 1735 1912 Co_dex_
1762 1844 1942 1912 autem
1973 1837 2106 1912 e_ccl.
2139 1830 2368 1912 metrop.
2411 1830 2659 1895 Floreat;
2679 1844 2951 1910 pt‘ﬂmliSSO
2977 1843 3129 1897 Luem
3160 1843 3356 1912 Evang.
3392 1845 3514 1898 loco

221 1918 343 1971 cap.
436 1903 650 1983 affigit
677 1899 828 1982 Iesus
865 1901 1130 1983 discipulis
1168 1903 1275 1955 suis
1292 1917 1334 1983 ἐς
1356 1899 1533 1983 Es_tote
1561 1903 1937 1983 misericordes,
1969 1906 2100 1983 sicut
2121 1905 2300 1983 Pater
2319 1899 2502 1983 'vester
2544 1899 2835 1966 misericors
2863 1923 2957 1977 est,
2988 1925 3036 1983 et
3065 1901 3278 1983 reliqua.
3307 1899 3512 1968 VSermo

224 1970 398 2027 sancti
427 1970 650 2042 Maximi
667 1972 904 2042 episcopi
928 1971 1066 2042 unde
1089 1987 1267 2039 supra.
1292 1970 1528 2042 Tandem
1550 1973 1721 2026 codex
1742 1972 1954 2028 Sanctze
1975 1972 2162 2030 Crucis
2189 1978 2240 2030 in
2269 1976 2562 2033 Jerusalem
2594 1983 2669 2035 sic
2701 1970 2973 2036 inscribit:
2997 1970 3185 2037 Sermo,
3203 1984 3370 2036 sancti
3395 1983 3513 2042 Ma-

222 2043 351 2120 ximi
382 2041 612 2120 episcopi
641 2039 704 2120 de
729 2041 910 2120 timure
945 2039 1043 2093 Dei
1078 2041 1464 2120 et_correctio.ne
1491 2042 1805 2120 linguarum.
1834 2044 1951 2098 NOn
1971 2046 2199 2120 primum
2222 2061 2323 2120 nec
2352 2050 2640 2103 secundum
2662 2051 2996 2120 probandum
3017 2051 3258 2105 dlicimus
3281 2039 3512 2117 titulum,

223 2113 356 2180 quia
392 2109 538 2188 nihil
556 2109 796 2178 profecto
825 2110 892 2188 de
911 2126 985 2188 eo
1013 2110 1155 2188 quod
1186 2109 1584 2188 annuntiantiii
1612 2111 1842 2188 humilia
1861 2109 2226 2188 contineatur:
2253 2115 2386 2188 Cum
2415 2133 2544 2172 vero
2573 2109 2766 2174 tertius
2797 2121 2978 2174 titulus
3007 2121 3204 2174 indicet
3230 2109 3512 2188 argumenl

223 2179 358 2246 tum,
393 2179 542 2248 quod
571 2189 754 2253 orator
773 2187 884 2253 tota
910 2181 960 2233 in
983 2181 1242 2253 concione
1270 2183 1629 2253 prosequitur,
1659 2181 2062 2238 hunc'bomilite
2086 2179 2426 2253 praeﬁximus,
2451 2203 2678 2253 eamque
2703 2187 2779 2242 De
2803 2191 2983 2244 timore
3005 2189 3101 2243 Dei
3123 2201 3172 2242 et
3198 2179 3513 2244 correctione

223 2253 525 2324 linguarum
555 2249 924 2324 appellandam
953 2249 1385 2324 ccnsnimusQDe
1415 2251 1704 2324 traditione
1731 2253 1978 2324 symboli,
2010 2249 2155 2321 quod
2182 2249 2556 2324 sabbato’ante
2578 2249 2898 2312 dominicam
2925 2258 3228 2312 Palmarum
3259 2260 3512 2314 catechu-

224 2312 400 2374 menis
431 2320 486 2372 in
516 2312 1027 2397 proiimo__sabbato
1069 2312 1635 2397 sanctobaptizandis'
1666 2312 1994 2397 tradebatur,
2029 2312 2143 2392 jam
2180 2325 2310 2379 satis
2340 2321 2391 2397 in
2425 2321 2592 2394 prima
2621 2329 2842 2392 hujusce
2873 2329 3059 2382 classis
3088 2312 3316 2382 humilia
3349 2312 3512 2397 locuti

223 2405 444 2455 sumus;
475 2389 642 2458 quare
673 2389 801 2442 nihil
829 2404 859 2443 a
887 2389 1040 2474 nobis
1069 2389 1155 2464 hic
1183 2390 1482 2445 addendum
1512 2389 1773 2462 superest,
1806 2392 1903 2446 nisi
1924 2389 2104 2462 ipsam
2135 2395 2392 2449 orationis
2421 2389 2656 2465 phrasim
2686 2389 2973 2452 Maximum
3003 2399 3177 2468 palam
3207 2400 3403 2453 facere.

225 2505 626 2577 Ancuuemuu.
649 2536 721 2577 —A
745 2503 820 2577 De
852 2505 1033 2577 timore
1069 2503 1160 2577 Dei
1194 2520 1352 2573 agens
1386 2503 1648 2577 Maximus
1684 2520 1822 2572 pt‘tB-
1855 2508 1898 2566 Β
1931 2520 2036 2559 ηοη
2065 2507 2238 2560 solum
2268 2523 2488 2577 corpus,
2510 2507 2605 2564 sed
2624 2509 2855 2563 animam
2878 2511 3128 2564 vulnerat
3146 2509 3510 2564 innocentem.

293 2585 449 2645 cepta
478 2574 720 2644 castigati
760 2574 948 2644 eloquii
983 2573 1140 2625 tradit
1183 2591 1247 2625 ea;
1293 2575 1431 2642 regio
1476 2575 1824 2645 propheta,et

295 2644 424 2715 quot
457 2645 598 2696 mala
638 2661 728 2712 per
771 2645 1001 2715 nefarios
1043 2659 1300 2696 sermones
1343 2653 1696 2713 perpetrantur
1716 2644 1826 2697 elo-

290 2713 640 2788 quentissima
663 2713 901 2768 oratione
922 2714 1262 2784 prosequitur.

291 2863 734 2942 Gloriosissimus
753 2864 1157 2944 prophetarum,
1184 2865 1433 2933 idemque
1456 2879 1548 2919 rex
1572 2864 1830 2922 dominici

225 2957 417 3028 pepuli
439 2939 632 3010 beatus
654 2955 840 3020 David,
861 2955 954 3026 qui
981 2935 1170 3034 omnes
1196 2955 1442 3030 homines
1471 2955 1536 3010 ad
1567 2955 1828 3034 audienda

229 3050 355 3103 vitae
386 3047 714 3116 purgatioris
744 3029 994 3101 instituta
1014 3029 1335 3113 concurrere
1363 3046 1599 3113 generali
1629 3029 1828 3124 adhor;

227 3142 446 3196 talione
491 3137 784 3208 compellit,
826 3139 1011 3193 dicens
1052 3155 1065 3215 :_
1115 3137 1316 3202 Venite,
1362 3138 1481 3208 ﬁlii,
1513 3138 1686 3190 audite
1728 3155 1827 3215 me,

229 3234 476 3298 timorem
517 3229 726 3308 Domini
767 3228 956 3306 docebo
983 3246 1072 3308 nos
1105 3229 1273 3308 (Psal.
1308 3229 1517 3300 χχχιιι).
1557 3229 1698 3283 Vere
1726 3227 1829 3284 do-

227 3323 391 3380 cendi
418 3303 771 3392 peritissimus
799 3303 1102 3396 patriarcha
1123 3303 1464 3396 venerabilis,
1494 3319 1608 3388 qui,
1643 3326 1700 3374 ut
1730 3319 1831 3373 hu-

231 3417 412 3472 manis
461 3413 731 3470 mentibus
780 3413 1028 3490 timorem
1066 3411 1162 3467 Dei
1195 3411 1476 3484 praeceptis
1503 3411 1832 3484 prophetiae

229 3505 581 3562 auctoritatis
609 3504 863 3569 insinuet,
888 3511 1126 3579 paternze
1146 3497 1444 3558 affectionis
1462 3500 1830 3556 blandimenta

229 3595 535 3666 prmmittit.
568 3593 821 3671 Subditos
845 3608 1077 3669 namque
1104 3592 1322 3669 ditionis
1349 3607 1460 3648 suae
1486 3592 1621 3666 liliqs
1641 3591 1828 3666 appet—

229 3688 328 3754 lat,
356 3696 420 3741 ut
451 3702 547 3740 eos
577 3701 684 3741 non
711 3695 819 3740 tam
850 3694 1056 3740 terrore
1093 3684 1255 3752 regite
1300 3684 1584 3756 potestatis
1610 3690 1831 3754 revocet

232 3794 264 3833 a
293 3778 564 3849 peccatis,
589 3792 749 3846 quam
779 3777 1050 3846 diligentis
1087 3776 1280 3849 affectu
1311 3784 1625 3850 cunctorum
1653 3773 1828 3834 sensi-

1933 2595 2136 2664 Lingua
2164 2598 2302 2652 mala
2332 2605 2388 2653 et
2420 2599 2718 2662 inconsulta
2747 2599 3084 2654 contumeliis
3113 2595 3138 2636 ά
3167 2597 3396 2666 perculit
3422 2613 3516 2676 cor

1931 2687 2246 2751 fraternum,
2267 2697 2322 2744 et
2341 2704 2437 2758 per
2459 2700 2647 2758 pacata
2670 2689 2894 2744 invicem
2917 2697 3136 2759 pectora
3159 2686 3514 2758 perniciosam

1931 2776 2080 2831 litem
2110 2779 2297 2832 sociat.
2320 2765 2533 2845 Lingua
2565 2777 2703 2832 mala
2729 2778 2946 2832 adhibet
2968 2777 3252 2845 imaginem
3275 2776 3519 2831 veritatis

1932 2877 1988 2922 et
2006 2867 2288 2922 veritatem
2307 2867 2599 2923 mendaciis
2621 2866 2918 2922 decolorat.
2951 2865 3152 2934 Lingua
3182 2864 3320 2918 mala
3349 2864 3516 2917 inimi-

1933 2957 2011 3012 cis
2039 2958 2259 3012 auribus
2285 2958 2576 3013 commissa
2621 2957 2723 3012 sibi
2763 2956 3057 3012 amicorum
3093 2954 3271 3025 prodit
3298 2968 3515 3010 arcana.

1936 3047 2138 3118 Lingua
2159 3050 2299 3119 mala
2317 3066 2453 3120 quos
2471 3057 2660 3121 aperto
2685 3037 2880 3105 metuit
2903 3049 3227 3119 compellare
3245 3063 3534 3118 sermone,

1933 3141 2143 3208 occulta
2187 3141 2374 3194 nititur
2416 3140 2812 3206 obtrectatione
2856 3138 3080 3197 fmdare.
3126 3139 3331 3209 Lingua
3359 3140 3519 3195 decc-

1933 3232 2119 3301 ptione
2144 3232 2366 3300 laqueos
2394 3230 2724 3300 simplicibus
2765 3230 2953 3296 nectit,
2986 3231 3254 3286 bonorum
3281 3229 3517 3283 virorum
3575 3266 3578 3268 η

1934 3322 2250 3390 sanguinem
2274 3321 2426 3391 petit,
2456 3321 2756 3390 potentium
2787 3319 3082 3374 inﬂammat
3101 3320 3329 3382 animos,
3350 3328 3406 3373 et
3428 3319 3518 3374 hu-

1935 3411 2139 3466 milium
2177 3410 2340 3465 corda
2369 3411 2678 3479 perturbat;
2709 3419 2765 3465 et
2793 3419 3045 3486 tanquam
3073 3410 3123 3464 ei
3152 3425 3260 3463 non
3289 3409 3518 3464 suﬂiciat

1931 3503 2162 3572 humana
2189 3502 2538 3572 confundere,
2567 3504 2761 3566 etelum
2791 3503 2963 3573 ipsum
2990 3501 3337 3572 blasphemiis
3359 3509 3525 3571 atque

1933 3594 2314 3664 indignissimis
2339 3594 2516 3662 pulsat
2537 3595 2764 3663 injuriis,
2795 3605 2854 3648 ut
2881 3594 3226 3664 propheticus
3252 3608 3431 3648 sermo
3450 3594 3519 3648 de

1934 3684 2110 3754 impiis
2144 3691 2505 3754 protestatur,
2547 3683 2730 3739 dicens
2780 3701 2793 3736 :
2831 3683 3127 3739 Posuerunt
3160 3685 3216 3737 in
3254 3683 3432 3737 covlum
3460 3700 3528 3738 os

1930 3791 2100 3848 suum,
2127 3783 2176 3846 et
2199 3775 2378 3846 lingua
2401 3791 2579 3840 eorum
2611 3776 2848 3830 transivit
2875 3777 2929 3830 in
2960 3784 3096 3829 terra
3125 3775 3294 3846 (Psal.
3328 3775 3516 3846 Lxxu).

230 3871 336 3926 bus
367 3878 677 3942 promptam
702 3867 840 3942 bene
864 3867 1079 3926 vivendi
1107 3867 1310 3941 inserat
1333 3866 1686 3938 voluntatem.
1706 3864 1834 3934 Fre-
1860 3863 1906 3927 C
1936 3864 2006 3919 Et
2027 3871 2150 3937 post
2177 3865 2378 3932 omnia,
2409 3865 2761 3931 dilectissimi,
2783 3880 2904 3921 cum
2933 3864 3004 3920 de
3031 3865 3296 3924 universis
3322 3865 3406 3920 his
3432 3867 3522 3920 ha-

230 3968 472 4029 qucnter
492 3959 654 4020 enim.
668 3973 806 4027 quos
831 3973 938 4036 non
960 3957 1181 4032 corrigit
1197 3957 1429 4031 durioris
1449 3956 1830 4029 increpationis

230 4052 528 4124 asperitas,
561 4051 815 4105 saturitas
844 4050 993 4120 verbi
1030 4049 1291 4106 mollioris
1324 4048 1582 4126 emendat
1612 4066 1624 4102 :
1657 4047 1830 4120 Timo-

231 4160 365 4206 rem,
400 4141 597 4215 inquit,
622 4140 834 4216 Domini
855 4130 1042 4196 docebo
1067 4156 1173 4194 vos.
1200 4139 1370 4212 Docet
1390 4153 1490 4206 nos
1517 4137 1596 4192 vir
1615 4146 1832 4208 sanctus

231 4233 555 4305 religiosum
581 4230 846 4294 timorem,
878 4237 938 4304 ut
963 4243 1204 4308 amorem
1231 4227 1432 4282 terreni
1469 4225 1653 4302 iudicii
1682 4233 1832 4297 post-

231 4341 530 4397 ponamus.
582 4323 853 4378 Timorem
892 4322 1108 4378 Domini
1149 4321 1327 4386 docet,
1370 4320 1462 4392 qui
1507 4336 1722 4394 semper
1748 4328 1835 4395 est

232 4416 520 4478 salutaris,
551 4415 674 4488 quia
713 4429 854 4484 saepe
893 4399 1053 4490 timor
1079 4413 1312 4469 hominis
1340 4413 1434 4482 Dei
1465 4414 1632 4467 nutrit
1660 4411 1831 4468 offen-

231 4522 376 4582 sam.
399 4507 496 4560 Sic
517 4505 630 4576 jam
669 4505 966 4582 videamus.
995 4521 1133 4574 quos
1169 4505 1360 4561 doctor
1400 4506 1643 4575 egregius
1669 4504 1832 4560 divini

232 4597 456 4673 timoris
487 4589 649 4673 faciat
693 4596 913 4671 gradus,
942 4612 1102 4670 quam
1144 4613 1256 4652 suae
1282 4597 1520 4669 regulam
1550 4596 1836 4652 sanctioris

232 4689 482 4765 instituit
502 4688 814 4758 disciplinae.
839 4699 866 4728 ι
894 4689 1120 4764 Proltibe
1143 4689 1372 4762 linguam
1389 4699 1530 4744 tuam
1551 4707 1583 4743 α
1605 4690 1763 4755 malo,
1784 4701 1837 4746 et

233 4780 381 4857 labia
411 4786 502 4832 tua
531 4797 594 4832 ne
621 4780 896 4854 loquantur
916 4780 1108 4854 dolum.
1141 4779 1412 4836 Perfectus
1431 4767 1694 4852 religiosa:
1713 4783 1836 4838 vitae

232 4873 505 4951 magister
531 4872 764 4942 linguam
795 4888 903 4945 praz
929 4874 1176 4943 omnibus
1204 4873 1441 4944 refrenet
1467 4890 1498 4928 a
1520 4875 1696 4945 culpa,
1718 4890 1836 4944 qua:

231 4964 305 5020 ab
337 4962 568 5040 exordio
610 4964 793 5020 mundi
840 4964 982 5034 apud
1012 4965 1316 5036 paradisum
1356 4965 1452 5032 Dei
1491 4966 1545 5022 in
1587 4976 1837 5038 serpente

231 5057 417 5126 prima
463 5057 723 5127 peccavit.
767 5055 900 5127 Nam
947 5057 1193 5124 maligna:
1229 5056 1420 5126 lingua:
1456 5057 1557 5112 fuit
1598 5059 1839 5115 ministe-

234 5147 409 5213 rium,
439 5152 501 5199 ut
518 5145 837 5220 suaderetur
857 5145 984 5201 Adae
1011 5147 1062 5201 in
1085 5147 1308 5203 exitium
1333 5152 1547 5218 generis
1575 5153 1656 5208 sui
1683 5154 1842 5208 inter-

1931 3957 2059 4028 beat
2085 3965 2366 4028 peccatum
2392 3958 2710 4021 remedium,
2746 3973 2844 4028 per
2871 3959 3107 4025 linguam
3136 3958 3330 4012 malam
3358 3966 3412 4013 et
3440 3957 3522 4012 in-
3591 3946 3600 3967 '

1932 4049 2303 4117 continentem
2348 4057 2619 4119 peccatur,
2659 4051 2802 4120 quod
2849 4050 3052 4116 homini
3103 4066 3280 4119 neque
3317 4050 3371 4105 in
3419 4052 3524 4106 hoc

1934 4141 2130 4196 szeculo
2150 4142 2398 4211 praesenti
2428 4143 2655 4206 laxetur,
2683 4142 2897 4200 dicente
2925 4142 3150 4196 Domino
3185 4161 3196 4195 :
3224 4139 3325 4205 Qui
3351 4152 3524 4195 autem

1933 4229 2360 4302 blasphemauerit
2380 4233 2434 4293 in
2460 4231 2714 4301 Spiritum
2743 4241 2997 4292 sanctum,
3028 4249 3132 4286 non
3161 4233 3448 4284 remittetur
3473 4233 3523 4285 ei

1936 4339 2093 4394 neque
2111 4325 2165 4378 in
2187 4323 2282 4377 hoc
2307 4323 2514 4385 saeculo,
2533 4339 2692 4394 neque
2711 4323 2762 4376 in
2788 4325 2960 4393 futuro
2983 4322 3132 4392 (Luc.
3165 4321 3282 4390 xu).
3304 4320 3372 4373 Et
3390 4321 3521 4389 quid

1934 4415 2109 4485 plura,
2153 4413 2384 4478 fratres?
2427 4413 2694 4483 Quidquid
2739 4414 2973 4469 humano
3018 4413 3226 4483 pectori
3275 4411 3518 4465 diabolus

1937 4505 2233 4575 iniquitatis
2257 4505 2507 4572 illexerit,
2539 4505 2718 4577 lingua
2745 4505 2885 4560 mala
2914 4505 3203 4560 famulante
3223 4500 3520 4574 perﬁcitur.

1935 4599 2042 4663 Sed
2070 4599 2138 4654 ad
2165 4600 2586 4656 destructionem
2610 4599 2982 4668 iudiciumque
3009 4597 3124 4667 ejus
3157 4596 3414 4652 Dominus
3442 4595 3524 4648 in-

1936 4700 2176 4760 vocatur,
2205 4692 2472 4758 clamante
2498 4693 2761 4762 propheta
2797 4709 2808 4744 :
2840 4691 3116 4761 Dispergat
3135 4688 3387 4743 Dominus
3407 4687 3526 4740 uni—

1935 4799 2080 4845 versa
2130 4781 2272 4836 labia
2317 4781 2524 4846 dolosa,
2563 4792 2614 4836 et
2659 4783 2894 4853 linguam
2933 4782 3093 4852 352
3137 4777 3526 4849 maguiloquam

1939 4873 2110 4944 (Psal.
2143 4874 2239 4941 χι).
2272 4872 2340 4928 Ει
2377 4873 2504 4928 alibi
2539 4874 2776 4942 quidem,
2805 4873 2999 4927 Perdes
3029 4887 3115 4926 eos
3143 4871 3229 4942 qui
3252 4870 3526 4941 loquuntur

1938 4964 2281 5021 mendacium.
2327 4963 2556 5034 Propter
2593 4965 2710 5021 lucc
2745 4964 2983 5021 cavenda
3011 4962 3151 5017 mala
3186 4970 3241 5017 et
3278 4961 3528 5031 fugienda

1939 5057 2131 5116 beatus
2159 5055 2328 5110 David
2353 5070 2785 5126 unumquemque
2819 5062 3060 5109 nostrum
3099 5061 3416 5124 praamonet,
3449 5053 3531 5108 di-

1939 5163 2070 5208 cens
2103 5164 2114 5204 :
2148 5144 2340 5201 Cohibe
2381 5147 2609 5218 linguam
2645 5155 2786 5199 tuam
2823 5162 2855 5198 α
2892 5144 3049 5213 malo,
3081 5154 3131 5199 et
3174 5144 3314 5199 labia
3343 5153 3430 5196 tua
3464 5159 3530 5197 nc

233 5234 406 5289 dieue
434 5234 644 5289 arboris
667 5251 828 5304 poma
855 5236 1166 5307 decerpere.
1200 5238 1382 5308 Neque
1407 5243 1550 5296 enim
1591 5243 1643 5299 in
1682 5253 1841 5300 teter-
1867 5227 1918 5286 Ῑ)
1943 5238 2217 5314 loquantur
2247 5237 2422 5292 dolum
2443 5237 2618 5305 (Psal.
2641 5233 2849 5305 xxxiii).
2882 5233 2950 5288 Et
2977 5243 3099 5305 post
3127 5250 3294 5305 pauca
3316 5233 3531 5302 subjun-

231 5341 380 5380 num
409 5325 617 5394 lapsum
641 5325 668 5363 δ
692 5326 849 5397 351
873 5327 1172 5396 impulisset
1197 5329 1416 5400 invidia,
1439 5332 1484 5386 si
1506 5333 1839 5401 prudentiori

233 5415 484 5470 consilio
505 5414 614 5468 Eva
644 5415 877 5486 linguam
900 5432 1052 5479 suam
1072 5418 1326 5474 cohibere
1349 5419 1605 5499 voluisset
1625 5438 1654 5476 a
1677 5422 1837 5477 malo.

236 5505 460 5574 Lingua
488 5505 648 5575 igitur
671 5506 814 5572 mala
833 5507 1074 5578 ministra
1100 5507 1301 5580 diaboli
1323 5517 1422 5590 est,
1454 5527 1518 5576 ac
1544 5513 1705 5570 totius
1728 5529 1845 5582 pra-

234 5597 442 5667 vitatis
469 5596 681 5664 ancilla.
713 5594 917 5666 Lingua
951 5598 1091 5663 mala
1128 5599 1424 5663 acutissimi
1459 5609 1483 5638 ο
1523 5601 1640 5655 vice
1680 5600 1842 5668 gladii

324 5739 355 5766 ³
389 5727 525 5783 Cod.
567 5727 624 5783 S.
666 5727 852 5802 Crucis
893 5729 942 5783 in
985 5727 1158 5798 Jerus.
1190 5729 1362 5798 legit:
1395 5727 1584 5799 Cohibe
1619 5732 1850 5804 linguam

243 5812 427 5855 tuam.
458 5808 564 5853 etc.

331 5869 362 5907 ι’
395 5867 555 5922 Idem.
581 5869 701 5924 cod.
728 5867 784 5923 S.
806 5869 990 5924 Crucis
1013 5869 1065 5922 in
1087 5866 1216 5936 Jcr.,
1247 5868 1499 5924 diabolica
1522 5887 1634 5925 eum
1657 5889 1848 5944 propu-

1947 5330 2061 5398 git:
2092 5328 2304 5400 Inquire
2340 5345 2536 5398 pacem,
2566 5336 2614 5381 et
2657 5343 2863 5398 sequere
2901 5342 3034 5379 eam.
3067 5323 3362 5379 Emendata
3387 5323 3530 5400 enim

1949 5420 2128 5489 lingua
2169 5428 2280 5484 tua,
2316 5427 2478 5486 atque
2505 5418 2572 5472 ab
2600 5417 2745 5472 omni
2782 5415 3076 5496 maliloquii
3104 5413 3266 5469 sorde
3293 5411 3530 5496 detersa,

1951 5527 2130 5566 veram
2151 5519 2516 5578 :eternamque
2537 5524 2745 5578 pacem,
2776 5508 2827 5563 id
2849 5517 2931 5564 est
2950 5505 3220 5568 Christum
3249 5495 3530 5578 Dominum

1952 5610 2007 5656 et
2035 5601 2293 5664 invenies,
2326 5609 2380 5656 et
2406 5600 2661 5669 sequeris.
2709 5599 2878 5655 Nemo
2918 5613 2977 5654 sc
3005 5596 3225 5676 seducat
3251 5613 3261 5647 :
3289 5593 3385 5648 uisi
3416 5593 3533 5658 (Ιιιίι

1954 5736 2092 5788 (isset
2112 5734 2323 5787 invidia.

2030 5816 2050 5841 ο
2082 5803 2222 5857 Idem
2250 5803 2371 5857 cod.
2405 5803 2460 5857 S.
2494 5806 2679 5859 tlrucis
2709 5805 2759 5858 iu
2788 5803 2916 5864 δον..
2944 5819 3077 5855 race.

2018 5874 2040 5909 ά
2075 5872 2218 5928 Idem
2241 5873 2360 5929 cod.
2387 5874 2444 5931 S.
2477 5875 2663 5932 Crucis
2693 5876 2744 5930 in
2770 5873 2908 5933 Jer.,
2931 5870 3166 5932 percutit.
