4054 6190
517 489 612 544 ιθυ

1545 487 1600 539 8.
1646 483 1886 538 MAXIM!
1923 481 2224 538 EPISCOPI
2263 481 2709 539 TAURINENSIS

3664 485 3764 538 5οῡ

507 614 692 669 vagam
717 599 1074 668 lascivamque
1092 599 1326 668 linguam
1347 613 1500 652 suam
1529 598 1751 653 habenis
1771 597 2095 667 disciplinati
2123 602 2173 660 Α
2198 607 2365 668 optat,
2398 614 2464 654 ne
2493 614 2725 668 unquam
2746 599 2796 653 ei
2823 599 3076 665 magister
3105 597 3196 652 ille
3224 599 3488 654 mendacii
3518 614 3584 654 ac
3610 599 3768 654 totius

503 691 684 747 cordis
709 690 1027 756 cohibuerit,
1057 705 1160 746 nec
1196 689 1473 744 hominum
1503 701 1694 759 pacem
1721 690 1920 760 poterit
1944 691 2093 746 inve-

506 798 656 848 nire,
693 798 794 838 nec
835 782 1050 838 Christi.
1107 780 1398 851 Propterea
1444 780 1780 835 venerandus
1828 781 2090 851 propheta

503 872 682 926 sciens
712 873 765 926 in
799 887 908 941 quo
954 871 1129 940 lingua
1159 871 1392 926 hominis
1431 871 1504 926 sit
1541 871 1746 926 lubrico
1775 872 2086 938 constituta,

503 971 559 1019 et
587 972 846 1032 quantum
876 963 1096 1033 periculi
1136 964 1298 1016 animi
1338 963 1569 1030 vitasque
1617 970 1813 1016 nostra:
1858 962 2088 1017 inconti-

501 1054 685 1108 nentia
715 1053 906 1120 lingua:
934 1054 1102 1122 possit
1131 1050 1361 1117 efficeret
1386 1053 1554 1106 Deum
1585 1067 1738 1106 suum
1763 1051 1971 1114 orabat,
1999 1052 2085 1106 di-

500 1157 632 1198 cens
663 1161 675 1196 :
707 1143 874 1209 Ponte,
911 1143 1152 1208 Domine,
1199 1144 1482 1198 custodiam
1511 1144 1591 1197 ori
1625 1159 1736 1196 meo
1760 1142 1928 1213 (Psal.
1961 1157 2084 1208 CXL,

501 1231 560 1303 5)
594 1252 608 1287 :
641 1243 696 1288 et
724 1236 840 1289 alibt
882 1253 896 1288 :
932 1235 1167 1301 Domine,
1201 1234 1337 1289 labia
1369 1251 1482 1289 mea
1511 1233 1730 1304 aperies,
1761 1242 1811 1286 et
1836 1251 1894 1287 os
1922 1250 2088 1287 meum

503 1326 834 1378 annuntiabit
865 1325 1067 1379 laudem
1098 1337 1234 1380 tuam
1259 1325 1429 1396 (Psal.
1461 1342 1510 1389 ι,
1539 1323 1648 1394 17).
1682 1325 1729 1377 Α
1757 1325 1982 1378 Domino
2013 1324 2092 1377 vir

504 1412 847 1470 ﬁdelissimus
876 1416 1132 1470 custodiri
1155 1433 1216 1470 os
1239 1432 1392 1470 suum
1424 1424 1584 1484 atque
1614 1416 1808 1485 aperiri
1833 1416 1972 1469 labia
1994 1430 2088 1469 sua

2193 689 2302 743 doli
2332 688 2525 744 artifex
2551 689 2796 744 diabolus
2824 689 3114 759 impietatis
3137 703 3246 743 sum
3271 689 3473 743 inserat
3494 688 3768 746 falsitates.

2193 781 2332 836 Vere
2353 782 2442 837 hic
2468 783 2700 850 linguam
2728 798 2877 836 suam
2903 781 2970 835 ab
2999 781 3145 836 omni
3181 782 3382 835 malitia
3410 797 3665 836 coercere
3683 799 3774 853 po-

2192 872 2335 937 terit,
2365 873 2456 942 qui
2483 873 2582 926 sub
2611 871 3013 942 dispensatione
3047 871 3142 926 Dei
3167 878 3223 926 et
3248 871 3394 941 loqui
3425 871 3694 927 desiderat
3718 882 3772 928 et

2190 972 2389 1017 tacere.
2423 962 2647 1027 Idcirco,
2677 961 2885 1026 fratres,
2920 961 3266 1030 inspicientes
3297 976 3460 1030 quam
3481 963 3771 1021 vehemens

2188 1054 2453 1108 sententia
2479 1053 2666 1108 dolosa
2694 1052 2834 1106 labia
2870 1061 3106 1117 maneat,
3147 1059 3203 1107 et
3243 1062 3445 1121 quanta
3473 1054 3644 1122 gratia
3672 1054 3762 1108 lin-

2190 1159 2345 1214 guam
2367 1144 2664 1214 simplicem
2686 1143 3060 1212 subsequatur,
3084 1157 3298 1197 oremus
3317 1151 3372 1198 et
3394 1158 3494 1197 nos
3513 1159 3634 1197 cum
3654 1159 3774 1212 pro-

2191 1233 2352 1302 pheta
2377 1233 2658 1289 Dominum
2687 1247 2750 1288 ac
2776 1232 2942 1286 Deum
2973 1232 3395 1301 omnipotentem
3425 1241 3484 1287 ut
3507 1233 3772 1287 custodiat

2192 1339 2256 1378 os
2281 1332 2545 1388 nostrum,
2576 1338 2640 1378 ac
2667 1325 2781 1391 ipse
2826 1338 3039 1392 semper
3081 1321 3220 1378 labia
3259 1331 3444 1378 nostra
3485 1323 3693 1394 aperire
3716 1323 3768 1378 in

2192 1414 2356 1467 verba
2382 1414 2481 1468 sibi
2505 1413 2764 1483 placitura
2787 1412 3049 1480 dignetur.

1847 1525 2192 1586 HOMILIA
2235 1524 2418 1587 CVII.

820 1627 895 1682 De
923 1645 981 1682 eo
1009 1628 1144 1698 quod
1174 1631 1416 1697 scriptum
1445 1613 1601 1682 estin
1630 1628 1764 1698 psul.
1793 1643 1953 1682 cxvm
1987 1643 1998 1677 :
2036 1624 2342 1688 Bonitatem,
2375 1633 2422 1676 et
2447 1624 2794 1695 disciplinam,
2829 1634 2877 1678 et
2906 1627 3172 1680 scientiam
3200 1626 3324 1681 doce
3350 1643 3448 1680 me.

1953 1709 2346 1767 ADMONITIO.

569 1811 628 1880 lu
658 1810 843 1865 iisdem
872 1825 1032 1880 supra
1062 1811 1290 1865 laudatis
1314 1811 1586 1865 codicibus
1615 1809 1857 1880 bibliotl).
1889 1807 2300 1880 Laurentianus,
2332 1815 2386 1880 et
2414 1805 2472 1860 S.
2501 1805 2685 1880 Crucjs
2720 1808 2773 1880 in
2803 1807 3097 1863 Jerusalem
3139 1808 3466 1880 invenimus,
3490 1808 3648 1876 hujus
3674 1810 3774 1880 ho-

503 1879 683 1944 miliae,
707 1895 864 1948 quam
887 1876 1215 1934 Bénedictini
1238 1881 1486 1934 monachi
1513 1892 1764 1946 congreg.
1799 1878 1856 1931 S.
1889 1877 2055 1929 Mauri
2087 1879 2138 1930 in
2168 1877 2397 1945 append.
2427 1892 2588 1930 serm.
2620 1876 2674 1930 S.
2702 1877 2923 1948 August.
2959 1894 3104 1932 num.
3137 1876 3226 1948 δῇ,
3257 1892 3376 1946 pag.
3414 1878 3479 1931 70
3504 1879 3632 1932 edit.
3663 1879 3772 1934 An-

500 1955 679 2018 tuerp.
711 1949 922 2018 incerti,
953 1949 1046 2004 sed
1086 1965 1190 2002 non
1222 1948 1470 2018 ineruditi
1501 1949 1734 2002 auctoris
1761 1948 1964 2018 dixere,
1997 1947 2312 2018 scriptorem
2348 1954 2730 2018 parentemque
2758 1947 3135 2018 Sublaximnm
3168 1947 3553 2018 Taurinensem
3583 1948 3767 2003 fuisse.

501 2015 740 2086 Uterque
783 2015 975 2084 codex,
1015 2019 1220 2072 scilicet
1249 2017 1371 2084 172,
1401 2019 1528 2071 olim
1565 2018 1705 2070 mdil.
1751 2017 1881 2071 eccl.
1927 2025 2154 2086 metrop.
2186 2015 2352 2086 Flor.,
2386 2028 2521 2086 pag.
2540 2015 2625 2080 70,
2655 2024 2712 2086 et
2739 2032 2791 2069 rx
2821 2015 2875 2070 S.
2902 2016 3088 2070 Crucis
3119 2015 3494 2086 inflerusalem
3525 2033 3647 2086 pag.
3682 2017 3772 2083 52,

496 2085 787 2156 banyc’post
817 2087 1204 2156 prmccdentem
1233 2087 1505 2140 homiliam
1528 2086 1829 2156 immediate
1852 2085 2155 2153 subjiciunt.
2184 2085 2240 2156 In
2270 2085 2441 2156 primo
2473 2085 2562 2138 illa
2587 2085 2777 2156 usitata
2805 2085 3094 2154 epigraphe
3123 2105 3134 2137 :
3161 2085 3409 2155 Ejusdem
3435 2085 3570 2156 unde
3588 2105 3772 2156 supra,

499 2153 978 2225 designatur—idem
1007 2156 1286 2220 Maximus,
1310 2156 1579 2225 expressis
1607 2155 1782 2225 verbis
1811 2156 1860 2207 in
1892 2156 2070 2223 priore
2100 2154 2357 2225 nominat.
2391 2153 2816 2225 Secundusvero
2842 2153 2899 2208 et
2920 2153 3130 2208 titulum
3158 2153 3215 2209 et
3241 2172 3434 2210 nomen
3462 2155 3518 2210 S.
3552 2153 3773 2210 Maximi

496 2223 714 2294 praefert
747 2243 758 2278 :
793 2225 975 2280 Sermo
1009 2225 1067 2279 S.
1101 2225 1324 2278 Maximi
1353 2223 1578 2294 episcopi
1609 2225 1672 2277 de
1712 2224 1958 2290 bonitate,
1986 2223 2262 2292 disciplina
2291 2234 2340 2276 et
2368 2225 2598 2276 scientia.
2632 2224 2738 2277 Nos
2768 2225 3167 2293 inscriptionem
3189 2226 3419 2279 homilia:
3447 2226 3678 2294 positam
3705 2228 3771 2280 ab

497 2293 797 2350 editoribus
825 2295 1184 2350 Benedictinis
1212 2293 1490 2348 inouaChis
1519 2293 1853 2357 retinuimus,
1886 2310 2005 2347 cum
2036 2308 2222 2363 revera
2253 2301 2364 2347 tota
2392 2294 2608 2363 homilia
2650 2294 2718 2346 sit
2757 2295 3025 2363 perlucida
3054 2296 3195 2348 illius
3223 2295 3326 2348 loci
3356 2293 3652 2348 Psalmistm
3679 2312 3773 2349 ex-

496 2364 718 2433 positio,
749 2365 1108 2433 pneclaraque
1136 2365 1352 2418 moralis
1380 2363 1670 2433 disciplinae
1699 2364 2018 2418 documenta
2049 2362 2456 2433 complectatur.
2482 2362 2643 2416 Nobis
2670 2362 2831 2417 etiam
2864 2364 3095 2418 occurrit
3123 2365 3235 2418 hmc
3254 2365 3438 2418 eadem
3469 2365 3689 2418 homilia
3719 2366 3772 2418 in

496 2431 618 2504 cod.
643 2431 770 2504 _Vat2
806 2431 1139 2500 Reginae’SZ’),
1170 2435 1362 2504 nullius
1389 2431 1566 2504 tamen
1599 2433 1853 2502 inscripto
1883 2432 2378 2504 auctorisnomine.
2406 2431 2714 2488 Lectionem
2743 2449 2902 2501 quam
2931 2434 3246 2489 exhibemus
3274 2435 3580 2504 accepimus
3607 2449 3639 2488 a
3667 2449 3764 2490 co-

495 2498 615 2554 dice
641 2501 1022 2567 Laurentiano,
1051 2512 1106 2556 et
1127 2498 1358 2556 aliorum
1386 2503 1630 2557 codicum
1660 2498 1930 2557 variantes
1959 2501 2268 2568 adjecimus.

495 2612 656 2688 353
693 2614 1086 2688 Annuusnruu.
1124 2649 1196 2659 —
1225 2615 1442 2688 Copiose
1486 2619 1710 2687 explicat
1749 2617 2014 2670 Maximus
2051 2633 2082 2669 a
2115 2619 2162 2678 B
2187 2615 2450 2684 permittis
2491 2617 2666 2686 perire
2703 2625 3037 2686 peccantem,
3079 2631 3240 2686 quem
3279 2626 3533 2688 potueras
3565 2618 3772 2674 salvare

566 2684 770 2737 Dauide
802 2686 1046 2739 traditum
1085 2688 1270 2740 orandi
1299 2684 1464 2741 Deum
1494 2684 1870 2756 compendium,
1895 2703 2077 2804 noslque

566 2753 801 2804 hortatur
820 2761 874 2804 ut
901 2755 1040 2804 illius
1061 2758 1293 2804 exempla
1327 2759 1443 2804 vitm
1469 2759 1743 2804 sanctioris
1777 2759 1885 2804 nius
1912 2776 1942 2804 ιι
2027 2774 2077 2804 o-

2187 2715 2504 2761 correctum.
2528 2707 2730 2762 Rursus
2756 2725 2768 2760 :
2791 2708 2835 2762 si
2864 2706 3030 2762 nimio
3049 2706 3340 2776 disciplina:
3367 2708 3544 2775 rigore
3574 2710 3771 2762 nullam

584 2755 801 2807 ’tortatur
820 2761 874 2807 ut
901 2755 1040 2808 illius
1061 2758 1293 2824 exemplo
1327 2759 1443 2813 vita:
1469 2755 1743 2811 sanctioris
1777 2759 1885 2812 vius
1912 2776 1942 2810 a
1975 2755 2082 2810 Do-

566 2824 711 2876 mino
733 2823 951 2878 docendi
971 2823 1255 2894 precemur.

567 2970 712 3025 lnter
758 2979 950 3026 caatera
997 2973 1190 3043 quibus
1229 2975 1419 3043 beatus
1469 2975 1634 3030 David
1689 2975 2083 3032 infirmitatibus

495 3070 796 3117 nostrarum
825 3063 1069 3118 medetur
1096 3066 1414 3132 animarum,
1443 3068 1543 3122 sub
1570 3067 1805 3136 quadam
1829 3068 2082 3122 trinitatis

493 3152 678 3222 regula
709 3153 900 3208 orandi
930 3169 1028 3209 nos
1056 3155 1282 3210 formam
1311 3165 1516 3224 tenere,
1543 3167 1796 3228 tanquam
1828 3161 2084 3230 peritissi-

492 3258 614 3298 mus
651 3245 905 3314 magister
942 3246 1136 3308 erudit,
1167 3247 1352 3303 dicens
1382 3267 1394 3302 :
1427 3249 1738 3316 Bonitatem,
1768 3261 1817 3305 et
1852 3252 2082 3322 discipli-

491 3349 634 3397 nam,
655 3343 710 3394 et
737 3335 1006 3389 scientiam
1045 3337 1171 3391 doce
1204 3355 1285 3392 me
1314 3348 1360 3392 ⁸.
1405 3337 1695 3394 Sollicitius
1735 3341 1934 3409 itaque,
1973 3341 2081 3395 fra-

492 3430 624 3488 tres,
669 3423 925 3479 intendite
977 3441 1110 3496 quas
1155 3427 1255 3482 sibi
1302 3428 1636 3498 potissimum
1665 3431 1890 3485 virtutes
1919 3431 2078 3486 tribui

491 3525 588 3567 rex
619 3513 965 3583 propheticus
986 3516 1322 3586 deprecatur.
1359 3519 1672 3585 Bonitatem,
1703 3523 1892 3592 inquit,
1923 3531 1972 3576 et
1999 3523 2080 3576 di-

495 3603 788 3673 sciplinam,
811 3614 861 3658 et
889 3607 1155 3661 scientiam
1177 3608 1301 3662 doce
1326 3626 1406 3663 me
1432 3609 1480 3662 ι’.
1513 3609 1679 3666 Recte
1705 3612 1854 3666 novit
1877 3613 2075 3679 vivere,-

481 3694 584 3776 qui
612 3704 763 3750 recte
790 3697 939 3750 novit
964 3713 1140 3752 orare.
1171 3699 1287 3753 Non
1327 3701 1469 3754 enim
1509 3702 1663 3771 petiit
1690 3705 2077 3758 mundanarum

491 3787 800 3841 divitiarum
828 3789 1131 3856 thesauros,
1162 3807 1270 3844 non
1310 3807 1472 3859 regna
1511 3793 1754 3859 finitima,
1796 3811 1902 3849 non
1937 3802 2076 3851 tem-

491 3889 625 3944 pora
657 3875 952 3944 prolixiora
981 3878 1222 3942 vivendi;
1251 3880 1345 3932 sed
1374 3881 1669 3933 bonitatem
1702 3896 1761 3934 se
1785 3882 1966 3936 doceri
1999 3884 2075 3936 si-

2185 2798 2424 2853 sanantis
2457 2797 2713 2852 bonitatis
2755 2797 3104 2866 praetenderis
3132 2798 3472 2863 medicinam,
3505 2799 3630 2852 dum
3658 2808 3769 2854 ter-

2183 2903 2362 2944 rorem
2394 2897 2542 2943 tuum
2571 2888 2765 2958 refugit
2803 2905 3051 2959 peccans,
3097 2890 3372 2960 peccantis
3398 2891 3767 2958 aagritudinem

2184 2997 2291 3036 non
2329 2981 2561 3036 curabis.
2594 2980 2661 3035 Et
2688 2996 2805 3050 quae
2835 2981 3047 3035 tandem
3077 2980 3291 3034 vivendi
3332 2981 3470 3034 ratio
3499 2981 3622 3043 erit,
3651 2995 3772 3049 qua:

2179 3069 2409 3140 justitia,
2442 3070 2485 3125 si
2516 3079 2608 3124 aut
2636 3070 2861 3125 solutior
2897 3070 3086 3125 lenitas
3113 3069 3506 3124 conniventiam
3539 3070 3772 3138 praebeat

2182 3161 2477 3231 peccatori,
2511 3169 2604 3215 aut
2634 3160 2984 3215 immoderata
3014 3161 3273 3215 severitas
3305 3175 3335 3213 a
3365 3160 3516 3229 lapsu
3546 3175 3654 3214 non
3683 3174 3773 3213 re-

2182 3259 2340 3306 vocet
2365 3251 2801 3320 delinquentem?
2841 3249 2910 3306 Ut
2952 3258 3130 3306 autem
3173 3251 3386 3305 bonitas
3420 3251 3579 3319 hujus
3606 3251 3770 3305 disci-

2183 3339 2444 3410 plinaeque
2466 3341 2825 3408 magisterium
2855 3341 2908 3395 in
2930 3343 3126 3395 nostris
3152 3339 3315 3395 fuisse
3343 3341 3637 3409 majoribus
3655 3341 3772 3411 ple-

2181 3430 2301 3484 nius
2341 3429 2732 3500 perfectiusque
2773 3430 2935 3502 355I
2979 3431 3265 3494 discamus,
3302 3429 3322 3468 ί
3354 3432 3438 3485 vel
3485 3447 3654 3501 pauca
3703 3431 3771 3488 de

2179 3519 2419 3590 pluribus
2446 3520 2827 3574 venerabilium
2851 3519 3068 3574 Patrum
3101 3535 3475 3576 recenseamus
3496 3522 3765 3591 exempla.

2182 3619 2208 3658 κ
2238 3610 2496 3680 lmplebat
2532 3611 2647 3665 sine
2691 3611 2853 3665 dubio
2898 3611 3156 3666 bonitatis
3195 3626 3260 3666 ac
3303 3611 3592 3681 disciplina:
3632 3627 3769 3680 opus

2178 3701 2516 3756 beatissimus
2543 3698 2752 3765 Petrus,
2781 3716 2901 3755 cum
2929 3708 2985 3754 et
3012 3708 3263 3769 tanquam
3295 3717 3422 3755 vere
3451 3701 3622 3755 bonus
3649 3717 3767 3755 me-

2179 3792 2328 3849 dicus
2367 3792 2579 3847 oblatos
2623 3792 2724 3847 sibi
2768 3799 2982 3846 curaret
3010 3791 3273 3856 infirmos,
3305 3801 3361 3846 et
3387 3800 3446 3845 ut
3471 3791 3766 3860 disciplina:

2179 3883 2416 3938 cmlestis
2460 3884 2710 3938 fundator
2745 3884 2888 3952 justa
2945 3884 3157 3953 puniret
3204 3884 3409 3938 ultione
3455 3883 3762 3939 mendaces.

490 3963 605 4016 mul
645 3974 700 4017 et
725 3962 1060 4032 disciplinam
1089 3967 1354 4035 poposcit.
1388 3967 1605 4024 Bonitas
1625 3971 1767 4023 enim
1793 3969 1918 4024 facit
1937 3987 2078 4026 ama-
2103 3977 2149 4042 ο
2182 3971 2433 4027 Probavit
2479 3974 2727 4029 nimirum
2755 3975 3010 4030 bonitatis
3036 3975 3150 4044 ejus
3178 3977 3402 4044 gratiam
3445 3975 3646 4030 Aineas
3675 3977 3766 4031 ille

490 4050 655 4106 bilem
687 4051 1045 4122 disciplinam,
1076 4065 1132 4110 et
1175 4055 1448 4127 disciplina
1490 4059 1652 4115 efﬁcit
1698 4060 2071 4132 inculpabilem

489 4141 809 4196 bonitatem.
839 4143 947 4200 Nec
971 4160 1292 4216 quemquam
1325 4149 1492 4205 latere
1546 4161 1677 4220 puto
1703 4154 1827 4222 quia
1864 4156 2072 4212 bonitas

491 4232 908 4303 sine-disciplina
933 4244 1105 4291 mater
1124 4237 1437 4294 delictorum
1463 4250 1565 4306 est,
1588 4252 1642 4297 et
1661 4243 1936 4314 disciplina
1957 4247 2073 4302 sine

489 4321 731 4379 bonitate
750 4325 917 4381 tristis
936 4328 1180 4397 quaedam
1203 4331 1500 4386 amaritudo
1521 4333 1750 4388 vivendi.
1784 4333 2070 4391 Scientiam

490 4411 653 4466 etiam
682 4417 922 4483 praestari
951 4417 1049 4472 sibi
1079 4419 1280 4487 pariter
1306 4420 1574 4489 implorat,
1595 4432 1652 4476 ut
1672 4427 1880 4480 noverit
1907 4427 2075 4482 scien-

491 4510 577 4556 ter
603 4503 982 4573 sapienterque
1006 4506 1332 4576 distinguere
1374 4511 1465 4578 qui
1493 4512 1598 4566 sint
1628 4515 1838 4570 termini
1863 4517 2074 4572 bonita»

490 4592 582 4658 tis,
606 4601 662 4646 et
687 4609 845 4662 quam
883 4594 1075 4650 debeat
1120 4597 1318 4653 habere
1347 4600 1625 4670 disciplina
1653 4619 1976 4674 mensuram,
2005 4625 2075 4665 ne

490 4679 631 4738 forte
657 4692 749 4739 aut
776 4685 954 4741 nimiae
980 4687 1308 4744 remissionis
1330 4690 1460 4746 vitio
1485 4703 1505 4730 ο
1531 4693 1796 4763 incognita
1827 4698 2070 4766 tondetur,

492 4780 588 4826 aut
613 4773 890 4844 disciplina
920 4775 1104 4832 durior
1131 4778 1245 4848 ipsa
1283 4781 1365 4835 sui
1410 4785 1720 4840 austeritate
1767 4789 2068 4845 erubescat.

490 4861 605 4928 Vis,
636 4865 825 4934 frater,
871 4867 1046 4922 bonus
1092 4883 1210 4924 esse
1256 4873 1537 4939 peccanti?
1578 4874 1813 4945 Benigne
1855 4880 2071 4946 quidem

491 4952 650 5017 facis;
679 4955 771 5009 sed
800 4968 858 5011 ut
885 4973 1009 5013 vere
1043 4960 1118 5014 sis
1162 4961 1353 5027 bonus,
1378 4960 1404 4998 ά
1435 4965 1666 5032 rigorem
1695 4968 1744 5022 ei
1767 4969 1959 5025 adhibe
1985 4972 2070 5026 di-

491 5041 748 5109 sciplinas,
796 5055 853 5099 ut
893 5057 979 5102 tua
1022 5049 1095 5103 illi
1139 5061 1162 5088 ο
1203 5053 1448 5120 proliciat
1487 5054 1700 5110 bonitas
1736 5059 1789 5111 in
1821 5060 2065 5126 salutem,

492 5146 653 5199 quam
677 5135 858 5204 utique
884 5139 928 5192 si
957 5141 1096 5196 nulla
1120 5147 1420 5199 coercentis
1439 5161 1662 5201 censura
1691 5149 2068 5220 increpationis

2179 4064 2370 4120 debilis
2399 4066 2534 4136 (Act.
2565 4068 2664 4134 ιιι),
2696 4067 2786 4136 qui
2828 4067 3048 4122 claudus
3088 4068 3154 4122 ab
3200 4067 3423 4120 infantia
3472 4067 3662 4121 sedens
3709 4069 3763 4121 in

2178 4165 2333 4225 porta
2363 4157 2547 4226 templi
2577 4165 2736 4225 atque
2765 4157 3094 4220 mendicans,
3128 4157 3182 4211 in
3207 4158 3424 4212 nomine
3450 4157 3576 4212 Jcsu
3607 4155 3766 4211 Chri-

2179 4249 2267 4314 sti,
2300 4249 2532 4318 apostoli
2561 4249 2798 4303 curantis
2837 4249 3082 4318 imperio,
3114 4250 3387 4319 antiquam
3436 4251 3638 4319 recepit
3672 4265 3759 4304 sa-

2181 4342 2423 4396 nitatem.
2454 4341 2824 4396 Probaverunt
2852 4343 3013 4396 etiam
3049 4342 3339 4411 disciplina:
3362 4341 3476 4410 ejus
3503 4342 3763 4396 severita-

2181 4440 2285 4485 tem
2334 4431 2569 4486 Ananias
2613 4439 2668 4485 et
2716 4431 2943 4501 Saphira
2986 4432 3120 4503 (Act.
3165 4433 3241 4501 v),
3272 4432 3362 4500 qui
3401 4432 3762 4486 distrahentcs

2177 4532 2360 4586 agrum
2407 4535 2568 4589 quem
2600 4519 2828 4575 vendere
2867 4537 3025 4576 nemo
3053 4521 3302 4589 cogebat,
3331 4522 3457 4576 dum
3485 4522 3760 4590 quantita-

2175 4617 2282 4664 tem
2305 4611 2460 4679 pretii
2490 4612 2822 4666 mentiuntur
2851 4613 3118 4682 apostolo,
3149 4621 3378 4668 mortem
3405 4613 3506 4667 sibi
3527 4612 3761 4667 falsitate

2175 4703 2398 4758 mercati
2418 4711 2560 4759 sunt.
2585 4703 2702 4770 Quo
2730 4704 2871 4760 facto
2899 4705 3113 4759 edocuit
3137 4704 3549 4772 gloriosissimus
3570 4703 3762 4759 Petrus

2176 4793 2352 4848 inesse
2397 4795 2496 4849 sibi
2536 4795 2831 4850 bonitatem
2861 4811 2925 4850 ac
2952 4795 3306 4865 disciplinam,
3338 4795 3461 4850 dum
3495 4805 3550 4850 et
3581 4810 3760 4850 reme-

2171 4884 2314 4939 dium
2343 4894 2557 4953 pmestat
2581 4886 2810 4951 infirmo,
2832 4895 2888 4942 et
2907 4896 3302 4958 competentem
3331 4888 3492 4942 sumit
3519 4886 3590 4942 de
3611 4903 3762 4942 men-

2171 4973 2389 5028 dacibus
2411 4976 2690 5030 ultionem.
2725 4975 2881 5042 Quod
2911 4992 3032 5031 eum
3069 4986 3217 5032 recte
3250 4987 3538 5048 sancteque
3567 4979 3762 5034 fecisse

2171 5064 2404 5118 caelestis
2428 5065 2611 5133 judicii
2640 5081 2932 5121 consensus
2960 5067 3214 5121 ostendit.
3257 5066 3334 5122 De
3373 5067 3615 5122 scientia:
3643 5069 3760 5138 ejus

2171 5153 2498 5221 perfectione
2519 5157 2640 5225 quis
2660 5157 2890 5225 ambigat
2923 5158 3014 5226 qui
3047 5157 3317 5212 Christum
3343 5158 3630 5214 Dominum
3653 5161 3759 5215 vivi

495 5223 771 5290 terrueris,
811 5227 1109 5293 perniciosa
1152 5234 1254 5288 erit
1296 5235 1345 5288 ei
1386 5235 1500 5290 haec
1543 5237 1756 5294 bonitas
1802 5247 1909 5307 tua,
1940 5243 2065 5312 quia
2090 5235 2142 5296 D
2170 5245 2264 5300 Dei
2293 5259 2413 5300 esse
2443 5223 2633 5300 Fili—um
2662 5249 2729 5301 de
2756 5223 2896 5303 cmlo
2924 5223 3022 5303 sibi
3060 5247 3220 5303 Patre
3249 5249 3524 5303 revelante
3551 5265 3758 5320 cogno-

567 5383 593 5443 ξ
621 5375 678 5428 In
707 5375 838 5430 edit.
869 5377 1106 5433 Maurina
1133 5383 1369 5439 additum
1397 5395 1480 5442 est
1508 5386 1743 5443 Domine.

566 5442 594 5481 δ
617 5443 856 5517 incdit”
880 5454 937 5499 ut
956 5463 1134 5517 supra,
1165 5451 1398 5509 Domine.

570 5511 764 5594 ﬁEdit.
797 5516 848 5568 in
877 5511 1102 5636 appetiti.
1123 5511 1380 5587 'Maurin.,
1411 5535 1464 5580 et
1495 5528 1614 5582 cod.
1648 5529 1766 5582 Vat.
1810 5529 1940 5598 Reg.
1974 5531 2063 5598 83,

570 5592 696 5636 ""08
721 5599 932 5636 ηιοοηδυ
958 5594 1026 5636 la.

497 5585 696 5638 bonitas
721 5585 1026 5639 inconsulta.

565 5649 593 5736 (ξ
623 5650 756 5736 god.
789 5653 905 5736 Vat.
938 5654 1090 5735 Reg,
1115 5659 1335 5736 vigorem
1359 5664 1560 5736 adliilic.

573 5733 596 5760 ε
628 5721 1109 5798 ΕιιὶικΜιιιιινὶιιξθι
1137 5721 1255 5781 cod.
1281 5729 1398 5782 Vat.
1428 5732 1555 5797 Reg.
1586 5737 1670 5798 55,
1695 5749 1748 5790 ut
1774 5749 1857 5792 tua
1876 5741 1953 5793 illi
1977 5741 2066 5794 bo-

496 5797 631 5874 nitas
660 5795 895 5864 proﬁciat
923 5795 994 5874 ad
1018 5797 1254 5874 salutem,
1285 5815 1430 5867 quem
1457 5795 1626 5871 utique
1661 5795 1705 5858 si
1744 5812 1885 5864 nulla
1923 5828 2064 5865 σοον-

499 5867 655 5918 centis
683 5879 910 5921 censum
937 5867 1282 5935 increpatione
1315 5867 1566 5925 terrueris.

2251 5393 2268 5430 τ
2301 5393 2442 5449 Edit.
2468 5395 2694 5451 Mauriu.
2722 5398 2920 5452 omittit
2943 5397 3040 5450 uel.

2245 5475 2269 5535 8
2301 5463 2442 5518 Edit.
2474 5465 2698 5520 Maurin.
2725 5476 2779 5520 et
2797 5467 2915 5521 cod.
2947 5467 3068 5522 Vat.
3101 5465 3232 5532 Reg.
3265 5465 3351 5529 85,
3387 5463 3624 5535 Implevit
3646 5473 3759 5524 sine

2171 5534 2323 5588 dubio
2349 5535 2590 5588 bonitatis
2616 5552 2676 5589 ac
2707 5537 2994 5606 disciplina:
3025 5538 3172 5590 istius
3203 5537 3422 5606 formam
3449 5534 3628 5592 beatus
3655 5538 3757 5594 Pe-

2172 5615 2298 5663 trus,
2331 5621 2442 5657 cum
2472 5607 2601 5658 sicut
2638 5622 2752 5658 vere
2781 5605 2938 5661 bonus
2967 5606 3164 5660 oblatos
3190 5605 3287 5658 sibi
3323 5605 3509 5658 dicitur
3547 5623 3759 5663 curasse

2168 5676 2436 5743 inﬁrmos;
2457 5685 2506 5728 et
2532 5685 2586 5746 ut
2611 5675 2896 5746 disciplina
2914 5677 3129 5746 cmlestis
3151 5683 3378 5746 amator,
3395 5675 3540 5743 justa
3561 5677 3760 5731 ultione

2169 5742 2377 5817 punisse
2414 5742 3019 5817 mendacesperliibetur.
3059 5745 3320 5817 Nimirum
3361 5742 3603 5817 benitatis
3643 5749 3757 5817 ejus

2170 5815 2390 5882 gratiam
2420 5823 2630 5869 testatur
2658 5813 2730 5868 Ai
2737 5832 2859 5871 neas
2887 5816 2974 5871 ille
3000 5815 3198 5884 debilis,
3224 5814 3309 5883 qui
3339 5813 3576 5882 claudus,
3607 5813 3714 5872 etc.
