4054 6190
296 416 393 471 501

1642 410 1920 467 IIOMILIA
1957 409 2132 466 CVIII.

3450 415 3565 470 50?

291 526 401 579 vit?
423 526 438 556 ¹
461 522 527 578 Et
547 524 673 593 quia
693 523 903 579 bonitas
927 533 951 561 ⁸
970 524 1021 581 ei
1047 525 1113 580 ad
1132 524 1464 594 disciplinam
1483 522 1871 589 scientiamque
1900 530 1945 588 Α
1974 520 2138 574 citate
2166 519 2449 574 verborum
2478 518 2806 589 perfectione
2829 519 3070 577 vivendis
3093 522 3411 578 venerabilis
3436 539 3558 593 pro-

288 633 395 672 non
425 617 631 679 deerat,
656 617 952 687 pascendas
984 617 1057 670 illi
1089 617 1340 670 Dominus
1372 630 1494 669 suas
1516 612 1860 669 commenda-

283 709 360 762 vit
389 708 644 762 oviculas.
672 707 865 761 Tenuit
888 707 1181 761 bonitatem
1209 722 1273 763 ac
1299 707 1629 776 disciplinam
1657 704 1856 774 glorio-

278 797 527 851 sissimus
572 795 785 861 Paulus,
833 797 943 867 qui,
992 805 1051 851 ut
1094 796 1210 865 ejus
1251 798 1447 866 scripta
1493 803 1775 861 testantur,
1804 803 1861 849 et

275 885 486 954 virgam
515 886 879 952 correctionis,
909 894 964 940 et
1001 888 1243 956 spiritum
1271 887 1692 942 mansuetudinis
1717 902 1856 956 pra:-

276 973 536 1028 tendebat
570 991 585 1027 :
625 984 847 1044 propter
889 975 1034 1044 quod
1077 974 1308 1031 faciebat
1349 990 1471 1029 eum
1518 976 1765 1031 omnibus
1803 984 1859 1030 et

272 1064 564 1119 amabilem
592 1064 824 1131 bonitas,
856 1074 910 1120 et
932 1066 1209 1136 disciplina
1248 1066 1561 1121 terribilem.
1586 1065 1611 1104 δ
1640 1066 1773 1119 Nam
1797 1073 1857 1119 ut

270 1156 417 1211 inter
461 1156 575 1225 ipsa
612 1155 900 1224 primordia
930 1154 1051 1211 ﬁdei
1092 1156 1386 1211 bonitatem
1422 1170 1486 1210 ac
1525 1155 1856 1224 disciplinam

269 1245 473 1301 Christi
526 1245 748 1301 doceret
791 1245 1089 1312 Ecclesias,
1139 1254 1195 1301 et
1231 1247 1493 1301 removeri
1541 1254 1855 1315 peccantem

262 1333 428 1403 jussit
464 1350 497 1389 a
536 1337 915 1391 communione
952 1345 1279 1401 sanctorum,
1311 1344 1367 1392 et
1405 1337 1651 1393 eumdem
1691 1340 1855 1409 recipi

264 1426 695 1495 resipiscentem.
726 1426 803 1480 De
827 1429 1049 1481 scientia
1077 1435 1257 1482 autem
1285 1427 1402 1496 ejus
1429 1429 1556 1498 quid
1583 1445 1682 1483 nos
1704 1428 1853 1484 dicc-

261 1529 407 1582 mus,
431 1531 554 1571 cum
582 1531 771 1571 omnes
798 1532 917 1571 cum
939 1518 1185 1572 noverint
1204 1518 1259 1571 in
1280 1520 1586 1576 coelestibus
1608 1521 1855 1577 didicisse

258 1621 387 1675 qua:
414 1607 638 1662 doceret
667 1608 719 1661 in
749 1610 930 1673 terris,
965 1621 987 1648 ι·
1019 1610 1109 1665 ubi
1138 1612 1266 1665 talia
1292 1627 1353 1667 se
1378 1616 1713 1669 memorabat
1733 1615 1856 1671 edo-

258 1704 429 1761 ctum,
464 1695 642 1765 qualia
680 1697 825 1765 loqui
853 1698 903 1752 ei
931 1700 1245 1755 mortalibus
1270 1717 1378 1755 non
1412 1702 1631 1756 liceret?
1659 1702 1855 1758 Habuit

258 1783 613 1839 nihilominus
651 1785 946 1842 bonitatem
993 1796 1051 1843 et
1094 1790 1426 1859 disciplinam
1456 1793 1606 1848 testis
1632 1793 1723 1849 ille
1749 1794 1849 1849 do-

1969 611 2127 679 pheta
2153 609 2443 678 quaerebat.
2468 609 2787 665 Brevissimo
2810 626 3042 681 namque
3060 624 3310 666 sermone
3327 613 3551 667 conclu-

1962 700 2034 754 sit
2053 700 2307 770 quidquid
2334 700 2683 770 spiritualium
2709 701 2871 756 habet
2890 700 3176 756 multitudo
3197 702 3472 757 virtutum.
3490 701 3559 757 Si‘

1959 806 2088 861 ergo
2117 793 2205 848 ille
2231 794 2530 863 praecipuus
2555 794 2934 863 prophetarum
2962 792 3143 848 doceri
3165 806 3225 848 se
3250 808 3281 846 a
3304 792 3557 857 Domino,

1958 882 2057 937 has
2084 883 2366 938 sanctioris
2392 882 2515 937 vita:
2556 883 2671 937 vias
2717 891 2997 952 tantopere
3037 882 3377 953 precabatur,
3416 881 3547 951 quid

1958 970 2141 1027 facere
2169 988 2267 1027 nos
2291 984 2334 1038 θ,
2361 972 2596 1040 inquam,
2622 972 2792 1040 magis
2819 987 2973 1027 orare
2995 971 3251 1025 debemus
3271 970 3542 1025 dicentes:

1959 1062 2273 1129 Bonitatem,
2297 1072 2346 1117 et
2367 1063 2713 1132 disciplinam,
2731 1072 2780 1115 et
2799 1063 3064 1116 scientiam
3088 1062 3211 1115 doce
3231 1078 3344 1124 nos,
3376 1059 3528 1113 Domi

1959 1170 2052 1219 ne,
2081 1161 2346 1223 quatenus
2384 1154 2439 1207 in
2466 1153 2621 1208 nobis
2643 1152 2856 1207 bonitas
2885 1150 2903 1188 ί
2929 1151 3067 1203 mala
3092 1151 3272 1204 vincat
3298 1149 3447 1211 vitia,
3478 1162 3543 1201 ac

1958 1244 2249 1298 voluntatis
2267 1242 2544 1313 disciplina
2571 1241 2816 1310 castiget.
2846 1238 2902 1293 Si
2922 1239 3065 1292 enim
3092 1239 3267 1292 sciens
3295 1236 3542 1304 omnipo-

1960 1342 2162 1390 tentem
2189 1334 2475 1388 Dominum
2501 1331 2735 1395 Patrem,
2767 1330 3068 1397 Filiumqne
3095 1328 3211 1397 ejus
3238 1326 3394 1381 unius
3420 1339 3543 1378 esse

1956 1426 2286 1491 substantiae,
2313 1423 2569 1494 Spiritum
2591 1436 2806 1491 quoque
2832 1428 3075 1475 sanctum
3105 1418 3221 1487 pari
3249 1414 3542 1472 credideris

1956 1518 2119 1590 356
2141 1515 2441 1571 teternitate
2468 1519 2800 1581 regnantem,
2832 1510 2977 1563 nulla
2998 1517 3053 1562 te
3076 1522 3309 1576 unquam
3329 1505 3415 1559 vel
3442 1518 3540 1573 pa-

1954 1620 2217 1675 ganorum
2247 1619 2384 1660 vana
2414 1602 2707 1673 persuasio,
2741 1600 2825 1654 vel
2851 1599 3171 1653 Arianorum
3199 1594 3401 1666 perfida
3433 1602 3547 1647 tur-

1953 1700 2104 1755 babit
2148 1698 2414 1769 impietas.
2453 1695 2510 1751 Si
2556 1694 2717 1749 futuri
2753 1691 2938 1761 judicii
2978 1689 3204 1745 scientia
3248 1702 3346 1742 cor
3385 1693 3538 1738 tuum

1952 1798 2297 1857 mentemque
2326 1797 2351 1836 8
2381 1785 2690 1857 repleveris,
2722 1782 2945 1836 habebis
2972 1780 3077 1833 tuis
3114 1778 3168 1831 in
3196 1775 3437 1830 moribus
3462 1772 3547 1827 di-

255 1871 510 1937 minicus,
542 1880 599 1927 et
622 1872 859 1943 Baptista
879 1874 1132 1940 Joannes,
1163 1879 1253 1948 qui
1283 1880 1659 1948 resipiscentes
1679 1898 1709 1936 a
1732 1898 1853 1952 pec-
1882 1892 1929 1952 Β
1954 1882 2270 1952 sciplinam;
2302 1893 2486 1933 rursus
2524 1876 2568 1930 si
2612 1872 2903 1943 disciplina:
2931 1869 3098 1941 ipsius
3138 1878 3417 1921 mensuras
3444 1877 3534 1916 re-

251 1962 393 2017 catis
419 1963 533 2017 suis
561 1963 809 2019 homines
836 1967 1163 2036 prophetiae
1190 1969 1403 2038 pietatis
1443 1970 1635 2027 allectu
1675 1976 1848 2042 pumi-

252 2052 441 2106 tentite
495 2053 761 2122 baptismo
797 2056 1065 2123 diluehat;
1114 2067 1277 2128 atque
1324 2070 1381 2114 ut
1423 2078 1550 2117 vere
1595 2063 1843 2131 legalium

251 2150 652 2211 praeceptorum
679 2154 860 2199 custos
889 2146 1253 2215 immutabilis,
1286 2158 1343 2204 et
1364 2150 1632 2206 Herodem
1660 2167 1840 2222 regem

248 2231 318 2285 de
346 2231 533 2286 illicita
563 2232 840 2288 incusabat
868 2250 1058 2301 uxore,
1091 2244 1147 2291 et
1172 2240 1380 2294 cunctis
1408 2240 1474 2295 ad
1514 2255 1573 2296 se
1612 2256 1841 2297 concur-

248 2322 500 2376 rentibus
526 2324 846 2393 purgatioris
877 2328 996 2380 vitm
1022 2337 1285 2398 praecepta
1313 2330 1620 2385 mandabat.
1650 2332 1839 2390 Scien-

247 2412 337 2465 tia:
378 2421 562 2467 autem
604 2413 746 2469 illius
785 2415 1171 2484 plenitudinem
1198 2420 1357 2490 355
1396 2421 1637 2491 quisquis
1665 2429 1842 2491 potest

246 2499 525 2570 ignorare,
561 2504 673 2571 qui,
703 2505 847 2573 quod
874 2520 973 2576 pro
1009 2507 1181 2561 salute
1209 2509 1485 2564 hominum
1513 2512 1661 2565 venit
1687 2509 1846 2566 Chri-

245 2600 365 2645 stus
394 2607 426 2646 e
456 2594 615 2657 cmlo,
661 2595 863 2664 primus
910 2597 1218 2653 hominibus
1260 2600 1553 2655 revelavit?
1582 2599 1609 2638 ά
1640 2602 1848 2659 Videtis

244 2680 453 2750 itaque,
485 2682 695 2749 fratres,
720 2699 826 2754 quo
853 2687 1114 2743 orandum
1143 2692 1485 2759 compendio,
1511 2702 1568 2748 et
1586 2708 1689 2763 qua
1714 2711 1849 2764 pau-

1952 1978 2210 2046 gulasque
2234 1972 2550 2033 servaveris,
2582 1970 2628 2025 si
2655 1980 2945 2035 congruam
2975 1961 3182 2018 tenebis
3208 1960 3263 2013 in
3288 1956 3537 2013 omnibus

1950 2070 2283 2133 bo’nitatem;
2314 2066 2438 2135 quia
2475 2062 2688 2118 bonitas
2727 2060 3209 2127 temperamentum
3247 2058 3333 2103 est
3370 2046 3532 2101 disci-

1948 2159 2125 2228 plinae,
2158 2163 2215 2211 et
2240 2154 2515 2223 disciplina
2545 2149 2943 2206 condimentum
2972 2152 3055 2198 est
3081 2140 3355 2197 bonitatis.
3387 2135 3535 2228 Cave

1947 2226 2097 2319 ergo,
2130 2249 2317 2315 frater,
2347 2261 2415 2300 ne
2442 2245 2515 2298 ita
2541 2242 2675 2297 velis
2703 2240 2875 2294 bonus
2902 2234 3093 2302 videri,
3124 2240 3183 2286 ut
3209 2228 3428 2298 abjicias
3455 2226 3533 2319 di-

1945 2317 2251 2411 sciplinam;
2276 2336 2303 2374 ιι
2333 2334 2669 2405 disciplinam
2708 2327 2948 2393 secteris,
2974 2332 3033 2379 ut
3066 2334 3347 2378 removeas
3373 2317 3531 2372 boni-
3566 2362 3579 2373 .

1948 2436 2134 2484 tatem.
2150 2426 2354 2494 Quibus
2368 2426 2557 2479 beatus
2578 2419 2739 2475 David
2762 2417 2963 2473 idcirco
2978 2412 3258 2469 scientiam
3279 2416 3530 2479 precatur

1949 2518 2182 2588 adjungi,
2216 2525 2275 2571 ut
2300 2516 2505 2569 directo
2529 2510 2726 2566 mentis
2753 2514 2953 2562 nostra:
2972 2504 3174 2574 judicio
3201 2503 3340 2556 scire
3364 2498 3539 2569 possi-

1949 2623 2067 2662 mus
2095 2606 2328 2677 qualiter
2355 2604 2409 2657 in
2442 2602 2598 2656 nobis
2645 2613 2764 2654 esse
2789 2599 2802 2636 ί
2837 2597 3013 2667 poscit
3038 2602 3093 2650 et
3118 2590 3411 2649 districtior
3436 2590 3533 2645 bo-

1951 2697 2110 2764 nitas,
2138 2704 2194 2751 et
2219 2692 2466 2750 blandior
2492 2690 2789 2760 disciplina.

1584 2806 1932 2867 HOMILIA
1975 2807 2190 2871 CVIII.

680 2898 849 2970 Super
872 2901 965 2956 illa
990 2900 1261 2974 Evangelii
1282 2902 1473 2958 Matth.
1502 2921 1620 2977 cap.
1649 2919 1738 2958 Ix:
1766 2906 2009 2959 Ascendit
2035 2906 2187 2961 Iesus
2215 2907 2270 2959 in
2300 2906 2611 2970 naviculam,
2643 2912 2691 2958 et
2720 2900 3092 2973 transfretavit.

1665 2995 2057 3051 ADMUNITIO.

313 3076 377 3131 In
423 3076 697 3159 Breviario
738 3079 983 3159 Romano
1019 3099 1144 3159 pars
1172 3085 1329 3159 hujus
1368 3085 1601 3159 homilize
1635 3088 1829 3159 legitur
1844 3088 1923 3159 _in
1965 3088 2231 3159 dominica
2264 3088 2331 3143 18
2374 3097 2498 3159 post
2535 3087 2890 3159 Pentecosten
2918 3085 3017 3159 sub
3044 3084 3263 3159 nomine
3289 3081 3345 3159 S“.
3381 3080 3530 3135 Petri

238 3147 590 3229 Clirysologi,
613 3164 779 3229 quam
809 3152 997 3229 eidem
1006 3147 1337 3229 clarissimus
1364 3157 1446 3210 vir
1470 3147 1816 3229 Sebastianus
1843 3152 1994 3229 Pauli
2024 3158 2165 3213 Cler.
2200 3158 2331 3229 Reg.
2362 3147 2395 3229 a
2428 3158 2719 3229 MatreDei
2748 3158 2800 3211 in
2830 3172 2923 3229 sua
2954 3155 3191 3229 ejusdem
3220 3153 3276 3207 S.
3309 3152 3525 3229 Raven-

242 3220 506 3299 natensis
516 3220 905 3299 archiepiscopi
934 3222 1169 3278 editione
1200 3225 1387 3299 V_enet.
1420 3241 1508 3280 an.
1541 3226 1683 3299 I759
1716 3228 1986 3299 ascripsit,
2020 3220 2468 3299 quemadmodum
2511 3228 2679 3279 multo
2705 3234 2829 3280 ante
2856 3220 3369 3299 Corn—belisiustom.
3411 3220 3522 3285 VII,

242 3301 373 3369 pag.
403 3286 528 3369 59.7,
558 3286 773 3369 aliique.
808 3286 931 3345 Haec
963 3307 1081 3347 esse
1097 3295 1273 3369 __tanti_
1295 3297 1554 3369 momenti
1596 3297 1725 3351 mihi
1755 3286 2020 3369 videntur,
2035 3286 2105 3369 ’ω
2133 3297 2491 3369 communiter
2511 3304 2916 3369 receptamnon
2942 3294 3179 3369 audeam
3216 3294 3528 3369 impugnare

241 3358 604 3437 sententiam;
639 3358 799 3437 licere
828 3369 1007 3415 tamen
1036 3363 1168 3437 mihi
1198 3364 1431 3437 arbitror
1455 3374 1700 3437 veterum
1722 3366 1931 3437 referre
1958 3358 2277 3437 scriptorum
2306 3358 2723 3437 opinionem-In
2752 3364 3072 3437 bibliotheca
3095 3362 3236 3437 enim
3269 3358 3524 3415 Vaticana

241 3427 493 3505 codicem
523 3428 821 3505 invenimus
853 3446 998 3505 num.
1032 3431 1189 3505 645i,
1214 3434 1327 3505 qui,
1351 3449 1473 3505 pag.
1507 3434 1592 3500 19,
1624 3435 1681 3489 S.
1712 3436 1973 3491 Joannem
2002 3427 2313 3497 Os'avrenm,
2343 3427 2459 3489 sive
2486 3434 2925 3505 Chrysostomum
2970 3433 3210 3505 h_omilia_:_
3245 3440 3522 3505 auctorem

240 3497 516 3578 ερρεὲιεξμ
549 3497 602 3550 in
629 3500 846 3578 archiyo
865 3498 1143 3578 gasipensi
1172 3497 1494 3578 οοὶιεῖωὲ,
1526 3497 1645 3574 pag.
1678 3505 1802 3570 255,
1825 3521 1943 3578 eam
1969 3505 2027 3560 S.
2052 3505 2345 3559 Severiano
2374 3497 2860 3578 episcopb__tribuit.
2886 3502 2955 3554 At
2982 3502 3118 3578 duos
3145 3501 3279 3552 alios
3307 3500 3524 3578 quices

241 3581 360 3641 non
391 3566 585 3641 intima:
613 3568 833 3641 notiein
864 3568 918 3622 S.
952 3568 1238 3625 Maximum
1269 3566 1652 3629 Tauriuénsein
1696 3566 1983 3630 convenire
2030 3584 2365 3641 attestamur,
2408 3566 2599 3641 nempe
2628 3574 2939 3641 Vaticanum
2985 3569 3121 3641 ἥξει
3158 3566 3433 3641 [ιρις-,54η
3463 3578 3521 3641 (ξι

243 3633 669 3714 Laurentianum
798 3637 939 3714 Plut.
978 3656 1082 3714 xvn
1112 3656 1230 3711 pag.
1263 3642 1385 3714 25!,
1414 3660 1665 3713 expresse
1692 3648 1834 3700 enim
1863 3653 1987 3714 post
2029 3644 2313 3714 Evangelii
2323 3633 2503 3714 locum
2533 3633 2731 3714 habent
2757 3660 2768 3693 ε
2796 3640 2846 3693 Η
2852 3640 3029 3694 omilia
3056 3639 3116 3693 S.

3218 3637 3377 3690 aximi
3406 3637 3519 3705 epi-

239 3706 412 3784 scopi.
440 3703 754 3771 Ilujusmodi
785 3710 1087 3784 testimonia
1112 3703 1141 3764 a
1165 3703 1287 3784 styli
1316 3703 1660 3784 similitudine
1687 3703 1991 3769 confirmari
2020 3703 2276 3784 possunt.
2293 3712 2491 3768 Verum
2520 3714 2619 3784 etsi
2648 3711 2786 3784 forte
2814 3719 3123 3784 nostranos
3145 3708 3291 3761 fallat
3316 3703 3519 3784 Opinio.

241 3788 368 3851 f9"!
392 3782 800 3851 lalnengtjalam
826 3779 993 3848 aequis
1022 3774 1312 3851 lectoribus
1348 3798 1448 3839 nos
1477 3782 1665 3840 fecisse
1693 3774 2077 3851 existimamus,
2114 3798 2235 3838 cum
2264 3782 2389 3839 huic
2414 3783 2645 3838 homilize
2670 3781 2939 3837 variantes
2966 3778 3219 3849 plurimas
3243 3793 3313 3831 ex
3338 3774 3525 3831 codice

241 3840 509 3899 Vaticano
534 3840 663 3900 6451
699 3840 953 3903 collectas
978 3849 1339 3918 subjiciamus.

239 3956 408 4026 357
437 3954 828 4015 Ancuunmvn.
860 3994 899 4002 -
945 3961 1071 4016 Non
1100 3965 1297 4035 indiget
1329 3966 1561 4021 Christus
1578 3970 1726 4034 navi,
1750 3970 1833 4021 in-

316 4037 431 4104 quit
472 4034 763 4115 Maximus,
800 4039 891 4092 sed
915 4043 1062 4095 navis
1095 4034 1292 4113 indiget
1321 4042 1558 4110 Christo;
1584 4048 1703 4115 quia
1725 4049 1838 4101 sine

315 4115 507 4169 ccclein
567 4114 935 4186 gubernatione
986 4122 1132 4173 navis
1170 4119 1420 4176 Ecclesiae
1468 4124 1540 4176 ad
1587 4114 1837 4180 cwlestem

318 4341 348 4369 ι
385 4330 524 4387 Edit.
572 4333 837 4398 Maurin.,
898 4335 969 4390 Et

240 4404 559 4475 scientiaque
587 4421 701 4475 non
720 4407 915 4459 deerat.

321 4473 350 4510 δ
380 4473 436 4552 In
476 4473 608 4552 edit.
655 4473 882 4552 hiaurin.
926 4477 1180 4533 mendose
1229 4479 1483 4546 habetur,
1533 4481 1679 4536 Inter
1723 4485 1837 4552 ipsa

242 4544 425 4595 mundi
452 4546 757 4611 primordia.
1471 4544 1479 4546 ﬁ
1666 4558 1669 4559 ⁷

322 4627 345 4647 τ
378 4613 511 4667 God.
538 4613 789 4677 Maurin.,
818 4616 889 4669 ibi
917 4618 1043 4670 talia
1069 4634 1124 4672 se
1150 4623 1445 4675 memoravit
1471 4622 1721 4677 edoctum.

316 4679 345 4717 δ
374 4682 506 4755 Cod.
532 4682 589 4755 S.
619 4682 802 4740 Crucis
823 4686 874 4739 in
902 4685 1034 4745 Jer..
1062 4689 1191 4742 edit.
1219 4688 1470 4755 Maurin.,
1492 4700 1547 4744 et
1567 4693 1687 4746 cod.
1708 4692 1829 4747 Vat.

243 4750 409 4829 Reg:2
445 4752 623 4829 Videte
648 4757 838 4829 it_aque,
863 4758 1067 4829 fratres,
1093 4776 1191 4829 quo
1221 4761 1403 4813 orandi
1433 4750 1751 4829 compendio.

321 4832 347 4857 ε
369 4821 505 4903 Cod.
524 4822 647 4903 Vat,
672 4821 825 4893 11.53.,
842 4821 964 4897 quid
984 4821 1153 4897 facere
1171 4845 1263 4881 nos
1279 4840 1501 4903 oportet,
1518 4821 1602 4903 qui
1621 4841 1670 4903 et
1690 4831 1829 4884 tardi

241 4907 425 4945 sensus
454 4893 755 4962 inﬁrmitate
782 4893 1060 4965 torpemits,
1089 4909 1137 4951 et
1165 4893 1337 4954 noxia:
1374 4893 1684 4955 remissionis
1710 4903 1825 4957 vita:

317 5052 335 5082 '
363 5049 437 5132 Et
463 5052 583 5121 quia
610 5050 812 5132 bonitas
834 5054 881 5132 emi
903 5052 1321 5132 addisciplinam
1345 5057 1711 5132 scientiamque
1730 5077 1833 5116 non

238 5122 444 5185 deerat,
465 5121 715 5243 lpascendi
735 5121 812 5175 illi
832 5122 1086 5178 Dominus
1115 5121 1233 5178 suas
1262 5121 1639 5184 commendavit
1660 5132 1833 5184 ovicu-

239 5193 344 5243 las.
368 5217 446 5228 —
506 5191 845 5243 irmissimam
869 5208 987 5243 esse
1002 5193 1141 5243 anud
1164 5194 1449 5243 Maximum
1473 5198 1539 5243 de.
1563 5198 1704 5243 Ρριιοί
1727 5202 1833 5243 m-i-

239 5193 344 5247 las.
368 5191 845 5270 ——_Firn_iissimam
869 5208 987 5247 esse
1002 5193 1141 5263 apud
1164 5194 1450 5270 Maximum
1473 5198 1539 5270 de
1563 5198 1705 5254 Petri
1727 5202 1837 5270 pri-

236 5270 393 5339 rnatu
423 5261 1005 5339 doctrinam,_eumqu_e
1029 5261 1159 5339 non_
1178 5264 1294 5339 pari
1308 5280 1443 5339 Acum
1471 5268 1590 5339 aliis
1618 5261 1835 5339 aposto-

238 5332 311 5388 lis
339 5331 625 5409 vocatione
654 5330 722 5385 ad
750 5330 1073 5409 laudandam
1118 5330 1413 5409 Ecclesium
1459 5330 1690 5394 electum
1722 5340 1833 5409 jam

236 5416 408 5471 supra
438 5400 940 5471 demonstravimus.
974 5401 1089 5458 Hoc
1116 5412 1295 5458 autem
1322 5404 1461 5471 loco,
1488 5423 1607 5462 cum
1636 5400 1830 5464 iterum

238 5472 313 5547 de
341 5469 505 5547 I_’_etr_o
533 5480 585 5547 et
611 5470 776 5547 Ifaulo
804 5487 1107 5547 sermonem
1136 5474 1395 5547 instituat,
1425 5469 1524 5531 etsi
1548 5487 1833 5547 utrumque

238 5542 317 5596 de
356 5539 597 5612 Ecclesia
634 5540 771 5595 bene
810 5543 1258 5612 merenti=simum
1300 5539 1547 5612 fateatur,
1597 5539 1833 5603 attamen

243 5609 794 5685 uniusministerium
822 5611 895 5665 ita
924 5612 1231 5685 distinctum
1261 5617 1328 5668 ab
1355 5609 1831 5685 altero’describit,

241 5690 311 5735 ut
336 5680 428 5755 qui
458 5678 742 5755 {unctionis
776 5689 868 5755 aut
903 5683 1099 5755 gradus
1127 5685 1403 5739 character
1430 5688 1645 5755 proprie
1674 5678 1834 5742 Petro

241 5750 538 5804 attributus
555 5750 786 5818 videtur,
809 5750 974 5806 Paulo
995 5768 1334 5808 communem
1359 5750 1465 5809 non
1490 5750 1664 5809 faciat.
1691 5756 1835 5812 Petri

242 5820 396 5877 enim
424 5818 678 5890 pranlicat
706 5828 905 5875 tantam
934 5821 1229 5878 bonitatem
1249 5825 1632 5895 scientiamque
1652 5826 1832 5894 fuisse,

2010 3977 2212 4038 portum
2250 3984 2353 4021 non
2391 3968 2524 4021 valet
2558 3967 2837 4037 pervenire.
2883 3964 3087 4019 Deinde
3113 3962 3421 4034 evangelica
3446 3960 3527 4015 hi-

2010 4040 2184 4091 storiae
2212 4038 2443 4093 ordinem
2462 4038 2800 4108 prosequitur.

2020 4126 2291 4184 Christum
2334 4129 2387 4182 in
2430 4129 2679 4184 humanis
2706 4129 2914 4184 actibus
2941 4128 3120 4184 divina
3147 4128 3376 4197 gessisse
3402 4141 3525 4198 my-

1019 4338 1138 4408 quia
1183 4336 1384 4394 bonitas
1446 4359 1508 4395 ac
1563 4343 1838 4415 disciplina
1864 4347 1909 4410 C
1942 4348 2306 4428 consuetudine
2334 4348 2691 4428 depravamur,
2721 4363 2833 4428 nos,
2856 4346 3096 4428 inquam;
3108 4352 3215 4400 etc.

2018 4416 2037 4454 ί
2065 4416 2207 4470 Edit.
2237 4414 2465 4471 Maurin.
2491 4426 2547 4471 et
2574 4416 2694 4471 cod.
2728 4416 2845 4469 Vat.
2873 4415 3004 4481 Reg.
3029 4414 3119 4480 85,
3140 4416 3392 4469 malitiam
3411 4418 3521 4470 vin-

1942 4496 2045 4549 cat,
2074 4488 2196 4539 vitia
2223 4503 2284 4539 ac
2316 4487 2595 4555 voluptates
2624 4486 2897 4554 disciplina
2926 4494 3173 4551 coerceat,
3197 4493 3246 4538 et
3269 4487 3518 4555 ignoran—

1940 4558 2028 4610 tia:
2049 4557 2328 4610 caecitatem
2352 4557 2566 4609 scientia
2595 4557 2822 4609 veritatis
2842 4556 3115 4623 illuminet,
3145 4564 3248 4609 etc.

2010 4636 2034 4673 ε
2065 4625 2203 4680 Cod.
2236 4626 2357 4680 Vat.
2391 4626 2524 4693 Reg.
2558 4634 2612 4681 et
2648 4626 2775 4680 edit.
2808 4624 3057 4688 Maurin.,
3090 4624 3374 4693 repleverit.

2009 4693 2037 4732 ιι
2067 4696 2198 4749 Cod.
2225 4696 2345 4749 Vat.
2379 4695 2511 4762 Reg.
2542 4702 2598 4749 et
2625 4696 2752 4749 edit.
2783 4695 3034 4757 Maurin.,
3061 4706 3149 4747 aut
3187 4696 3261 4747 ita
3301 4693 3522 4747 arduam

1932 4766 2138 4834 secteris
2167 4764 2516 4834 disciplinam,
2546 4774 2602 4817 ut
2630 4782 2890 4819 removeas
2919 4764 3217 4826 bonitatem,
3247 4770 3352 4819 etc.

2008 4832 2024 4869 ί
2057 4832 2200 4886 Edit.
2225 4831 2478 4897 Maurin.,
2501 4850 2614 4888 esse
2634 4837 2817 4905 possit.

1939 5071 1999 5136 ut
2022 5063 2279 5136 Dominus
2307 5065 2357 5120 ei
2384 5065 2678 5136 pascendas
2704 5062 2941 5136 oviculas
2969 5079 3093 5136 suas
3120 5066 3395 5121 tradiderit
3419 5085 3432 5121 :
3455 5085 3518 5126 ac

1937 5134 1981 5207 si
2024 5133 2267 5198 dixisset,
2310 5133 2473 5207 ut'in
2501 5136 2685 5189 homil.
2729 5134 2796 5187 40
2826 5153 2839 5186 :
2874 5133 3009 5207 Quia
3049 5134 3235 5189 Petrus
3273 5144 3518 5207 tanquam

1936 5201 2096 5275 bonus
2123 5214 2300 5271 pastor
2321 5206 2559 5259 tuendum
2591 5221 2791 5275 gregem
2820 5205 3032 5270 accepit,
3058 5214 3107 5257 et
3129 5208 3294 5275 {actus
3315 5201 3390 5260 est
3411 5225 3519 5262 om-

1935 5273 2086 5348 nibus
2121 5275 2522 5343 ﬁrmamentum,
2554 5273 2637 5344 qui
2683 5285 2801 5348 ante
2846 5276 3082 5343 inﬁrmus
3126 5273 3313 5344 fuerat,
3344 5286 3393 5330 et
3433 5282 3520 5348 qui

1933 5344 2485 5416 ipseinterrogationis
2525 5344 2801 5416 tentatione
2841 5354 3126 5416 nutaverat,
3159 5354 3369 5400 cwteros
3397 5344 3521 5416 ﬁdei

1932 5413 2211 5485 stabilitate
2250 5413 2521 5485 fundaret;
2553 5420 2731 5485 aut__ut
2758 5413 2809 5466 in
2840 5414 3057 5485 humilia
3103 5416 3271 5483 prima
3314 5413 3518 5471 de'SS.

1936 5490 2107 5556 apost.
2134 5482 2292 5537 Petro
2319 5483 2603 5556 etPaulo‘:
2635 5482 2737 5556 llic
2755 5483 3060 5556 estPetrus
3092 5482 3177 5556 qui
3202 5485 3519 5540 validissima

1934 5552 2219 5624 invictaque
2244 5552 2416 5624 nobis
2457 5552 2695 5624 credendi
2736 5555 3073 5624 fundamenta
3104 5552 3403 5619 constituit;
3434 5558 3519 5610 vel

1936 5621 2200 5693 inhomil.
2228 5622 2285 5673 41
2328 5641 2340 5675 :
2377 5622 2527 5675 Tanti
2568 5621 2781 5677 Petrum
2820 5624 2956 5693 apud
3006 5623 3171 5677 Deum
3213 5625 3383 5677 meriti
3422 5641 3513 5677 ex.

1936 5691 2142 5765 stitisse,
2170 5701 2224 5765 ut
2250 5693 2297 5746 ei
2326 5702 2442 5765 post
2468 5694 2713 5765 navicula:
2742 5691 2913 5761 parva:
2939 5694 3205 5765 remigium
3236 5694 3388 5746 totius
3410 5693 3510 5744 Εεα

1940 5761 2108 5816 clesia:
2135 5760 2478 5832 gubernacula
2510 5760 2845 5818 traderentur.
