4054 6190
486 365 592 421 503

1531 352 1587 408 S.
1628 350 1869 407 MAXIM]
1906 347 2206 406 EPISCOPI
2246 340 2692 401 TAURINENSIS

3640 340 3741 396 505

486 475 647 533 steria
668 516 684 542 ,
731 481 786 528 et
823 473 877 527 in
922 470 1084 526 rebus
1127 465 1422 524 visibilibus
1451 465 1731 520 invisibilia
1755 463 2062 520 exercuisse
2089 467 2142 527 Α
2165 459 2454 515 naviculam
2471 498 2488 525 ,
2521 468 2572 512 et
2605 457 2972 529 transfretavit,
2999 465 3050 510 et
3068 455 3198 510 venit
3219 456 3271 510 in
3293 455 3551 510 civitatem
3573 471 3736 510 suam.

487 565 724 637 negotia,
754 561 916 618 lectio
937 561 1194 616 hodierna
1217 557 1554 613 monstravit.
1584 556 1852 621 Ascendit,
1868 555 2060 625 inquit,

486 661 550 713 in
583 653 896 718 naviculam,
935 660 984 705 et
1024 649 1409 720 transfretavit,
1453 657 1505 701 et
1551 648 1684 702 venit
1721 648 1776 700 in
1807 648 2063 700 civitatem

487 763 656 803 suam.
682 746 870 800 Nonne
896 743 1010 812 ipse
1037 749 1121 796 est
1144 741 1235 810 qui
1257 739 1449 808 fugatis
1477 736 1722 793 fluctibus
1752 739 1912 794 maris
1940 753 2066 808 pro-

485 837 650 891 funda
679 833 940 889 nudavit:
997 840 1058 885 ut
1078 830 1400 885 lsraeliticus
1421 830 1653 900 populus
1679 830 1818 884 inter
1843 837 2064 900 stupen-

487 937 577 982 tes
600 927 767 982 undas
799 926 942 979 sicco
965 923 1188 991 vestigio
1206 963 1221 989 ,
1253 922 1340 976 vel
1369 923 1630 979 montium
1672 937 1908 977 concava
1937 937 2063 992 per-

489 1019 746 1078 transiret
777 1015 971 1089 (Exod.
1003 1014 1154 1086 xxv)?
1183 1014 1371 1069 Nonne
1401 1014 1489 1070 hic
1516 1021 1600 1068 est
1627 1014 1718 1083 qui
1745 1013 1887 1068 Petri
1917 1012 2066 1084 pedi-

486 1108 590 1164 bus
635 1108 874 1163 marinos
921 1106 1152 1162 vertices
1203 1103 1511 1168 inclinavit,
1567 1112 1628 1158 ut
1664 1104 1766 1158 iter
1810 1103 2067 1172 liquidum

488 1200 738 1256 humanis
794 1197 1063 1267 gressibus
1126 1195 1359 1250 solidum
1423 1196 1688 1264 prmberet
1753 1195 2067 1264 obsequium

491 1291 706 1362 (Matth.
738 1289 850 1361 x1)?
891 1287 958 1343 Et
984 1287 1110 1357 quid
1133 1294 1217 1341 est
1243 1284 1390 1355 quod
1422 1295 1447 1324 α
1475 1286 1576 1340 sibi
1605 1285 1768 1340 maris
1795 1286 1874 1341 sic
1897 1285 2066 1341 dene-

488 1390 582 1451 gat
619 1381 928 1437 servitutem
953 1420 967 1444 ,
1017 1387 1076 1433 ut
1112 1377 1412 1432 brevissimi
1457 1377 1604 1432 lacus
1641 1379 1924 1438 transitum
1971 1378 2069 1433 sub

488 1473 739 1528 mercede
785 1472 998 1526 nautica
1045 1468 1438 1525 transfretaret.
1486 1469 1760 1537 Ascendit,
1790 1469 1981 1540 inquit,
2013 1471 2069 1525 in

489 1562 810 1629 naviculam,
845 1571 896 1616 et
925 1563 1296 1633 transfretatit.
1338 1560 1408 1615 Et
1433 1560 1562 1630 quid
1590 1561 1811 1627 mirum,
1843 1561 2070 1616 fratres?

487 1652 734 1708 Christus
774 1653 922 1708 venit
968 1652 1241 1722 suscipere
1281 1651 1620 1708 inﬁrmitates
1667 1661 1880 1708 nostras
1902 1695 1918 1722 ,
1959 1650 1987 1691 δ
2015 1660 2074 1707 et

488 1759 616 1800 suas
638 1745 796 1800 nobis
818 1743 1065 1800 conferre
1093 1744 1350 1807 virtutes;
1379 1743 1612 1798 humana
1639 1759 1896 1813 quaerere,
1926 1759 2068 1814 pra:-

2165 549 2393 605 Creator
2431 563 2610 603 rerum
2646 547 2791 602 orbis
2832 548 3117 613 Dominus,
3147 555 3498 616 posteaquam
3529 562 3588 601 se
3616 562 3741 616 pro-

2164 649 2286 712 pter
2314 655 2412 694 nos
2437 646 2619 696 nostra
2648 637 2970 705 angustiavit
2996 636 3050 690 in
3080 651 3264 704 carne,
3291 635 3457 704 cmpit
3491 645 3514 672 ο
3547 634 3743 690 habere

2165 731 2452 785 humanam
2498 727 2758 799 patriam,
2793 734 3075 797 parentum
3104 727 3342 780 omnium
3385 726 3499 796 ipse
3527 741 3738 796 parens,

2166 828 2226 874 ut
2254 819 2505 874 invitaret
2539 833 2712 882 amor,
2749 818 3046 871 attraheret
3085 816 3312 882 caritas,
3343 817 3588 870 vinceret
3614 814 3741 870 affe-

2166 913 2310 976 ctio,
2361 910 2612 965 suaderet
2656 909 2986 974 humanitas,
3027 923 3163 977 quos
3190 908 3399 977 fugarat
3425 908 3740 971 dominatio,

2165 1012 2342 1059 metus
2377 1003 2736 1072 disperserat,
2773 999 2790 1039 ῐ
2825 1000 3024 1057 fecerat
3062 1001 3143 1056 vis
3171 1001 3458 1071 potestatis
3480 1009 3738 1055 extorres.

2177 1097 2327 1153 Venit
2347 1099 2402 1152 in
2433 1098 2690 1152 civitatem
2714 1113 2884 1162 suam,
2907 1106 2931 1144 ε
2953 1104 3002 1149 et
3023 1113 3136 1150 ecce
3154 1094 3438 1164 o/j‘erebant
3459 1095 3505 1148 ei
3534 1095 3741 1164 paraly-

2169 1192 2325 1244 ticum
2358 1191 2619 1260 jacentem
2661 1188 2714 1240 in
2754 1187 2906 1250 lecto,
2953 1195 3002 1238 et
3040 1186 3340 1256 respiciens,
3375 1183 3566 1252 inquit,
3592 1181 3742 1237 Iesus

2167 1281 2326 1352 ﬁdem
2351 1282 2589 1346 illorum,
2631 1280 2763 1333 dixit
2801 1276 3124 1348 paralytico:
3157 1276 3404 1346 Conﬁde,
3425 1276 3536 1345 fili,
3567 1275 3740 1329 dimit-

2169 1381 2344 1426 tuntur
2374 1371 2464 1426 tibi
2492 1379 2701 1442 peccata
2733 1378 2840 1422 tua.
2873 1366 3038 1421 Audit
3064 1368 3305 1432 veniam,
3337 1375 3392 1421 et
3423 1374 3565 1421 tacet
3586 1381 3740 1435 para-

2169 1461 2487 1532 lyticus,nec
2507 1460 2668 1514 ullam
2687 1457 2710 1493 b
2727 1457 3020 1526 rCSpondet
3046 1457 3271 1524 gratiam
3288 1496 3304 1522 ,
3333 1456 3456 1525 quia
3478 1456 3600 1525 plus
3622 1470 3740 1510 cor-

2169 1551 2316 1620 poris
2335 1566 2493 1620 quam
2515 1550 2705 1603 animm
2723 1547 2979 1603 tendebat
2997 1545 3067 1600 ad
3095 1563 3276 1602 curam
3303 1565 3314 1600 :
3350 1555 3404 1602 et
3426 1546 3745 1616 temporales

2170 1658 2360 1714 pinnas
2385 1641 2608 1696 resoluti
2636 1640 2878 1710 corporis
2900 1639 2979 1696 sic
3015 1636 3280 1703 deﬂebat,
3305 1647 3365 1694 ut
3381 1648 3608 1694 aeternas
3631 1654 3745 1709 poe—

2171 1746 2270 1786 nas
2329 1731 2674 1786 resolutionis
2730 1730 2922 1784 anima:
2967 1745 3075 1784 non
3123 1727 3346 1784 defieret
3393 1747 3406 1782 :
3456 1729 3745 1798 gratiorem

490 1844 635 1890 sta-re
660 1835 874 1900 divina;
921 1833 1168 1902 accipere
1209 1830 1460 1902 injurias,
1498 1832 1724 1887 reddere
1757 1833 2071 1901 dignitates;

2183 1821 2197 1860 ί
2226 1823 2325 1878 sibi
2343 1831 2659 1892 praesentem
2681 1823 2846 1876 vitam
2856 1821 3244 1890 judicans,non
3276 1820 3530 1876 futuram.
3562 1821 3749 1876 Merito

490 1927 634 1984 ferre
661 1927 846 1990 mdia,
888 1924 1091 1980 referre
1119 1925 1404 1991 sanitates;
1436 1925 1561 1994 quia
1583 1924 1823 1980 medicus
1849 1926 1940 1994 qui
1967 1941 2078 1980 non

489 2017 598 2074 fert
642 2017 1010 2082 infirmitates,
1060 2015 1396 2068 infirmitates
1435 2030 1624 2068 curare
1663 2017 1862 2078 nescit,
1906 2022 1963 2070 et
1984 2015 2077 2085 qui

489 2125 604 2166 non
638 2109 802 2163 fuerit
834 2123 954 2162 cum
998 2104 1208 2162 infirmo
1238 2105 1566 2174 infirmatus,
1597 2106 1808 2161 infirmo
1837 2122 1945 2161 non
1974 2121 2076 2176 po-

489 2207 598 2255 test
642 2198 890 2254 conferre
932 2198 1238 2252 sanitatem.
1287 2196 1531 2252 Christus
1577 2211 1739 2266 ergo,
1780 2198 1826 2252 si
1865 2198 1918 2252 in
1966 2198 2077 2253 suis

488 2290 779 2346 transisset
825 2287 1138 2353 virtutibus,
1189 2301 1472 2342 commune
1506 2302 1628 2342 cum
1668 2287 1976 2342 hominibus
2003 2287 2078 2341 nil

492 2383 749 2448 haberet;
789 2391 845 2436 et
871 2381 974 2436 nisi
1003 2380 1279 2450 implesset
1307 2381 1486 2437 carnis
1513 2379 1757 2434 ordinem
1779 2421 1794 2442 .
1823 2380 2002 2435 carnis
2023 2380 2079 2433 in

491 2476 588 2530 illo
611 2483 756 2530 esset
783 2474 958 2529 otiosa
983 2473 1275 2542 susceptio.
1318 2471 1582 2527 Sustinuit
1609 2485 1736 2539 ergo
1766 2473 1863 2526 has
1892 2487 2078 2527 neces-

491 2565 686 2619 sitates
705 2602 725 2628 ,
759 2571 820 2618 ut
857 2563 1024 2617 homo
1047 2576 1212 2616 verus
1237 2558 1486 2614 humanis
1505 2561 1919 2616 necessitatibus
1945 2576 2076 2630 pro-

491 2653 730 2709 baretur.
779 2663 800 2690 ο
841 2644 1121 2719 Ascendit,
1169 2651 1364 2719 inquit,
1409 2651 1465 2704 in
1494 2649 1805 2715 naviculam,
1832 2649 2078 2705 Christus

491 2742 746 2800 Ecclesia:
773 2757 882 2797 sure
905 2756 1117 2808 navem,
1140 2740 1320 2795 szeculi
1349 2739 1539 2795 fluctus
1568 2755 1781 2810 semper
1807 2740 2077 2809 mitigatu-

492 2849 587 2890 rus
615 2833 878 2900 ascendit,
909 2839 968 2886 ut
996 2831 1280 2887 credentes
1305 2831 1358 2884 in
1377 2846 1436 2885 se
1462 2831 1529 2885 ad
1550 2831 1822 2886 cmlestem
1851 2832 2075 2901 patriam

492 2924 781 2994 tranquilla
829 2923 1172 2991 navigatione
1220 2921 1506 2991 perducat,
1541 2930 1595 2976 et
1624 2922 1919 2991 municipes
1947 2921 2078 2977 civi-

495 3015 623 3071 tatis
667 3031 778 3069 suze
825 3013 985 3070 faciat
1037 3028 1173 3082 quos
1220 3013 1568 3067 humanitatis
1634 3027 1744 3067 suae
1790 3012 1916 3068 fecit
1957 3027 2078 3068 esse

495 3113 792 3163 consortes.
825 3103 941 3159 Non
972 3118 1100 3173 ergo
1128 3102 1370 3158 Christus
1396 3101 1601 3171 indiget
1627 3103 1770 3168 navi,
1802 3103 1895 3158 sed
1927 3104 2078 3158 navis

2176 1916 2419 1972 Christus
2466 1913 2804 1970 offerentium
2854 1914 3012 1970 fidem
3061 1930 3168 1968 non
3198 1914 3445 1983 respicit,
3476 1923 3534 1969 et
3558 1929 3749 1971 vecor-

2175 2007 2314 2061 diam
2356 2007 2576 2076 respicit
2614 2007 2692 2062 sic
2732 2006 2992 2075 jacentis,
3023 2013 3083 2060 ut
3124 2005 3250 2060 fidei
3287 2006 3474 2060 aliena:
3501 2005 3753 2074 suffragio

2177 2097 2458 2168 paralytici
2497 2098 2673 2151 anima
2706 2107 2831 2152 ante
2871 2105 3153 2152 curaretur
3188 2113 3348 2167 quam
3385 2113 3600 2167 corpus.
3655 2097 3787 2152 Βοα-

2176 2191 2416 2259 spiciens,
2445 2189 2634 2258 inquit,
2660 2189 2816 2258 ﬁdem
2840 2188 3045 2242 illorum
3069 2205 3082 2253 ;
3107 2190 3120 2238 ι
3154 2189 3372 2243 cernitis
3400 2189 3452 2242 in
3481 2189 3586 2244 hoc
3613 2189 3756 2256 loco,

2176 2279 2368 2335 fratres
2386 2321 2404 2348 ,
2433 2279 2602 2333 Deum
2633 2295 2740 2333 non
2765 2292 3009 2348 quaerere
3039 2278 3406 2348 insipientium
3431 2278 3753 2342 voluntates,

2176 2386 2284 2424 non
2327 2377 2576 2439 spectare
2622 2371 2981 2438 ignorantium
3030 2368 3188 2425 fidem
3215 2408 3231 2434 ,
3279 2386 3386 2424 non
3426 2369 3757 2424 infirmorum

2175 2461 2338 2514 stulta
2381 2458 2653 2513 desideria
2681 2458 3008 2528 perscrutari
3033 2500 3049 2528 ,
3084 2459 3179 2513 sed
3209 2457 3234 2496 ιι
3259 2459 3327 2513 ad
3356 2459 3578 2515 alterius
3602 2458 3756 2515 fidem

2175 2551 2490 2614 subvenire,
2522 2551 2667 2620 quod
2695 2567 2796 2628 per
2815 2552 2987 2606 solam
3014 2550 3241 2620 gratiam
3269 2551 3606 2618 conferebat,
3636 2568 3758 2607 cum

2177 2643 2436 2714 quidquid
2466 2643 2659 2698 divinae
2695 2644 2990 2698 voluntatis
3024 2651 3110 2699 est
3159 2659 3266 2698 non
3294 2652 3538 2712 negaret.
3584 2643 3654 2698 Et
3677 2661 3761 2699 re-

2175 2749 2324 2796 vera,
2359 2735 2573 2802 fratres,
2604 2734 2821 2802 quando
2844 2734 3086 2790 medicus
3109 2734 3473 2802 languentium
3503 2743 3598 2789 aut
3624 2749 3762 2804 quae-

2177 2825 2268 2891 rit,
2301 2831 2392 2878 aut
2421 2825 2642 2894 reSpicit
2685 2825 2989 2880 voluntates
3011 2865 3026 2889 ,
3076 2840 3199 2879 cum
3242 2839 3456 2894 semper
3493 2825 3761 2880 contraria

2176 2914 2443 2969 desideret
2492 2923 2548 2969 et
2593 2915 2832 2982 requirat
2870 2912 3141 2981 infirmus;
3173 2915 3299 2969 hinc
3334 2915 3583 2982 estquod
3623 2931 3765 2970 nunc

2177 3004 2399 3069 ferrum,
2433 3019 2574 3059 nunc
2602 3005 2778 3073 ignem
2798 3045 2812 3070 ,
2848 3021 2988 3060 nunc
3016 3020 3198 3058 amara
3228 3006 3420 3075 pocula
3452 3006 3679 3074 ingerit,
3712 3013 3764 3061 et

2183 3099 2405 3168 apponit
2441 3099 2654 3167 invitis,
2695 3107 2755 3153 ut
2794 3113 2977 3154 curam
3023 3100 3141 3154 sani
3174 3099 3411 3154 sentiant
3455 3114 3620 3169 quam
3657 3116 3770 3157 non

495 3196 702 3266 indiget
727 3197 974 3264 Christo,
1022 3195 1147 3266 quia
1184 3195 1300 3249 sine
1339 3194 1545 3250 cmlesti
1573 3195 1962 3262 gubernatione
1984 3209 2080 3249 na-
2108 3196 2152 3258 C
2184 3199 2435 3263 poterant
2463 3193 2664 3248 sentire
2691 3201 3033 3263 :egrotantes.
3057 3192 3124 3248 Et
3156 3195 3202 3250 si
3229 3195 3393 3251 homo
3419 3195 3643 3264 injurias
3667 3196 3766 3252 de-

495 3288 578 3344 vis
607 3287 859 3343 Ecclesia:
895 3300 993 3356 per
1019 3283 1345 3339 mundanum
1392 3283 1643 3354 pelagus,
1666 3281 1691 3320 ά
1715 3283 1810 3337 tali
1847 3291 1903 3338 et
1930 3291 2082 3339 tanto

498 3379 807 3436 discrimine
833 3377 900 3433 ad
925 3377 1201 3433 ctelestem
1230 3383 1444 3447 portum
1473 3391 1582 3430 non
1607 3375 1750 3430 valet
1778 3376 2077 3445 pervenire.

496 3469 626 3526 Haec
669 3469 938 3537 diximus,
986 3466 1212 3532 fratres,
1259 3473 1518 3536 quantum
1562 3465 1630 3519 ad
1676 3466 2082 3534 intelligentiam

498 3561 735 3632 pertinet
780 3557 1152 3630 spiritualem:
1195 3558 1359 3630 358
1393 3572 1582 3611 verum
1621 3573 1764 3612 nunc
1807 3558 1974 3627 ipsius
2000 3558 2084 3612 hi-

499 3654 680 3710 storize
725 3654 970 3710 ordinem
1014 3665 1424 3722 prosequamur.
1491 3649 1766 3714 Ascendit,
1798 3649 1999 3721 inquit,
2029 3651 2084 3704 in

571 3797 599 3828 ι
637 3788 772 3844 Cod.
803 3787 1010 3852 Casin.,
1040 3786 1176 3856 quod
1198 3787 1306 3856 ipse
1333 3785 1452 3840 sibi.

572 3859 599 3898 δ
639 3857 775 3914 Cod.
807 3858 1010 3926 Casin.,
1035 3853 1271 3926 conferre
1289 3857 1558 3926 sanitates.
1585 3854 1640 3908 In
1663 3853 1786 3926 cod.
1816 3853 2078 3926 Yat.645_l

501 3929 697 3984 desunt
721 3935 769 3981 et
795 3943 888 3980 sua
924 3925 1071 3979 nobis
1111 3924 1346 3994 conferre
1380 3925 1606 3980 remedia
1645 3924 1920 3989 sanitatis;
1961 3924 2084 3995 quia

502 3999 749 4066 medicus,
778 3997 863 4066 qui
891 3997 1142 4066 non_[_ert,
1165 4003 1270 4066 etc.

577 4077 600 4106 ε
641 4059 928 4121 Cod/Vat.
954 4059 1122 4127 6451,
1151 4064 1394 4117 Ascendit
1421 4065 1474 4118 in
1505 4063 1796 4117 nariculam
1825 4059 2082 4126 Christus,

501 4133 752 4193 Ecclesia
791 4149 972 4189 navem
994 4175 1009 4197 ,
1052 4133 1228 4187 saeculi
1272 4136 1458 4203 ﬂuctus
1495 4149 1697 4202 semper
1734 4133 2083 4204 niitigaturus.

502 4205 767 4272 Ascendit,
793 4213 850 4258 ut
871 4204 1151 4269 credentes,
1176 4213 1282 4259 etc.
1666 4271 1669 4272 ν
1744 4232 1748 4236 -

574 4273 600 4316 ἀ
638 4271 783 4330 fdem
807 4275 927 4331 cod.
961 4274 1111 4345 Y_at.,
1143 4291 1234 4345 per
1255 4274 1452 4345 taliaet
1474 4281 1616 4345 tanta
1638 4271 1962 4345 discrimina.

579 4358 602 4386 ο
641 4346 788 4401 Idem
819 4345 938 4400 cod.
972 4342 1117 4407 Vat.,
1143 4341 1290 4412 carpit
1309 4342 1528 4398 civitatis
1545 4341 1782 4412 Judaicte
1808 4357 1918 4394 esse
1945 4342 2086 4405 civis,

500 4425 739 4490 parentes
763 4416 950 4468 habere
977 4415 1148 4484 coepit,
1181 4411 1450 4483 parentum
1479 4413 1708 4466 omnium
1737 4411 1848 4481 ipse
1876 4426 2088 4480 parens.

581 4486 601 4527 τ
643 4483 793 4541 Idem
821 4482 946 4540 cod.
979 4482 1124 4548 Vat.,
1156 4492 1205 4535 et
1227 4485 1418 4553 fecerat
1431 4484 1522 4552 jus
1543 4482 1831 4551 potestatis,
1864 4489 1969 4535 etc.

933 4522 946 4535 ο
995 4518 1124 4548 ναι-ο,
1156 4518 1205 4535 vv
1227 4518 1350 4548 ,οννι
1364 4518 1416 4534 ων
1431 4518 1522 4548 Juv
1543 4518 1831 4548 vauvusoo’
1864 4518 1969 4535 νυν·

2181 3285 2359 3354 spicit,
2375 3284 2654 3340 maledicta
2678 3286 2998 3353 contemnit,
3023 3293 3078 3340 et
3097 3286 3348 3341 sauciatis
3361 3287 3553 3342 morbo
3573 3295 3767 3357 sponte

2182 3375 2346 3429 vitam
2377 3375 2623 3430 conferat
2679 3383 2734 3430 et
2769 3375 3026 3442 salutem;
3082 3385 3286 3448 quanto
3327 3377 3497 3447 magis
3525 3377 3767 3435 Christus

2184 3465 2426 3522 medicus
2451 3467 2693 3520 bonitate
2722 3466 2900 3521 divina
2931 3467 3132 3522 morbis
3175 3468 3384 3523 saucios
3423 3478 3766 3538 peccatorum

2185 3565 2240 3612 et
2260 3557 2508 3627 phrenesi
2547 3557 2830 3611 criminum
2861 3558 3196 3624 laborantes,
3237 3559 3308 3614 ad
3347 3560 3575 3616 salutem
3603 3561 3765 3616 etiam

2186 3649 2382 3704 invitos
2411 3648 2634 3704 attrahit
2665 3656 2721 3703 et
2760 3649 3040 3705 nolentes?
3068 3651 3082 3682 ⁸
3114 3648 3158 3704 Ο
3184 3651 3230 3706 si
3261 3650 3519 3716 velimus,
3551 3649 3762 3717 fratres,

2259 3792 2284 3857 β
2322 3783 2487 3857 fidem
2510 3783 2677 3857 codd.
2713 3783 2834 3857 Vat.
2853 3791 2910 3857 et
2937 3783 3140 3846 Casin.,
3181 3794 3230 3857 et
3266 3784 3559 3857 obtulerunt
3585 3788 3633 3857 ei
3665 3804 3761 3857 pa-

2187 3855 2462 3924 ralyticum
2491 3853 2753 3924 jacentem
2789 3854 2842 3906 in
2887 3854 3015 3908 lecto
3035 3893 3050 3919 ,
3080 3865 3129 3909 et
3149 3856 3344 3920 videns,
3377 3856 3566 3926 inquit,
3587 3853 3758 3922 Iesus,

2187 3932 2300 3978 etc.

2177 4000 2180 4004 '
2258 3992 2284 4067 ιξ
2324 3991 2468 4067 idem
2497 3992 2618 4067 cod.
2642 3991 2789 4067 V_a_t.,
2813 3993 3094 4067 necullam
3126 3996 3394 4064 respondit
3416 3997 3663 4067 gratiam.

2266 4061 2281 4100 ί
2325 4061 2474 4135 idem
2511 4062 2632 4119 cod.
2679 4061 2800 4117 Vat.
2846 4062 3004 4135 645i,
3036 4081 3188 4135 quam
3213 4061 3471 4135 futuram.
3508 4065 3642 4120 Cod.
3673 4065 3764 4121 Ca-

2190 4133 2448 4205 sin.,_sibi
2475 4143 2776 4205 prteseniem
2806 4135 2960 4205 vitam
2973 4133 3194 4205 judicat,
3218 4133 3374 4205 quam
3392 4137 3638 4205 futuram.

2268 4204 2281 4252 i
2331 4201 2624 4273 ldem'cod.
2660 4202 2809 4273 _Vat.,
2837 4201 3304 4273 digit‘paralytico.
3337 4201 3560 4258 cernitis
3589 4207 3644 4258 in
3672 4205 3763 4260 hoc

2192 4273 2453 4343 loc_o,_etc.
2481 4272 2614 4343 Cod.
2646 4271 2851 4343 Casin.,
2878 4269 3100 4343 Cernitis
3119 4269 3174 4325 in
3203 4273 3337 4326 hunc
3365 4274 3552 4328 locum.

2266 4341 2292 4378 ι
2330 4341 2476 4395 fdem
2501 4341 2624 4397 cod.
2659 4340 2927 4412 Vat.,_sed
2951 4343 3165 4395 alterius
3185 4343 3307 4412 ﬁdei
3328 4344 3595 4398 subvenire
3613 4353 3662 4397 et
3683 4360 3766 4396 re-

2193 4429 2342 4536 versi,
2392 4415 2610 4483 fratres,
2652 4419 2757 4466 etc.
2801 4410 3027 4481 Reliqua
3069 4410 3429 4482 pneCedentia
3475 4413 3674 4470 desunt
3715 4414 3767 4467 in

2195 4497 2260 4536 eo
2303 4496 2403 4536 tce.

2195 4496 2403 4538 000108.

575 4603 595 4634 ³
636 4596 682 4654 0
702 4601 748 4655 si
776 4598 1018 4661 velimus,
1053 4598 1244 4668 fratres
1262 4635 1276 4660 ,
1301 4611 1331 4649 ο
1353 4595 1397 4648 si
1425 4595 1636 4668 velimus
1665 4609 1869 4648 omnem
1897 4597 2086 4668 mentis
2120 4600 2158 4658 ι)
2190 4598 2440 4652 xiliorum
2472 4595 2792 4668 (cuiusmodi
2818 4608 2944 4652 sunt
2969 4598 3353 4655 illustrationes
3372 4602 3586 4666 mentis,
3616 4616 3770 4657 com-

501 4678 696 4728 nostrar
723 4669 1008 4741 paralysin:
1029 4665 1332 4741 pervidere,
1357 4666 1586 4718 animam
1620 4673 1847 4741 nostram
1879 4665 2083 4719 virtuti-

504 4741 596 4796 bus
617 4736 917 4796 destitutam
945 4737 1125 4808 jacere
1145 4736 1220 4808 rin
1245 4737 1485 4808 vitiorum
1513 4737 1690 4789 stratis
1725 4751 2083 4808 cerneremus:

502 4811 693 4865 luceret
737 4811 885 4865 nobis
931 4803 1185 4880 quomodo
1232 4803 1497 4880 Christus,
1523 4815 1586 4880 _et
1614 4815 1820 4880 nostras
1859 4807 2086 4880 quotidie

503 4882 698 4951 noxias
711 4882 920 4951 respicit
945 4876 1334 4951 voluntat_es,_et
1362 4877 1430 4929 ad
1450 4876 1707 4951 salutaria
1736 4893 1828 4930 nos
1859 4877 2086 4951 remedia

503 4950 758 5019 pertraltit
795 4946 864 5003 'et
897 4958 1134 5019 perurget
1169 4948 1471 5019 invitos.V——
1491 4946 1628 5011 Quid
1681 4947 1783 5000 hoc
1839 4955 1959 5019 est;
2003 4947 2086 5019 Ad

503 5017 760 5088 galutaria
800 5017 905 5073 nos
935 5017 1164 5073 remedia
1197 5018 1448 5088 per-trahit
1481 5025 1820 5088 ietperurget
1854 5018 2038 5088 invitos
2061 5018 2086 5069 ?

503 5085 727 5142 Scilicet
747 5101 823 5156 eo,
839 5090 1073 5155 pertinet
1103 5085 1212 5156 quo
1246 5087 1335 5141 illa
1369 5085 1621 5156 Ecclesiae
1650 5085 1858 5156 spectat
1886 5085 2080 5156 oratio,

504 5171 613 5228 qua
641 5154 896 5228 sacerdos
925 5154 1213 5225 (domin—ica
1246 5156 1281 5209 4
1309 5167 1425 5228 post
1455 5155 1816 5228 Pentecosten)
1859 5169 1973 5208 rem
2001 5154 2083 5208 di-

503 5227 686 5296 vinam
715 5225 950 5296 facturus
977 5236 1227 5296 precatur
1255 5225 1450 5291 Deum,
1483 5235 1541 5280 ut
1569 5225 1638 5278 ad
1675 5241 1730 5278 se
1766 5233 1971 5296 nostras
2002 5241 2084 5276 re-

508 5295 662 5351 belles
701 5293 1261 5366 compellafpropitius
1289 5298 1616 5360 voluntates;
1662 5311 1770 5348 non
1802 5309 1914 5366 quo
1943 5293 2085 5366 Deus

504 5367 758 5448 praesidio
785 5363 968 5448 gratia;
989 5363 1116 5448 sum,
1150 5366 1214 5420 iis
1240 5379 1378 5433 quos
1405 5376 1724 5448 convertere
1753 5363 1907 5448 ad‘sc
1937 5363 2080 5444 velit,

505 5433 704 5491 inferat
745 5433 1115 5490 necessitatem
1141 5473 1156 5498 ,
1213 5449 1334 5488 cum
1374 5445 1429 5489 et
1470 5435 1715 5491 Ecclesia
1739 5442 1795 5488 et
1821 5433 2086 5488 Maximus

506 5505 740 5561 doceant
778 5503 1178 5575 prmdicentque
1223 5503 1525 5559 libertatem
1573 5505 1814 5570 arbitrii;
1855 5504 1950 5575 sed
1977 5518 2087 5572 quo

507 5575 653 5630 Deus
680 5573 1049 5630 misericordia
1075 5587 1283 5626 summa
1313 5589 1408 5628 sua
1437 5576 1493 5628 in
1512 5575 1659 5629 nobis
1687 5575 1801 5628 sine
1827 5573 1993 5637 nobis,
2029 5581 2087 5627 ut

505 5644 566 5701 S.
598 5646 924 5713 Augustinus
952 5640 1331 5713 animadvertit
1355 5684 1369 5706 ,
1418 5644 1659 5713 quaedam
1683 5653 1939 5712 operetur
1966 5643 2088 5712 qui-

505 5715 608 5771 bus
633 5712 796 5771 veluti
835 5714 1065 5771 stimulis
1093 5712 1378 5783 incitemur
1402 5712 1564 5779 atque
1591 5728 1878 5783 urgeamur
1904 5713 1970 5768 ad
1995 5729 2084 5770 re-

508 5794 594 5842 etc
621 5787 905 5857 agendum.
950 5783 1108 5838 Hisce
1136 5782 1394 5846 stimulis,
1441 5795 1558 5848 quae
1586 5782 1809 5837 numero
1838 5793 1963 5838 sunt
1991 5799 2088 5838 au-

2193 4669 2518 4741 minationes
2551 4677 2893 4741 terroresque
2909 4683 3188 4741 poenarum
3207 4710 3222 4735 ,
3251 4671 3381 4741 etc.)
3410 4673 3555 4726 inviti
3591 4672 3767 4737 initio,

2194 4755 2293 4811 seu
2317 4753 2424 4811 non
2454 4738 2684 4811 libentes
2708 4738 2989 4811 interdum
3018 4740 3279 4811 sentimus
3301 4738 3504 4796 meveri
3529 4757 3630 4796 nos
3648 4758 3772 4811 per-

2196 4807 2442 4880 tijahique
2471 4808 2536 4861 ad
2559 4808 3001 4880 reAsipiseendnm.
3025 4808 3167 4880 (Nam
3196 4810 3259 4864 iis
3279 4812 3579 4865 resistimus
3608 4807 3773 4880 atque

2194 4877 2551 4950 obluctamur.
2597 4876 2728 4950 Quis
2755 4887 2933 4932 autem
2960 4879 3254 4934 reluctetur
3281 4889 3444 4950 atque
3467 4876 3699 4935 obsistat
3721 4882 3772 4936 ei

2192 4947 2268 5000 rei
2315 4961 2475 5014 quam
2515 4947 2569 5000 in
2609 4963 2668 5001 se
2715 4948 3006 5002 immissum
3053 4950 3252 5003 sentiat
3291 4947 3396 5004 no'n
3442 4951 3642 5005 invitus
3676 4967 3772 5005 seu

2193 5014 2370 5070 libens.
2423 5017 2598 5085 Atque
2639 5017 2790 5071 inviti
2827 5019 3084 5073 vocabulo
3120 5019 3176 5073 S.
3214 5019 3504 5074 Maximum
3528 5035 3638 5076 non
3667 5021 3771 5076 ho-

2193 5087 2390 5160 minem
2423 5087 3021 5160 pressumhnecessitate
3039 5127 3054 5152 ,
3083 5088 3178 5160 sed
3207 5088 3423 5144 liberum
3449 5091 3767 5160 intelligere,

2191 5157 2282 5225 qui
2312 5164 2490 5232 tamen
2523 5172 2624 5210 non
2661 5156 2822 5232 libens
2851 5166 3006 5226 agat,
3033 5173 3101 5232 ett
3127 5156 3244 5224 ejus
3269 5160 3584 5232 przefatione
3610 5156 3772 5232 plane

2192 5227 2546 5299 perspicitur.
2573 5242 2735 5296 quam
2759 5227 2826 5299 _in
2861 5227 3400 5299 annotationem’col.
3443 5229 3550 5284 564
3577 5227 3771 5299 réjeci—

2195 5311 2331 5383 inus.
2345 5295 2482 5383 r.‘lam
2513 5295 2641 5383 vero
2669 5297 2771 5352 etsi
2800 5298 3112 5383 resistamus
3141 5297 3295 5383 iniiio
3322 5300 3470 5381 hisce
3499 5295 3772 5383 adjnmen-

2195 5365 2292 5429 tis,
2343 5366 2482 5420 Deus
2531 5375 2710 5422 tamen
2760 5367 2961 5422 auxilio
3001 5367 3127 5422 inde
3170 5367 3372 5424 efﬁcaci
3419 5386 3540 5432 suo,
3566 5365 3645 5424 ita
3673 5386 3773 5425 nos

2198 5436 2448 5507 (quorum
2471 5436 2718 5507 misereri
2739 5436 3030 5506 efficaciter
3050 5437 3200 5507 velit)
3222 5439 3429 5494 emollit
3458 5441 3769 5503 obduratos.

2194 5505 2524 5576 reluctantes
2552 5506 2743 5572 sedat,
2776 5508 3012 5576 graviter
3035 5505 3270 5564 ferentes
3297 5509 3491 5573 allicit,
3530 5518 3587 5564 ut
3612 5511 3771 5575 mire,

2193 5574 2354 5628 ill-.esa
2385 5576 2632 5650 libertate
2653 5574 2856 5650 nostra,
2881 5593 2983 5632 nos
3003 5578 3342 5646 determinet,
3365 5581 3614 5650 viresque
3633 5595 3773 5650 prae—

2189 5653 2296 5715 stet
2340 5645 2534 5714 quibus
2579 5647 2942 5715 nosmetipsos
2986 5663 3091 5701 una
3137 5649 3298 5703 simul
3331 5645 3774 5705 deterritinémus

2193 5713 2260 5794 ad
2289 5715 2546 5794 salutaria
2569 5713 3268 5794 remedia—nobisparapda,
3297 5729 3460 5789 atque
3489 5721 3556 5774 ad
3583 5735 3643 5794 se
3683 5736 3775 5774 ca-

2193 5785 2353 5840 ritate
2380 5785 2526 5842 ducti
2555 5787 2857 5856 aspiremus
3125 5785 3774 5860 fontemfservanduzqne
