4054 6190
214 399 318 454 5οὕ

1594 409 1874 468 llOMlLlA
1911 413 2043 469 CIX.

3366 435 3470 490 506

211 517 254 570 si
281 516 506 613 velimus
527 531 742 572 omnem
782 523 978 577 mentis
1001 530 1198 581 nostra:
1221 523 1508 596 paralysim
1538 526 1787 594 pervide-
1817 535 1860 594 Α
1891 529 2072 598 aspice
2107 529 2176 584 ad
2199 532 2585 600 cogitationum
2616 546 2827 594 tuarum
2855 540 3089 597 latebras
3119 546 3466 613 pervenisse;

214 623 304 667 re,
337 608 573 660 animam
614 618 850 664 nostram
889 613 1173 668 virtutibus
1191 613 1501 670 destitutam
1525 615 1707 686 jacere
1733 617 1788 670 in

216 698 469 752 vitiorum
499 698 681 752 stratis
707 715 1074 768 cerneremus;
1104 703 1304 758 luceret
1337 705 1492 758 nobis
1530 705 1791 774 quemad-

210 788 438 843 modum
478 787 720 844 Christus
761 799 816 844 et
856 801 1065 847 nostras
1094 794 1335 862 quotidie
1359 795 1550 850 noxias
1577 797 1794 866 respicit

209 880 537 945 voluntates,
569 881 730 954 359
757 891 813 936 et
856 883 924 937 ad
969 885 1224 940 salutaria
1266 901 1368 942 nos
1410 887 1646 942 remedia
1672 905 1796 958 pera

207 970 381 1024 trahit
419 979 474 1025 et
507 980 761 1041 perurget
798 973 1014 1029 invitos.
1055 974 1203 1042 Fili,
1226 976 1430 1046 inquit,
1462 979 1794 1032 remittuntur

209 1063 307 1116 tibi
331 1072 545 1132 peccata
569 1073 674 1116 tua.
708 1063 832 1119 Haec
854 1065 1057 1131 dicens,
1078 1065 1206 1120 dum
1234 1081 1294 1122 se
1313 1067 1531 1122 volebat
1545 1068 1792 1137 intelligi,

208 1153 303 1222 qui
335 1169 434 1221 per
461 1154 731 1208 hominem
761 1155 930 1210 oculis
960 1156 1136 1212 adhuc
1157 1158 1359 1212 latebat
1385 1160 1659 1226 humanis;
1682 1161 1794 1214 vir-

210 1243 426 1298 tutibus
450 1244 590 1298 enim
622 1253 676 1298 et
708 1245 872 1312 signis
899 1248 1315 1316 comparabatur
1360 1251 1670 1319 prophetis,
1701 1251 1794 1320 qui

208 1350 311 1404 per
347 1335 526 1404 ipsum
553 1335 790 1391 fecerant
835 1346 893 1393 et
927 1339 1025 1407 ipsi
1060 1340 1323 1395 virtutes:
1351 1343 1586 1410 peccatis
1613 1351 1797 1400 autem

208 1423 343 1480 dare
382 1425 596 1480 veniam
633 1436 660 1464 ⁸
695 1429 818 1500 quia
845 1444 1012 1497 penes
1047 1429 1319 1486 hominem
1359 1447 1467 1488 non
1493 1442 1602 1498 est,
1634 1443 1688 1489 et
1713 1443 1796 1489 est

209 1516 488 1584 singulare
534 1517 759 1574 Deitatis
800 1519 1044 1588 insigne,
1094 1521 1260 1576 Deum
1297 1519 1446 1578 illum
1485 1525 1796 1594 pectoribus

208 1608 500 1677 ingerebat
546 1609 808 1664 humanis.
876 1610 1076 1666 Probat
1124 1614 1228 1668 hoc
1269 1612 1570 1671 Pharismus
1618 1616 1796 1678 livor:

208 1715 340 1754 nam
369 1716 493 1755 cum
515 1700 775 1755 dixisset:
811 1701 1159 1758 Remittuntur
1188 1705 1278 1759 tibi
1304 1716 1515 1775 peccata
1547 1717 1654 1761 tua.
1689 1707 1794 1760 Re-

207 1792 531 1861 sponderunt
556 1791 852 1848 Pltaristei:
887 1794 985 1847 Hic
1008 1793 1327 1866 blasphemat
1343 1815 1360 1860 ;
1395 1799 1507 1868 quis
1535 1801 1670 1852 enim
1698 1817 1794 1869 po-

1894 617 2138 686 intelligo
2161 635 2288 674 eum
2313 624 2490 678 cordis
2519 627 2592 679 tui
2624 628 2780 682 tacita
2810 617 3013 686 nudare
3039 634 3200 703 θα)
3227 635 3469 688 consilia.

1896 708 1966 762 Et
1983 727 2099 767 cum
2119 712 2330 774 vidisset,
2343 754 2364 780 ι
2396 715 2602 783 inquit,
2625 717 2778 774 Jesus
2799 701 3138 792 cogitationes
3157 701 3355 789 eorum,
3384 701 3485 779 di:

1891 802 1970 854 xit
1994 812 2016 840 ο
2044 818 2062 854 :
2090 800 2228 866 Quid
2259 806 2496 875 cogitatis
2532 809 2670 862 mala
2708 811 2762 862 in
2793 812 3032 866 cordibus
3070 817 3288 868 vestris?
3335 813 3472 880 Quid

1891 890 2029 944 enim
2051 902 2126 946 est
2153 894 2358 964 [acilius
2398 895 2564 950 dicere
2587 938 2600 961 ,
2649 897 2994 955 Remittuntur
3017 904 3104 957 tibi
3127 915 3332 975 peccata
3362 918 3469 972 tua,

1894 980 1920 1019 ἀ
1951 1000 2019 1036 an
2065 985 2256 1054 dicere,
2281 986 2448 1058 Surge
2472 998 2520 1042 et
2549 991 2787 1049 ambula?
2815 991 2883 1046 Ut
2906 1003 3076 1048 autem
3102 999 3278 1051 sciatis
3296 1037 3311 1062 ,
3349 999 3470 1066 quia

1894 1074 1942 1127 F
1946 1077 2062 1130 ilius
2104 1078 2326 1133 hominis
2371 1080 2518 1135 habet
2561 1092 2862 1152 potestatem
2902 1087 3193 1142 dimittendi
3237 1099 3466 1160 peccata.

1894 1167 2027 1221 dixit
2055 1169 2338 1239 paralytico
2360 1188 2378 1225 :
2402 1171 2571 1243 Surge
2595 1184 2648 1236 ε,
2682 1176 2802 1229 tolle
2843 1177 3028 1231 lectum
3048 1188 3188 1232 tuum
3213 1218 3228 1243 ,
3268 1190 3316 1233 et
3343 1182 3470 1233 vade

1893 1258 1949 1312 in
1975 1260 2179 1314 domum
2203 1271 2372 1327 tuom;
2401 1272 2450 1316 et
2477 1267 2736 1330 surrexit,
2767 1275 2817 1320 et
2847 1266 2971 1320 abiit
2991 1270 3044 1322 in
3067 1269 3272 1322 domum
3299 1287 3465 1325 suam.

1895 1346 2174 1403 Scrutator
2201 1351 2502 1405 animarum
2522 1355 2778 1422 przevenit
2803 1357 3058 1410 mentium
3086 1358 3315 1426 maligna
3338 1374 3473 1412 con-

1895 1439 2042 1503 silia,
2074 1449 2128 1494 et
2157 1439 2380 1496 Deitatis
2408 1457 2518 1495 sua:
2556 1445 2853 1511 potentiam
2903 1446 3084 1514 eperis
3129 1447 3477 1502 attestatione

1901 1529 1921 1576 ῐ
1951 1533 2306 1600 monstravit,
2346 1534 2473 1587 dum
2515 1534 2760 1604 dissipati
2787 1539 3034 1605 corporis
3058 1541 3297 1593 membra
3326 1557 3475 1595 com-

1895 1622 2068 1690 ponit,
2099 1638 2295 1677 nervos
2325 1625 2571 1692 stringit,
2599 1625 2774 1693 jungit
2805 1642 2948 1688 ossa,
2981 1629 3219 1697 complet
3244 1629 3474 1695 viscera,

1900 1711 2078 1766 firmat
2125 1722 2302 1779 artus,
2334 1723 2389 1769 et
2414 1730 2627 1782 gressus
2655 1717 2720 1769 ad
2749 1733 2963 1771 cursum
2993 1719 3215 1772 suscitat
3263 1721 3316 1774 in
3355 1719 3478 1775 vivo

1901 1813 1926 1850 ε
1953 1803 2215 1859 cadavere
2232 1805 2341 1873 jam
2371 1807 2629 1874 sepultos.
2656 1806 2800 1861 Tolle
2824 1809 3008 1862 lectum
3039 1816 3209 1874 tuum;
3239 1811 3341 1864 hoc
3369 1818 3474 1873 est,

208 1893 310 1937 test
331 1895 546 1954 peccata
567 1887 841 1948 remittere,
866 1888 968 1941 nisi
995 1889 1132 1942 solus
1162 1888 1659 1956 Deus?Phariszee,
1706 1894 1799 1960 qui
1833 1890 1874 1949 Β
1905 1902 2064 1964 porta
2093 1903 2428 1964 portantem,
2453 1893 2478 1932 δ
2502 1912 2691 1951 omnes
2728 1905 2873 1950 muta
2913 1897 3061 1952 vices
3085 1939 3099 1965 ,
3132 1907 3192 1952 ut
3219 1898 3362 1968 quod
3394 1905 3480 1953 est

206 1976 438 2031 sciendo
487 1978 691 2041 nescis,
739 1976 1046 2033 confitendo
1074 1993 1264 2046 negas,
1303 1996 1426 2035 cum
1457 1982 1669 2036 testaris
1695 1983 1795 2037 im-

207 2081 422 2137 pugnas
449 2085 462 2119 :
512 2069 558 2122 si
599 2067 740 2122 Deus
785 2076 896 2132 est,
927 2070 1017 2137 qui
1049 2071 1276 2124 remittit
1296 2080 1547 2140 peccata,
1576 2089 1672 2128 cur
1699 2074 1794 2128 tibi

207 2161 464 2215 Christus
501 2159 643 2216 Deus
669 2178 774 2215 non
804 2170 908 2227 est,
958 2163 1049 2232 qui
1075 2162 1289 2219 hunius
1316 2164 1660 2234 indulgentiae
1687 2180 1796 2220 sua:

207 2268 440 2307 munere
482 2254 646 2306 totius
691 2253 875 2306 mundi
923 2254 1180 2322 probatur
1215 2254 1496 2310 abstulisse
1531 2258 1798 2325 peccata?

207 2341 364 2407 Ecce,
401 2343 594 2412 inquit,
625 2345 801 2415 Agnus
825 2343 940 2408 Dei,
964 2362 1079 2399 ecce
1100 2347 1186 2416 qui
1206 2346 1341 2401 tollit
1361 2355 1570 2414 peccata
1595 2348 1794 2402 mundi.

208 2432 275 2488 Ut
305 2443 492 2488 autem
517 2436 692 2504 possis
726 2437 933 2504 majora
973 2453 1170 2507 capere
1198 2438 1317 2506 ejus
1349 2439 1644 2497 divinitatis
1674 2441 1797 2496 insi-

203 2526 361 2594 gnia,
409 2525 542 2584 audi
586 2543 706 2582 eum
744 2529 980 2597 pectoris
1017 2529 1091 2584 tui
1129 2538 1442 2599 penetrasse
1480 2539 1789 2596 secretum;

1899 1986 2222 2054 infirmitatis
2263 1987 2637 2057 testimoniuml
2683 1989 2754 2042 sit
2783 1990 3034 2057 probatio
3074 1990 3322 2044 sanitatis
3350 2031 3364 2055 ,
3419 2000 3478 2044 ut

1902 2079 2072 2133 lectus
2117 2077 2319 2132 doloris
2363 2079 2440 2132 tui
2489 2080 2560 2132 sit
2597 2095 2760 2134 morte
2792 2082 3086 2135 curationis
3115 2081 3389 2146 indicium,
3418 2089 3476 2134 ut

1901 2175 2133 2236 recepta:
2167 2168 2488 2222 fortitudinis
2525 2169 2952 2237 magnitudinem
2981 2170 3234 2239 ponderis
3272 2177 3478 2223 asserat

1905 2260 2233 2328 magnitudo.
2277 2261 2448 2327 Vade,
2483 2263 2674 2330 inquit,
2697 2264 2750 2315 in
2781 2263 2987 2316 domum
3018 2273 3196 2316 tuam:
3223 2279 3290 2316 ne
3318 2261 3476 2316 Chri-

1903 2352 2076 2405 stiana
2114 2351 2219 2407 fide
2253 2362 2469 2408 curatus
2498 2355 2550 2408 in
2581 2355 2682 2408 viis
2707 2354 2941 2410 Judaicre
2964 2355 3197 2425 perfidia:
3221 2355 3332 2424 jam
3362 2369 3477 2409 mo-

1901 2459 2055 2499 reris.

1573 2624 1915 2687 HOMILIA
1961 2629 2122 2692 CIX.

1550 2720 1632 2776 De
1658 2741 1824 2794 grano
1854 2726 2057 2795 sinapis
2089 2726 2136 2781 1.

1625 2813 2036 2872 ‘ADMONITIO.

269 2905 436 2984 361
481 2901 553 2984 ιε
579 2902 812 2984 alterum
843 2901 1086 2984 codicum
1107 2917 1245 2984 mss.
1274 2911 1335 2984 et
1358 2903 1626 2984 editorum
1655 2907 2134 2984 quamdainveluti
2165 2903 2619 2984 conﬂictationem
2649 2912 2928 2984 incidimus
2955 2911 3288 2984 dehomilize
3317 2914 3475 2984 hujus

201 2971 459 3052 auctore;
513 2973 698 3052 {uisse
744 2971 871 3025 olim
921 2971 1213 3052 augustino
1257 2975 1596 3052 attributam
1619 2971 1689 3028 ei
1729 2977 2378 3052 appendiee_sermonum
2419 2982 2535 3052 ejus
2581 2991 2824 3048 constat;
2870 2983 3201 3037 Denedictini
3228 2971 3476 3047 Monaclii

198 3059 388 3112 congr.
423 3043 484 3096 S.
517 3042 684 3112 Mauri
723 3042 1060 3110 suppositum
1089 3057 1226 3110 opus
1249 3043 1552 3110 iudicantes
1584 3045 1635 3098 in
1665 3042 1958 3100 cam—num.
1992 3047 2062 3101 87
2106 3049 2426 3104 retulerunt.
2447 3042 2726 3106 'Gillotius
2766 3042 3182 3107 Ambrosianum
3207 3045 3471 3109 esse-ser-

197 3111 418 3189 monem
451 3111 718 3189 credidit,
749 3121 804 3164 et
848 3111 1293 3189 insuaeditione
1323 3112 1627 3175 Parisiensi,
1661 3113 1729 3168 de
1757 3130 1860 3189 qua
1891 3132 2034 3189 saepe
2069 3119 2395 3174 mentionem
2424 3121 2725 3189 habuimus,
2755 3122 2991 3176 secundo
3021 3122 3140 3175 loco
3166 3123 3471 3186 collocavit,

197 3197 317 3259 cum
349 3184 514 3236 titulo
532 3200 552 3259 _:
585 3181 662 3234 De
690 3196 854 3252 grano
872 3181 1099 3259 sinapis.
1126 3181 1275 3259 _Cum
1305 3199 1372 3237 eo
1400 3192 1665 3259 consonat
1702 3181 1876 3259 codex
1897 3181 2309 3259 _l_.aurentianus_
2347 3205 2378 3242 x
2409 3189 2548 3243 Plut.
2574 3207 2685 3258 xxv,
2713 3181 2942 3244 similem
2975 3193 3260 3259 prmferens
3289 3181 3476 3247 inseri;

198 3253 467 3320 ptionem.
515 3253 585 3304 At
628 3251 728 3305 nos
775 3251 998 3321 potioris
1031 3251 1168 3317 juris
1213 3268 1333 3306 esse
1361 3253 1698 3315 arbitramur,
1733 3261 1789 3307 ut
1812 3253 1866 3307 8.
1896 3254 2128 3310 Maximo
2157 3257 2399 3311 eamdem
2424 3251 2769 3321 ascribamus,
2798 3251 3172 3316 vetustissimis
3201 3263 3476 3317 codicibus

201 3322 359 3398 tidem
393 3322 732 3398 facientibus.
775 3321 966 3398 Ex_his
993 3321 1521 3398 primumaﬂ'erimus
1547 3322 1760 3398 codices
1788 3323 2194 3398 §angallensem
2234 3336 2289 3398 e_t
2323 3326 2377 3382 S.
2412 3327 2600 3383 Crucis
2630 3330 2681 3382 in
2708 3328 2817 3383 Jer.
2852 3330 2942 3396 90,
2972 3345 3108 3398 quos
3137 3330 3476 3386 Mabillonius

199 3391 741 3468 dixit_vene_rabilem
787 3391 992 3468 spirare
1039 3392 1462 3468 antiquitateth
1478 3391 1666 3468 Postea
1709 3391 2115 3468 Vallicella_n_u_m
2162 3398 2208 3449 A
2253 3395 2286 3448 9
2330 3413 2846 3468 commemoramus,
2877 3391 3193 3453 vati-canum
3224 3399 3383 3468 6451,
3415 3401 3471 3453 8.

195 3459 388 3536 ρωείς
421 3461 476 3515 in
504 3460 798 3536 Jerusalem
819 3458 920 3536 '95,
947 3458 1367 3536 Laiirentianum
1396 3460 1466 3536 §9
1506 3460 1647 3536 Plut,
1679 3478 1790 3536 xvn
1818 3478 1941 3534 pag.
1976 3464 2085 3518 172
2110 3481 2139 3519 a
2172 3474 2344 3536 tergo,
2369 3474 2422 3520 et
2443 3467 2564 3522 cod.
2599 3467 2718 3532 l76,
2750 3458 2875 3522 olim
2900 3468 3038 3523 :cdil.
3073 3469 3206 3522 eccl.
3238 3458 3469 3536 metrop.

198 3530 346 3603 Flor.
378 3545 506 3603 pag.
540 3529 644 3583 248
665 3546 695 3584 a
723 3538 874 3603 tergo
905 3531 956 3603 in
985 3529 1363 3603 Laurentiana.
1405 3531 1482 3603 De
1509 3529 1835 3603 hisqduobus'
1865 3529 2282 3603 pbsterioribus'
2299 3529 2573 3592 codicibus
2620 3529 2724 3592 hoc
2753 3545 2848 3591 est
2864 3537 3251 3602 adnotandum,
3279 3529 3474 3603 nempe

199 3599 402 3687 titulo'i
457 3602 534 3687 De
562 3617 725 3687 grano
763 3599 1008 3687 sinapis“
1031 3599 1267 3687 additum
1313 3601 1540 3687 legif'et
1572 3601 1844 3687 destructo
1865 3599 2176 3687 :Ifattrenti‘o,
2206 3607 2330 3687 quia
2457 3605 2752 3687 “Maximus
2771 3607 2966 3687 _aliqua_
2987 3599 3474 3687 indingcdncionis

196 3670 262 3750 de
289 3670 352 3726 S.
387 3671 551 3750 levita
565 3670 645 3750 ‘et_
660 3678 910 3750 martyre.
925 3670 1114 3750 habet;
1142 3670 1448 3750 fertequod
1472 3671 1746 3750 homiliam
1774 3673 1945 3750 indie
1974 3673 2088 3742 ejus
2118 3670 2422 3750 festivitatis
2442 3675 2656 3750 digerit.
2681 3676 2789 3750 Sed
2816 3670 2920 3750 non
2953 3676 3086 3750 levis
3114 3676 3214 3750 alia
3236 3677 3471 3750 occurrit

196 3740 571 3816 discrepantia
601 3740 740 3794 circa
763 3739 1002 3806 ejusdem
1028 3740 1260 3816 homiliae
1289 3741 1518 3816 initium.
1553 3741 1728 3816 Aliqui
1758 3743 1911 3816 enim,
1929 3739 2248 3816 praenotata
2261 3744 2534 3816 Evangelii
2557 3746 2698 3816 loco,
2743 3746 2810 3799 ab
2836 3746 2939 3799 illis
2969 3746 3230 3815 incipiunt
3255 3763 3266 3797 :
3299 3744 3472 3816 Mouet

197 3812 427 3879 fortasse
466 3827 642 3863 sensus
673 3819 883 3869 vestros,
913 3818 1044 3880 εις),
1075 3809 1165 3880 qui
1193 3818 1320 3864 sunt
1343 3809 1964 3880 codicesSangallensis',
2014 3823 2070 3868 et
2115 3814 2184 3867 90
2226 3814 2282 3869 S.
2329 3809 2515 3870 Crucis
2543 3816 2595 3869 in
2642 3809 2971 3879 Jerusalem;
3003 3823 3060 3870 et
3081 3809 3360 3870 'homiliam
3391 3813 3474 3867 De

197 3878 368 3956 grano
383 3881 596 3956 _sinapis
625 3880 940 3956 inscribunt.
971 3878 1334 3956 Exordiuntur
1351 3880 1445 3956 alii
1474 3882 1540 3956 ab
1571 3878 1888 3956 Evangelia,
1920 3883 2004 3938 his
2033 3883 2228 3956 additis
2253 3903 2266 3937 :
2300 3883 2440 3938 Dicit
2467 3883 2720 3956 Domjnus
2747 3886 2802 3938 in
2828 3878 3126 3956 Evangelia,
3161 3893 3217 3938 ut
3239 3885 3290 3956 in
3318 3883 3472 3939 codi-

195 3949 352 4004 cibus
383 3949 786 4024 Laurentianis;
824 3949 1122 4024 eademque
1158 3950 1322 4024 lectio
1351 3951 1582 4004 homilite
1611 3949 1790 4024 exstat
1821 3953 1874 4006 in
1904 3953 2199 4022 appendice
2236 3969 2545 4010 sermonum
2584 3954 2642 4024 S.
2675 3949 2996 4024 Augustini:
3017 3955 3187 4024 Aliam
3212 3955 3354 4008 viam
3385 3961 3462 4024 te-

197 4029 330 4092 nent
363 4020 531 4092 ialii,‘
549 4028 769 4092 servato
815 4019 1026 4092 eodem
1055 4019 1210 4092 titulo
1258 4019 1338 4073 De
1371 4037 1534 4092 grano
1579 4022 1800 4092 sinapis,

197 4090 482 4146 codicibus
505 4087 574 4144 99
601 4090 658 4146 S.
687 4088 873 4146 Crucis
917 4090 970 4144 in
998 4088 1324 4155 Jerusalem,
1372 4087 1722 4146 Vallieellano
1751 4099 1806 4146 et

268 4304 295 4330 ι
337 4290 481 4346 Cod.
517 4291 686 4347 Vatic.
726 4291 893 4357 6451,
936 4293 1159 4362 peccatis
1196 4298 1384 4362 autem
1409 4290 1536 4362 dare
1563 4292 1783 4362 veniam,

197 4380 353 4432 penes
383 4362 617 4416 homines
663 4379 766 4416 non
805 4373 882 4416 est
921 4360 970 4416 et
1012 4363 1276 4433 singulare
1314 4360 1616 4415 Divinitatis
1658 4361 1790 4415 insi-

199 4450 312 4503 gne,
343 4439 454 4486 etc.

267 4502 294 4541 δ
339 4500 480 4556 Cod.
513 4501 718 4572 Casin.,
750 4501 835 4572 qui
852 4518 985 4572 uno.

271 4584 293 4611 ε
342 4572 490 4625 Idem
520 4572 640 4625 cod.
671 4568 791 4624 Vat'.
841 4570 971 4625 6451
1005 4578 1062 4626 et
1088 4569 1268 4625 Casin.
1290 4611 1306 4637 ,
1339 4569 1469 4626 dixit
1495 4571 1572 4624 eis
1600 4586 1619 4624 :
1651 4568 1789 4634 Quid

197 4643 466 4714 cogitatis,
494 4651 598 4696 etc.

1878 4024 2129 4094 itamdam
2176 4025 2567 4094 prmmittentes
2607 4023 2895 4092 Evangelio
2917 4023 3300 4094 prmlationem,
3334 4031 3389 4076 nt
3419 4023 3473 4094 iu

1898 4095 2190 4154 rbevetano
2257 4103 2421 4148 atoue
2467 4093 2718 4149 Gillotius
2751 4093 3040 4164 caeterique
3075 4093 3338 4154 Ambrosii
3369 4093 3473 4147 edi-

1963 4286 1988 4326 ἀ
2030 4289 2162 4344 Cod.
2195 4289 2330 4344 Vall.
2368 4289 2524 4356 6451,
2557 4301 2644 4343 aut
2666 4291 2850 4344 dicere.

1965 4369 1988 4430 ξ
2030 4359 2178 4430 idem
2207 4361 2327 4415 cod.
2362 4360 2503 4422 Vat.,
2536 4377 2707 4430 surge,
2731 4372 2778 4412 et
2800 4360 2941 4414 tolle.

1967 4427 1988 4467 ί
2030 4428 2166 4484 Cod.
2201 4430 2343 4496 Vat.,
2371 4431 2621 4499 probavit.

1968 4509 1992 4570 β
2031 4499 2164 4570 God.
2197 4499 2344 4570 Yat.,
2376 4501 2429 4554 in
2453 4503 2562 4554 viro
2580 4501 2696 4570 jam
2719 4500 2985 4553 cadavere.

1966 4569 1993 4606 ιι
2032 4568 2164 4622 Cod.
2194 4569 2341 4634 Vat.,
2371 4571 2538 4624 oneris
2568 4568 2709 4624 muta
2739 4572 2897 4623 vicem
2917 4608 2932 4633 ,
2955 4577 3010 4621 ut
3039 4569 3172 4640 quod
3200 4569 3296 4640 fuit
3315 4569 3465 4639 inﬁr-

1892 4640 2090 4694 mitatis
2113 4640 2480 4704 testimonium,
2508 4649 2614 4696 etc.
3255 4640 3261 4646 ’

199 4771 303 4843 legi
332 4771 532 4826 divina:
559 4788 668 4827 sua!
696 4771 936 4827 sedulam
967 4787 1186 4841 operam
1223 4787 1286 4828 ac
1337 4771 1778 4843 ﬁdelem'demus.
1811 4772 1856 4835 C
1886 4771 2308 4825 inclinandorum
2363 4773 2703 4827 humanorum
2757 4773 2989 4827 cordium
3036 4772 3468 4843 omnipotentissi-

199 4840 655 4897 “lustrationibus
699 4858 862 4912 porro
891 4840 1122 4912 aliisque
1157 4843 1373 4898 auxiliis
1408 4843 1600 4911 quibus
1628 4841 1782 4911 quasi

199 4913 438 4966 stimulis
467 4928 656 4982 urgere
685 4913 750 4966 ad
774 4913 994 4978 bonum,
1025 4913 1288 4967 obluctari
1317 4922 1480 4981 atque
1507 4912 1781 4976 resistere,

197 4982 329 5052 quid
360 4990 478 5048 est,
511 4983 611 5036 nisi
642 4982 878 5036 rebellem
899 4994 946 5036 te
971 4999 1081 5036 esse
1101 4983 1302 5045 lumini,
1325 4984 1655 5052 invitumque,
1689 4995 1783 5052 seu

200 5051 309 5105 non
337 5053 582 5106 libentem
615 5054 684 5105 ad
695 5053 953 5106 salutaria
985 5053 1229 5107 incitari?
1268 5053 1498 5106 Rursum
1529 5051 1786 5105 reluctari

197 5122 536 5193 adjumentis
596 5123 700 5176 illis
747 5122 842 5176 Dei
901 5123 1072 5193 iisque
1119 5123 1382 5178 obsistere
1416 5122 1785 5193 hominis_est

198 5207 309 5246 non
341 5192 516 5261 pressi
565 5194 911 5253 necessitate,
956 5190 1048 5247 sed
1082 5193 1272 5246 liberi:
1304 5207 1536 5261 cumque
1566 5190 1782 5245 tandem

195 5269 486 5384 Permutus
513 5261 714 5316 eﬂicaci
743 5263 942 5316 auxilio
973 5264 1113 5316 ultro
1143 5263 1424 5332 resipiscas
1443 5303 1457 5327 ,
1503 5278 1568 5317 ac
1596 5261 1783 5317 volens

219 5332 489 5384 ibensaue
539 5331 792 5384 inducare
811 5372 826 5384 .
863 5339 1022 5384 tenue
1048 5333 1162 5384 inse
1189 5333 1408 5384 inducas
1433 5332 1500 5384 ad
1527 5333 1781 5384 virtutem

219 5332 489 5399 ibensque
539 5331 792 5385 indurare
811 5372 826 5395 ,
863 5339 1022 5401 teque
1048 5333 1162 5400 ipse
1189 5331 1408 5387 inducas
1433 5332 1500 5386 ad
1527 5333 1781 5386 virtutem

194 5401 634 5472 amplectendam
659 5443 673 5462 ,
724 5403 969 5457 conscius
1008 5403 1103 5455 tibi
1169 5409 1223 5457 te
1271 5417 1431 5472 posse
1459 5417 1780 5471 repugnare,

193 5473 240 5524 si
264 5471 441 5532 velis;
472 5472 601 5525 satis
627 5478 773 5525 certe
801 5472 1076 5540 pernoscis
1118 5480 1170 5525 te
1202 5471 1283 5526 ita
1305 5473 1537 5534 incitari,
1579 5471 1778 5540 urgeri,

193 5540 449 5611 pertrahi
497 5540 563 5593 ad
615 5540 1038 5609 amplectendam
1087 5542 1475 5611 colendumque
1505 5542 1778 5608 virtutem,

193 5619 255 5680 ut
286 5609 544 5680 libertate
574 5619 662 5664 tua
691 5613 742 5664 in
773 5627 834 5665 ea
857 5611 1226 5680 amplectenda
1250 5609 1582 5678 colendaque
1605 5619 1776 5680 utare.

193 5679 327 5751 Hzcc
362 5679 421 5732 8.
455 5679 672 5751 Maximi
695 5681 771 5751 7(si
799 5680 914 5748 ejus
940 5679 1102 5750 opera
1131 5682 1368 5736 studiose
1392 5680 1657 5751 legantur)
1680 5679 1780 5734 do—
1819 5722 1822 5724 .

190 5750 378 5803 ctrina
408 5757 509 5804 est.
555 5750 774 5815 Quodsi
803 5751 922 5817 quis
948 5761 1134 5806 contra
1164 5760 1348 5817 putet;
1379 5752 1424 5804 is
1446 5750 1666 5810 caveat.
1711 5765 1779 5804 ne

192 5835 311 5874 non
343 5821 699 5889 Augustinum
725 5819 928 5885 solum,
975 5821 1066 5890 qui
1113 5819 1341 5875 afﬁrmat
1390 5820 1574 5875 habere
1612 5819 1780 5874 Deum

1888 4857 2048 4912 mam,
2073 4850 2412 4912 potestatem;
2461 4843 2556 4895 sed
2598 4843 2817 4897 Paulum
2869 4843 3031 4896 etiam
3078 4843 3380 4912 apostolum
3414 4843 3466 4896 in

1888 4909 2143 4981 invidiam
2187 4911 2411 4981 sublatae
2453 4913 2714 4966 libertatis
2760 4921 2957 4979 vocet,
3000 4927 3030 4964 a
3064 4909 3173 4980 quo
3211 4912 3468 4981 scriptum

1887 4979 2050 5053 fuisse
2076 4981 2312 5053 scimus_:
2346 4980 2488 5035 Deus
2519 4983 2665 5053 cujus
2690 4983 2792 5037 vult
2816 4979 3105 5043 miseretur,
3130 4992 3176 5053 et
3198 4979 3343 5053 quem
3365 4983 3470 5034 vult

1886 5051 2140 5104 indurat:
2187 5060 2237 5103 et
2265 5050 2404 5106 Deus
2445 5064 2519 5105 est
2558 5050 2642 5121 qui
2688 5061 2932 5116 operatur
2960 5053 3013 5106 in
3053 5050 3389 5116 nobis—velle,
3421 5061 3471 5113 et

1887 5121 2156 5190 per/icere,
2185 5130 2325 5174 elc.:
2358 5131 2404 5174 et
2445 5139 2548 5176 non
2584 5132 2660 5175 est
2701 5123 2911 5174 rolentis
2933 5165 2947 5189 ,
2992 5138 3152 5191 neque
3191 5123 3466 5182 currentis,

1886 5192 1976 5262 sed
2010 5192 2298 5245 misereutis
2331 5191 2466 5246 Dei:
2496 5201 2546 5245 et
2579 5192 2825 5245 voluntati
2861 5192 2971 5262 ejus
3005 5193 3118 5262 quis
3149 5191 3465 5262 resistit?40

1891 5261 2041 5315 homo
2088 5271 2139 5314 tu
2180 5264 2290 5326 quis
2331 5279 2404 5326 es,
2450 5265 2535 5330 qui
2585 5259 2897 5330 respondeas
2929 5259 3073 5314 Deo?
3107 5261 3295 5315 Annon
3320 5260 3472 5313 habet

1889 5341 2192 5400 potestatem
2222 5332 2412 5401 ﬁgulus
2453 5330 2546 5384 luti
2592 5348 2656 5384 ea:
2692 5331 2872 5402 eadem
2908 5348 3083 5385 massa
3107 5334 3301 5402 ‘facere
3320 5330 3472 5402 aliud

1889 5400 2228 5472 quidemrvas
2252 5404 2307 5454 in
2343 5403 2622 5472 honorem,
2661 5401 2804 5452 aliud
2841 5418 2956 5455 vero
2987 5403 3041 5455 iu
3065 5400 3472 5472 contumeliam?

1890 5470 2245 5540 Augustinum
2270 5485 2397 5524 vero
2430 5470 2756 5539 Paulumque
2777 5471 2896 5538 quis
2928 5487 3033 5525 non
3061 5471 3252 5540 impius
3278 5471 3471 5524 audeat

1889 5540 2028 5611 beate
2074 5540 2363 5611 sublatmve
2411 5540 2672 5594 libertatis
2719 5545 2984 5611 arguere?
3023 5540 3162 5606 Quid
3198 5555 3326 5611 ergo
3365 5547 3468 5601 est,

1887 5610 2032 5678 quod
2061 5626 2171 5664 non
2218 5610 2384 5663 libere
2416 5611 2689 5664 hominem
2721 5610 2798 5665 ad
2829 5612 3084 5666 salutaria
3111 5610 3344 5664 remedia
3377 5623 3470 5661 ur-

1885 5681 1998 5802 geri
2042 5695 2072 5733 a
2123 5679 2353 5734 Maximo
2401 5679 2680 5749 quisquam
2729 5683 3077 5735 constitutum
3125 5680 3296 5738 dicat,
3347 5689 3467 5730 cum

1940 5750 2153 5802 aximus
2202 5749 2340 5802 idem
2391 5750 2744 5802 Augustinum
2784 5767 2847 5802 ac
2883 5749 3106 5802 Paulum
3134 5749 3203 5802 sit
3229 5753 3463 5802 secutus,

1940 5750 2153 5802 aximus
2202 5749 2340 5802 idem
2391 5750 2744 5819 Augustinum
2784 5767 2847 5804 ac
2883 5749 3106 5805 Paulum
3134 5749 3203 5804 sit
3229 5753 3463 5807 secutus,

1889 5828 1946 5874 ut
1975 5836 2040 5874 ex
2071 5819 2190 5888 ejus
2219 5820 2455 5875 homiliis
2481 5821 2640 5901 plane
2667 5822 2922 5876 constat?
