4054 6190
551 419 656 476 507

1606 406 1664 464 8.
1708 406 1947 462 MAXIMI
1985 401 2283 460 EPISCOPl
2327 399 2772 458 'l'.\URlNENSIS

3709 401 3822 458 508

551 549 718 594 tores.
759 533 867 590 Nos
909 529 1279 603 prmfationem
1325 526 1488 603 illam.
1514 523 1904 603 posterioribus
1951 519 2289 603 temporibus
2325 515 2882 603 additamhcensentes
2920 515 3060 570 inter
3086 514 3358 569 variantes
3381 511 3729 575 collocamus,
3759 522 3823 567 et

552 587 945 669 lio—miliam,veo
972 601 1135 656 modo
1161 614 1270 668 quo
1297 587 1619 653 vetustiores
1641 593 1861 649 codices
1881 587 2162 654 exhibent,
2196 588 2247 640 in
2276 587 2449 641 lucem
2480 587 2772 641 emittimus
2799 588 2816 607 ⁹
2849 625 2864 640 .

535 711 1204 775 Λιιουκιςιητυιρ-δαησιί
1223 702 2131 780 Evangeliisensuminsimilitudine
2157 710 2204 766 Α
2237 706 2348 752 tate
2374 697 2697 768 percipiunt,
2726 705 2994 766 quatenus
3019 696 3286 766 repellant
3313 695 3531 764 frigora,
3558 696 3824 753 humores

619 787 771 860 grani
793 783 993 853 sinapis
1016 779 1333 860 reconditum
1354 775 1570 860 miriﬁce
1592 777 1722 859 eruit
1747 775 1808 830 S.
1842 775 2123 860 Maximus,

619 843 884 927 Explicans
913 843 1182 935 'guomodo‘
1191 849 1374 935 semini
1397 843 1504 900 tam
1529 848 1713 935 exiguo
1742 843 2128 935 :egnuchazlo-

620 912 735 982 runt
763 912 1091 978 assimiletur.
1140 918 1373 972 Plurima
1427 912 1633 988 profert
1648 915 1712 988 de
1744 912 1848 984 [ide
1876 923 1924 988 et
1951 912 2014 966 de
2040 928 2129 982 spe

621 997 949 1057 Christiana,
981 999 1314 1060 sanctumque
1342 984 1621 1058 martyrem
1651 984 1986 1039 Laurentium
2005 999 2128 1054 gra-

622 1089 691 1126 no
719 1067 916 1137 sinapis
943 1069 1229 1131 comparat.

625 1175 654 1204 ι
683 1162 820 1216 Dicit
847 1157 1104 1213 Dominus
1145 1154 1202 1208 in
1236 1158 1424 1207 sancto
1446 1147 1770 1216 Evangelio,
1803 1145 1945 1200 sicut
1965 1143 2127 1198 lectio

552 1258 778 1314 decursa
818 1256 1084 1305 testatur:
1127 1244 1221 1299 Cui
1258 1241 1428 1298 simile
1467 1250 1544 1295 est
1579 1255 1792 1310 regnum
1820 1237 1938 1301 Dei,
1969 1244 2019 1290 et
2047 1237 2129 1290 cui

551 1345 722 1400 simile
747 1339 874 1395 illud
893 1333 1234 1392 existimabo?
1254 1332 1436 1387 Simile
1463 1340 1541 1385 est
1563 1345 1726 1401 grano
1753 1328 1971 1396 sinapis,
1993 1325 2131 1398 quod

553 1441 817 1502 acceptum
847 1429 995 1482 homo
1029 1426 1167 1478 misit
1191 1423 1245 1476 in
1275 1422 1478 1474 hortum
1498 1437 1666 1480 suum,
1694 1428 1743 1472 et
1768 1417 1939 1482 crevit,
1971 1426 2021 1470 et
2043 1418 2128 1486 fa-

552 1534 635 1578 cta
665 1530 739 1575 est
768 1518 940 1581 arbor,
977 1523 1028 1569 et
1059 1514 1285 1568 volucres
1327 1510 1442 1566 caeli
1485 1510 1834 1579 reguieverunt
1873 1509 1928 1561 in
1967 1507 2128 1560 ramis

549 1617 662 1687 ejus
691 1611 842 1682 (Luc.
875 1608 1008 1677 xm).

622 1705 650 1745 δ
675 1703 852 1757 Movet
898 1698 1125 1753 fortasse
1161 1706 1350 1750 sensus
1386 1696 1626 1754 vestros,
1661 1703 1761 1744 cur
1781 1700 2002 1755 regnum
2033 1687 2130 1742 Dei

551 1805 662 1852 tam
693 1792 1009 1865 praeclarum
1041 1795 1203 1856 atque
1249 1791 1358 1838 tam
1401 1780 1742 1848 magnificum
1785 1793 1953 1848 grano
1980 1778 2128 1833 sina-

551 1886 635 1956 pis
662 1883 857 1952 exiguo
899 1882 1264 1946 comparetur,
1307 1879 1363 1926 et
1393 1870 1508 1939 spei
1553 1877 1752 1924 nostra:
1789 1876 1899 1922 tam
1926 1869 2130 1936 grande

551 1975 800 2032 solatium
830 1971 907 2025 rei
935 1967 1204 2023 vilissimae
1228 1963 1401 2017 simile
1442 1975 1562 2015 esse
1591 1971 1612 1998 ο
1645 1960 1873 2023 dicatur,
1905 1974 2130 2029 praeser-

555 2067 647 2120 tim
675 2079 797 2120 cum
843 2060 968 2114 alibi
1016 2059 1157 2112 idem
1202 2055 1458 2109 Dominus
1503 2051 1778 2120 discipulis
1801 2052 1913 2106 suis
1941 2051 2121 2106 dicat:

553 2157 615 2212 Si
635 2153 912 2209 habueritis
941 2149 1095 2221 ﬁdem
1123 2149 1254 2201 sicut
1282 2161 1500 2217 granum
1529 2145 1760 2214 sinapis,
1783 2140 1808 2179 ἀ
1837 2144 1990 2196 dicite
2011 2144 2128 2195 huic

553 2247 755 2302 monti:
802 2242 1027 2305 Tollere,
1071 2249 1121 2294 et
1161 2238 1366 2308 jactare
1405 2237 1459 2288 in
1501 2250 1675 2298 mare;
1717 2242 1767 2286 et
1801 2234 1890 2302 ﬁet
1913 2232 2127 2302 (Matth.

554 2339 705 2406 xvn).
739 2335 902 2403 Igitur
925 2332 970 2385 si
993 2330 1123 2384 lides
1147 2339 1172 2366 °
1202 2328 1336 2381 mira
1377 2333 1490 2387 est,
1521 2340 1641 2394 qua:
1688 2330 1866 2393 potest
1900 2325 1968 2376 ab
2005 2323 2132 2392 ipsis

553 2428 772 2483 sedibus
807 2423 1072 2478 montium
1114 2417 1461 2472 fundamenta
1507 2415 1816 2475 transferre,
1849 2413 2008 2484 362
2039 2428 2134 2468 ne-

551 2519 788 2574 cessario
823 2515 842 2554 τ
877 2528 1006 2582 ergo
1050 2519 1106 2566 et
1143 2523 1366 2579 granum
1408 2505 1610 2574 sinapis
1649 2519 1901 2572 magnum
1930 2511 2033 2569 est,
2064 2503 2134 2558 ad

554 2610 708 2678 cujus
777 2603 1180 2663 similitudinem
1247 2597 1409 2652 fidem
1471 2597 1670 2650 habere
1737 2595 2128 2664 compellimus.

556 2712 582 2748 ε
606 2699 854 2768 Magnum
876 2704 1057 2749 autem
1077 2691 1327 2754 dixerim,
1347 2704 1450 2744 non
1473 2687 1675 2756 specie,
1691 2686 1785 2741 sed
1811 2686 2024 2751 virtute,
2041 2686 2064 2722 δ
2079 2695 2134 2742 et

556 2790 677 2846 fidei
707 2788 967 2860 qualitate
1007 2799 1114 2839 non
1153 2781 1317 2836 soleri
1344 2776 1796 2848 comparandum;
1826 2777 1922 2831 sed
1949 2777 2133 2845 vigore

555 2878 860 2936 acrimonia:
885 2871 1288 2942 comquandum.
1338 2869 1473 2923 Nam
1503 2867 1547 2922 si
1573 2866 1857 2936 diligenter
1881 2866 2133 2921 intenda-

555 2987 699 3039 mus,
728 2970 741 3007 ί
772 2967 1070 3024 invenimus
1117 2971 1265 3018 recte
1309 2976 1341 3015 a
1385 2961 1614 3015 Domino
1656 2960 1792 3014 hanc
1826 2960 2132 3014 similitudi-

555 3077 678 3118 nem
708 3064 1092 3128 comparatam.
1133 3053 1283 3108 Sicut
1309 3052 1455 3107 enim
1485 3065 1710 3120 granum
1732 3051 1934 3120 sinapis
1963 3052 2134 3120 prima

555 3151 734 3209 fronte
754 3148 936 3220 specie
965 3145 979 3197 i
1019 3146 1100 3200 sui
1123 3151 1207 3200 est
1225 3158 1469 3214 parvum,
1500 3142 1625 3207 vile,
1657 3141 1994 3212 despectum,
2027 3159 2135 3198 non

554 3257 806 3314 saporem
843 3245 1134 3312 praestans,
1175 3252 1283 3292 non
1304 3233 1530 3290 odorem
1560 3234 1977 3300 circumterens,
2026 3251 2135 3290 non

483 3336 491 3343 ’
556 3336 799 3392 indicans
828 3332 1150 3388 suavitatem
1175 3346 1188 3383 :
1213 3336 1269 3382 at
1297 3326 1386 3381 ubi
1415 3326 1515 3380 teri
1537 3326 1782 3394 coeperit,
1804 3326 1982 3379 statim
2003 3326 2138 3381 odo-

555 3445 670 3486 rem
697 3441 853 3484 suum
875 3423 900 3462 ι
931 3421 1224 3479 acrimonia
1269 3419 1521 3482 exhibet,
1561 3417 1737 3473 cibum
1779 3417 2010 3473 flammei
2047 3435 2135 3473 sa-

555 3522 704 3594 poris
727 3518 980 3584 exhalat,
1011 3522 1068 3570 et
1096 3522 1247 3568 tanto
1291 3511 1517 3567 fervoris
1556 3511 1735 3566 calore
1773 3510 2132 3577 succenditur,

555 3624 615 3669 nt
653 3615 844 3668 mirum
890 3612 961 3667 sit
994 3611 1048 3665 in
1085 3618 1192 3663 tam
1235 3607 1437 3662 frivolis
1475 3605 1655 3676 granis
1704 3613 1911 3659 tantum
1958 3605 2136 3674 ignem

555 3705 721 3760 fuisse
748 3703 1097 3759 conclusum:
1129 3697 1283 3767 cujus
1319 3698 1482 3752 etiam
1525 3695 1747 3751 seminis
1774 3693 1790 3733 ¹
1826 3695 2005 3751 cibum
2035 3697 2136 3752 ho-

555 3795 730 3850 mines
771 3792 963 3848 hiemis
1009 3789 1276 3860 pr:ecipue
1324 3797 1568 3856 tempore
1606 3800 1795 3856 magna
1825 3801 1925 3856 pro
1953 3787 2135 3842 suavi-

628 3906 648 3925 ‘
678 3903 984 3957 ΡΜῑπΑτιο.
1026 3897 1267 3950 Libenter
1310 3911 1404 3948 nos
1456 3894 1740 3966 {medicare
1785 3904 1859 3966 et
1874 3903 2141 3966 gratanter

557 3989 685 4043 Opus
716 3970 813 4024 Dei
835 3971 1004 4043 facere
1024 3967 1355 4043 manifestum
1383 3962 1476 4043 est.
1505 3962 1618 4043 βοά
1637 3979 1750 4015 cum
1779 3962 2003 4043 videmus
2023 3967 2139 4043 plu-

557 4033 638 4096 res
669 4058 696 4094 e
725 4033 970 4110 fratribus
1005 4033 1204 4110 pigrius
1235 4033 1304 4086 ad
1334 4033 1604 4110 ecclesiam
1648 4035 1934 4110 conuenire,
1961 4033 2139 4090 et'do-

558 4101 761 4166 minicis
809 4101 1080 4179 praecipue
1101 4103 1278 4179 diebus
1317 4103 1533 4179 minime
1570 4101 1852 4179 caelestibus
1891 4106 2138 4179 interesse

557 4172 834 4256 mysteriis,
857 4172 1200 4256 prtedicantus
1222 4175 1388 4256 inviti.
1415 4172 1539 4227 Non
1556 4173 1694 4256 quod
1715 4190 1809 4228 nos
1855 4176 2026 4247 pigeat
2061 4177 2138 4256 lo-f

557 4244 676 4324 qui,
715 4248 808 4305 sed
845 4244 966 4320 quia
997 4246 1402 4324 negligentior“.
1421 4244 1722 4324 prtedi-catio
1752 4244 1931 4298 nostra
1963 4255 2139 4316 gravet

557 4313 726 4393 potius
749 4362 764 4385 ,
803 4313 905 4374 nén
933 4313 1355 4393 emende't._‘ldep
1385 4313 1530 4393 inviti
1573 4314 1847 4393 loquimur,
1883 4324 1933 4393 et
1965 4313 2142 4393 tacere

557 4385 664 4446 non
701 4406 992 4462 possumus.
1049 4386 1367 4441 Prwdicatio
1407 4386 1545 4438 enim
1579 4393 1757 4438 nostra
1794 4386 1860 4462 in_
1878 4385 2022 4462 plebe
2049 4396 2139 4440 aut

557 4455 768 4530 regnum
794 4468 1056 4530 aperatur,
1096 4467 1188 4530 aut
1211 4471 1431 4530 poenam
1453 4470 1470 4507 :
1498 4470 1711 4530 regnum
1739 4455 1999 4530 credulis,
2023 4473 2141 4525 per-

558 4521 684 4612 ﬁdis
721 4521 947 4602 poenam.
1007 4521 1248 4607 Quisquis
1281 4525 1418 4578 enim
1435 4563 1458 4604 .,
1500 4521 1997 4612 {rateinndominicis
2024 4521 2136 4578 non

557 4591 1158 4660 interest-sacramentis,
1186 4591 1478 4663 necessario
1501 4591 1647 4663 apud
1669 4592 1832 4646 Deum
1852 4603 2140 4648 castrorum

560 4672 793 4726 desertor
813 4677 888 4723 est
915 4667 1222 4720 divinorum.
1251 4662 1388 4735 am
1410 4662 1663 4735 quomodo
1691 4681 1747 4717 se
1771 4679 2021 4735 excusare
2048 4683 2141 4735 po-

2232 797 2496 858 egerant,
2541 789 2810 844 viscerum
2848 789 3057 842 interna
3095 785 3440 850 calefaciant;
3474 802 3620 855 saepe
3649 788 3816 842 etiam

2229 894 2298 934 ex
2326 879 2430 934 hoc
2449 879 2612 948 capiti
2641 877 2902 932 adhibent
2926 876 3272 941 medicinam,
3305 885 3366 932 ut
3393 877 3438 932 si
3467 876 3596 947 quid
3625 879 3818 934 invali-

2228 971 2356 1027 dum
2374 1011 2390 1036 ,
2434 971 2480 1026 si
2516 971 2643 1039 quid
2670 978 2931 1048 aegrotum
2960 971 3154 1038 fuerit,
3183 969 3386 1039 sinapis
3416 970 3535 1038 igne
3570 978 3813 1026 curetur.

2229 1061 2307 1116 Ita
2335 1076 2464 1132 ergo
2493 1071 2552 1116 et
2577 1049 2708 1115 fides
2727 1059 3030 1116 Christiana
3051 1061 3220 1131 prima
3252 1060 3430 1114 fronte
3451 1058 3666 1114 videtur
3693 1075 3816 1114 esse

2229 1167 2426 1223 parva,
2457 1152 2577 1206 vilis
2620 1160 2676 1206 ct
2719 1151 2922 1216 tenuis;
2971 1167 3082 1206 non
3122 1153 3422 1221 potentiam
3454 1151 3614 1220 363
3657 1167 3814 1206 suam

2231 1240 2554 1306 ostendens,
2608 1256 2712 1294 non
2757 1241 3060 1310 superbiam
3088 1240 3407 1310 prmferens,
3446 1257 3554 1295 non
3583 1241 3812 1309 gratiam

2229 1331 2662 1385 subministrans.
2705 1331 2773 1384 At
2803 1331 2892 1384 ubi
2918 1330 3147 1385 diversis
3172 1331 3562 1386 tentationibus
3588 1331 3687 1385 teri
3710 1346 3816 1386 ca:-

2230 1430 2409 1500 perit,
2441 1430 2622 1484 statim
2650 1430 2890 1500 vigorem
2925 1444 3079 1483 suum
3105 1430 3316 1499 prodit,
3348 1430 3700 1485 acrimoniam
3731 1431 3815 1485 in-

2231 1521 2414 1585 dicat,
2473 1522 2712 1576 calorem
2757 1520 3043 1576 dominica:
3086 1520 3419 1576 credulitatis
3465 1522 3710 1592 aspirat,
3757 1530 3814 1577 et

2232 1621 2383 1668 tanto
2405 1613 2569 1667 divini
2600 1613 2735 1681 ignis
2768 1611 2964 1666 ardore
2987 1611 3254 1680 jactatur,
3276 1619 3337 1665 ut
3373 1619 3430 1666 et
3458 1612 3570 1681 ipsa
3600 1611 3808 1667 ferveat

2231 1712 2287 1758 et
2309 1714 2343 1738 ἰ’
2368 1703 2777 1772 participantem
2807 1703 2907 1756 sibi
2954 1701 3142 1756 ardere
3182 1701 3506 1771 compellat:
3557 1703 3700 1756 sicut
3746 1702 3803 1756 in

2230 1802 2418 1848 sancto
2466 1792 2757 1860 Evangelia
2794 1801 2818 1828 η
2861 1792 3066 1846 Amaon
3105 1799 3159 1846 et
3203 1791 3468 1860 Cleophas
3520 1790 3800 1857 dixerunt,

2230 1883 2354 1938 dum
2381 1901 2504 1938 cum
2535 1884 2661 1952 ipsis
2684 1893 2804 1953 post
2834 1884 3136 1953 passionem
3165 1883 3424 1936 Dominus
3449 1883 3802 1952 loqueretur:

2234 1973 2422 2030 Nonne
2450 1992 2539 2029 cor
2565 1983 2797 2028 nostrum
2829 1975 3018 2027 ardens
3051 1982 3164 2027 erat
3191 1975 3245 2027 in
3280 1973 3427 2027 nobis
3463 1974 3516 2026 in
3545 1973 3629 2028 via
3647 2013 3662 2038 ,
3691 1972 3818 2025 dum

2235 2067 2455 2135 aperiret
2499 2074 2523 2100 ο
2573 2064 2825 2118 Dominus
2862 2063 3016 2116 Jesus
3076 2061 3374 2133 Scripturas
3417 2062 3568 2131 (Luc.
3621 2061 3818 2129 xxiv)?

2235 2154 2374 2222 Ergo
2417 2170 2642 2224 granum
2685 2155 2884 2223 sinapis
2925 2155 3287 2208 membrorum
3314 2155 3520 2208 viscera
3543 2151 3815 2217 calefacit,

2236 2247 2358 2300 fidei
2389 2255 2565 2300 autem
2597 2245 2748 2314 vigor
2768 2245 3008 2301 cordium
3031 2254 3250 2314 peccata
3272 2245 3575 2310 comburit,
3600 2255 3629 2294 ιο
3660 2260 3820 2312 aspe-

2234 2353 2354 2392 rum
2392 2337 2627 2402 algorem
2667 2335 2878 2402 frigoris
2917 2344 3190 2400 removet;
3244 2336 3358 2389 haec
3385 2343 3566 2389 autem
3589 2335 3818 2388 delicto-

2234 2443 2351 2481 rum
2401 2425 2726 2480 diabolicum
2772 2426 2938 2494 frigus
2977 2427 3218 2496 expellit.
3271 2436 3298 2475 ιι
3344 2424 3556 2495 Sinapis
3604 2425 3818 2494 iniquos

2235 2519 2490 2573 humores
2517 2518 2770 2586 decoquit
2804 2535 3121 2588 corporum,
3152 2517 3285 2572 fides
3325 2527 3504 2572 autem
3534 2517 3818 2571 libidinum

2236 2608 2437 2661 ﬂuenta
2466 2609 2754 2662 consumit.
2787 2606 2853 2660 Et
2881 2623 2978 2676 per
3001 2607 3126 2660 illud
3157 2607 3422 2661 medicina
3450 2609 3470 2636 τ
3499 2606 3662 2676 capiti
3693 2621 3817 2674 pro-

2235 2705 2474 2760 curatur,
2507 2712 2604 2766 per
2635 2695 2792 2750 fidem
2830 2705 3008 2751 autem
3046 2696 3323 2765 spirituale
3351 2705 3514 2766 caput
3550 2705 3815 2758 nostrum,

2234 2785 2382 2854 quod
2411 2793 2494 2841 est
2522 2786 2766 2840 Christus
2804 2787 3094 2851 Dominus,
3128 2787 3324 2856 smpius
3356 2785 3651 2842 refovetur.
3709 2785 3817 2841 Sed

2237 2883 2292 2930 et
2327 2875 2448 2929 fidei
2492 2875 2646 2944 juxta
2689 2877 3145 2946 comparationem
3182 2878 3382 2947 sinapis
3422 2886 3614 2933 saneto
3654 2877 3820 2932 odore

2235 2966 2591 3035 perfruimur,
2641 2967 2783 3022 sicut
2833 2968 2908 3021 ait
2952 2967 3145 3021 beatus
3188 2967 3511 3038 Apostolus:
3561 2967 3821 3033 Quoniam

2238 3057 2428 3112 Christi
2453 3057 2611 3112 bonus
2642 3058 2770 3113 odor
2796 3075 2970 3112 sumus
3003 3059 3109 3113 Deo
3133 3058 3192 3129 (I
3224 3058 3343 3114 Cor.
3376 3060 3467 3130 ιι).

2308 3149 2472 3218 Igitur
2517 3158 2764 3204 sanctum
2811 3159 3098 3221 martyrem
3146 3149 3494 3206 Laurentium
3541 3164 3711 3218 grano
3748 3149 3824 3204 si-

2240 3241 2391 3311 napis
2421 3255 2705 3310 possumus
2732 3256 3071 3311 comparare,
3097 3241 3189 3310 qui
3211 3240 3436 3295 diversis
3466 3240 3687 3294 attritus
3707 3256 3826 3308 pas-

2240 3335 2479 3392 sionibus
2508 3348 2606 3403 per
2635 3341 2805 3387 totum
2836 3332 3023 3386 orbem
3056 3341 3075 3365 ε
3104 3333 3332 3401 gratiam
3369 3332 3566 3386 meruit
3607 3331 3690 3384 sui
3717 3329 3826 3384 fra-

2239 3440 2394 3494 grare
2437 3424 2720 3494 martyrii,
2771 3423 2862 3491 qui
2916 3432 3076 3477 antea
3125 3423 3448 3477 constitutus
3493 3423 3547 3476 in
3591 3436 3828 3491 corpore

2241 3526 2359 3572 erat
2387 3518 2630 3584 humilis,
2670 3518 2882 3584 ignotus
2912 3525 2968 3571 et
3002 3517 3147 3581 vilis;
3178 3524 3528 3584 posteaquam
3571 3523 3822 3575 vexatus,

2243 3611 2540 3676 laceratus,
2568 3618 2791 3665 exustus
2825 3609 2844 3644 ί
2878 3617 2962 3664 est
2984 3648 3000 3674 ,
3039 3608 3301 3663 universis
3335 3623 3431 3676 per
3465 3614 3640 3660 totum
3664 3603 3826 3675 366

2243 3700 2499 3755 nmndum
2537 3699 2792 3754 Ecclesiis
2829 3698 3052 3754 odorem
3089 3714 3198 3752 sua:
3226 3697 3522 3752 nobilitatis
3550 3704 3579 3731 ιι
3603 3695 3816 3749 infudit.

2243 3791 2408 3848 Recte
2437 3793 2597 3861 igitur
2619 3791 2745 3846 huic
2763 3800 2791 3829 ν
2821 3789 3160 3860 comparatio
3187 3787 3494 3859 copulatur.
3537 3785 3819 3856 Siquidem

2239 3902 2518 3971 quandam.

2314 3969 2338 4006 δ
2377 3970 2511 4026 Cod.
2545 3969 2666 4025 Vat.
2701 3967 2827 4022 645i
2844 4011 2858 4034 ,
2883 3977 2933 4023 et
2953 3970 3096 4039 ﬁdei,
3120 3985 3223 4022 non
3245 3967 3493 4039 qualitate
3513 3965 3670 4020 oleris
3691 3981 3828 4018 com-

2239 4042 2551 4112 parandum,
2577 4041 2667 4112 sed
2687 4041 2860 4112 vigore
2879 4037 3183 4112 acrimonia:
3197 4037 3584 4112 coitqugndum.

2285 4110 2333 4192 ,ί
2378 4110 2546 4164 Codd.
2582 4110 2682 4163 172
2714 4105 2878 4166 Flor..
2915 4109 3036 4163 Vat.
3084 4107 3240 4175 7451,
3281 4105 3336 4163 et
3374 4105 3654 4170 Urbevet.,
3683 4105 3826 4158 inve-

2241 4197 2457 4234 menius.

2317 4252 2331 4328 ξ
2380 4250 2512 4328 Cod.
2551 4249 2664 4303 Vat.
2703 4247 2863 4328 C451,
2896 4247 3256 4328 specieisute.'
3402 4315 3495 4328 ..ἡ
3585 4323 3597 4328 Δ
3809 4313 3822 4324 _

2317 4320 2340 4357 ει
2386 4319 2621 4388 Uterque
2653 4319 2774 4371 cod.
2818 4318 2874 4371 S.
2915 4313 3100 4372 Crucis
3139 4318 3190 4371 in
3227 4315 3363 4388 Jcr.,
3396 4315 3517 4376 172,
3549 4323 3617 4388 ct_
3632 4313 3828 4382 reliqui

2244 4389 2465 4471 legunt:
2497 4385 2670 4442 statim
2691 4390 2902 4443 odorem
2937 4403 3084 4440 suum
3113 4387 3324 4459 fundit,
3366 4385 3704 4441 acrimoniam
3731 4400 3827 4437 ex-

2243 4460 2548 4584 hlblelCodd.
2574 4527 2834 4583 Valliccll.
2867 4527 2912 4580 A
2937 4527 2989 4591 9,
3021 4535 3074 4580 et
3097 4526 3376 4593 Urbevet.,
3406 4529 3462 4581 in
3481 4525 3670 4580 cibum.

2313 4609 2351 4636 ιη
2392 4599 2560 4654 Codd.
2595 4599 2715 4661 ΗΞ,
2742 4597 2914 4651 Vatic.
2947 4607 3001 4650 et
3031 4595 3309 4667 Urbevet.,
3336 4597 3728 4667 participantes.

2315 4679 2342 4706 η
2385 4669 2619 4738 Uterque
2652 4667 2782 4738 cod.
2834 4667 2890 4720 S.
2937 4667 3126 4722 Crucis
3161 4667 3212 4720 in
3241 4663 3374 4729 Jerl,
3416 4663 3626 4738 Amans.
3677 4663 3819 4738 Cod.

1246 4715 1328 4786 die
1348 4715 1624 4814 prbndium
1644 4715 1746 4787 sibi
1767 4715 1920 4814 domi:
1935 4715 2142 4814 priep‘a-
2171 4715 2217 4772 θ
2243 4756 2373 4814 vero

562 4805 706 4876 rans,
734 4810 1012 4883 prandium
1038 4807 1236 4883 caeleste
1257 4805 1534 4883 contemnit
1555 4813 1622 4867 et,
1644 4807 1839 4883 pentris
1859 4821 2037 4876 curam
2057 4808 2142 4876 fa-

562 4874 720 4944 ciens,
734 4874 932 4936 'anima:
953 4894 1062 4933 sua:
1083 4874 1665 4947 negligitmedicinam?

636 4961 663 4989 α
699 4943 831 5004 Cod.
865 4947 1127 5004 Valliccll.
1149 4943 1268 5000 Ἀῖ)
1295 4943 1421 5014 hinc
1451 4944 1658 5014 incipit.

631 5018 662 5057 δ
701 5018 776 5072 lta
821 5021 984 5075 etiam
1030 5017 1203 5074 codex
1241 5033 1273 5070 x
1315 5013 1456 5068 Plut.
1490 5012 1581 5069 m
1619 5029 1742 5084 pag.
1775 5012 1897 5080 22L
1929 5029 1960 5068 a
1989 5021 2142 5084 tergo

565 5087 694 5144 bibl.
728 5087 981 5143 Laurent.

639 5169 662 5220 ξ
703 5156 836 5212 Cod.
868 5157 1145 5220 Urbevet.,
1172 5156 1339 5212 simile
1365 5171 1477 5210 esse
1497 5153 1749 5207 dicamus.

639 5217 668 5260 δ
703 5226 871 5281 Codd.
898 5227 1018 5280 Vat.
1051 5217 1210 5289 6451,
1242 5225 1483 5281 Vallicel.
1506 5223 1614 5288 A9,
1648 5233 1891 5292 uterque,
1923 5222 1980 5277 S.
2010 5222 2144 5278 Cru-

567 5298 646 5355 eis
673 5299 725 5353 in
746 5295 880 5361 Jer.,
926 5294 995 5349 59
1041 5295 1318 5362 Laurent.,
1351 5305 1406 5351 et
1448 5294 1550 5349 104
1587 5293 1716 5348 bibl.
1761 5293 1901 5346 mdil.
1943 5294 2141 5348 eccles.

567 5368 710 5424 Flor.
721 5405 736 5429 ,
767 5367 966 5420 dicetis.

643 5449 667 5476 ο
707 5437 872 5493 Codd.
907 5435 1028 5494 172,
1060 5442 1115 5488 et
1145 5434 1210 5488 l0
1235 5435 1364 5489 bibl.
1397 5435 1675 5499 Laurent.,
1705 5435 1750 5488 si
1773 5433 1903 5503 ﬁdes
1927 5445 2003 5487 est
2025 5441 2145 5485 tan-

571 5517 646 5562 ta.
677 5507 844 5564 Codd.
875 5505 995 5560 Vat.
1033 5503 1191 5571 (5411,
1224 5513 1279 5560 et
1311 5505 1568 5561 Valliccll.
1600 5505 1645 5558 A
1673 5505 1725 5567 9,
1754 5506 1799 5559 si
1833 5505 1964 5575 ﬁdes
1995 5511 2144 5556 tanta

569 5588 666 5634 est.
897 5603 902 5606 ·

648 5647 668 5687 ί
709 5645 844 5702 Cod.
877 5643 1136 5699 Valliccll.
1169 5643 1371 5714 omittit
1395 5659 1585 5699 vocem
1607 5661 1747 5714 ergo.

644 5729 668 5767 κ
708 5716 840 5773 Cod.
874 5716 1149 5777 Urbevet.,
1180 5713 1431 5783 Magnum
1461 5721 1633 5766 autem
1667 5713 1886 5768 dixerim
1907 5729 2009 5766 non
2037 5729 2147 5780 spe-

577 5791 669 5854 cie,
710 5789 804 5844 sed
821 5789 1002 5842 virtute
1027 5793 1077 5839 et
1105 5785 1238 5853 ﬁde,
1271 5783 1654 5854 nonqualitatis
1676 5784 1812 5854 olere
1833 5800 2144 5852 comparan-

577 5852 729 5927 dum,
769 5859 859 5914 sed
889 5852 1113 5929 rigorem
1141 5852 1443 5907 acrimonia:
1479 5853 1881 5919 comparandum
1923 5866 1970 5908 et
2012 5869 2146 5907 eoa:-

2246 4809 2500 4864 Urbevet.
2534 4809 2664 4878 legit
2686 4807 2786 4860 duo
2815 4824 2880 4860 ea:
2910 4807 3176 4876 discipulis
3207 4808 3468 4861 dixerunt.

2317 4891 2342 4916 ο
2387 4879 2620 4948 Uterque
2643 4877 2764 4948 cod.
2794 4877 3066 4948 SLCrucis
3089 4875 3292 4948 in_Jer.,
3320 4877 3439 4948 Vat.
3463 4886 3517 4930 et
3541 4874 3826 4948 Urbcvet.,

2243 4951 2368 5002 dum
2393 4943 2614 5017 aperiret
2650 4945 2793 5002 nobis
2835 4945 3086 5000 Dominus
3125 4946 3275 5000 .Iesus
3315 4947 3630 5017 Scripturas.
3665 4943 3830 4999 Uter-

2245 5035 2350 5089 que
2379 5015 2500 5074 cdd.
2534 5016 2812 5080 Laurent.,
2844 5017 2963 5089 dum
2985 5017 3204 5089 aperiret
3235 5016 3385 5089 nobis
3409 5015 3733 5089 Scripturas.
3785 5035 3817 5089 _-

2318 5099 2345 5139 Ρ
2383 5089 2441 5142 ln
2489 5097 2718 5156 utroque
2760 5087 2883 5141 cod.
2929 5087 2987 5140 S.
3020 5085 3224 5140 ‘Crucis
3266 5088 3317 5140 in
3359 5087 3492 5149 Jer.,
3521 5085 3579 5139 et
3605 5085 3834 5151 reliquis

2246 5159 2441 5228 legitur
2481 5167 2530 5211 et
2564 5158 2693 5212 illud
2733 5157 2935 5228 quidem
2969 5173 3210 5226 asperum
3238 5157 3465 5228 uigorem
3503 5157 3718 5227 {rigoris
3747 5171 3831 5207 re-

2247 5238 2554 5354 moqveéodd.
2574 5306 2804 5367 quatuor
2825 5297 3104 5351 memorati
3125 5297 3308 5366 legunt
3336 5295 3569 5365 Sinapis,
3594 5295 3829 5366 inquam,

2245 5377 2352 5478 ac;
2385 5438 2516 5493 Cod.
2548 5437 2808 5492 Valliccll.
2840 5435 2885 5490 Α
2912 5436 2966 5500 9,
2996 5438 3251 5491 medicina
3272 5437 3475 5504 capitis.

2323 5519 2344 5546 '
2370 5509 2552 5592 Codd.
2588 5509 2704 5562 Vat.
2735 5516 2793 5562 et
2823 5507 3016 5562 Urbev.
3037 5549 3052 5570 ,
3083 5507 3253 5578 gratia
3281 5507 3360 5560 sui
3396 5504 3578 5559 meruit
3599 5505 3834 5574 ﬂagrare

2246 5588 2502 5650 martyrii.

2322 5650 2341 5728 ἓ
2384 5649 2518 5728 Cod.
2545 5647 2670 5728 Vat.
2700 5647 2803 5728 hoc
2833 5647 2956 5728 loco
2985 5647 3184 5728 omittit
3207 5654 3304 5699 est.

2319 5727 2345 5755 υ
2385 5718 2519 5774 Cod.
2545 5717 2820 5781 Urbevet.,
2850 5717 3096 5785 infundit.

2323 5799 2349 5828 τ
2387 5787 2520 5846 Cod.
2552 5788 2812 5844 Valliccll.
2837 5787 2889 5841 -Α
2912 5783 2968 5854 ⁷9,
3002 5787 3117 5841 huic
3145 5783 3540 5855 comparationi.
