4054 6190
257 444 366 500 509

1679 437 1956 494 llOMlLlA
1992 436 2100 496 CX.

3415 443 3521 498 510

253 565 483 622 granum
502 549 721 620 sinapis,
743 563 866 604 cum
892 548 1101 616 teritur,
1124 546 1468 603 accenditur:
1499 546 1836 612 Laurentius,
1871 558 1912 612 Α
1945 555 2083 603 terat
2110 548 2405 604 visceribus
2431 548 2629 618 ignium
2656 559 2923 606 tormenta
2950 552 3155 608 sentire
3171 594 3186 620 ,
3210 553 3303 623 qui
3325 561 3383 608 et
3408 569 3523 608 sen-

251 661 377 700 cum
407 643 628 713 patitur,
657 641 1048 707 inﬂammatur;
1103 640 1230 694 illud
1256 639 1521 694 fervorem
1550 638 1838 693 attritionis

249 750 366 789 sua:
395 743 420 771 ι
454 732 685 796 evomit;
728 731 818 786 hic
858 731 1034 800 ignem
1071 730 1301 800 plurima
1338 729 1624 784 vexatione
1665 729 1840 798 suspi-

248 834 356 880 rat.
389 825 624 893 Sinapis,
655 823 890 893 inquam,
920 822 974 876 in
1003 822 1219 876 vasculo
1245 821 1418 876 calido
1445 836 1645 890 vapore
1677 821 1838 875 deco-

247 917 470 985 quitur;
513 913 832 968 Laurentius
888 913 941 967 in
1007 912 1263 968 craticula
1315 909 1652 965 ﬂammarum
1715 911 1837 980 igne

248 1006 275 1044 ιι
303 1013 561 1061 torretur.
597 1003 831 1057 Ardebat
859 1003 1042 1072 itaque
1063 1002 1398 1057 extrinsecus
1417 1001 1606 1055 beatus
1627 1009 1832 1071 martyr

248 1097 466 1166 tyranni
508 1095 778 1150 smvientis
824 1095 1109 1155 incendiis,
1153 1093 1246 1148 sed
1275 1091 1449 1160 major
1477 1091 1625 1145 illum
1650 1091 1833 1144 intrin-

243 1202 410 1241 secus
438 1185 637 1240 Christi
665 1185 865 1239 amoris
900 1183 1114 1238 ﬂamma
1145 1195 1166 1222 ο
1192 1183 1451 1238 torrebat.
1491 1181 1558 1235 Et
1590 1182 1833 1252 quamvis

242 1293 344 1331 rex
400 1277 678 1346 improbus
717 1277 859 1346 ligna
904 1275 1227 1342 subjiceret,
1273 1272 1298 1311 ἀ
1343 1273 1586 1328 incendia
1627 1273 1832 1339 majora

240 1375 608 1436 supponeret;
641 1375 820 1421 tamen
856 1366 912 1421 S.
951 1366 1272 1420 Laurentius
1310 1366 1406 1419 bas
1440 1364 1682 1419 ﬂammas
1713 1363 1833 1419 ﬁdei

239 1459 433 1515 calore
462 1473 570 1511 non
598 1459 790 1519 sentit,
831 1465 886 1512 et
913 1456 1043 1510 dum
1077 1456 1273 1512 Christi
1302 1464 1567 1525 praecepta
1609 1455 1830 1525 cogitat,

239 1549 494 1620 frigidum
517 1557 602 1605 est
639 1549 716 1604 illi
744 1562 902 1604 omne
929 1548 1072 1605 auod
1100 1547 1318 1618 patitur.
1370 1546 1480 1602 Nec
1505 1547 1650 1601 enim
1683 1556 1704 1582 ε’
1734 1561 1834 1615 po-

1940 639 2087 694 sibus
2128 639 2359 710 paradisi
2401 639 2675 709 refrigeria
2714 643 3044 710 possidebat.
3105 643 3322 708 Jaceat,
3373 645 3519 709 licet,

1940 739 2066 784 ante
2102 729 2270 798 pedes
2308 730 2522 800 tyranni
2562 739 2749 785 exusta
2795 747 2956 797 caro,
2995 749 3193 804 corpus
3239 733 3521 797 exanime;

1945 819 1963 857 ί
1990 820 2121 874 nihil
2165 828 2344 874 tamen
2375 819 2682 874 detrimenti
2710 822 2913 890 patitur
2941 823 2991 876 in
3023 824 3196 888 terris,
3223 823 3374 893 cujus
3402 824 3522 878 ani-

1939 926 2058 965 mus
2085 909 2398 964 demoratur
2426 911 2478 964 in
2505 910 2672 965 cmlis.
2706 911 3027 966 Extenditur
3047 929 3176 983 ergo
3192 929 3356 983 super
3371 912 3516 968 ﬂam-

1938 1015 2144 1053 marum
2168 999 2365 1068 ignitos
2391 999 2599 1068 globos,
2627 1007 2680 1053 et
2708 1001 2905 1068 smpius
2925 1010 2950 1046 κ
2973 1010 3218 1056 versatur
3242 1003 3294 1056 in
3318 1002 3511 1066 latera;

1936 1092 2029 1146 sed
2074 1099 2276 1159 quanto
2324 1091 2443 1160 plus
2483 1106 2762 1160 pinnarum
2801 1093 3037 1162 patitur,
3091 1102 3242 1149 tanto
3290 1096 3521 1164 amplius

1934 1183 2202 1237 Christum
2219 1183 2503 1236 Dominum
2517 1183 2848 1251 pertimescit
2873 1201 2886 1235 :
2919 1192 2973 1236 et
2987 1200 3127 1238 novo
3144 1184 3516 1239 admirationis

1933 1288 2168 1342 genere,
2195 1273 2330 1326 alius
2358 1272 2504 1325 illum
2530 1280 2777 1342 torquet,
2818 1280 2875 1327 et
2920 1273 3038 1327 aliis
3093 1275 3360 1328 sawicntis
3407 1283 3519 1328 tor-

1936 1371 2114 1416 menta
2141 1362 2428 1432 proficiunt
2447 1379 2460 1426 ;
2479 1359 2503 1397 δ
2520 1361 2855 1417 devotiorem
2893 1361 3238 1418 Laurentium
3263 1364 3520 1434 supplicia

1935 1453 2202 1509 atrociora
2233 1451 2492 1509 fecerunt.

1627 1637 1966 1700 HOMlLIA
2015 1637 2147 1698 CX.

1501 1736 1636 1791 Item
1661 1738 1724 1791 de
1749 1754 1912 1808 grano
1944 1738 2144 1807 sinapis
2174 1735 2260 1790 II.

1690 1826 2081 1882 ADMONITIO.

306 1925 474 1997 365
511 1923 591 1980 Ex
639 1925 1042 1997 probatissimis
1075 1923 1416 1997 documentis
1445 1930 1719 1997 ostensum
1767 1927 1850 1974 est
1877 1920 2517 1997 superioremjiomiliam
2572 1921 2807 1997 nemini,
2843 1922 2956 1997 nisi
2975 1922 3036 1997 S._
3061 1920 3290 1997 Maximo
3330 1922 3518 1997 Tauri~

233 1989 546 2050 tuaHsiEsse
574 1989 986 2050 atiribuendam.
1019 1996 1152 2050 Cum
1180 2004 1360 2049 autem
1390 1993 1506 2047 lucc
1535 1992 1812 2047 evidenter
1858 1989 2432 2061 adriillamﬂreferatur,
2465 1992 2901 2060 mentionemque
2927 1993 2994 2046 de
3024 1993 3136 2061 ipsa
3167 1992 3353 2057 faciat,
3384 1994 3516 2046 satis

233 2065 512 2118 evincitur
538 2067 606 2118 ab
635 2066 823 2119 eodem
854 2063 1014 2119 fuisse
1043 2067 1425 2134 excogitatam,
1455 2064 1766 2134 scriptoque
1813 2059 2084 2134 traditam.
2111 2058 2337 2134 Omnem
2359 2059 2564 2134 deinde
2603 2058 2850 2134 auferunt
2873 2058 3261 2134 haesitationem
3289 2062 3396 2116 duo
3424 2079 3517 2116 co-

233 2134 390 2203 dices
418 2151 576 2203 supra
607 2137 888 2203 memorati
915 2135 972 2189 S.
1005 2129 1271 2189 Crucis'in
1317 2133 1452 2200 Jer.,
1481 2134 1538 2203 in
1568 2129 2099 2203 quibuscnuntiatur
2126 2129 2224 2183 sub
2254 2131 2445 2182 titulo:
2480 2129 2758 2200 Sequentia
2788 2131 2850 2183 de
2882 2149 3044 2203 grano
3074 2133 3272 2200 sinapis
3293 2172 3306 2194 ,
3331 2141 3390 2203 et
3421 2146 3515 2203 co-

233 2202 344 2255 dex
378 2198 761 2271 Sangallensis,
787 2198 1072 2258 Maximum
1102 2214 1373 2258 auctorem
1405 2198 1719 2256 indicantes.
1754 2198 2118 2271 Admonemus
2139 2231 2144 2238 ς
2165 2206 2346 2271 tamen
2372 2198 2578 2271 partem
2628 2198 2899 2271 sermonis
2932 2201 3089 2271 hujus
3128 2198 3426 2271 menachos
3452 2200 3510 2271 S.

233 2271 413 2343 Mauri
436 2268 860 2343 in'appendicem
891 2290 1051 2328 serm.
1085 2274 1142 2328 S.
1166 2275 1391 2342 August.
1423 2273 1456 2343 li
1482 2272 1638 2343 class.
1673 2285 1820 2343 num.
1851 2268 1920 2319 88
1950 2268 2226 2343 retulisse;
2261 2268 2348 2321 ubi
2389 2269 2690 2343 docuerunt
2720 2269 2859 2343 inter
2887 2269 3226 2343 vplg‘atos‘S,
3245 2269 3512 2343 Ambrosii

233 2341 438 2414 editam
472 2337 655 2410 fuisse,
677 2359 842 2414 quam
864 2345 1161 2414 consultius
1191 2337 1274 2398 ab'
1287 2344 1408 2396 albo
1437 2342 1494 2414 Si.
1526 2339 2115 2414 doctorisexpunxere.
2149 2337 2529 2414 l‘lam,_pr:et_er
2549 2338 2686 2392 duos
2713 2339 2872 2392 codd.
2898 2339 3176 2414 _S:_Crucis
3214 2339 3267 2391 in
3291 2338 3511 2414 Jerusa-

233 2409 371 2479 lem,
397 2414 557 2465 etiam
586 2405 715 2466 cod:
740 2413 913 2468 Vatic.
948 2413 1078 2466 6451
1118 2414 1347 2467 Maximo
1375 2413 1713 2478 suffragatur.
1746 2405 1931 2461 Exstat
1955 2407 2118 2460 etiam
2149 2407 2202 2459 in
2231 2405 2351 2461 cod.
2385 2405 2708 2462 Urbevetan.
2775 2421 2858 2475 ag.
2893 2407 3012 2474 169,
3045 2409 3096 2461 in
3126 2425 3234 2477 quo
3264 2409 3508 2476 praemis-

233 2480 308 2530 sis
332 2482 513 2530 verbis
536 2500 549 2530 :
586 2481 734 2530 Unde
762 2500 935 2530 supra-
968 2483 1154 2530 incinit
1181 2499 1192 2530 :
1227 2481 1319 2530 Cui
1348 2481 1516 2530 simile
1554 2490 1630 2530 est
1658 2495 1874 2530 reanum
1900 2476 2143 2530 caelorum
2169 2486 2218 2529 et
2245 2479 2326 2530 cui
2355 2477 2484 2530 illud
2525 2424 2814 2530 azstimapo.
2838 2480 2912 2530 ait
2936 2477 3218 2530 Dominus:
3249 2479 3322 2530 ita
3347 2479 3508 2530 etiam

232 2480 308 2552 sis
332 2476 513 2552 verbis
536 2500 549 2535 :
586 2481 734 2536 Unde
762 2500 936 2552 supra,
968 2483 1154 2552 incipit
1181 2499 1192 2535 :
1227 2481 1319 2536 Cui
1348 2481 1516 2536 simile
1547 2476 1630 2534 est
1658 2495 1874 2539 reanum
1900 2476 2143 2531 caelorum
2169 2486 2218 2529 et
2245 2479 2326 2530 cui
2355 2477 2484 2530 illud
2525 2476 2814 2545 azstimabo,
2838 2480 2912 2531 ait
2936 2476 3218 2542 Dominus;
3249 2479 3322 2532 ita
3347 2479 3509 2532 etiam

233 2550 527 2606 inchoatur
547 2552 603 2606 in
632 2552 755 2607 cod.
789 2550 1050 2608 Vallicell.
1081 2550 1128 2606 Α
1165 2552 1217 2606 9.

234 2665 632 2735 Anccnmruu.
676 2696 751 2707 --
781 2663 1000 2719 Rursum
1028 2665 1374 2718 Christianam
1410 2665 1564 2735 ﬁdem
1596 2677 1819 2735 essere-
1851 2663 1898 2724 B
1925 2660 2323 2724 consequimur.
2373 2656 2500 2710 lude
2528 2663 2556 2691 ’³
2586 2655 2749 2709 etiam
2785 2654 2992 2735 jejunia
3024 2670 3120 2708 nos
3159 2661 3506 2722 exasperant,

303 2751 468 2804 gnum
499 2734 596 2788 Dei
643 2735 867 2816 ostendit
1020 2735 1302 2816 MlaIimuf.
1333 2729 1661 2816 εειιξιάθηιφξρ
1683 2734 1824 2816 υίξ1⁰’
1933 2748 2080 2802 illinc
2101 2755 2442 2816 peccatorum
2468 2729 2801 2801 conscientia
2826 2752 3084 2808 macerat,
3112 2743 3235 2797 hinc
3259 2742 3512 2812 patrimo-

305 2803 421 2857 rem
445 2821 593 2873 quem
613 2807 809 2874 sinapis
839 2814 1024 2874 natura
1049 2806 1299 2874 depromit
1325 2803 1585 2858 obtinere.
1601 2803 1828 2874 l’rafter-

301 2891 391 2946 ea‘
423 2872 570 2926 decet
622 2872 874 2944 quomodo
942 2872 1174 2929 Christus
1221 2877 1287 2928 sit
1325 2891 1541 2946 granum
1589 2873 1723 2943 quod
1773 2872 1827 2923 in

301 2941 546 3016 arborem
591 2941 774 3007 crevit;
796 2947 909 3014 quis
934 2955 1074 2999 orlus
1114 2947 1167 2998 in
1189 2941 1343 3016 queui
1370 2946 1582 2998 missum
1602 2941 1828 3014 granum

301 3013 441 3066 illud
470 3015 603 3085 fuit;
632 3016 718 3085 qui
748 3013 900 3086 hujus
922 3017 1122 3068 arboris
1148 3013 1301 3068 rami.

301 3104 601 3173 Superiore
622 3104 888 3158 dominica
915 3104 1223 3173 parabolam
1248 3103 1458 3156 Domini
1478 3100 1826 3165 disserentes,

233 3193 287 3247 in
318 3209 431 3261 qua
463 3194 538 3246 ait
571 3211 583 3246 :
617 3193 710 3247 Cui
756 3195 923 3248 simile
950 3203 1026 3248 est
1053 3211 1266 3265 regnum
1288 3193 1548 3259 cmlorum,
1574 3191 1732 3244 et|cui
1755 3192 1828 3244 si-

231 3287 364 3340 mile
412 3285 545 3340 illud
573 3285 884 3341 aestimabo?
908 3286 1093 3340 Simile
1132 3295 1206 3340 est
1227 3303 1392 3357 grano
1434 3285 1659 3352 sinapis,
1691 3289 1823 3350 etc.,

231 3376 410 3432 multa
447 3375 464 3412 ί
514 3376 924 3445 perstrinximus
974 3377 1167 3444 quibus
1210 3375 1560 3446 probaremus
1604 3387 1824 3441 regnum

232 3471 333 3524 Dei
383 3484 552 3538 grano
589 3469 792 3538 sinapis
818 3485 927 3523 non
956 3470 1224 3524 immerito
1275 3467 1594 3536 comparari,
1626 3473 1682 3520 et
1718 3466 1827 3519 dis-

233 3559 469 3612 tantiam
499 3559 554 3610 in
575 3559 690 3612 sola
720 3573 837 3612 esse
858 3559 1256 3613 existimatione
1279 3557 1565 3612 verborum
1585 3595 1600 3621 ,
1631 3572 1741 3610 non
1771 3555 1824 3610 in

243 3648 260 3698 i
298 3647 602 3703 collatione
632 3648 908 3702 virtutum.
946 3647 1224 3716 Siquidem
1251 3647 1380 3702 fides
1409 3647 1707 3702 Christiana
1735 3662 1826 3700 re-

229 3753 405 3807 gnum
436 3737 529 3791 Dei
561 3747 643 3792 est
667 3737 688 3774 ¹ί
720 3738 967 3792 eumdem
997 3738 1234 3806 vigorem
1263 3738 1466 3792 obtinet
1501 3752 1661 3805 quem
1690 3737 1827 3789 sina-

228 3832 314 3902 pis
347 3839 533 3884 natura
565 3828 852 3900 depromit.
882 3829 1014 3883 Nam
1045 3831 1200 3897 sicut,
1229 3847 1350 3886 cum
1378 3831 1580 3900 sinapis
1607 3843 1822 3883 succum

226 3922 516 3986 sumimus,
549 3920 617 3974 ad
664 3921 924 3992 lacrymas
954 3923 1214 3990 cogimur,
1239 3923 1388 3976 vultu
1416 3921 1816 3985 contristamur,

1931 2839 2004 2892 nii
2021 2837 2232 2906 jactura
2260 2837 2565 2899 conturbat,
2598 2844 2654 2890 et
2677 2846 2789 2890 toto
2805 2835 3106 2890 contristati
3135 2835 3297 2904 366
3324 2832 3508 2887 habitu

1931 2930 2100 2996 magis
2145 2929 2374 2982 salutem
2424 2927 2823 2995 consequimur,
2855 2927 2899 2981 si
2929 2926 3155 2994 amplius
3196 2923 3507 2986 deﬂeamus,

1929 3020 2221 3076 secundum
2252 3019 2396 3088 quod
2426 3021 2499 3073 ait
2527 3018 2818 3073 Dominus:
2861 3017 2964 3072 Vos
2985 3015 3249 3088 plorabitis
3288 3024 3336 3067 et
3363 3013 3510 3082 plan-

1929 3115 2079 3183 getis,
2103 3113 2349 3166 saeculum
2372 3121 2543 3165 autem
2570 3112 2808 3182 gaudebit
2841 3109 3032 3181 (Joan.
3064 3108 3204 3178 xvx).
3237 3105 3386 3160 Sicut
3414 3121 3511 3158 au-

1930 3211 2037 3257 tem
2061 3218 2182 3256 cum
2213 3203 2386 3270 sinapi
2417 3213 2577 3269 caput
2602 3201 2741 3256 forte
2788 3199 3085 3254 curandum
3123 3205 3229 3270 est,
3255 3195 3506 3263 jubemnr

1929 3294 2149 3348 abrasos
2173 3293 2397 3362 capillos
2419 3292 2657 3359 demere,
2689 3291 3072 3360 impedimenta
3099 3289 3236 3344 cutis
3263 3288 3511 3340 universa
3550 3360 3560 3368 .

1927 3385 2220 3454 deponere,
2251 3388 2310 3435 ut
2339 3382 2482 3435 nudo
2513 3383 2726 3449 corpori
2756 3378 3045 3450 perfectius
3089 3377 3351 3432 medicina
3382 3392 3509 3446 pro-

1927 3473 2147 3539 veniat;
2175 3473 2249 3526 ita
2279 3480 2483 3527 etcum
2539 3471 2715 3524 anima
2763 3485 2861 3540 per
2907 3468 3064 3522 ﬁdem
3119 3466 3354 3521 curanda
3405 3474 3508 3532 est,

1927 3565 2267 3634 praecipimur
2291 3563 2645 3618 substantiam
2691 3577 2722 3616 a
2752 3561 2906 3615 nobis
2934 3560 3111 3614 seculi
3142 3557 3369 3623 auferre,
3404 3558 3508 3612 im-

1926 3655 2232 3725 pedimenta
2271 3653 2386 3708 auri
2433 3652 2750 3722 argentique
2797 3651 3086 3720 deponere,
3127 3655 3187 3702 ut
3216 3656 3241 3683 ο
3274 3647 3427 3702 nuda:
3454 3653 3510 3700 et

1925 3745 2026 3799 soli
2055 3745 2247 3798 anima:
2277 3742 2661 3810 congruentius
2691 3739 2982 3811 spiritualis
3033 3737 3299 3792 medicina
3331 3747 3358 3785 ι)
3387 3751 3512 3805 pro-

1925 3837 2126 3890 veniat.
2159 3834 2408 3903 Quisquis
2437 3835 2577 3888 eniin
2608 3834 2768 3888 rebus
2808 3832 2994 3887 mundi
3017 3839 3071 3886 et
3098 3831 3298 3886 divitiis
3331 3821 3510 3885 smculi

1928 3926 2216 3981 obvolutus
2237 3933 2338 3991 est,
2368 3927 2492 3980 huic
2523 3925 2646 3980 lidei
2674 3926 2935 3980 medicina
2962 3941 3067 3979 non
3086 3924 3344 3994 proderit.
3369 3921 3510 3991 Ergo

232 4011 421 4066 fronte
445 4012 812 4066 contrahimur
839 4021 893 4065 et
934 4027 1235 4079 movemur,
1266 4022 1319 4066 et
1347 4015 1512 4081 ipsam
1539 4012 1822 4065 salubrita—
1850 4015 1896 4076 C
1927 4017 2070 4087 quod
2099 4032 2290 4072 succus
2318 4017 2520 4086 sinapis
2551 4018 2602 4071 in
2631 4031 2880 4086 corpore,
2912 4016 3017 4070 hoc
3044 4012 3174 4070 ﬁdes
3201 4013 3507 4068 Christiana

237 4112 356 4156 tem
409 4103 655 4172 corporis
703 4102 876 4155 nostri
905 4118 1027 4157 cum
1075 4103 1303 4171 quodam
1336 4101 1463 4156 ﬂetu
1493 4101 1820 4156 austeritatis

225 4192 549 4261 accipimus.
576 4191 728 4246 Illinc
749 4195 890 4247 enim
912 4208 1011 4247 nos
1038 4193 1339 4246 amaritudo
1362 4201 1668 4261 exasperat,
1689 4192 1821 4246 acri-

226 4282 414 4336 monia
447 4291 714 4352 penetrat,
743 4283 869 4338 hinc
890 4284 1040 4338 calor
1079 4284 1219 4352 ignei
1244 4284 1452 4353 saporis
1485 4281 1500 4319 ¹
1530 4283 1775 4338 accendit
1800 4325 1817 4352 ,

226 4380 283 4427 ct
305 4381 428 4427 toto
451 4374 748 4441 perturbati
790 4389 1018 4443 corpore
1061 4383 1172 4428 tum
1199 4375 1368 4443 magis
1387 4374 1505 4428 sani
1533 4371 1813 4440 efficimur,

225 4481 352 4520 cum
407 4465 640 4534 amplius
685 4465 1052 4534 deploramus.
1100 4465 1179 4520 lta
1232 4481 1362 4535 ergo
1416 4475 1470 4522 et
1517 4482 1639 4521 cum
1696 4465 1820 4520 fidei

227 4557 551 4611 Christianm
572 4557 822 4611 mandata
847 4557 1190 4627 percipimus,
1217 4557 1599 4611 contristamur
1620 4556 1821 4622 animo,

1927 4115 2117 4175 agatur
2142 4108 2194 4160 in
2244 4107 2441 4160 anima.
2491 4106 2596 4160 Sed
2625 4107 2881 4175 quoniam
2926 4107 2979 4160 in
3028 4105 3214 4160 eadem
3244 4105 3512 4160 dominica

1928 4197 2195 4252 sententia
2225 4196 2483 4266 scriptum
2515 4205 2597 4249 est
2623 4194 2650 4233 ι’
2690 4195 2971 4250 assimilari
3000 4209 3225 4262 regnum
3254 4196 3512 4250 caelorum

1927 4298 2094 4354 grano
2139 4285 2358 4354 sinapis,
2391 4285 2534 4355 quod
2556 4294 2839 4354 acceptum
2861 4286 3023 4337 homo
3045 4285 3190 4338 misit
3218 4285 3270 4337 in
3295 4285 3510 4339 hortum

1926 4392 2101 4441 suum,
2133 4384 2188 4430 et
2216 4375 2404 4441 crevit,
2437 4383 2493 4429 et
2523 4374 2660 4429 facta
2691 4383 2773 4430 est
2801 4376 2996 4438 arbor,
3032 4382 3087 4428 et
3133 4373 3386 4427 volucres
3415 4387 3506 4426 re-

1925 4470 2244 4539 quieverunt
2272 4470 2324 4523 in
2372 4469 2538 4524 ramis
2579 4469 2718 4538 ejus,
2752 4478 2774 4506 ι·
2822 4466 3131 4536 diligentius
3179 4464 3509 4533 inquiramus

1922 4561 2043 4630 quis
2072 4560 2174 4615 iste
2202 4561 2274 4616 sit
2301 4560 2386 4615 cui
2417 4560 2528 4614 hmc
2557 4566 2746 4613 cuncta
2773 4557 3116 4613 conveniant.
3148 4554 3390 4608 Diximus
3417 4568 3507 4607 su-

225 4646 519 4717 afﬂigimur
534 4663 781 4718 corpore,
810 4647 877 4702 ad
898 4649 1216 4718 lacrymasm
1246 4662 1647 4716 promovenmr,
1675 4653 1729 4699 et
1749 4646 1826 4714 ip-
1919 4653 2106 4722 perius
2135 4650 2234 4707 SS.
2259 4652 2605 4723 martyribus,
2635 4650 2725 4719 qui
2750 4666 2780 4704 a
2809 4648 3034 4704 diversis
3055 4645 3221 4700 attriti
3242 4652 3364 4699 sunt
3385 4657 3507 4713 pas-

227 4755 346 4794 sam
378 4750 619 4794 nostram
647 4740 874 4796 salutem
903 4755 1024 4795 eum
1065 4738 1296 4808 quodam
1329 4737 1457 4794 ﬂetu
1499 4753 1563 4792 ac
1587 4751 1821 4792 maerore
1919 4741 2183 4806 sionibus,
2219 4750 2466 4797 naturam
2495 4740 2695 4810 sinapis
2723 4755 2883 4809 posse
2903 4751 3218 4806 congruere.
3255 4732 3360 4788 Sed
3380 4746 3506 4801 quo-

305 4880 333 4908 ·
371 4869 451 4924 Ita
481 4871 600 4926 cod.
632 4870 701 4923 99
741 4870 797 4925 S.
842 4871 1028 4925 Crucis
1054 4871 1106 4924 in
1147 4869 1280 4933 Jer.,
1312 4877 1368 4924 et
1399 4868 1500 4921 172
1530 4867 1812 4938 Laurent.,

229 4951 422 5012 meret.
450 4940 583 5012 Cod.
616 4941 756 5012 νειμ,
789 4944 1037 5012 {errorem
1061 4942 1326 5012 attri_tione
1355 4949 1650 5012 suamoret.

307 5010 334 5048 δ
374 5009 818 5081 (Σούηυι-ῠθγθῐζ,
852 5019 1152 5081 torquetur._
1166 5009 1236 5062 Et
1256 5011 1484 5081 quamvis
1504 5026 1596 5062 rex
1625 5010 1818 5080 impro-

230 5079 486 5149 bus,‘etc.
516 5079 834 5134 lntermedia
864 5079 1104 5149 pneterit
1137 5079 1225 5149 hic
1254 5080 1374 5133 cod.

310 5161 334 5189 ο
361 5147 616 5219 Uterque
646 5151 767 5204 cod.
800 5147 1077 5204 SfCrucis
1105 5149 1156 5220 in
1186 5148 1318 5212 Jer.,
1353 5148 1636 5220 torquebat.

308 5220 334 5256 ά
377 5220 510 5273 Cod.
545 5220 832 5289 vallicell.,
857 5229 912 5272 ut
933 5219 1170 5289 incendia
1200 5220 1402 5289 majora
1428 5219 1814 5289 superponeret.

1921 4866 2074 4940 Cod._
2087 4869 2111 4922 l
2124 4869 2192 4923 72
2224 4869 2460 4924 Laurent
2479 4871 2606 4940 legit
2627 4870 2936 4925 Saluatoris.

1999 4937 2013 5010 ἦ
2047 4938 2182 5010 Cod.
2214 4940 2505 5010 Yallicell.,
2536 4937 2698 4994 multa
2725 4939 3122 5010 perstntximus.

1999 5009 2013 5060 i
2053 5009 2187 5065 Cod.
2213 5009 2478 5065 Vallicell.
2510 5012 2551 5063 Α
2579 5010 2633 5076 9,
2658 5007 2759 5064 non
2787 5011 2839 5062 in
2863 5008 3214 5062 consolatione
3238 5007 3499 5060 virtutum.

1994 5077 2019 5116 ι
2037 5080 2170 5136 Cod.
2193 5080 2473 5145 Vallicell.,
2486 5080 2718 5134 eamdem
2731 5081 2965 5132 virtutem
2977 5076 3184 5138 obtinet,
3201 5092 3374 5142 quam,
3391 5086 3498 5130 etc.

1997 5148 2014 5188 ι
2039 5150 2176 5206 Cod.
2205 5149 2482 5218 Urbevet.,
2505 5151 2822 5211 accenditur,
2853 5157 2902 5202 et
2930 5155 3034 5201 toto
3059 5145 3356 5217 perturbato
3394 5162 3504 5200 ror-

1921 5236 2062 5292 pore.

313 5299 338 5328 ο
379 5289 553 5343 Codd.
581 5288 638 5344 S.
663 5282 848 5344 Crucis
876 5290 930 5343 in
957 5282 1296 5352 Jerusalem;
1316 5282 1507 5344 ναι.θί
1529 5282 1814 5356 vallicell.,
1844 5282 1898 5344 Ι)
1921 5282 1932 5292 ’
1991 5300 2030 5328 ιη
2053 5291 2186 5346 Cod.
2217 5292 2273 5346 S.
2301 5290 2488 5347 Crucis
2513 5290 2565 5344 in
2593 5287 2730 5356 Jer.,
2753 5303 3120 5357 permovemur.

271 5369 428 5414 otest.

232 5379 515 5501 patranti.
548 5428 698 5494 Vat.,
727 5429 814 5501 qui
841 5429 970 5501 nihil
1005 5439 1202 5501 tamen,
1229 5438 1336 5484 etc.
1368 5428 1506 5501 Cod.
1535 5427 1812 5501 Urbevet.,

230 5515 357 5579 quia
382 5498 512 5579 nihil
532 5497 894 5564 tamen,'Cod.
924 5499 1184 5555 Vallicell.
1202 5541 1215 5566 ,
1243 5516 1357 5572 quw
1379 5500 1508 5552 nihil
1533 5509 1701 5552 tamen
1726 5497 1818 5551 de-

235 5578 560 5622 inmeritum.

319 5649 343 5684 ε
387 5635 619 5708 Uterque
646 5637 766 5692 cod.
796 5637 851 5693 S.
879 5639 1064 5694 Crucis
1093 5639 1144 5692 in
1173 5637 1306 5705 Jer.,
1341 5637 1594 5694 Urbevet.
1628 5649 1683 5694 et
1703 5638 1824 5695 Val-

238 5709 433 5770 licell.,
463 5715 693 5761 vexatur.

320 5777 347 5815 ιι
382 5775 552 5832 Codd.
583 5777 638 5831 S.
670 5777 853 5832 Crucis
882 5779 932 5831 in
959 5777 1066 5832 Jer.
1098 5785 1152 5832 et
1181 5779 1351 5833 Vatic.
1382 5779 1565 5845 legunt
1591 5780 1821 5833 devotio-

241 5866 357 5903 rem
381 5847 712 5903 Laurentium
736 5847 994 5903 Saluatori
1015 5849 1268 5919 supplicia
1290 5851 1547 5904 atrociora
1571 5851 1818 5917 fecerunt.

1993 5369 2022 5398 ιι
2057 5360 2292 5429 Uterque
2319 5361 2440 5415 cod.
2483 5360 2540 5414 S.
2564 5355 2761 5414 Crucis
2781 5358 2833 5411 in
2863 5355 3000 5429 Jer.,
3023 5359 3180 5410 enim.

1999 5441 2024 5466 ο
2056 5428 2254 5486 Οοᾶίχ
2283 5429 2559 5492 Laurent.,
2590 5439 2644 5481 ut
2673 5429 2792 5482 inde
2813 5438 2861 5482 et
2889 5428 2986 5481 soli
3009 5429 3216 5482 aninuv.

1999 5511 2026 5550 P
2055 5501 2224 5554 Codd.
2251 5499 2511 5554 Vallicell.
2544 5509 2599 5554 et
2627 5496 2904 5557 Urbevet.,
2932 5499 3220 5552 conveniat.

1999 5581 2027 5621 τι
2055 5569 2225 5624 Codd.
2257 5568 2314 5624 S.
2347 5569 2533 5624 Crucis
2585 5570 2636 5622 in
2666 5567 2807 5631 Jer.,
2857 5566 3109 5622 Urbevet.
3151 5575 3207 5621 et
3253 5563 3494 5618 Vallircl.

1927 5658 2032 5697 non
2060 5641 2324 5695 habentur
2344 5640 2504 5694 verba
2531 5639 2810 5694 assimilari
2833 5654 3042 5710 regnum
3073 5638 3310 5690 caelorum
3329 5649 3496 5704 grano

1927 5727 2278 5849 mra
2321 5776 2713 5849 Sangallen.-—
2740 5775 2978 5849 Uterque
3005 5775 3125 5829 cod.
3156 5773 3213 5830 S.
3235 5771 3420 5827 Crucis
3445 5768 3500 5824 in

1927 5851 2063 5914 ἔρι’..
2091 5867 2124 5906 x
2157 5847 2412 5906 Laurent.
2442 5847 2498 5906 et
2523 5848 2776 5906 Urbevet.
2807 5847 2891 5902 his
2918 5854 3121 5901 carent.
