4054 6190
1880 300 1905 329 ἢ

527 407 622 461 511

1555 398 1613 453 5.
1656 394 1897 451 MAXIM
1937 391 2242 449 EPlSCOPl
2280 393 2732 453 TAURINENSIS

3688 397 3816 454 512Δ

528 521 670 572 uiam
714 515 845 573 dicit
871 514 1170 585 Scriptura,
1198 521 1249 567 et
1276 512 1436 566 crevit
1456 552 1471 577 ,
1503 522 1551 565 et
1581 513 1720 582 {acta
1747 517 1821 562 est
1850 508 2027 573 arbor,
2055 513 2110 561 et
2142 510 2182 564 Α
2213 503 2408 561 dentur
2431 524 2710 565 sermones
2740 509 2950 567 Domini
2977 526 3098 567 cum
3127 508 3258 567 dicit
3298 529 3311 565 :
3345 508 3409 567 Si
3445 509 3521 566 vis
3539 514 3805 583 perfectus

530 608 778 662 volucres
797 605 1180 674 requieverunt
1205 603 1260 657 in
1288 602 1453 657 ramis
1471 599 1608 671 ejus,
1635 600 1867 655 arbitror
1886 600 1990 654 hoc
2009 598 2110 668 ipsi

530 698 747 754 Christo
796 696 1027 750 Domino
1058 694 1255 749 rectius
1280 692 1604 762 comparari,
1633 691 1724 759 qui
1754 689 2026 745 nascendo
2056 689 2110 743 in

532 788 807 843 hominem
850 785 1162 839 humiliatus
1193 790 1251 838 ut
1279 798 1501 852 granum
1529 791 1633 849 est,
1672 780 2012 837 ascendendo
2041 778 2111 834 ad

530 879 727 935 emtum
748 878 1015 934 exaltatns
1038 885 1097 931 ut
1116 876 1278 931 arbor
1303 883 1403 931 est.
1427 872 1665 929 Granum
1689 874 1848 943 plane
1866 872 2112 927 Christus

530 978 616 1024 est
638 969 764 1024 dum
787 968 1007 1038 patitur,
1038 968 1202 1023 arbor
1229 974 1312 1025 est
1340 981 1463 1021 cum
1486 965 1736 1033 resurgit.
1768 962 2006 1019 Granum
2032 962 2115 1016 in-

532 1074 694 1130 quam
722 1067 827 1122 est,
856 1074 976 1114 cum
1006 1056 1203 1113 famem
1231 1057 1475 1112 esuriens
1504 1066 1529 1093 ει
1560 1054 1805 1110 sustinet.
1836 1054 2011 1109 Arbor
2030 1061 2115 1109 est

533 1165 657 1205 cum
685 1149 844 1220 367
872 1148 1113 1217 quinque
1164 1147 1396 1217 panibus
1438 1153 1650 1201 saturat
1683 1146 1921 1215 quinque
1947 1143 2114 1198 millia

536 1239 795 1294 virorum.
827 1238 905 1293 lbi
927 1237 1269 1293 sterilitatem
1289 1237 1527 1292 humana
1555 1236 1863 1292 conditione
1891 1235 2114 1304 patitur,

536 1329 626 1384 hic
650 1330 957 1385 satietatem
1010 1328 1229 1398 propria
1282 1326 1561 1382 divinitate
1608 1326 1850 1396 largitur.
1880 1323 2119 1379 Granum

538 1430 717 1476 autem
744 1420 772 1460 δ
793 1422 1019 1476 dixerim
1050 1421 1356 1489 Dominum,
1379 1435 1500 1476 cum
1530 1418 1788 1483 caeditur,
1815 1417 2119 1473 contemni—

539 1521 648 1581 tur,
679 1513 1012 1582 increpatur;
1048 1521 1071 1550 ε
1097 1512 1344 1567 arborem
1368 1520 1546 1566 autem
1576 1526 1698 1564 cum
1727 1525 1898 1565 czccos
1928 1508 2123 1562 illumi-

542 1613 656 1672 nat,
686 1612 927 1660 mortuos
949 1605 1251 1669 resuscitat,
1282 1611 1501 1673 peccata
1531 1603 1818 1658 eondonat.
1849 1601 2001 1668 Quod
2027 1617 2124 1655 au-

543 1704 652 1749 tem
683 1708 907 1762 granum
949 1694 1041 1762 sit,
1073 1694 1188 1764 ipse
1235 1693 1420 1748 dicens
1449 1694 1502 1747 in
1534 1692 1824 1761 Evangelia
1853 1693 1968 1747 ait:
2000 1690 2124 1747 Nisi

546 1801 766 1855 granum
802 1784 957 1838 tritici
986 1785 1174 1838 cadens
1202 1785 1257 1838 in
1288 1794 1479 1837 terram
1504 1792 1763 1838 mortuum
1791 1785 1966 1855 fuerit,
1992 1781 2020 1821 ά
2050 1785 2126 1855 ip-

2211 614 2340 660 esse,
2366 600 2595 671 relinque
2614 602 2789 654 omnia
2828 609 2936 665 tua,
2967 610 3018 656 et
3044 604 3186 668 veni,
3217 618 3430 672 sequere
3455 619 3537 657 me
3567 601 3802 674 (Matth.

2211 704 2302 753 xix
2319 688 2379 761 )‘l
2402 689 2611 746 Etcum
2631 691 2764 747 dicit
2784 708 2893 746 non
2918 692 3191 751 habendas
3210 692 3345 747 duas
3365 692 3595 756 tunicas,
3619 709 3805 761 neque

2211 799 2420 853 peram,
2468 798 2647 853 neque
2694 786 3060 840 calceamenta
3085 827 3100 851 ,
3155 787 3319 857 368
3337 784 3644 840 amaritudo
3700 786 3807 839 ista

2211 891 2525 936 sermonum
2571 878 2837 932 medicina
2867 886 2950 931 est
2978 877 3297 932 animarum.
3328 876 3487 943 Quod
3514 884 3699 931 autem
3728 877 3813 931 ait

2215 966 2602 1037 Evangelium:
2638 966 2790 1033 Quod
2835 977 3099 1038 acceptum
3135 968 3287 1022 homo
3313 968 3455 1021 misit
3495 970 3551 1021 in
3596 967 3809 1022 hortum

2217 1073 2366 1112 suum
2413 1057 2635 1126 (Hauh.
2665 1058 2764 1128 x);
2796 1073 2956 1127 quem
3001 1073 3122 1113 esse
3168 1058 3441 1113 hominem
3474 1059 3616 1113 hunc
3644 1069 3809 1128 puta-

2221 1164 2361 1217 mus,
2385 1148 2478 1219 qui
2506 1156 2787 1219 acceptum
2814 1162 3041 1215 granum
3084 1148 3234 1203 velut
3260 1148 3466 1217 sinapis
3492 1162 3720 1216 granum
3751 1147 3809 1201 in

2217 1255 2316 1295 suo
2360 1240 2577 1294 hortulo
2625 1238 2947 1294 seminavit?
2974 1236 3088 1308 Ego
3137 1238 3283 1292 illum
3313 1253 3437 1293 esse
3478 1237 3715 1293 arbitror
3738 1237 3813 1292 de

2218 1343 2327 1398 quo
2355 1328 2682 1397 evangelista
2710 1328 2875 1383 refert
2900 1346 2913 1382 :
2945 1326 3086 1381 Ecce
3114 1336 3285 1381 autem
3310 1326 3525 1398 Ioseph,
3570 1328 3659 1398 qui
3695 1335 3814 1382 erat

2220 1420 2428 1475 decurio
2453 1420 2518 1474 ab
2564 1419 2887 1485 Arimathea,
2913 1420 3131 1474 accessit
3152 1418 3221 1472 ad
3262 1418 3517 1483 Pilatum,
3548 1428 3726 1489 petens
3750 1426 3813 1473 ut

2222 1512 2510 1582 depositum
2529 1527 2717 1582 corpus
2743 1509 2958 1569 Domini
2978 1510 3215 1582 sepeliret
3245 1509 3409 1582 (Luc.
3434 1509 3587 1578 nm)
3622 1526 3636 1563 :
3664 1510 3815 1579 quod

2221 1608 2507 1671 acceptum
2555 1600 2775 1655 tradidit
2824 1601 3145 1671 sepulturae,
3178 1616 3298 1672 qum
3326 1600 3381 1655 in
3427 1599 3591 1655 horto
3638 1600 3817 1655 fuerat

2224 1701 2543 1763 praeparata,
2574 1703 2735 1762 atque
2763 1693 2885 1747 ideo
2914 1693 2990 1747 ait
3016 1690 3295 1762 Scriptura
3322 1710 3334 1745 :
3370 1690 3522 1756 Quod
3547 1701 3819 1762 acceptum

2224 1786 2375 1840 homo
2398 1785 2537 1839 misit
2564 1786 2621 1839 in
2653 1785 2857 1839 hortum
2877 1801 3044 1838 suum.
3076 1784 3219 1853 Ergo
3247 1782 3448 1855 Ioseph
3471 1784 3666 1838 hortus
3690 1782 3820 1839 llos-

543 1890 655 1928 sum
682 1875 849 1928 solum
875 1882 1047 1935 manet
1078 1874 1269 1945 (Joan.
1303 1874 1398 1943 ιι).
1438 1873 1606 1943 Hujus
1634 1873 1793 1941 igitur
1814 1875 1992 1942 grani,
2022 1875 2129 1930 hoc
2155 1868 2206 1929 B
2230 1879 2473 1933 culorum
2494 1887 2614 1933 erat
2633 1876 2858 1961 diversis
2886 1874 3106 1931 fleribns
3125 1876 3339 1946 plenus,
3365 1875 3461 1932 sed
3495 1874 3732 1930 necdum
3763 1875 3823 1929 in

543 1973 626 2019 est
650 1965 858 2020 Domini
887 1965 1200 2031 Salvatoris,
1233 1966 1395 2020 veluti
1426 1965 1626 2035 sinapis
1665 1966 2013 2019 acrimoniam
2042 1974 2128 2019 at-

543 2068 649 2121 que
676 2053 1086 2108 amaritudinem
1132 2052 1301 2107 Judaei
1349 2053 1567 2108 minime
1620 2054 1961 2117 sustinentes,
1994 2069 2129 2108 con-

545 2153 878 2214 tempserunt
900 2161 1120 2201 succum
1145 2146 1381 2201 cmlestis
1408 2145 1704 2215 disciplina:
1744 2147 2012 2215 accipere,
2042 2146 2130 2202 di-

543 2245 734 2292 centes
753 2238 1050 2291 illuminato
1072 2237 1147 2294 illi
1169 2252 1347 2293 cxeco:
1375 2237 1451 2291 Tu
1480 2238 1552 2291 sis
1573 2238 1850 2309 discipulus
1873 2238 2015 2308 ejus;
2038 2255 2132 2293 nos

546 2337 722 2381 autem
752 2326 923 2399 Moysi
956 2327 1199 2396 discipuli
1226 2344 1401 2381 sumus
1432 2326 1601 2397 (Ibid.
1647 2327 1751 2396 ix).
1782 2326 1887 2396 lpsi
1917 2342 2133 2401 quoque

550 2417 718 2489 Moysi
744 2417 993 2472 niamlata
1022 2418 1238 2489 penitus
1267 2418 1596 2489 ignorantes,
1626 2417 1718 2489 qui
1748 2419 2004 2489 prmcepit
2031 2419 2136 2473 illis

551 2509 690 2562 hanc
718 2508 1129 2561 amaritudinem
1159 2508 1540 2563 comedendam
1576 2526 1588 2560 :
1621 2524 1742 2562 cum
1783 2507 2001 2564 Pascha:
2030 2511 2136 2567 illis

549 2597 883 2652 celebrandae
910 2608 1248 2653 sacramenta
1278 2597 1607 2667 disponeret,
1640 2599 1717 2653 ait
1743 2616 1758 2651 :
1791 2598 2137 2655 Manducabi-

553 2688 617 2740 tis
670 2686 800 2740 illud
826 2703 942 2739 cum
978 2687 1359 2752 amaritudine;
1391 2686 1600 2742 Pascha
1635 2691 1773 2744 enim
1800 2688 2013 2751 Domini
2060 2701 2139 2748 est

554 2773 765 2846 (Exod.
796 2775 922 2844 xu).
952 2775 1069 2831 Non
1097 2776 1242 2832 enim
1291 2775 1455 2848 (sicut
1499 2777 1574 2833 illi
1599 2778 1811 2850 putant)
1828 2778 1987 2849 jussit
2012 2780 2138 2836 her-

553 2869 743 2922 barum
772 2868 958 2922 vilium
987 2869 1284 2939 acerrimos
1310 2885 1502 2925 succos
1529 2886 1653 2925 cum
1686 2872 1822 2931 assis
1866 2873 1989 2941 agni
2014 2887 2138 2946 car-

554 2960 710 3025 nibus
755 2961 1089 3028 inanducari,
1119 2961 1213 3016 sed
1261 2960 1638 3016 mandatorum
1692 2960 1890 3018 Christi
1938 2964 2141 3026 utiliter

555 3066 770 3107 amaros
790 3066 1070 3119 sermones
1092 3054 1348 3123 praecepit
1369 3070 1490 3110 cum
1513 3054 1630 3125 ipso
1655 3064 1995 3125 sacramento
2017 3074 2141 3131 pas-

551 3145 720 3200 sionis
757 3145 1039 3203 dominica:
1083 3147 1353 3204 devorari.
1386 3148 1575 3207 Nonne
1606 3160 1629 3190 °
1660 3151 1806 3223 enim
1861 3158 2033 3211 amari
2062 3159 2141 3214 vi-

2232 1985 2298 2025 so
2326 1971 2432 2025 tale
2459 1983 2679 2039 germen
2718 1970 3006 2025 inseverat.
3055 1967 3351 2036 Fragrabat
3395 1966 3613 2036 quidem
3649 1964 3669 2004 ί
3697 1980 3828 2036 spe-

2232 2063 2383 2121 cialis
2410 2062 2605 2116 animae
2633 2060 2748 2129 ejus
2767 2060 2957 2115 hortus
3001 2059 3151 2114 varia
3205 2057 3475 2114 suavitate
3524 2057 3828 2122 virtutum,

2232 2154 2329 2209 sed
2356 2168 2458 2209 nec
2494 2152 2624 2207 dum
2670 2150 2942 2207 Christum
2992 2164 3113 2203 cum
3167 2147 3501 2217 aromatibus
3539 2146 3597 2200 in
3646 2144 3832 2203 cordis

2232 2246 2317 2303 sui
2350 2252 2563 2300 secreto
2590 2249 2864 2314 posuerat.
2897 2240 2973 2294 lta
2999 2240 3128 2295 dum
3155 2237 3500 2293 Salvatorem
3530 2236 3584 2290 in
3615 2236 3826 2289 hortuli

2235 2339 2316 2394 sui
2345 2337 2539 2407 sepelit
2582 2342 2964 2397 monumento,
2994 2332 3165 2402 magis
3208 2331 3355 2385 illum
3386 2330 3440 2383 in
3469 2328 3665 2383 anima:
3713 2341 3830 2383 sua:

2236 2428 2439 2493 intimis
2463 2425 2769 2489 collocavit.
2803 2433 2829 2477 ις
2882 2422 3082 2481 Ramos
3111 2428 3289 2489 autem
3320 2419 3482 2488 hujus
3529 2417 3743 2474 arboris
3778 2418 3831 2473 si

2235 2518 2484 2590 requiris,
2516 2516 2779 2581 invenies,
2801 2514 2927 2584 quia
2949 2528 3133 2567 ramus
3160 2520 3243 2566 est
3272 2509 3499 2578 Petrus,
3528 2525 3714 2565 ramus
3738 2516 3832 2564 est

2241 2610 2459 2675 Paulus,
2487 2608 2627 2665 rami
2652 2615 2778 2673 sunt
2806 2620 2994 2665 omnes
3022 2603 3253 2674 apostoli
3273 2602 3360 2659 vel
3390 2610 3656 2671 martyres
3678 2598 3731 2662 δ.
3758 2599 3833 2656 ad

2236 2717 2392 2773 quos,
2424 2701 2470 2755 si
2489 2700 2613 2769 quis
2637 2712 2699 2753 se
2725 2697 2939 2751 fortiter
2962 2703 3146 2749 tenere
3170 2693 3425 2760 voluerit,
3455 2690 3707 2747 fluctibus
3727 2704 3833 2744 sa:-

2238 2795 2344 2851 culi
2366 2793 2589 2848 minime
2616 2790 3025 2857 submergetur;
3055 2785 3185 2855 quin
3207 2785 3386 2855 potius
3413 2784 3512 2838 sub
3539 2783 3730 2836 umbra
3757 2782 3831 2835 il-

2238 2886 2416 2957 lorum
2437 2883 2653 2941 latitans
2673 2880 2932 2952 gehenna:
2970 2893 3079 2932 non
3105 2876 3339 2946 patietur
3375 2875 3650 2938 ardorem,
3682 2888 3833 2928 secu-

2239 2992 2332 3032 rus
2380 2990 2411 3029 a
2440 2972 2719 3029 diabolicae
2768 2967 3102 3040 tempestatis
3129 2966 3365 3039 procella
3382 3006 3399 3037 ,
3428 2962 3445 3003 ἱ
3475 2973 3534 3020 et
3553 2963 3624 3020 de
3646 2961 3837 3034 judicii

2241 3066 2524 3126 exurentis
2545 3061 2817 3120 incendio.

1916 3249 2262 3316 HOMILIA
2309 3250 2475 3317 CXI.

1634 3341 1789 3409 Quod
1813 3348 1984 3405 simile
2010 3353 2078 3407 sit
2105 3370 2319 3426 regnum
2346 3351 2444 3407 Dei
2475 3351 2746 3422 fermento.

1986 3441 2384 3500 ADMONITIO.

628 3525 882 3609 Fateatur
900 3526 1116 3609 quidem
1145 3528 1469 3609 descriptam
1498 3530 1776 3609 homiliam
1804 3534 1947 3609 inter
1966 3552 2246 3593 sermones
2272 3537 2331 3609 ξ.
2365 3533 2635 3590 Ambrosii
2670 3529 2862 3586 haberi
2904 3545 3053 3609 num.
3084 3527 3299 3609 5.ﬂedit.
3330 3525 3840 3609 Ruﬁn-eidemque

557 3597 619 3674 ξε
648 3596 867 3674 δρᾳοτί-
889 3595 1047 3674 ίθίιὲὲἓί
1071 3600 1257 3674 imit
1290 3595 1481 3657 x-bibl-
1508 3600 1668 3657 Laur-
1702 3605 1897 3674 impius
1924 3617 2245 3665 memorato.
2282 3607 2481 3662 Verum
2511 3618 2633 3659 cum
2664 3609 2893 3674 ute_rque_
2929 3598 3101 3674 codex
3131 3599 3190 3674 ξ.
3217 3598 3405 3674 Crucis
3434 3597 3487 3651 in
3512 3595 3840 3659 Jerusalem,

556 3665 625 3721 90
649 3668 930 3748 scilicet'et
957 3656 1046 3748 99,
1071 3669 1303 3748 Maximo
1329 3681 1553 3748 a_sserat,
1584 3656 2119 3735 eoruu'iéguiiibﬁib'
2134 3656 2683 3745 ihﬁixi,"si"b6a3sun
2707 3656 3063 3748 q'il‘a'urinensi-
3083 3656 3841 3748 adjudicandani.censetnus‘.;

563 3752 781 3817 remque
810 3732 1575 3817 utilcm__lect9ribus_futuram
1595 3732 1893 3817 speramus,
1912 3764 1995 3817 ex
2014 3732 2345 3802 variantibus
2374 3732 2678 3817 coriectam
2707 3741 2852 3796 hanc
2881 3732 3164 3795 homiliani
3182 3735 3446 3808 proferre.
3474 3735 3693 3791 Accedit
3711 3732 3842 3804 styli

558 3803 865 3860 Maximiani
892 3806 1207 3874 similitudo,
1236 3803 1535 3878 eademque
1557 3803 2181 3888 exblanandiEvangelii
2204 3817 2480 3887 ingeniosa
2502 3813 2746 3868 facilitas.

565 3920 1046 4009 Annus-eurum:—
1065 3917 1411 4009 Plerisque.“
1437 3931 1638 4003 patrem
1683 3924 1960 4009 hortando,
2008 3944 2143 4009 nou.-
2171 3931 2219 4009 ς,
2250 3924 2631 3998 prmdicatione
2659 3936 2778 3977 mea
2805 3933 3120 3993 percussam
3168 3931 3288 3973 esse
3335 3913 3635 3981 condoluit,
3681 3913 3844 3969 dum-

628 3989 785 4064 nullis
813 4005 931 4064 v_e_ro
957 3988 1146 4064 durum
1166 3988 1467 4064 magistrum
1488 3993 1806 4062 increpando
1836 3988 1997 4064 fuisse
2017 3997 2147 4051 scri-
2182 3988 2191 4013 τ

629 4057 702 4112 bit
724 4058 790 4136 S._
819 4056 1115 4136 Maximus;
1143 4056 1330 4136 deinde
1357 4060 1421 4136 de
1452 4056 1671 4132 mystico
1710 4056 1866 4119 sensu
1904 4067 2149 4136 fermeuti

632 4128 882 4197 prwclare
900 4129 1202 4199 copioseque
1220 4128 1450 4186 disserit.

632 4280 701 4337 Et
744 4279 844 4354 ipsi
865 4282 1035 4349 scitis,
1082 4281 1295 4351 fratres,
1334 4285 1481 4353 quod
1527 4302 1595 4341 ex
1623 4302 1728 4357 qua
1756 4288 1844 4344 die
1869 4289 2146 4347 vobiscum

559 4388 679 4430 esse
699 4375 857 4444 ccepi,
889 4390 996 4429 non
1025 4374 1229 4429 cessavi
1255 4376 1506 4432 omnibus
1534 4394 1631 4434 vos
1648 4379 1930 4438 dominicis
1955 4383 2146 4440 admo-

557 4480 689 4523 nere
710 4464 994 4529 mandatis,
1026 4472 1082 4519 et
1108 4465 1302 4535 partim
1322 4466 1608 4535 hortando,
1637 4471 1832 4541 partim
1862 4452 2146 4546 increpan-

559 4556 651 4621 do,
683 4565 950 4629 prmeepta
980 4556 1172 4612 vobisl
1210 4556 1512 4615 Divinitatis
1538 4561 1813 4630 ingerere;
1846 4565 1919 4623 ita
1946 4577 2004 4621 ut
2032 4568 2147 4638 ple-

561 4647 741 4717 risque
769 4646 889 4719 plus
917 4644 945 4685 ιι
991 4655 1146 4716 pater
1198 4647 1408 4717 fuerim,
1462 4654 1734 4709 nonnullis
1776 4666 1955 4713 autem
1983 4659 2147 4716 durus

562 4736 817 4801 magister
845 4736 1162 4792 exstiterim.
1192 4736 1406 4793 Patrem
1437 4742 1579 4796 enim
1608 4760 1696 4800 me
1722 4746 1823 4801 sibi
1852 4726 2148 4817 gratulatus

562 4834 645 4919 est
662 4828 903 4896 quisquis
922 4843 1226 4884 sermonem
1254 4844 1434 4885 meum
1456 4833 1685 4891 libenter
1722 4840 2005 4919 amplexus
2031 4851 2146 4905 est;

563 4914 753 4971 durum
776 4926 955 4973 autem
971 4919 1285 4989 magistrum
1303 4922 1472 4977 sensit
1484 4926 1573 4993 qui
1596 4914 1980 5001 conscientiam
1996 4947 2147 4987 suam

636 5064 662 5092 ⁸
684 5056 816 5138 Cod:
840 5057 1101 5114 Vallicell.
1126 5059 1257 5130 legit
1282 5056 1589 5116 amittebat.
1637 5063 1823 5134 Arbor,
1851 5082 1967 5138 cum
1993 5068 2149 5141 quin-

636 5141 663 5177 e
690 5126 929 5177 nauibus.
955 5138 1061 5177 etc.

568 5141 663 5198 que
689 5138 929 5196 panibus,
955 5138 1061 5183 etc.

637 5193 664 5277 ῑξ
857 5194 1133 5277 ρξὺξγεξη
1165 5199 1399 5277 (ii-anum
1427 5212 1596 5259 autem
1611 5204 1844 5277 sinapis,
1873 5213 1981 5277 etc.

638 5275 661 5304 ε
694 5264 827 5344 God:
967 5263 1244 5344 S._Crucis
1288 5272 1341 5327 in
1370 5270 1507 5344 εἰει..
1540 5273 1696 5329 arbor
1722 5263 1911 5344 (intem.
1961 5275 2145 5344 Codex

565 5351 701 5404 vero
724 5335 793 5389 99
812 5334 942 5404 legit
960 5337 1117 5390 arbor
1140 5348 1216 5392 est
1258 5351 1449 5396 autem.
1475 5331 1505 5344 ”
1730 5402 1736 5404 _
1798 5340 1803 5345 ·
1876 5342 1883 5347 -
1982 5331 1993 5349 ί.
2024 5331 2053 5351 ν.

634 5406 659 5441 ά
685 5403 742 5457 1η
779 5402 1007 5486 utroque
1052 5406 1266 5486 cod._S.
1308 5411 1494 5486 Crucis
1515 5414 1568 5486 in
1596 5411 1704 5486 Jer.
1729 5402 1947 5472 desunt
1973 5418 2139 5486 verba

566 5474 926 5553 ipsunirsolum
955 5486 1146 5553 manet.
1176 5476 1252 5553 Ita
1281 5483 1422 5553 etin
1452 5484 1572 5553 cod.
1606 5501 1640 5539 ι
1671 5478 1923 5553 Laurent.

566 5542 925 5673 digii?“
952 5545 1076 5601 ⁰⁰ί¹’
1102 5544 1160 5601 δ’
1193 5546 1381 5607 Cm“
1403 5552 1455 5609 ίη
1484 5551 1593 5609 ἐν·
1617 5571 1632 5627 ;
1658 5546 1927 5627 ίιοω“οοά.
1951 5573 1986 5612 χ
2006 5556 2136 5613 bibl.

640 5683 659 5724 ί
684 5681 923 5764 glerque
944 5684 1064 5740 cod.
1097 5684 1367 5764 S._Cr_ucis
1391 5692 1443 5764 in
1465 5691 1602 5759 Jcr.,
1631 5697 1936 5764 spiritualis.

592 5827 602 5837 .
685 5753 820 5837 Cod.
842 5753 919 5809 10
946 5770 1107 5838 supra
1129 5759 1222 5840 cit.
1248 5760 1377 5842 legit
1407 5753 1598 5815 Remos
1617 5753 1785 5819 autem
1817 5768 1966 5841 hujus
1999 5768 2144 5824 arbo-

552 5843 627 5882 t‘to‘
658 5841 1011 5897 requiramus;
1041 5842 1266 5884 invenies
1287 5841 1409 5899 quia
1441 5847 1637 5896 ramus,
1669 5843 1773 5888 CIC.
1880 5852 1891 5861 '

2248 4017 2410 4072 modo
2431 4017 2545 4075 sive
2566 4014 2788 4086 pietate,
2811 4013 2925 4067 sive
2944 4024 3171 4067 censura
3198 4007 3443 4073 Christus
3478 4005 3490 4044 ¹
3549 4008 3842 4061 annnntie-

2250 4119 2337 4163 tur
2362 4108 2415 4163 in
2445 4107 2599 4163 vobis
2630 4123 2644 4159 :
2669 4103 2914 4175 quamvis
2941 4109 2996 4157 et
3020 4101 3135 4171 ipsa
3164 4114 3394 4155 censura
3413 4098 3484 4154 sit
3508 4098 3844 4168 pietas,qu:n

2250 4201 2374 4257 ideo
2434 4200 2577 4269 circa
2630 4196 3043 4266 negligentiores
3070 4190 3208 4248 ﬁlios
3232 4192 3533 4258 adhibetur,
3560 4197 3622 4246 nt
3647 4190 3848 4245 timore

2246 4291 2479 4363 discant,
2505 4287 2651 4357 quod
2671 4301 2856 4341 amore
2885 4284 3250 4353 neglexerant.
3271 4292 3312 4320 ιιι
3334 4282 3467 4337 Nam
3491 4279 3639 4352 quod
3651 4296 3847 4336 omnes

2254 4383 2391 4438 ﬁlios
2416 4396 2525 4436 non
2551 4379 2829 4451 :equaliter
2856 4378 3041 4448 diligat
3067 4385 3241 4448 pater,
3270 4376 3367 4431 sed
3386 4374 3532 4445 quod
3561 4374 3848 4451 indulgen-

2255 4479 2325 4535 tia
2355 4479 2526 4550 patris
2552 4477 2624 4533 sit
2647 4492 2748 4548 pro
2775 4475 3087 4531 diversitate
3110 4489 3323 4533 morum
3343 4472 3600 4527 exhibere
3620 4480 3646 4506 ιι
3672 4470 3850 4540 patris

2253 4560 2526 4638 allectum,
2558 4577 2619 4625 ut
2643 4567 2898 4624 blandum
2947 4566 3112 4620 tilium
3139 4564 3519 4627 exhortatione
3558 4568 3846 4633 provocet,

2252 4667 2624 4727 contumacem
2643 4673 2776 4714 vero
2795 4656 3110 4711 austeritate
3134 4654 3452 4721 conveniat;
3475 4651 3544 4708 de
3563 4652 3851 4719 utriusque

2254 4759 2433 4805 tamen
2485 4749 2821 4805 correctione
2868 4761 3110 4809 securus,
3166 4745 3419 4815 quoniam
3468 4744 3612 4798 hunc
3656 4757 3851 4796 amore

2252 4844 2523 4908 verberat,
2555 4842 2704 4896 illum
2727 4840 3016 4895 severitate
3044 4838 3299 4906 castigat;
3329 4836 3470 4891 sicut
3500 4835 3578 4889 ait
3605 4834 3851 4904 Aposto-

2252 4936 2340 5011 lus
2371 4954 2384 4990 :
2416 4932 2600 4995 Omnis
2620 4932 2823 5006 quidem
2844 4932 3121 5003 disciplina
3141 4932 3196 4986 in
3223 4932 3467 5001 praesenti
3514 4946 3616 4984 non
3644 4928 3848 4984 videtur

2324 5065 2351 5152 ις
2383 5066 2618 5152 Uterque
2643 5069 2764 5124 cod.
2796 5066 2853 5122 S.
2902 5067 3090 5122 Crucis
3119 5067 3171 5121 in
3212 5064 3533 5127 Jerusalem,
3578 5073 3847 5137 martyres

2253 5137 2730 5285 Salvﬁgziddunt
2756 5216 2985 5281 uterque
3006 5206 3177 5263 codex
3206 5206 3418 5263 Sancta:
3443 5203 3634 5261 Crucis
3662 5204 3717 5259 in
3747 5202 3841 5259 Je~

2249 5279 2508 5334 rusalem.
2710 5279 2720 5285 ’
2896 5279 2900 5281 ’

2320 5349 2338 5417 _l
2374 5347 2612 5417 Uterque
2639 5347 2760 5417 cod.
2792 5348 2851 5403 S.
2882 5347 3070 5403 Crucis
3095 5347 3149 5402 in
3168 5346 3280 5402 Jer.

2318 5415 2345 5457 ι
2375 5418 2510 5473 Cod.
2527 5415 2605 5473 ‘9‘)
2634 5417 2692 5488 S.
2715 5416 2902 5473 Crucis
2930 5417 2983 5472 in
3004 5417 3139 5483 εἰει,
3163 5420 3348 5488 frater.

2323 5488 2338 5527 ι
2364 5488 2499 5544 Cod.
2534 5489 2619 5543 10.
2653 5487 2932 5553 Laurent.,
2964 5485 3301 5542 annuntietur
3325 5488 3380 5541 in
3410 5485 3576 5540 nobis.

2316 5558 2620 5641 'jUterqne
2673 5558 2794 5641 cond.
2844 5558 2900 5614 S.
2934 5557 3120 5614 Crucis
3164 5559 3218 5614 in
3258 5556 3369 5613 Jer.
3400 5566 3456 5611 et
3481 5555 3549 5609 10
3579 5553 3844 5609 Laurent.

2243 5627 2375 5697 legit
2407 5646 2421 5682 :
2456 5627 2579 5683 Non
2607 5627 2764 5700 quod.

2317 5709 2343 5736 ιι
2376 5697 2614 5764 Uterque
2641 5697 2762 5754 cod.
2794 5695 2850 5750 S.
2875 5696 3064 5767 Crucis
3094 5697 3146 5751 in
3175 5696 3309 5761 Jer.,
3332 5694 3561 5767 pietatis.
3587 5695 3725 5749 Cod.
3748 5706 3848 5743 an-

2247 5777 2355 5824 tem
2408 5768 2475 5822 10
2528 5768 2777 5823 Laurent.
2815 5767 2944 5833 legit
2973 5787 2985 5821 :
3020 5766 3127 5839 Sed
3154 5767 3291 5839 quod
3319 5765 3630 5839 negligentia
3671 5767 3845 5833 panis

2246 5857 2339 5904 pro
2369 5840 2662 5894 diversitate
2684 5855 2882 5893 morum
2909 5838 3151 5893 exhibere
3167 5835 3662 5907 'piclatis'aﬂ‘ectum.
