  <div class='ocr_page' id='page_1' title='image "/cluster/home/n/w/nwhite01/storage/ocr_20150623/57/hvd.32044054758669/272.png"; bbox 0 0 4054 6190; ppageno 0'>
   <div class='ocr_carea' id='block_1_1' title="bbox 236 306 343 360">
    <p class='ocr_par' dir='ltr' id='par_1_1' title="bbox 236 306 343 360">
     <span class='ocr_line' id='line_1_1' title="bbox 236 306 343 360; baseline -0.019 0"><span class='ocrx_word' id='word_1_1' title='bbox 236 306 343 360; x_wconf 66' lang='lat' dir='ltr'><strong>M3</strong></span> 
     </span>
    </p>
   </div>
   <div class='ocr_carea' id='block_1_2' title="bbox 1670 288 2121 347">
    <p class='ocr_par' dir='ltr' id='par_1_2' title="bbox 1670 288 2121 347">
     <span class='ocr_line' id='line_1_2' title="bbox 1670 288 2121 347; baseline 0.013 -6"><span class='ocrx_word' id='word_1_2' title='bbox 1670 288 1951 344; x_wconf 69' lang='lat' dir='ltr'><strong>llOMIIJA</strong></span> <span class='ocrx_word' id='word_1_3' title='bbox 1989 290 2121 347; x_wconf 83' lang='lat' dir='ltr'><strong>CXI.</strong></span> 
     </span>
    </p>
   </div>
   <div class='ocr_carea' id='block_1_3' title="bbox 3412 298 3516 352">
    <p class='ocr_par' dir='ltr' id='par_1_3' title="bbox 3412 298 3516 352">
     <span class='ocr_line' id='line_1_3' title="bbox 3412 298 3516 352; baseline 0.038 -3"><span class='ocrx_word' id='word_1_4' title='bbox 3412 298 3516 352; x_wconf 64' lang='lat' dir='ltr'><strong>fili</strong></span> 
     </span>
    </p>
   </div>
   <div class='ocr_carea' id='block_1_4' title="bbox 229 400 3519 484">
    <p class='ocr_par' dir='ltr' id='par_1_4' title="bbox 229 400 3519 484">
     <span class='ocr_line' id='line_1_4' title="bbox 229 400 3519 484; baseline -0.002 -15"><span class='ocrx_word' id='word_1_5' title='bbox 229 431 345 471; x_wconf 79' lang='lat' dir='ltr'><strong>esse</strong></span> <span class='ocrx_word' id='word_1_6' title='bbox 377 412 574 484; x_wconf 78' lang='lat' dir='ltr'><strong>gaudii,</strong></span> <span class='ocrx_word' id='word_1_7' title='bbox 602 410 695 463; x_wconf 79' lang='lat' dir='ltr'><strong>sed</strong></span> <span class='ocrx_word' id='word_1_8' title='bbox 721 408 987 469; x_wconf 74' lang='lat' dir='ltr'><strong>mwroris;</strong></span> <span class='ocrx_word' id='word_1_9' title='bbox 1018 412 1193 474; x_wconf 79' lang='lat' dir='ltr'><strong>postea</strong></span> <span class='ocrx_word' id='word_1_10' title='bbox 1215 418 1329 456; x_wconf 77' lang='lat' dir='ltr'><strong>vero</strong></span> <span class='ocrx_word' id='word_1_11' title='bbox 1360 403 1583 472; x_wconf 79' lang='lat' dir='ltr'><strong>fructum</strong></span> <span class='ocrx_word' id='word_1_12' title='bbox 1628 400 1815 469; x_wconf 71' lang='lat' dir='ltr'><strong>paciﬁ-</strong></span> <span class='ocrx_word' id='word_1_13' title='bbox 1850 409 1893 461; x_wconf 87' lang='lat' dir='ltr'><strong>A</strong></span> <span class='ocrx_word' id='word_1_14' title='bbox 1924 402 2195 471; x_wconf 76' lang='lat' dir='ltr'><strong>faciatque</strong></span> <span class='ocrx_word' id='word_1_15' title='bbox 2224 405 2603 473; x_wconf 90' lang='lat' dir='ltr'><strong>conjunctione</strong></span> <span class='ocrx_word' id='word_1_16' title='bbox 2631 407 2711 461; x_wconf 90' lang='lat' dir='ltr'><strong>sui</strong></span> <span class='ocrx_word' id='word_1_17' title='bbox 2740 407 2923 462; x_wconf 91' lang='lat' dir='ltr'><strong>utilem</strong></span> <span class='ocrx_word' id='word_1_18' title='bbox 2954 423 3205 472; x_wconf 80' lang='lat' dir='ltr'><strong>massam,</strong></span> <span class='ocrx_word' id='word_1_19' title='bbox 3237 409 3379 478; x_wconf 93' lang='lat' dir='ltr'><strong>quod</strong></span> <span class='ocrx_word' id='word_1_20' title='bbox 3403 428 3519 481; x_wconf 59' lang='lat' dir='ltr'><strong>pro.</strong></span> 
     </span>
    </p>
   </div>
   <div class='ocr_carea' id='block_1_5' title="bbox 230 490 1823 566">
    <p class='ocr_par' dir='ltr' id='par_1_5' title="bbox 230 490 1823 566">
     <span class='ocr_line' id='line_1_5' title="bbox 230 490 1823 566; baseline -0.011 -9"><span class='ocrx_word' id='word_1_21' title='bbox 230 520 354 557; x_wconf 85' lang='lat' dir='ltr'><strong>cum</strong></span> <span class='ocrx_word' id='word_1_22' title='bbox 404 501 700 555; x_wconf 72' lang='lat' dir='ltr'><strong>exercitatis</strong></span> <span class='ocrx_word' id='word_1_23' title='bbox 747 514 838 566; x_wconf 87' lang='lat' dir='ltr'><strong>per</strong></span> <span class='ocrx_word' id='word_1_24' title='bbox 865 512 979 549; x_wconf 89' lang='lat' dir='ltr'><strong>eam</strong></span> <span class='ocrx_word' id='word_1_25' title='bbox 1002 505 1025 530; x_wconf 77' lang='grc' dir='ltr'>α</span> <span class='ocrx_word' id='word_1_26' title='bbox 1056 492 1232 547; x_wconf 81' lang='lat' dir='ltr'><strong>reddet</strong></span> <span class='ocrx_word' id='word_1_27' title='bbox 1248 493 1467 562; x_wconf 76' lang='lat' dir='ltr'><strong>justitia:</strong></span> <span class='ocrx_word' id='word_1_28' title='bbox 1492 490 1679 560; x_wconf 80' lang='lat' dir='ltr'><strong>(Hebr.</strong></span> <span class='ocrx_word' id='word_1_29' title='bbox 1704 490 1823 557; x_wconf 86' lang='lat' dir='ltr'><strong>xu).</strong></span> 
     </span>
    </p>
   </div>
   <div class='ocr_carea' id='block_1_6' title="bbox 233 580 1829 661">
    <p class='ocr_par' dir='ltr' id='par_1_6' title="bbox 233 580 1829 661">
     <span class='ocr_line' id='line_1_6' title="bbox 233 580 1829 661; baseline -0.009 -14"><span class='ocrx_word' id='word_1_30' title='bbox 233 594 404 661; x_wconf 78' lang='lat' dir='ltr'><strong>igitur</strong></span> <span class='ocrx_word' id='word_1_31' title='bbox 443 590 700 659; x_wconf 90' lang='lat' dir='ltr'><strong>quoniam</strong></span> <span class='ocrx_word' id='word_1_32' title='bbox 749 595 831 640; x_wconf 94' lang='lat' dir='ltr'><strong>tot</strong></span> <span class='ocrx_word' id='word_1_33' title='bbox 887 584 1204 639; x_wconf 86' lang='lat' dir='ltr'><strong>tractatibus</strong></span> <span class='ocrx_word' id='word_1_34' title='bbox 1253 582 1386 636; x_wconf 90' lang='lat' dir='ltr'><strong>meis</strong></span> <span class='ocrx_word' id='word_1_35' title='bbox 1414 580 1703 651; x_wconf 80' lang='lat' dir='ltr'><strong>profecisse</strong></span> <span class='ocrx_word' id='word_1_36' title='bbox 1732 594 1829 633; x_wconf 88' lang='lat' dir='ltr'><strong>vos</strong></span> 
     </span>
    </p>
   </div>
   <div class='ocr_carea' id='block_1_7' title="bbox 234 671 1827 747">
    <p class='ocr_par' dir='ltr' id='par_1_7' title="bbox 234 671 1827 747">
     <span class='ocr_line' id='line_1_7' title="bbox 234 671 1827 747; baseline -0.009 -9"><span class='ocrx_word' id='word_1_37' title='bbox 234 680 422 745; x_wconf 80' lang='lat' dir='ltr'><strong>credo,</strong></span> <span class='ocrx_word' id='word_1_38' title='bbox 463 681 593 735; x_wconf 91' lang='lat' dir='ltr'><strong>libet</strong></span> <span class='ocrx_word' id='word_1_39' title='bbox 642 678 884 747; x_wconf 67' lang='lat' dir='ltr'><strong>qutedam</strong></span> <span class='ocrx_word' id='word_1_40' title='bbox 940 676 1091 731; x_wconf 90' lang='lat' dir='ltr'><strong>vobis</strong></span> <span class='ocrx_word' id='word_1_41' title='bbox 1114 674 1413 727; x_wconf 90' lang='lat' dir='ltr'><strong>divinarum</strong></span> <span class='ocrx_word' id='word_1_42' title='bbox 1442 671 1709 725; x_wconf 89' lang='lat' dir='ltr'><strong>disserere</strong></span> <span class='ocrx_word' id='word_1_43' title='bbox 1734 671 1827 723; x_wconf 92' lang='lat' dir='ltr'><strong>lit-</strong></span> 
     </span>
    </p>
   </div>
   <div class='ocr_carea' id='block_1_8' title="bbox 236 761 1829 837">
    <p class='ocr_par' dir='ltr' id='par_1_8' title="bbox 236 761 1829 837">
     <span class='ocr_line' id='line_1_8' title="bbox 236 761 1829 837; baseline -0.008 -9"><span class='ocrx_word' id='word_1_44' title='bbox 236 783 501 837; x_wconf 89' lang='lat' dir='ltr'><strong>terarum,</strong></span> <span class='ocrx_word' id='word_1_45' title='bbox 527 779 586 825; x_wconf 92' lang='lat' dir='ltr'><strong>ut</strong></span> <span class='ocrx_word' id='word_1_46' title='bbox 615 768 907 835; x_wconf 85' lang='lat' dir='ltr'><strong>intelligam</strong></span> <span class='ocrx_word' id='word_1_47' title='bbox 939 764 962 804; x_wconf 70' lang='grc' dir='ltr'>δ</span> <span class='ocrx_word' id='word_1_48' title='bbox 986 765 1129 835; x_wconf 88' lang='lat' dir='ltr'><strong>quod</strong></span> <span class='ocrx_word' id='word_1_49' title='bbox 1163 764 1212 819; x_wconf 87' lang='lat' dir='ltr'><strong>id</strong></span> <span class='ocrx_word' id='word_1_50' title='bbox 1239 763 1383 833; x_wconf 89' lang='lat' dir='ltr'><strong>quod</strong></span> <span class='ocrx_word' id='word_1_51' title='bbox 1408 762 1656 827; x_wconf 84' lang='lat' dir='ltr'><strong>dixerim,</strong></span> <span class='ocrx_word' id='word_1_52' title='bbox 1707 761 1829 815; x_wconf 87' lang='lat' dir='ltr'><strong>fidei</strong></span> 
     </span>
    </p>
   </div>
   <div class='ocr_carea' id='block_1_9' title="bbox 233 851 1826 928">
    <p class='ocr_par' dir='ltr' id='par_1_9' title="bbox 233 851 1826 928">
     <span class='ocr_line' id='line_1_9' title="bbox 233 851 1826 928; baseline -0.008 -11"><span class='ocrx_word' id='word_1_53' title='bbox 233 863 528 917; x_wconf 77' lang='lat' dir='ltr'><strong>vivacitate</strong></span> <span class='ocrx_word' id='word_1_54' title='bbox 555 859 800 928; x_wconf 86' lang='lat' dir='ltr'><strong>capiatis.</strong></span> <span class='ocrx_word' id='word_1_55' title='bbox 826 857 912 910; x_wconf 82' lang='lat' dir='ltr'><strong>Ait</strong></span> <span class='ocrx_word' id='word_1_56' title='bbox 936 857 1187 910; x_wconf 86' lang='lat' dir='ltr'><strong>Dominus</strong></span> <span class='ocrx_word' id='word_1_57' title='bbox 1211 855 1263 908; x_wconf 91' lang='lat' dir='ltr'><strong>in</strong></span> <span class='ocrx_word' id='word_1_58' title='bbox 1288 862 1476 908; x_wconf 90' lang='lat' dir='ltr'><strong>saneto</strong></span> <span class='ocrx_word' id='word_1_59' title='bbox 1500 851 1826 920; x_wconf 83' lang='lat' dir='ltr'><strong>Evangelio:</strong></span> 
     </span>
    </p>
   </div>
   <div class='ocr_carea' id='block_1_10' title="bbox 234 944 1829 1017">
    <p class='ocr_par' dir='ltr' id='par_1_10' title="bbox 234 944 1829 1017">
     <span class='ocr_line' id='line_1_10' title="bbox 234 944 1829 1017; baseline -0.008 -10"><span class='ocrx_word' id='word_1_60' title='bbox 234 950 336 1006; x_wconf 88' lang='lat' dir='ltr'><strong>Cui</strong></span> <span class='ocrx_word' id='word_1_61' title='bbox 356 952 524 1006; x_wconf 79' lang='lat' dir='ltr'><strong>simile</strong></span> <span class='ocrx_word' id='word_1_62' title='bbox 554 948 817 1003; x_wconf 71' lang='lat' dir='ltr'><strong>wstimabo</strong></span> <span class='ocrx_word' id='word_1_63' title='bbox 841 963 1053 1017; x_wconf 83' lang='lat' dir='ltr'><strong>regnum</strong></span> <span class='ocrx_word' id='word_1_64' title='bbox 1084 945 1217 998; x_wconf 85' lang='lat' dir='ltr'><strong>Dei?</strong></span> <span class='ocrx_word' id='word_1_65' title='bbox 1245 944 1428 997; x_wconf 76' lang='lat' dir='ltr'><strong>Simile</strong></span> <span class='ocrx_word' id='word_1_66' title='bbox 1458 951 1535 996; x_wconf 92' lang='lat' dir='ltr'><strong>est</strong></span> <span class='ocrx_word' id='word_1_67' title='bbox 1557 944 1829 1013; x_wconf 83' lang='lat' dir='ltr'><strong>fermento,</strong></span> 
     </span>
    </p>
   </div>
   <div class='ocr_carea' id='block_1_11' title="bbox 234 1032 1832 1113">
    <p class='ocr_par' dir='ltr' id='par_1_11' title="bbox 234 1032 1832 1113">
     <span class='ocr_line' id='line_1_11' title="bbox 234 1032 1832 1113; baseline -0.008 -17"><span class='ocrx_word' id='word_1_68' title='bbox 234 1042 379 1113; x_wconf 80' lang='lat' dir='ltr'><strong>quod</strong></span> <span class='ocrx_word' id='word_1_69' title='bbox 424 1048 692 1109; x_wconf 88' lang='lat' dir='ltr'><strong>acceptum</strong></span> <span class='ocrx_word' id='word_1_70' title='bbox 720 1038 902 1090; x_wconf 78' lang='lat' dir='ltr'><strong>mulier</strong></span> <span class='ocrx_word' id='word_1_71' title='bbox 941 1036 1211 1088; x_wconf 81' lang='lat' dir='ltr'><strong>abscondit</strong></span> <span class='ocrx_word' id='word_1_72' title='bbox 1235 1036 1289 1087; x_wconf 87' lang='lat' dir='ltr'><strong>in</strong></span> <span class='ocrx_word' id='word_1_73' title='bbox 1325 1034 1519 1104; x_wconf 78' lang='lat' dir='ltr'><strong>farina,</strong></span> <span class='ocrx_word' id='word_1_74' title='bbox 1543 1033 1702 1085; x_wconf 85' lang='lat' dir='ltr'><strong>donec</strong></span> <span class='ocrx_word' id='word_1_75' title='bbox 1725 1032 1832 1101; x_wconf 77' lang='lat' dir='ltr'><strong>fer-</strong></span> 
     </span>
    </p>
   </div>
   <div class='ocr_carea' id='block_1_12' title="bbox 235 1123 1835 1197">
    <p class='ocr_par' dir='ltr' id='par_1_12' title="bbox 235 1123 1835 1197">
     <span class='ocr_line' id='line_1_12' title="bbox 235 1123 1835 1197; baseline -0.006 -11"><span class='ocrx_word' id='word_1_76' title='bbox 235 1142 529 1186; x_wconf 77' lang='lat' dir='ltr'><strong>mentatum</strong></span> <span class='ocrx_word' id='word_1_77' title='bbox 569 1139 645 1183; x_wconf 88' lang='lat' dir='ltr'><strong>est</strong></span> <span class='ocrx_word' id='word_1_78' title='bbox 680 1138 842 1183; x_wconf 85' lang='lat' dir='ltr'><strong>totum</strong></span> <span class='ocrx_word' id='word_1_79' title='bbox 874 1126 1025 1197; x_wconf 87' lang='lat' dir='ltr'><strong>(Luc.</strong></span> <span class='ocrx_word' id='word_1_80' title='bbox 1058 1125 1191 1193; x_wconf 78' lang='lat' dir='ltr'><strong>xm).</strong></span> <span class='ocrx_word' id='word_1_81' title='bbox 1226 1124 1495 1179; x_wconf 85' lang='lat' dir='ltr'><strong>Fermenti</strong></span> <span class='ocrx_word' id='word_1_82' title='bbox 1538 1123 1643 1177; x_wconf 89' lang='lat' dir='ltr'><strong>vim</strong></span> <span class='ocrx_word' id='word_1_83' title='bbox 1674 1131 1835 1191; x_wconf 89' lang='lat' dir='ltr'><strong>atque</strong></span> 
     </span>
    </p>
   </div>
   <div class='ocr_carea' id='block_1_13' title="bbox 237 1214 1832 1276">
    <p class='ocr_par' dir='ltr' id='par_1_13' title="bbox 237 1214 1832 1276">
     <span class='ocr_line' id='line_1_13' title="bbox 237 1214 1832 1276; baseline -0.005 -1"><span class='ocrx_word' id='word_1_84' title='bbox 237 1222 502 1276; x_wconf 82' lang='lat' dir='ltr'><strong>virtutem</strong></span> <span class='ocrx_word' id='word_1_85' title='bbox 549 1219 798 1273; x_wconf 90' lang='lat' dir='ltr'><strong>omnibus</strong></span> <span class='ocrx_word' id='word_1_86' title='bbox 840 1228 1023 1270; x_wconf 91' lang='lat' dir='ltr'><strong>notam</strong></span> <span class='ocrx_word' id='word_1_87' title='bbox 1054 1231 1173 1270; x_wconf 89' lang='lat' dir='ltr'><strong>esse</strong></span> <span class='ocrx_word' id='word_1_88' title='bbox 1204 1230 1307 1269; x_wconf 92' lang='lat' dir='ltr'><strong>non</strong></span> <span class='ocrx_word' id='word_1_89' title='bbox 1337 1215 1553 1269; x_wconf 91' lang='lat' dir='ltr'><strong>dubium</strong></span> <span class='ocrx_word' id='word_1_90' title='bbox 1576 1224 1675 1269; x_wconf 89' lang='lat' dir='ltr'><strong>est.</strong></span> <span class='ocrx_word' id='word_1_91' title='bbox 1701 1214 1832 1268; x_wconf 87' lang='lat' dir='ltr'><strong>Nam</strong></span> 
     </span>
    </p>
   </div>
   <div class='ocr_carea' id='block_1_14' title="bbox 241 1306 1832 1379">
    <p class='ocr_par' dir='ltr' id='par_1_14' title="bbox 241 1306 1832 1379">
     <span class='ocr_line' id='line_1_14' title="bbox 241 1306 1832 1379; baseline -0.007 -12"><span class='ocrx_word' id='word_1_92' title='bbox 241 1328 367 1369; x_wconf 87' lang='lat' dir='ltr'><strong>eum</strong></span> <span class='ocrx_word' id='word_1_93' title='bbox 396 1312 469 1366; x_wconf 89' lang='lat' dir='ltr'><strong>sit</strong></span> <span class='ocrx_word' id='word_1_94' title='bbox 490 1309 852 1379; x_wconf 81' lang='lat' dir='ltr'><strong>magnitudine</strong></span> <span class='ocrx_word' id='word_1_95' title='bbox 875 1323 1115 1377; x_wconf 89' lang='lat' dir='ltr'><strong>parvum,</strong></span> <span class='ocrx_word' id='word_1_96' title='bbox 1149 1306 1329 1374; x_wconf 90' lang='lat' dir='ltr'><strong>specie</strong></span> <span class='ocrx_word' id='word_1_97' title='bbox 1356 1306 1604 1374; x_wconf 83' lang='lat' dir='ltr'><strong>simplex,</strong></span> <span class='ocrx_word' id='word_1_98' title='bbox 1643 1313 1832 1358; x_wconf 90' lang='lat' dir='ltr'><strong>natura</strong></span> 
     </span>
    </p>
   </div>
   <div class='ocr_carea' id='block_1_15' title="bbox 238 1395 1837 1460">
    <p class='ocr_par' dir='ltr' id='par_1_15' title="bbox 238 1395 1837 1460">
     <span class='ocr_line' id='line_1_15' title="bbox 238 1395 1837 1460; baseline -0.008 -2"><span class='ocrx_word' id='word_1_99' title='bbox 238 1417 535 1458; x_wconf 85' lang='lat' dir='ltr'><strong>commune</strong></span> <span class='ocrx_word' id='word_1_100' title='bbox 564 1409 767 1454; x_wconf 87' lang='lat' dir='ltr'><strong>tantam</strong></span> <span class='ocrx_word' id='word_1_101' title='bbox 811 1397 1176 1451; x_wconf 84' lang='lat' dir='ltr'><strong>fortitudinem</strong></span> <span class='ocrx_word' id='word_1_102' title='bbox 1227 1395 1552 1449; x_wconf 89' lang='lat' dir='ltr'><strong>intrinsecus</strong></span> <span class='ocrx_word' id='word_1_103' title='bbox 1591 1395 1746 1460; x_wconf 88' lang='lat' dir='ltr'><strong>gerit,</strong></span> <span class='ocrx_word' id='word_1_104' title='bbox 1778 1400 1837 1446; x_wconf 92' lang='lat' dir='ltr'><strong>ut</strong></span> 
     </span>
    </p>
   </div>
   <div class='ocr_carea' id='block_1_16' title="bbox 238 1485 1835 1554">
    <p class='ocr_par' dir='ltr' id='par_1_16' title="bbox 238 1485 1835 1554">
     <span class='ocr_line' id='line_1_16' title="bbox 238 1485 1835 1554; baseline -0.007 -6"><span class='ocrx_word' id='word_1_105' title='bbox 238 1498 367 1548; x_wconf 80' lang='lat' dir='ltr'><strong>cum</strong></span> <span class='ocrx_word' id='word_1_106' title='bbox 390 1491 730 1546; x_wconf 88' lang='lat' dir='ltr'><strong>reconditum</strong></span> <span class='ocrx_word' id='word_1_107' title='bbox 758 1487 937 1548; x_wconf 84' lang='lat' dir='ltr'><strong>fuerit,</strong></span> <span class='ocrx_word' id='word_1_108' title='bbox 968 1498 990 1525; x_wconf 73' lang='grc' dir='ltr'><strong><em>ο</em></strong></span> <span class='ocrx_word' id='word_1_109' title='bbox 1019 1500 1210 1541; x_wconf 89' lang='lat' dir='ltr'><strong>succus</strong></span> <span class='ocrx_word' id='word_1_110' title='bbox 1226 1485 1342 1554; x_wconf 86' lang='lat' dir='ltr'><strong>ejus</strong></span> <span class='ocrx_word' id='word_1_111' title='bbox 1367 1486 1469 1539; x_wconf 90' lang='lat' dir='ltr'><strong>hoc</strong></span> <span class='ocrx_word' id='word_1_112' title='bbox 1499 1493 1668 1538; x_wconf 91' lang='lat' dir='ltr'><strong>totum</strong></span> <span class='ocrx_word' id='word_1_113' title='bbox 1691 1500 1835 1538; x_wconf 83' lang='lat' dir='ltr'><strong>mas-</strong></span> 
     </span>
    </p>
   </div>
   <div class='ocr_carea' id='block_1_17' title="bbox 237 1574 1838 1648">
    <p class='ocr_par' dir='ltr' id='par_1_17' title="bbox 237 1574 1838 1648">
     <span class='ocr_line' id='line_1_17' title="bbox 237 1574 1838 1648; baseline -0.006 -10"><span class='ocrx_word' id='word_1_114' title='bbox 237 1598 362 1638; x_wconf 88' lang='lat' dir='ltr'><strong>sam</strong></span> <span class='ocrx_word' id='word_1_115' title='bbox 393 1582 556 1636; x_wconf 87' lang='lat' dir='ltr'><strong>faciat</strong></span> <span class='ocrx_word' id='word_1_116' title='bbox 584 1596 704 1635; x_wconf 89' lang='lat' dir='ltr'><strong>esse</strong></span> <span class='ocrx_word' id='word_1_117' title='bbox 724 1580 867 1648; x_wconf 91' lang='lat' dir='ltr'><strong>quod</strong></span> <span class='ocrx_word' id='word_1_118' title='bbox 888 1580 1002 1648; x_wconf 91' lang='lat' dir='ltr'><strong>ipse</strong></span> <span class='ocrx_word' id='word_1_119' title='bbox 1027 1585 1128 1643; x_wconf 84' lang='lat' dir='ltr'><strong>est,</strong></span> <span class='ocrx_word' id='word_1_120' title='bbox 1157 1585 1211 1631; x_wconf 91' lang='lat' dir='ltr'><strong>et</strong></span> <span class='ocrx_word' id='word_1_121' title='bbox 1242 1578 1313 1631; x_wconf 91' lang='lat' dir='ltr'><strong>ita</strong></span> <span class='ocrx_word' id='word_1_122' title='bbox 1342 1592 1556 1646; x_wconf 88' lang='lat' dir='ltr'><strong>semper</strong></span> <span class='ocrx_word' id='word_1_123' title='bbox 1575 1574 1602 1613; x_wconf 73' lang='grc' dir='ltr'>ἀ</span> <span class='ocrx_word' id='word_1_124' title='bbox 1629 1577 1838 1630; x_wconf 90' lang='lat' dir='ltr'><strong>univer-</strong></span> 
     </span>
    </p>
   </div>
   <div class='ocr_carea' id='block_1_18' title="bbox 236 1668 1834 1740">
    <p class='ocr_par' dir='ltr' id='par_1_18' title="bbox 236 1668 1834 1740">
     <span class='ocr_line' id='line_1_18' title="bbox 236 1668 1834 1740; baseline -0.006 -11"><span class='ocrx_word' id='word_1_125' title='bbox 236 1690 362 1729; x_wconf 86' lang='lat' dir='ltr'><strong>sum</strong></span> <span class='ocrx_word' id='word_1_126' title='bbox 393 1673 665 1728; x_wconf 90' lang='lat' dir='ltr'><strong>cumulum</strong></span> <span class='ocrx_word' id='word_1_127' title='bbox 691 1670 1019 1740; x_wconf 87' lang='lat' dir='ltr'><strong>aspersionis</strong></span> <span class='ocrx_word' id='word_1_128' title='bbox 1048 1670 1209 1740; x_wconf 78' lang='lat' dir='ltr'><strong>37o</strong></span> <span class='ocrx_word' id='word_1_129' title='bbox 1235 1685 1343 1723; x_wconf 72' lang='lat' dir='ltr'><strong>sum</strong></span> <span class='ocrx_word' id='word_1_130' title='bbox 1371 1669 1552 1737; x_wconf 89' lang='lat' dir='ltr'><strong>vigore</strong></span> <span class='ocrx_word' id='word_1_131' title='bbox 1567 1668 1834 1733; x_wconf 75' lang='lat' dir='ltr'><strong>diffundit,</strong></span> 
     </span>
    </p>
   </div>
   <div class='ocr_carea' id='block_1_19' title="bbox 1933 493 3524 567">
    <p class='ocr_par' dir='ltr' id='par_1_19' title="bbox 1933 493 3524 567">
     <span class='ocr_line' id='line_1_19' title="bbox 1933 493 3524 567; baseline 0.006 -23"><span class='ocrx_word' id='word_1_132' title='bbox 1933 493 2047 561; x_wconf 91' lang='lat' dir='ltr'><strong>pria</strong></span> <span class='ocrx_word' id='word_1_133' title='bbox 2078 493 2431 549; x_wconf 90' lang='lat' dir='ltr'><strong>dissolutione</strong></span> <span class='ocrx_word' id='word_1_134' title='bbox 2460 495 2738 550; x_wconf 83' lang='lat' dir='ltr'><strong>videbatur</strong></span> <span class='ocrx_word' id='word_1_135' title='bbox 2759 498 2966 551; x_wconf 88' lang='lat' dir='ltr'><strong>inutile.</strong></span> <span class='ocrx_word' id='word_1_136' title='bbox 2998 496 3088 553; x_wconf 90' lang='lat' dir='ltr'><strong>Sic</strong></span> <span class='ocrx_word' id='word_1_137' title='bbox 3115 512 3244 567; x_wconf 86' lang='lat' dir='ltr'><strong>ergo</strong></span> <span class='ocrx_word' id='word_1_138' title='bbox 3265 505 3319 551; x_wconf 91' lang='lat' dir='ltr'><strong>et</strong></span> <span class='ocrx_word' id='word_1_139' title='bbox 3345 499 3524 554; x_wconf 87' lang='lat' dir='ltr'><strong>Domi-</strong></span> 
     </span>
    </p>
   </div>
   <div class='ocr_carea' id='block_1_20' title="bbox 1933 580 3519 649">
    <p class='ocr_par' dir='ltr' id='par_1_20' title="bbox 1933 580 3519 649">
     <span class='ocr_line' id='line_1_20' title="bbox 1933 580 3519 649; baseline 0.004 -14"><span class='ocrx_word' id='word_1_140' title='bbox 1933 597 2031 635; x_wconf 91' lang='lat' dir='ltr'><strong>nus</strong></span> <span class='ocrx_word' id='word_1_141' title='bbox 2058 580 2211 637; x_wconf 84' lang='lat' dir='ltr'><strong>Jesus</strong></span> <span class='ocrx_word' id='word_1_142' title='bbox 2240 583 2503 649; x_wconf 88' lang='lat' dir='ltr'><strong>Christus,</strong></span> <span class='ocrx_word' id='word_1_143' title='bbox 2536 600 2659 639; x_wconf 92' lang='lat' dir='ltr'><strong>cum</strong></span> <span class='ocrx_word' id='word_1_144' title='bbox 2690 594 2833 641; x_wconf 83' lang='lat' dir='ltr'><strong>esset</strong></span> <span class='ocrx_word' id='word_1_145' title='bbox 2882 588 3044 642; x_wconf 90' lang='lat' dir='ltr'><strong>totius</strong></span> <span class='ocrx_word' id='word_1_146' title='bbox 3074 587 3255 642; x_wconf 89' lang='lat' dir='ltr'><strong>mundi</strong></span> <span class='ocrx_word' id='word_1_147' title='bbox 3284 588 3519 642; x_wconf 85' lang='lat' dir='ltr'><strong>fermen-</strong></span> 
     </span>
    </p>
   </div>
   <div class='ocr_carea' id='block_1_21' title="bbox 1933 672 3523 744">
    <p class='ocr_par' dir='ltr' id='par_1_21' title="bbox 1933 672 3523 744">
     <span class='ocr_line' id='line_1_21' title="bbox 1933 672 3523 744; baseline 0.005 -19"><span class='ocrx_word' id='word_1_148' title='bbox 1933 678 2085 738; x_wconf 87' lang='lat' dir='ltr'><strong>tum,</strong></span> <span class='ocrx_word' id='word_1_149' title='bbox 2130 672 2354 728; x_wconf 90' lang='lat' dir='ltr'><strong>diversis</strong></span> <span class='ocrx_word' id='word_1_150' title='bbox 2401 675 2738 744; x_wconf 82' lang='lat' dir='ltr'><strong>passionibus</strong></span> <span class='ocrx_word' id='word_1_151' title='bbox 2783 676 3115 741; x_wconf 84' lang='lat' dir='ltr'><strong>confractus,</strong></span> <span class='ocrx_word' id='word_1_152' title='bbox 3163 677 3429 732; x_wconf 86' lang='lat' dir='ltr'><strong>laceratus</strong></span> <span class='ocrx_word' id='word_1_153' title='bbox 3470 688 3523 733; x_wconf 92' lang='lat' dir='ltr'><strong>et</strong></span> 
     </span>
    </p>
   </div>
   <div class='ocr_carea' id='block_1_22' title="bbox 1932 764 3519 838">
    <p class='ocr_par' dir='ltr' id='par_1_22' title="bbox 1932 764 3519 838">
     <span class='ocr_line' id='line_1_22' title="bbox 1932 764 3519 838; baseline 0.003 -20"><span class='ocrx_word' id='word_1_154' title='bbox 1932 764 2223 819; x_wconf 90' lang='lat' dir='ltr'><strong>dissolutus</strong></span> <span class='ocrx_word' id='word_1_155' title='bbox 2251 773 2350 830; x_wconf 90' lang='lat' dir='ltr'><strong>est,</strong></span> <span class='ocrx_word' id='word_1_156' title='bbox 2384 772 2438 820; x_wconf 88' lang='lat' dir='ltr'><strong>et</strong></span> <span class='ocrx_word' id='word_1_157' title='bbox 2480 783 2669 821; x_wconf 89' lang='lat' dir='ltr'><strong>succus</strong></span> <span class='ocrx_word' id='word_1_158' title='bbox 2712 767 2826 835; x_wconf 86' lang='lat' dir='ltr'><strong>ejus</strong></span> <span class='ocrx_word' id='word_1_159' title='bbox 2868 783 2966 838; x_wconf 90' lang='lat' dir='ltr'><strong>pro</strong></span> <span class='ocrx_word' id='word_1_160' title='bbox 2992 768 3165 823; x_wconf 89' lang='lat' dir='ltr'><strong>salute</strong></span> <span class='ocrx_word' id='word_1_161' title='bbox 3197 777 3400 834; x_wconf 88' lang='lat' dir='ltr'><strong>nostra,</strong></span> <span class='ocrx_word' id='word_1_162' title='bbox 3428 770 3519 837; x_wconf 89' lang='lat' dir='ltr'><strong>qui</strong></span> 
     </span>
    </p>
   </div>
   <div class='ocr_carea' id='block_1_23' title="bbox 1933 856 3522 925">
    <p class='ocr_par' dir='ltr' id='par_1_23' title="bbox 1933 856 3522 925">
     <span class='ocr_line' id='line_1_23' title="bbox 1933 856 3522 925; baseline 0.003 -17"><span class='ocrx_word' id='word_1_163' title='bbox 1933 863 2016 909; x_wconf 90' lang='lat' dir='ltr'><strong>est</strong></span> <span class='ocrx_word' id='word_1_164' title='bbox 2042 856 2313 924; x_wconf 85' lang='lat' dir='ltr'><strong>pretiosus</strong></span> <span class='ocrx_word' id='word_1_165' title='bbox 2338 857 2577 925; x_wconf 83' lang='lat' dir='ltr'><strong>sanguis,</strong></span> <span class='ocrx_word' id='word_1_166' title='bbox 2622 856 2819 912; x_wconf 79' lang='lat' dir='ltr'><strong>etl&#39;usus</strong></span> <span class='ocrx_word' id='word_1_167' title='bbox 2848 870 2951 923; x_wconf 90' lang='lat' dir='ltr'><strong>est,</strong></span> <span class='ocrx_word' id='word_1_168' title='bbox 2983 867 3041 912; x_wconf 95' lang='lat' dir='ltr'><strong>ut</strong></span> <span class='ocrx_word' id='word_1_169' title='bbox 3069 858 3399 913; x_wconf 77' lang='lat' dir='ltr'><strong>admixtione</strong></span> <span class='ocrx_word' id='word_1_170' title='bbox 3438 861 3522 913; x_wconf 93' lang='lat' dir='ltr'><strong>sui</strong></span> 
     </span>
    </p>
   </div>
   <div class='ocr_carea' id='block_1_24' title="bbox 1928 950 3523 1022">
    <p class='ocr_par' dir='ltr' id='par_1_24' title="bbox 1928 950 3523 1022">
     <span class='ocr_line' id='line_1_24' title="bbox 1928 950 3523 1022; baseline 0.005 -23"><span class='ocrx_word' id='word_1_171' title='bbox 1928 954 2095 1001; x_wconf 92' lang='lat' dir='ltr'><strong>omne</strong></span> <span class='ocrx_word' id='word_1_172' title='bbox 2124 962 2293 1016; x_wconf 88' lang='lat' dir='ltr'><strong>genus</strong></span> <span class='ocrx_word' id='word_1_173' title='bbox 2324 950 2623 1003; x_wconf 77' lang='lat' dir='ltr'><strong>‘humanum</strong></span> <span class='ocrx_word' id='word_1_174' title='bbox 2666 951 2938 1017; x_wconf 80' lang='lat' dir='ltr'><strong>solidaret,</strong></span> <span class='ocrx_word' id='word_1_175' title='bbox 2979 953 3122 1021; x_wconf 91' lang='lat' dir='ltr'><strong>quod</strong></span> <span class='ocrx_word' id='word_1_176' title='bbox 3168 968 3266 1022; x_wconf 90' lang='lat' dir='ltr'><strong>per</strong></span> <span class='ocrx_word' id='word_1_177' title='bbox 3315 952 3523 1007; x_wconf 87' lang='lat' dir='ltr'><strong>diversa</strong></span> 
     </span>
    </p>
   </div>
   <div class='ocr_carea' id='block_1_25' title="bbox 1936 1041 3522 1113">
    <p class='ocr_par' dir='ltr' id='par_1_25' title="bbox 1936 1041 3522 1113">
     <span class='ocr_line' id='line_1_25' title="bbox 1936 1041 3522 1113; baseline 0.004 -22"><span class='ocrx_word' id='word_1_178' title='bbox 1936 1048 2061 1093; x_wconf 90' lang='lat' dir='ltr'><strong>ante</strong></span> <span class='ocrx_word' id='word_1_179' title='bbox 2088 1041 2381 1095; x_wconf 89' lang='lat' dir='ltr'><strong>resolutum</strong></span> <span class='ocrx_word' id='word_1_180' title='bbox 2400 1041 2634 1109; x_wconf 90' lang='lat' dir='ltr'><strong>jacebat.</strong></span> <span class='ocrx_word' id='word_1_181' title='bbox 2662 1043 2815 1113; x_wconf 81' lang='lat'><strong>371</strong></span> <span class='ocrx_word' id='word_1_182' title='bbox 2842 1041 2932 1097; x_wconf 94' lang='lat' dir='ltr'><strong>Sic</strong></span> <span class='ocrx_word' id='word_1_183' title='bbox 2954 1044 3095 1097; x_wconf 89' lang='lat' dir='ltr'><strong>enim</strong></span> <span class='ocrx_word' id='word_1_184' title='bbox 3117 1044 3264 1098; x_wconf 89' lang='lat' dir='ltr'><strong>velut</strong></span> <span class='ocrx_word' id='word_1_185' title='bbox 3292 1043 3522 1098; x_wconf 84' lang='lat' dir='ltr'><strong>fermen-</strong></span> 
     </span>
    </p>
   </div>
   <div class='ocr_carea' id='block_1_26' title="bbox 1939 1132 3524 1203">
    <p class='ocr_par' dir='ltr' id='par_1_26' title="bbox 1939 1132 3524 1203">
     <span class='ocr_line' id='line_1_26' title="bbox 1939 1132 3524 1203; baseline 0.004 -20"><span class='ocrx_word' id='word_1_186' title='bbox 1939 1138 2049 1184; x_wconf 91' lang='lat' dir='ltr'><strong>tum</strong></span> <span class='ocrx_word' id='word_1_187' title='bbox 2071 1132 2337 1201; x_wconf 88' lang='lat' dir='ltr'><strong>quoddam</strong></span> <span class='ocrx_word' id='word_1_188' title='bbox 2369 1149 2485 1197; x_wconf 92' lang='lat' dir='ltr'><strong>nos,</strong></span> <span class='ocrx_word' id='word_1_189' title='bbox 2511 1134 2599 1203; x_wconf 92' lang='lat' dir='ltr'><strong>qui</strong></span> <span class='ocrx_word' id='word_1_190' title='bbox 2644 1135 2811 1187; x_wconf 89' lang='lat' dir='ltr'><strong>farina</strong></span> <span class='ocrx_word' id='word_1_191' title='bbox 2843 1151 2907 1188; x_wconf 88' lang='lat' dir='ltr'><strong>ex</strong></span> <span class='ocrx_word' id='word_1_192' title='bbox 2938 1136 3185 1203; x_wconf 80' lang='lat' dir='ltr'><strong>gentibus</strong></span> <span class='ocrx_word' id='word_1_193' title='bbox 3212 1136 3524 1190; x_wconf 84' lang='lat' dir='ltr'><strong>videbamur</strong></span> 
     </span>
    </p>
   </div>
   <div class='ocr_carea' id='block_1_27' title="bbox 1937 1222 3523 1296">
    <p class='ocr_par' dir='ltr' id='par_1_27' title="bbox 1937 1222 3523 1296">
     <span class='ocr_line' id='line_1_27' title="bbox 1937 1222 3523 1296; baseline 0.003 -21"><span class='ocrx_word' id='word_1_194' title='bbox 1937 1237 2075 1286; x_wconf 88' lang='lat' dir='ltr'><strong>esse,</strong></span> <span class='ocrx_word' id='word_1_195' title='bbox 2102 1222 2440 1277; x_wconf 71' lang='lat' dir='ltr'><strong>adhzesimus.</strong></span> <span class='ocrx_word' id='word_1_196' title='bbox 2470 1223 2597 1287; x_wconf 85' lang='lat' dir='ltr'><strong>Nos,</strong></span> <span class='ocrx_word' id='word_1_197' title='bbox 2625 1225 2861 1294; x_wconf 84' lang='lat' dir='ltr'><strong>inquam,</strong></span> <span class='ocrx_word' id='word_1_198' title='bbox 2894 1226 2984 1295; x_wconf 89' lang='lat' dir='ltr'><strong>qui</strong></span> <span class='ocrx_word' id='word_1_199' title='bbox 3015 1242 3110 1296; x_wconf 90' lang='lat' dir='ltr'><strong>per</strong></span> <span class='ocrx_word' id='word_1_200' title='bbox 3142 1235 3310 1280; x_wconf 88' lang='lat' dir='ltr'><strong>totum</strong></span> <span class='ocrx_word' id='word_1_201' title='bbox 3339 1228 3523 1281; x_wconf 87' lang='lat' dir='ltr'><strong>orbem</strong></span> 
     </span>
    </p>
   </div>
   <div class='ocr_carea' id='block_1_28' title="bbox 1938 1311 3521 1385">
    <p class='ocr_par' dir='ltr' id='par_1_28' title="bbox 1938 1311 3521 1385">
     <span class='ocr_line' id='line_1_28' title="bbox 1938 1311 3521 1385; baseline 0.004 -22"><span class='ocrx_word' id='word_1_202' title='bbox 1938 1311 2161 1380; x_wconf 86' lang='lat' dir='ltr'><strong>dispersi</strong></span> <span class='ocrx_word' id='word_1_203' title='bbox 2189 1322 2244 1365; x_wconf 89' lang='lat' dir='ltr'><strong>et</strong></span> <span class='ocrx_word' id='word_1_204' title='bbox 2287 1314 2531 1367; x_wconf 87' lang='lat' dir='ltr'><strong>diminuti</strong></span> <span class='ocrx_word' id='word_1_205' title='bbox 2581 1317 2791 1383; x_wconf 88' lang='lat' dir='ltr'><strong>penitus</strong></span> <span class='ocrx_word' id='word_1_206' title='bbox 2828 1316 3156 1382; x_wconf 87' lang='lat' dir='ltr'><strong>jacehamus,</strong></span> <span class='ocrx_word' id='word_1_207' title='bbox 3188 1318 3370 1384; x_wconf 80' lang='lat' dir='ltr'><strong>vigore</strong></span> <span class='ocrx_word' id='word_1_208' title='bbox 3398 1333 3521 1385; x_wconf 41' lang='lat' dir='ltr'><strong>pas‘</strong></span> 
     </span>
    </p>
   </div>
   <div class='ocr_carea' id='block_1_29' title="bbox 1939 1400 3526 1473">
    <p class='ocr_par' dir='ltr' id='par_1_29' title="bbox 1939 1400 3526 1473">
     <span class='ocr_line' id='line_1_29' title="bbox 1939 1400 3526 1473; baseline 0.003 -19"><span class='ocrx_word' id='word_1_209' title='bbox 1939 1401 2105 1455; x_wconf 91' lang='lat' dir='ltr'><strong>sionis</strong></span> <span class='ocrx_word' id='word_1_210' title='bbox 2150 1400 2348 1456; x_wconf 85' lang='lat' dir='ltr'><strong>Christi</strong></span> <span class='ocrx_word' id='word_1_211' title='bbox 2405 1404 2456 1455; x_wconf 90' lang='lat' dir='ltr'><strong>in</strong></span> <span class='ocrx_word' id='word_1_212' title='bbox 2504 1404 2666 1471; x_wconf 82' lang='lat' dir='ltr'><strong>ipsius</strong></span> <span class='ocrx_word' id='word_1_213' title='bbox 2687 1420 2881 1473; x_wconf 89' lang='lat' dir='ltr'><strong>corpus</strong></span> <span class='ocrx_word' id='word_1_214' title='bbox 2910 1406 3110 1460; x_wconf 89' lang='lat' dir='ltr'><strong>redacti</strong></span> <span class='ocrx_word' id='word_1_215' title='bbox 3133 1421 3353 1470; x_wconf 91' lang='lat' dir='ltr'><strong>sumus;</strong></span> <span class='ocrx_word' id='word_1_216' title='bbox 3386 1406 3526 1459; x_wconf 90' lang='lat' dir='ltr'><strong>sicut</strong></span> 
     </span>
    </p>
   </div>
   <div class='ocr_carea' id='block_1_30' title="bbox 1938 1492 3530 1568">
    <p class='ocr_par' dir='ltr' id='par_1_30' title="bbox 1938 1492 3530 1568">
     <span class='ocr_line' id='line_1_30' title="bbox 1938 1492 3530 1568; baseline 0.003 -23"><span class='ocrx_word' id='word_1_217' title='bbox 1938 1492 2127 1546; x_wconf 87' lang='lat' dir='ltr'><strong>beatus</strong></span> <span class='ocrx_word' id='word_1_218' title='bbox 2156 1492 2445 1562; x_wconf 86' lang='lat' dir='ltr'><strong>Apostolus</strong></span> <span class='ocrx_word' id='word_1_219' title='bbox 2473 1495 2548 1548; x_wconf 87' lang='lat' dir='ltr'><strong>ait</strong></span> <span class='ocrx_word' id='word_1_220' title='bbox 2578 1513 2589 1546; x_wconf 90' lang='lat'>:</span> <span class='ocrx_word' id='word_1_221' title='bbox 2637 1492 2896 1557; x_wconf 85' lang='lat' dir='ltr'><strong>Quoniam</strong></span> <span class='ocrx_word' id='word_1_222' title='bbox 2922 1514 3100 1551; x_wconf 85' lang='lat' dir='ltr'><strong>sumus</strong></span> <span class='ocrx_word' id='word_1_223' title='bbox 3130 1514 3313 1568; x_wconf 83' lang='lat' dir='ltr'><strong>corpus</strong></span> <span class='ocrx_word' id='word_1_224' title='bbox 3339 1497 3530 1551; x_wconf 80' lang='lat' dir='ltr'><strong>Christi</strong></span> 
     </span>
    </p>
   </div>
   <div class='ocr_carea' id='block_1_31' title="bbox 1940 1583 3530 1656">
    <p class='ocr_par' dir='ltr' id='par_1_31' title="bbox 1940 1583 3530 1656">
     <span class='ocr_line' id='line_1_31' title="bbox 1940 1583 3530 1656; baseline 0.005 -21"><span class='ocrx_word' id='word_1_225' title='bbox 1940 1591 1987 1635; x_wconf 85' lang='lat' dir='ltr'><strong>ct</strong></span> <span class='ocrx_word' id='word_1_226' title='bbox 2014 1584 2240 1636; x_wconf 90' lang='lat' dir='ltr'><strong>membra</strong></span> <span class='ocrx_word' id='word_1_227' title='bbox 2265 1583 2477 1655; x_wconf 70' lang='lat' dir='ltr'><strong>(Ep/tes.</strong></span> <span class='ocrx_word' id='word_1_228' title='bbox 2508 1585 2583 1654; x_wconf 88' lang='lat' dir='ltr'><strong>v).</strong></span> <span class='ocrx_word' id='word_1_229' title='bbox 2615 1586 2722 1639; x_wconf 89' lang='lat' dir='ltr'><strong>Nos</strong></span> <span class='ocrx_word' id='word_1_230' title='bbox 2747 1587 2924 1654; x_wconf 85' lang='lat' dir='ltr'><strong>igitur,</strong></span> <span class='ocrx_word' id='word_1_231' title='bbox 2967 1589 3059 1656; x_wconf 91' lang='lat' dir='ltr'><strong>qui</strong></span> <span class='ocrx_word' id='word_1_232' title='bbox 3106 1604 3174 1643; x_wconf 82' lang='lat' dir='ltr'><strong>ex</strong></span> <span class='ocrx_word' id='word_1_233' title='bbox 3223 1590 3530 1643; x_wconf 86' lang='lat' dir='ltr'><strong>nationibus</strong></span> 
     </span>
    </p>
   </div>
   <div class='ocr_carea' id='block_1_32' title="bbox 1941 1666 3531 1748">
    <p class='ocr_par' dir='ltr' id='par_1_32' title="bbox 1941 1666 3531 1748">
     <span class='ocr_line' id='line_1_32' title="bbox 1941 1666 3531 1748; baseline 0.004 -22"><span class='ocrx_word' id='word_1_234' title='bbox 1941 1674 1994 1726; x_wconf 92' lang='lat' dir='ltr'><strong>in</strong></span> <span class='ocrx_word' id='word_1_235' title='bbox 2044 1674 2277 1742; x_wconf 88' lang='lat' dir='ltr'><strong>pulveris</strong></span> <span class='ocrx_word' id='word_1_236' title='bbox 2312 1676 2534 1729; x_wconf 86' lang='lat' dir='ltr'><strong>modum</strong></span> <span class='ocrx_word' id='word_1_237' title='bbox 2587 1692 2617 1730; x_wconf 93' lang='lat' dir='ltr'><strong>e</strong></span> <span class='ocrx_word' id='word_1_238' title='bbox 2670 1676 2806 1731; x_wconf 90' lang='lat' dir='ltr'><strong>facie</strong></span> <span class='ocrx_word' id='word_1_239' title='bbox 2830 1666 3531 1748; x_wconf 36' lang='lat' dir='ltr'><strong>jactabamur,‘aspersioue</strong></span> 
     </span>
    </p>
   </div>
   <div class='ocr_carea' id='block_1_33' title="bbox 235 1759 3522 1839">
    <p class='ocr_par' dir='ltr' id='par_1_33' title="bbox 235 1759 3522 1839">
     <span class='ocr_line' id='line_1_33' title="bbox 235 1759 3522 1839; baseline 0.001 -18"><span class='ocrx_word' id='word_1_240' title='bbox 235 1775 301 1821; x_wconf 92' lang='lat' dir='ltr'><strong>ut</strong></span> <span class='ocrx_word' id='word_1_241' title='bbox 330 1781 553 1821; x_wconf 87' lang='lat' dir='ltr'><strong>omnem</strong></span> <span class='ocrx_word' id='word_1_242' title='bbox 604 1765 778 1834; x_wconf 89' lang='lat' dir='ltr'><strong>ipsam</strong></span> <span class='ocrx_word' id='word_1_243' title='bbox 823 1762 1490 1831; x_wconf 32' lang='lat' dir='ltr'><strong>magnitudinem’pollinis</strong></span> <span class='ocrx_word' id='word_1_244' title='bbox 1536 1760 1697 1815; x_wconf 82' lang='lat' dir='ltr'><strong>faciat</strong></span> <span class='ocrx_word' id='word_1_245' title='bbox 1724 1759 1833 1813; x_wconf 88' lang='lat' dir='ltr'><strong>fer-</strong></span> <span class='ocrx_word' id='word_1_246' title='bbox 1868 1773 1911 1831; x_wconf 80' lang='grc' dir='ltr'><strong>Β</strong></span> <span class='ocrx_word' id='word_1_247' title='bbox 1938 1766 2214 1833; x_wconf 84' lang='lat' dir='ltr'><strong>sanguinis</strong></span> <span class='ocrx_word' id='word_1_248' title='bbox 2239 1766 2448 1821; x_wconf 88' lang='lat' dir='ltr'><strong>Domini</strong></span> <span class='ocrx_word' id='word_1_249' title='bbox 2472 1767 2525 1821; x_wconf 90' lang='lat' dir='ltr'><strong>in</strong></span> <span class='ocrx_word' id='word_1_250' title='bbox 2547 1784 2779 1823; x_wconf 90' lang='lat' dir='ltr'><strong>massam</strong></span> <span class='ocrx_word' id='word_1_251' title='bbox 2813 1770 3096 1823; x_wconf 85' lang='lat' dir='ltr'><strong>soliditatis</strong></span> <span class='ocrx_word' id='word_1_252' title='bbox 3127 1770 3244 1839; x_wconf 90' lang='lat' dir='ltr'><strong>ejus</strong></span> <span class='ocrx_word' id='word_1_253' title='bbox 3264 1785 3522 1839; x_wconf 83' lang='lat' dir='ltr'><strong>aggrega-</strong></span> 
     </span>
    </p>
   </div>
   <div class='ocr_carea' id='block_1_34' title="bbox 235 1851 1837 1922">
    <p class='ocr_par' dir='ltr' id='par_1_34' title="bbox 235 1851 1837 1922">
     <span class='ocr_line' id='line_1_34' title="bbox 235 1851 1837 1922; baseline -0.004 -11"><span class='ocrx_word' id='word_1_254' title='bbox 235 1866 510 1922; x_wconf 88' lang='lat' dir='ltr'><strong>mentum,</strong></span> <span class='ocrx_word' id='word_1_255' title='bbox 541 1871 606 1910; x_wconf 88' lang='lat' dir='ltr'><strong>ac</strong></span> <span class='ocrx_word' id='word_1_256' title='bbox 656 1856 735 1909; x_wconf 91' lang='lat' dir='ltr'><strong>sic</strong></span> <span class='ocrx_word' id='word_1_257' title='bbox 770 1869 859 1907; x_wconf 91' lang='lat' dir='ltr'><strong>res</strong></span> <span class='ocrx_word' id='word_1_258' title='bbox 892 1854 1017 1922; x_wconf 83' lang='lat' dir='ltr'><strong>ipsa</strong></span> <span class='ocrx_word' id='word_1_259' title='bbox 1061 1852 1370 1907; x_wconf 88' lang='lat' dir='ltr'><strong>fortitudine</strong></span> <span class='ocrx_word' id='word_1_260' title='bbox 1390 1868 1483 1907; x_wconf 90' lang='lat' dir='ltr'><strong>sua</strong></span> <span class='ocrx_word' id='word_1_261' title='bbox 1513 1852 1708 1905; x_wconf 90' lang='lat' dir='ltr'><strong>molem</strong></span> <span class='ocrx_word' id='word_1_262' title='bbox 1726 1851 1837 1905; x_wconf 87' lang='lat' dir='ltr'><strong>sibi</strong></span> 
     </span>
    </p>
   </div>
   <div class='ocr_carea' id='block_1_35' title="bbox 238 1944 1835 2017">
    <p class='ocr_par' dir='ltr' id='par_1_35' title="bbox 238 1944 1835 2017">
     <span class='ocr_line' id='line_1_35' title="bbox 238 1944 1835 2017; baseline -0.004 -14"><span class='ocrx_word' id='word_1_263' title='bbox 238 1949 455 2017; x_wconf 85' lang='lat' dir='ltr'><strong>proprii</strong></span> <span class='ocrx_word' id='word_1_264' title='bbox 477 1947 676 2015; x_wconf 80' lang='lat' dir='ltr'><strong>vigoris</strong></span> <span class='ocrx_word' id='word_1_265' title='bbox 704 1946 953 2015; x_wconf 82' lang='lat' dir='ltr'><strong>acquirit.</strong></span> <span class='ocrx_word' id='word_1_266' title='bbox 982 1944 1097 2000; x_wconf 84' lang='lat' dir='ltr'><strong>Hoc</strong></span> <span class='ocrx_word' id='word_1_267' title='bbox 1124 1948 1303 1999; x_wconf 77' lang='lat' dir='ltr'><strong>antem</strong></span> <span class='ocrx_word' id='word_1_268' title='bbox 1335 1944 1536 2000; x_wconf 91' lang='lat' dir='ltr'><strong>faciunt</strong></span> <span class='ocrx_word' id='word_1_269' title='bbox 1564 1945 1835 2009; x_wconf 86' lang='lat' dir='ltr'><strong>mulieres,</strong></span> 
     </span>
    </p>
   </div>
   <div class='ocr_carea' id='block_1_36' title="bbox 240 2034 1838 2104">
    <p class='ocr_par' dir='ltr' id='par_1_36' title="bbox 240 2034 1838 2104">
     <span class='ocr_line' id='line_1_36' title="bbox 240 2034 1838 2104; baseline -0.003 -12"><span class='ocrx_word' id='word_1_270' title='bbox 240 2046 301 2092; x_wconf 88' lang='lat' dir='ltr'><strong>ut</strong></span> <span class='ocrx_word' id='word_1_271' title='bbox 328 2036 468 2091; x_wconf 84' lang='lat' dir='ltr'><strong>viris</strong></span> <span class='ocrx_word' id='word_1_272' title='bbox 495 2037 607 2091; x_wconf 91' lang='lat' dir='ltr'><strong>suis</strong></span> <span class='ocrx_word' id='word_1_273' title='bbox 635 2036 989 2090; x_wconf 86' lang='lat' dir='ltr'><strong>salubriorem</strong></span> <span class='ocrx_word' id='word_1_274' title='bbox 1012 2050 1207 2104; x_wconf 91' lang='lat' dir='ltr'><strong>panem</strong></span> <span class='ocrx_word' id='word_1_275' title='bbox 1241 2042 1298 2089; x_wconf 91' lang='lat' dir='ltr'><strong>et</strong></span> <span class='ocrx_word' id='word_1_276' title='bbox 1332 2035 1512 2089; x_wconf 90' lang='lat' dir='ltr'><strong>cibum</strong></span> <span class='ocrx_word' id='word_1_277' title='bbox 1540 2035 1726 2088; x_wconf 89' lang='lat' dir='ltr'><strong>utilem</strong></span> <span class='ocrx_word' id='word_1_278' title='bbox 1754 2034 1838 2088; x_wconf 88' lang='lat' dir='ltr'><strong>di-</strong></span> 
     </span>
    </p>
   </div>
   <div class='ocr_carea' id='block_1_37' title="bbox 235 2124 1832 2196">
    <p class='ocr_par' dir='ltr' id='par_1_37' title="bbox 235 2124 1832 2196">
     <span class='ocr_line' id='line_1_37' title="bbox 235 2124 1832 2196; baseline -0.002 -16"><span class='ocrx_word' id='word_1_279' title='bbox 235 2127 474 2196; x_wconf 84' lang='lat' dir='ltr'><strong>ligenter</strong></span> <span class='ocrx_word' id='word_1_280' title='bbox 501 2126 810 2180; x_wconf 83' lang='lat' dir='ltr'><strong>exhibeant.</strong></span> <span class='ocrx_word' id='word_1_281' title='bbox 844 2124 952 2179; x_wconf 87' lang='lat' dir='ltr'><strong>Sed</strong></span> <span class='ocrx_word' id='word_1_282' title='bbox 1001 2125 1255 2193; x_wconf 89' lang='lat' dir='ltr'><strong>quoniam</strong></span> <span class='ocrx_word' id='word_1_283' title='bbox 1283 2125 1369 2180; x_wconf 84' lang='lat' dir='ltr'><strong>lex</strong></span> <span class='ocrx_word' id='word_1_284' title='bbox 1408 2125 1832 2194; x_wconf 82' lang='lat' dir='ltr'><strong>spiritualisest,</strong></span> 
     </span>
    </p>
   </div>
   <div class='ocr_carea' id='block_1_38' title="bbox 235 2215 1840 2287">
    <p class='ocr_par' dir='ltr' id='par_1_38' title="bbox 235 2215 1840 2287">
     <span class='ocr_line' id='line_1_38' title="bbox 235 2215 1840 2287; baseline 0 -15"><span class='ocrx_word' id='word_1_285' title='bbox 235 2226 295 2272; x_wconf 91' lang='lat' dir='ltr'><strong>et</strong></span> <span class='ocrx_word' id='word_1_286' title='bbox 328 2216 699 2287; x_wconf 71' lang='lat' dir='ltr'><strong>&#39;Evangelium</strong></span> <span class='ocrx_word' id='word_1_287' title='bbox 744 2227 767 2253; x_wconf 74' lang='grc' dir='ltr'><strong>ο</strong></span> <span class='ocrx_word' id='word_1_288' title='bbox 799 2215 1151 2287; x_wconf 89' lang='lat' dir='ltr'><strong>spiritualiter</strong></span> <span class='ocrx_word' id='word_1_289' title='bbox 1184 2218 1573 2286; x_wconf 45' lang='lat' dir='ltr'><strong>’parabol‘arum</strong></span> <span class='ocrx_word' id='word_1_290' title='bbox 1629 2218 1840 2272; x_wconf 89' lang='lat' dir='ltr'><strong>ratione</strong></span> 
     </span>
    </p>
   </div>
   <div class='ocr_carea' id='block_1_39' title="bbox 236 2305 1839 2377">
    <p class='ocr_par' dir='ltr' id='par_1_39' title="bbox 236 2305 1839 2377">
     <span class='ocr_line' id='line_1_39' title="bbox 236 2305 1839 2377; baseline -0.002 -13"><span class='ocrx_word' id='word_1_291' title='bbox 236 2308 513 2373; x_wconf 83' lang='lat' dir='ltr'><strong>subsistit,</strong></span> <span class='ocrx_word' id='word_1_292' title='bbox 546 2307 820 2362; x_wconf 87' lang='lat' dir='ltr'><strong>videamus</strong></span> <span class='ocrx_word' id='word_1_293' title='bbox 840 2307 973 2375; x_wconf 86' lang='lat' dir='ltr'><strong>quid</strong></span> <span class='ocrx_word' id='word_1_294' title='bbox 995 2305 1431 2373; x_wconf 57' lang='lat' dir='ltr'><strong>sit&#39;fermentum,</strong></span> <span class='ocrx_word' id='word_1_295' title='bbox 1461 2323 1580 2377; x_wconf 65' lang='lat' dir='ltr'><strong>quae</strong></span> <span class='ocrx_word' id='word_1_296' title='bbox 1625 2308 1839 2373; x_wconf 89' lang='lat' dir='ltr'><strong>mulier,</strong></span> 
     </span>
    </p>
   </div>
   <div class='ocr_carea' id='block_1_40' title="bbox 238 2398 1841 2471">
    <p class='ocr_par' dir='ltr' id='par_1_40' title="bbox 238 2398 1841 2471">
     <span class='ocr_line' id='line_1_40' title="bbox 238 2398 1841 2471; baseline -0.001 -16"><span class='ocrx_word' id='word_1_297' title='bbox 238 2401 382 2471; x_wconf 90' lang='lat' dir='ltr'><strong>quid</strong></span> <span class='ocrx_word' id='word_1_298' title='bbox 408 2398 600 2454; x_wconf 85' lang='lat' dir='ltr'><strong>farina.</strong></span> <span class='ocrx_word' id='word_1_299' title='bbox 632 2398 885 2469; x_wconf 78' lang='lat' dir='ltr'><strong>Legimus</strong></span> <span class='ocrx_word' id='word_1_300' title='bbox 906 2400 959 2453; x_wconf 92' lang='lat' dir='ltr'><strong>in</strong></span> <span class='ocrx_word' id='word_1_301' title='bbox 981 2399 1273 2467; x_wconf 88' lang='lat' dir='ltr'><strong>Evangelio</strong></span> <span class='ocrx_word' id='word_1_302' title='bbox 1307 2417 1319 2452; x_wconf 92' lang='lat'>:</span> <span class='ocrx_word' id='word_1_303' title='bbox 1350 2398 1472 2453; x_wconf 87' lang='lat' dir='ltr'><strong>Nisi</strong></span> <span class='ocrx_word' id='word_1_304' title='bbox 1495 2417 1714 2471; x_wconf 83' lang='lat' dir='ltr'><strong>granum</strong></span> <span class='ocrx_word' id='word_1_305' title='bbox 1748 2402 1841 2453; x_wconf 85' lang='lat' dir='ltr'><strong>tri-</strong></span> 
     </span>
    </p>
   </div>
   <div class='ocr_carea' id='block_1_41' title="bbox 236 2490 1843 2562">
    <p class='ocr_par' dir='ltr' id='par_1_41' title="bbox 236 2490 1843 2562">
     <span class='ocr_line' id='line_1_41' title="bbox 236 2490 1843 2562; baseline -0.003 -14"><span class='ocrx_word' id='word_1_306' title='bbox 236 2492 333 2548; x_wconf 76' lang='lat' dir='ltr'><strong>tici</strong></span> <span class='ocrx_word' id='word_1_307' title='bbox 356 2494 551 2546; x_wconf 86' lang='lat' dir='ltr'><strong>cadens</strong></span> <span class='ocrx_word' id='word_1_308' title='bbox 578 2492 633 2546; x_wconf 89' lang='lat' dir='ltr'><strong>in</strong></span> <span class='ocrx_word' id='word_1_309' title='bbox 658 2490 1132 2546; x_wconf 35' lang='lat' dir='ltr'><strong>terram‘mdrtuum</strong></span> <span class='ocrx_word' id='word_1_310' title='bbox 1160 2492 1334 2562; x_wconf 75' lang='lat' dir='ltr'><strong>fuerit,</strong></span> <span class='ocrx_word' id='word_1_311' title='bbox 1357 2492 1527 2561; x_wconf 81' lang='lat' dir='ltr'><strong>ipsum</strong></span> <span class='ocrx_word' id='word_1_312' title='bbox 1548 2492 1714 2544; x_wconf 90' lang='lat' dir='ltr'><strong>solum</strong></span> <span class='ocrx_word' id='word_1_313' title='bbox 1734 2508 1843 2544; x_wconf 90' lang='lat' dir='ltr'><strong>ma-</strong></span> 
     </span>
    </p>
   </div>
   <div class='ocr_carea' id='block_1_42' title="bbox 236 2582 1838 2654">
    <p class='ocr_par' dir='ltr' id='par_1_42' title="bbox 236 2582 1838 2654">
     <span class='ocr_line' id='line_1_42' title="bbox 236 2582 1838 2654; baseline -0.001 -16"><span class='ocrx_word' id='word_1_314' title='bbox 236 2594 371 2649; x_wconf 85' lang='lat' dir='ltr'><strong>net;</strong></span> <span class='ocrx_word' id='word_1_315' title='bbox 392 2585 445 2637; x_wconf 86' lang='lat' dir='ltr'><strong>si</strong></span> <span class='ocrx_word' id='word_1_316' title='bbox 478 2592 649 2637; x_wconf 84' lang='lat' dir='ltr'><strong>autem</strong></span> <span class='ocrx_word' id='word_1_317' title='bbox 670 2582 925 2637; x_wconf 77' lang='lat' dir='ltr'><strong>mortuum</strong></span> <span class='ocrx_word' id='word_1_318' title='bbox 955 2583 1130 2654; x_wconf 76' lang='lat' dir='ltr'><strong>fuerit,</strong></span> <span class='ocrx_word' id='word_1_319' title='bbox 1156 2582 1370 2635; x_wconf 84' lang='lat' dir='ltr'><strong>multum</strong></span> <span class='ocrx_word' id='word_1_320' title='bbox 1411 2584 1636 2652; x_wconf 86' lang='lat' dir='ltr'><strong>fructum</strong></span> <span class='ocrx_word' id='word_1_321' title='bbox 1682 2583 1838 2650; x_wconf 72' lang='lat' dir='ltr'><strong>aﬂ&#39;ert</strong></span> 
     </span>
    </p>
   </div>
   <div class='ocr_carea' id='block_1_43' title="bbox 237 2671 1840 2744">
    <p class='ocr_par' dir='ltr' id='par_1_43' title="bbox 237 2671 1840 2744">
     <span class='ocr_line' id='line_1_43' title="bbox 237 2671 1840 2744; baseline 0.001 -17"><span class='ocrx_word' id='word_1_322' title='bbox 237 2672 430 2742; x_wconf 83' lang='lat' dir='ltr'><strong>(Joan.</strong></span> <span class='ocrx_word' id='word_1_323' title='bbox 475 2672 592 2744; x_wconf 77' lang='lat' dir='ltr'><strong>xu).</strong></span> <span class='ocrx_word' id='word_1_324' title='bbox 642 2672 783 2741; x_wconf 84' lang='lat' dir='ltr'><strong>Ergo</strong></span> <span class='ocrx_word' id='word_1_325' title='bbox 810 2673 865 2727; x_wconf 84' lang='lat' dir='ltr'><strong>si</strong></span> <span class='ocrx_word' id='word_1_326' title='bbox 902 2672 1148 2727; x_wconf 78' lang='lat' dir='ltr'><strong>triticum</strong></span> <span class='ocrx_word' id='word_1_327' title='bbox 1191 2672 1462 2737; x_wconf 88' lang='lat' dir='ltr'><strong>Dominus,</strong></span> <span class='ocrx_word' id='word_1_328' title='bbox 1495 2681 1550 2727; x_wconf 91' lang='lat' dir='ltr'><strong>et</strong></span> <span class='ocrx_word' id='word_1_329' title='bbox 1577 2671 1840 2728; x_wconf 89' lang='lat' dir='ltr'><strong>Dominus</strong></span> 
     </span>
    </p>
   </div>
   <div class='ocr_carea' id='block_1_44' title="bbox 234 2762 1839 2833">
    <p class='ocr_par' dir='ltr' id='par_1_44' title="bbox 234 2762 1839 2833">
     <span class='ocr_line' id='line_1_44' title="bbox 234 2762 1839 2833; baseline 0 -14"><span class='ocrx_word' id='word_1_330' title='bbox 234 2774 326 2820; x_wconf 88' lang='lat' dir='ltr'><strong>est</strong></span> <span class='ocrx_word' id='word_1_331' title='bbox 379 2764 721 2829; x_wconf 89' lang='lat' dir='ltr'><strong>fermentum,</strong></span> <span class='ocrx_word' id='word_1_332' title='bbox 768 2764 907 2833; x_wconf 87' lang='lat' dir='ltr'><strong>quia</strong></span> <span class='ocrx_word' id='word_1_333' title='bbox 940 2762 1279 2818; x_wconf 74' lang='lat' dir='ltr'><strong>fermentum</strong></span> <span class='ocrx_word' id='word_1_334' title='bbox 1309 2764 1520 2818; x_wconf 87' lang='lat' dir='ltr'><strong>nonnisi</strong></span> <span class='ocrx_word' id='word_1_335' title='bbox 1562 2764 1629 2818; x_wconf 90' lang='lat' dir='ltr'><strong>de</strong></span> <span class='ocrx_word' id='word_1_336' title='bbox 1657 2765 1839 2819; x_wconf 89' lang='lat' dir='ltr'><strong>tritico</strong></span> 
     </span>
    </p>
   </div>
   <div class='ocr_carea' id='block_1_45' title="bbox 238 2854 1842 2926">
    <p class='ocr_par' dir='ltr' id='par_1_45' title="bbox 238 2854 1842 2926">
     <span class='ocr_line' id='line_1_45' title="bbox 238 2854 1842 2926; baseline 0.001 -16"><span class='ocrx_word' id='word_1_337' title='bbox 238 2858 368 2913; x_wconf 82' lang='lat' dir='ltr'><strong>ﬁeri</strong></span> <span class='ocrx_word' id='word_1_338' title='bbox 415 2858 574 2922; x_wconf 88' lang='lat' dir='ltr'><strong>solet,</strong></span> <span class='ocrx_word' id='word_1_339' title='bbox 604 2864 751 2911; x_wconf 90' lang='lat' dir='ltr'><strong>recte</strong></span> <span class='ocrx_word' id='word_1_340' title='bbox 778 2871 908 2926; x_wconf 86' lang='lat' dir='ltr'><strong>ergo</strong></span> <span class='ocrx_word' id='word_1_341' title='bbox 945 2856 963 2894; x_wconf 74' lang='grc' dir='ltr'><em>τ</em></span> <span class='ocrx_word' id='word_1_342' title='bbox 998 2855 1262 2911; x_wconf 84' lang='lat' dir='ltr'><strong>fermento</strong></span> <span class='ocrx_word' id='word_1_343' title='bbox 1288 2854 1842 2926; x_wconf 72' lang='lat' dir='ltr'><strong>Christusmmpara-</strong></span> 
     </span>
    </p>
   </div>
   <div class='ocr_carea' id='block_1_46' title="bbox 236 2945 1838 3016">
    <p class='ocr_par' dir='ltr' id='par_1_46' title="bbox 236 2945 1838 3016">
     <span class='ocr_line' id='line_1_46' title="bbox 236 2945 1838 3016; baseline -0.001 -15"><span class='ocrx_word' id='word_1_344' title='bbox 236 2956 357 3013; x_wconf 88' lang='lat' dir='ltr'><strong>tur,</strong></span> <span class='ocrx_word' id='word_1_345' title='bbox 406 2947 500 3016; x_wconf 90' lang='lat' dir='ltr'><strong>qui</strong></span> <span class='ocrx_word' id='word_1_346' title='bbox 549 2961 672 3000; x_wconf 89' lang='lat' dir='ltr'><strong>cum</strong></span> <span class='ocrx_word' id='word_1_347' title='bbox 703 2954 844 3000; x_wconf 89' lang='lat' dir='ltr'><strong>esset</strong></span> <span class='ocrx_word' id='word_1_348' title='bbox 872 2946 1053 3014; x_wconf 91' lang='lat' dir='ltr'><strong>specie</strong></span> <span class='ocrx_word' id='word_1_349' title='bbox 1081 2946 1263 3010; x_wconf 89' lang='lat' dir='ltr'><strong>homo,</strong></span> <span class='ocrx_word' id='word_1_350' title='bbox 1292 2945 1591 2999; x_wconf 90' lang='lat' dir='ltr'><strong>humilitate</strong></span> <span class='ocrx_word' id='word_1_351' title='bbox 1621 2961 1838 3014; x_wconf 90' lang='lat' dir='ltr'><strong>parvus,</strong></span> 
     </span>
    </p>
   </div>
   <div class='ocr_carea' id='block_1_47' title="bbox 236 3036 1844 3106">
    <p class='ocr_par' dir='ltr' id='par_1_47' title="bbox 236 3036 1844 3106">
     <span class='ocr_line' id='line_1_47' title="bbox 236 3036 1844 3106; baseline -0.002 -14"><span class='ocrx_word' id='word_1_352' title='bbox 236 3038 616 3093; x_wconf 87' lang='lat' dir='ltr'><strong>imbecillitate</strong></span> <span class='ocrx_word' id='word_1_353' title='bbox 637 3036 897 3106; x_wconf 88' lang='lat' dir='ltr'><strong>dejectus,</strong></span> <span class='ocrx_word' id='word_1_354' title='bbox 931 3043 1077 3090; x_wconf 88' lang='lat' dir='ltr'><strong>tanta</strong></span> <span class='ocrx_word' id='word_1_355' title='bbox 1100 3036 1423 3091; x_wconf 88' lang='lat' dir='ltr'><strong>intrinsecus</strong></span> <span class='ocrx_word' id='word_1_356' title='bbox 1444 3036 1722 3105; x_wconf 66' lang='lat' dir='ltr'><strong>sapientia:</strong></span> <span class='ocrx_word' id='word_1_357' title='bbox 1743 3038 1844 3090; x_wconf 90' lang='lat' dir='ltr'><strong>vir-</strong></span> 
     </span>
    </p>
   </div>
   <div class='ocr_carea' id='block_1_48' title="bbox 1938 1856 3531 1929">
    <p class='ocr_par' dir='ltr' id='par_1_48' title="bbox 1938 1856 3531 1929">
     <span class='ocr_line' id='line_1_48' title="bbox 1938 1856 3531 1929; baseline 0.004 -20"><span class='ocrx_word' id='word_1_358' title='bbox 1938 1872 2076 1910; x_wconf 91' lang='lat' dir='ltr'><strong>mur.</strong></span> <span class='ocrx_word' id='word_1_359' title='bbox 2113 1856 2307 1911; x_wconf 87' lang='lat' dir='ltr'><strong>Mulier</strong></span> <span class='ocrx_word' id='word_1_360' title='bbox 2335 1866 2513 1913; x_wconf 88' lang='lat' dir='ltr'><strong>autem</strong></span> <span class='ocrx_word' id='word_1_361' title='bbox 2545 1860 2654 1924; x_wconf 92' lang='lat' dir='ltr'><strong>illa,</strong></span> <span class='ocrx_word' id='word_1_362' title='bbox 2687 1875 2807 1929; x_wconf 70' lang='lat' dir='ltr'><strong>qua:</strong></span> <span class='ocrx_word' id='word_1_363' title='bbox 2858 1861 3052 1915; x_wconf 89' lang='lat' dir='ltr'><strong>dicitur</strong></span> <span class='ocrx_word' id='word_1_364' title='bbox 3101 1862 3430 1915; x_wconf 89' lang='lat' dir='ltr'><strong>abscondere</strong></span> <span class='ocrx_word' id='word_1_365' title='bbox 3477 1862 3531 1915; x_wconf 89' lang='lat' dir='ltr'><strong>in</strong></span> 
     </span>
    </p>
   </div>
   <div class='ocr_carea' id='block_1_49' title="bbox 1936 1950 3533 2022">
    <p class='ocr_par' dir='ltr' id='par_1_49' title="bbox 1936 1950 3533 2022">
     <span class='ocr_line' id='line_1_49' title="bbox 1936 1950 3533 2022; baseline 0.002 -20"><span class='ocrx_word' id='word_1_366' title='bbox 1936 1950 2107 2003; x_wconf 88' lang='lat' dir='ltr'><strong>farina</strong></span> <span class='ocrx_word' id='word_1_367' title='bbox 2134 1950 2474 2015; x_wconf 89' lang='lat' dir='ltr'><strong>fermentum,</strong></span> <span class='ocrx_word' id='word_1_368' title='bbox 2499 1966 2617 2020; x_wconf 68' lang='lat' dir='ltr'><strong>qua:</strong></span> <span class='ocrx_word' id='word_1_369' title='bbox 2639 1960 2743 2020; x_wconf 92' lang='lat' dir='ltr'><strong>est,</strong></span> <span class='ocrx_word' id='word_1_370' title='bbox 2767 1953 2867 2007; x_wconf 91' lang='lat' dir='ltr'><strong>nisi</strong></span> <span class='ocrx_word' id='word_1_371' title='bbox 2889 1952 2944 2006; x_wconf 90' lang='lat' dir='ltr'><strong>S.</strong></span> <span class='ocrx_word' id='word_1_372' title='bbox 2971 1952 3230 2018; x_wconf 84' lang='lat' dir='ltr'><strong>Ecclesia,</strong></span> <span class='ocrx_word' id='word_1_373' title='bbox 3255 1969 3374 2022; x_wconf 69' lang='lat' dir='ltr'><strong>qua:</strong></span> <span class='ocrx_word' id='word_1_374' title='bbox 3397 1970 3533 2021; x_wconf 78' lang='lat' dir='ltr'><strong>que-</strong></span> 
     </span>
    </p>
   </div>
   <div class='ocr_carea' id='block_1_50' title="bbox 1939 2040 3533 2098">
    <p class='ocr_par' dir='ltr' id='par_1_50' title="bbox 1939 2040 3533 2098">
     <span class='ocr_line' id='line_1_50' title="bbox 1939 2040 3533 2098; baseline 0.003 -5"><span class='ocrx_word' id='word_1_375' title='bbox 1939 2040 2068 2094; x_wconf 91' lang='lat' dir='ltr'><strong>tidie</strong></span> <span class='ocrx_word' id='word_1_376' title='bbox 2116 2040 2418 2095; x_wconf 89' lang='lat' dir='ltr'><strong>doctrinam</strong></span> <span class='ocrx_word' id='word_1_377' title='bbox 2447 2043 2644 2096; x_wconf 89' lang='lat' dir='ltr'><strong>Christi</strong></span> <span class='ocrx_word' id='word_1_378' title='bbox 2694 2044 2745 2095; x_wconf 86' lang='lat' dir='ltr'><strong>ia</strong></span> <span class='ocrx_word' id='word_1_379' title='bbox 2796 2043 3047 2097; x_wconf 90' lang='lat' dir='ltr'><strong>cordibus</strong></span> <span class='ocrx_word' id='word_1_380' title='bbox 3078 2044 3275 2097; x_wconf 88' lang='lat' dir='ltr'><strong>nostris</strong></span> <span class='ocrx_word' id='word_1_381' title='bbox 3305 2051 3533 2098; x_wconf 88' lang='lat' dir='ltr'><strong>conatur</strong></span> 
     </span>
    </p>
   </div>
   <div class='ocr_carea' id='block_1_51' title="bbox 1938 2132 3525 2204">
    <p class='ocr_par' dir='ltr' id='par_1_51' title="bbox 1938 2132 3525 2204">
     <span class='ocr_line' id='line_1_51' title="bbox 1938 2132 3525 2204; baseline 0.004 -20"><span class='ocrx_word' id='word_1_382' title='bbox 1938 2132 2307 2187; x_wconf 83' lang='lat' dir='ltr'><strong>abscondere?</strong></span> <span class='ocrx_word' id='word_1_383' title='bbox 2335 2133 2475 2204; x_wconf 87' lang='lat' dir='ltr'><strong>Ipsa,</strong></span> <span class='ocrx_word' id='word_1_384' title='bbox 2510 2135 2747 2203; x_wconf 88' lang='lat' dir='ltr'><strong>inquam,</strong></span> <span class='ocrx_word' id='word_1_385' title='bbox 2797 2144 2878 2189; x_wconf 90' lang='lat' dir='ltr'><strong>est</strong></span> <span class='ocrx_word' id='word_1_386' title='bbox 2927 2136 3120 2189; x_wconf 88' lang='lat' dir='ltr'><strong>mulier</strong></span> <span class='ocrx_word' id='word_1_387' title='bbox 3170 2150 3287 2204; x_wconf 69' lang='lat' dir='ltr'><strong>qua:</strong></span> <span class='ocrx_word' id='word_1_388' title='bbox 3336 2138 3442 2191; x_wconf 86' lang='lat' dir='ltr'><strong>alio</strong></span> <span class='ocrx_word' id='word_1_389' title='bbox 3475 2138 3525 2191; x_wconf 91' lang='lat' dir='ltr'><strong>in</strong></span> 
     </span>
    </p>
   </div>
   <div class='ocr_carea' id='block_1_52' title="bbox 1941 2220 3530 2297">
    <p class='ocr_par' dir='ltr' id='par_1_52' title="bbox 1941 2220 3530 2297">
     <span class='ocr_line' id='line_1_52' title="bbox 1941 2220 3530 2297; baseline 0.003 -23"><span class='ocrx_word' id='word_1_390' title='bbox 1941 2220 2062 2275; x_wconf 92' lang='lat' dir='ltr'><strong>loco</strong></span> <span class='ocrx_word' id='word_1_391' title='bbox 2083 2222 2246 2275; x_wconf 90' lang='lat' dir='ltr'><strong>etiam</strong></span> <span class='ocrx_word' id='word_1_392' title='bbox 2269 2224 2474 2277; x_wconf 89' lang='lat' dir='ltr'><strong>molere</strong></span> <span class='ocrx_word' id='word_1_393' title='bbox 2496 2224 2711 2290; x_wconf 90' lang='lat' dir='ltr'><strong>dicitur,</strong></span> <span class='ocrx_word' id='word_1_394' title='bbox 2741 2225 2881 2279; x_wconf 90' lang='lat' dir='ltr'><strong>sicut</strong></span> <span class='ocrx_word' id='word_1_395' title='bbox 2907 2225 2982 2278; x_wconf 87' lang='lat' dir='ltr'><strong>ait</strong></span> <span class='ocrx_word' id='word_1_396' title='bbox 3015 2225 3271 2297; x_wconf 87' lang='lat' dir='ltr'><strong>Dominus</strong></span> <span class='ocrx_word' id='word_1_397' title='bbox 3296 2244 3307 2278; x_wconf 89' lang='lat'><strong>:</strong></span> <span class='ocrx_word' id='word_1_398' title='bbox 3360 2225 3530 2279; x_wconf 83' lang='lat' dir='ltr'><strong>Erunt</strong></span> 
     </span>
    </p>
   </div>
   <div class='ocr_carea' id='block_1_53' title="bbox 1939 2311 3528 2388">
    <p class='ocr_par' dir='ltr' id='par_1_53' title="bbox 1939 2311 3528 2388">
     <span class='ocr_line' id='line_1_53' title="bbox 1939 2311 3528 2388; baseline 0.004 -25"><span class='ocrx_word' id='word_1_399' title='bbox 1939 2311 2057 2366; x_wconf 76' lang='lat' dir='ltr'><strong>dua:</strong></span> <span class='ocrx_word' id='word_1_400' title='bbox 2102 2314 2377 2378; x_wconf 88' lang='lat' dir='ltr'><strong>molentes,</strong></span> <span class='ocrx_word' id='word_1_401' title='bbox 2427 2330 2533 2367; x_wconf 86' lang='lat' dir='ltr'><strong>una</strong></span> <span class='ocrx_word' id='word_1_402' title='bbox 2580 2324 2896 2380; x_wconf 86' lang='lat' dir='ltr'><strong>assumetur,</strong></span> <span class='ocrx_word' id='word_1_403' title='bbox 2953 2323 3002 2368; x_wconf 89' lang='lat' dir='ltr'><strong>et</strong></span> <span class='ocrx_word' id='word_1_404' title='bbox 3054 2331 3160 2369; x_wconf 87' lang='lat' dir='ltr'><strong>una</strong></span> <span class='ocrx_word' id='word_1_405' title='bbox 3211 2316 3528 2388; x_wconf 79' lang='lat' dir='ltr'><strong>relinquetur</strong></span> 
     </span>
    </p>
   </div>
   <div class='ocr_carea' id='block_1_54' title="bbox 1943 2401 3529 2475">
    <p class='ocr_par' dir='ltr' id='par_1_54' title="bbox 1943 2401 3529 2475">
     <span class='ocr_line' id='line_1_54' title="bbox 1943 2401 3529 2475; baseline 0.004 -21"><span class='ocrx_word' id='word_1_406' title='bbox 1943 2401 2158 2473; x_wconf 73' lang='lat' dir='ltr'><strong>(Matth.</strong></span> <span class='ocrx_word' id='word_1_407' title='bbox 2183 2404 2353 2475; x_wconf 76' lang='lat' dir='ltr'><strong>xxiv).</strong></span> <span class='ocrx_word' id='word_1_408' title='bbox 2378 2402 2529 2457; x_wconf 88' lang='lat' dir='ltr'><strong>Molit</strong></span> <span class='ocrx_word' id='word_1_409' title='bbox 2556 2404 2699 2458; x_wconf 91' lang='lat' dir='ltr'><strong>enim</strong></span> <span class='ocrx_word' id='word_1_410' title='bbox 2722 2404 2778 2459; x_wconf 92' lang='lat' dir='ltr'><strong>S.</strong></span> <span class='ocrx_word' id='word_1_411' title='bbox 2805 2404 3044 2459; x_wconf 89' lang='lat' dir='ltr'><strong>Ecclesia</strong></span> <span class='ocrx_word' id='word_1_412' title='bbox 3086 2420 3184 2474; x_wconf 90' lang='lat' dir='ltr'><strong>per</strong></span> <span class='ocrx_word' id='word_1_413' title='bbox 3213 2406 3403 2472; x_wconf 89' lang='lat' dir='ltr'><strong>legem,</strong></span> <span class='ocrx_word' id='word_1_414' title='bbox 3429 2421 3529 2474; x_wconf 90' lang='lat' dir='ltr'><strong>per</strong></span> 
     </span>
    </p>
   </div>
   <div class='ocr_carea' id='block_1_55' title="bbox 1941 2480 3520 2565">
    <p class='ocr_par' dir='ltr' id='par_1_55' title="bbox 1941 2480 3520 2565">
     <span class='ocr_line' id='line_1_55' title="bbox 1941 2480 3520 2565; baseline 0.003 -18"><span class='ocrx_word' id='word_1_415' title='bbox 1941 2495 2238 2563; x_wconf 86' lang='lat' dir='ltr'><strong>apostolos,</strong></span> <span class='ocrx_word' id='word_1_416' title='bbox 2287 2511 2388 2565; x_wconf 91' lang='lat' dir='ltr'><strong>per</strong></span> <span class='ocrx_word' id='word_1_417' title='bbox 2432 2497 2744 2565; x_wconf 86' lang='lat' dir='ltr'><strong>prophetas,</strong></span> <span class='ocrx_word' id='word_1_418' title='bbox 2775 2512 2895 2550; x_wconf 88' lang='lat' dir='ltr'><strong>cum</strong></span> <span class='ocrx_word' id='word_1_419' title='bbox 2927 2480 3345 2553; x_wconf 79' lang='lat' dir='ltr'><strong>catechumenos</strong></span> <span class='ocrx_word' id='word_1_420' title='bbox 3375 2496 3520 2561; x_wconf 86' lang='lat' dir='ltr'><strong>facit,</strong></span> 
     </span>
    </p>
   </div>
   <div class='ocr_carea' id='block_1_56' title="bbox 1941 2587 3527 2657">
    <p class='ocr_par' dir='ltr' id='par_1_56' title="bbox 1941 2587 3527 2657">
     <span class='ocr_line' id='line_1_56' title="bbox 1941 2587 3527 2657; baseline -0.001 -16"><span class='ocrx_word' id='word_1_421' title='bbox 1941 2594 1997 2641; x_wconf 91' lang='lat' dir='ltr'><strong>et</strong></span> <span class='ocrx_word' id='word_1_422' title='bbox 2017 2588 2358 2655; x_wconf 85' lang='lat' dir='ltr'><strong>asperitatem</strong></span> <span class='ocrx_word' id='word_1_423' title='bbox 2386 2587 2699 2655; x_wconf 79' lang='lat' dir='ltr'><strong>gentilitatis</strong></span> <span class='ocrx_word' id='word_1_424' title='bbox 2725 2587 2953 2657; x_wconf 89' lang='lat' dir='ltr'><strong>dissipat</strong></span> <span class='ocrx_word' id='word_1_425' title='bbox 2981 2597 3143 2655; x_wconf 88' lang='lat' dir='ltr'><strong>atque</strong></span> <span class='ocrx_word' id='word_1_426' title='bbox 3185 2587 3527 2651; x_wconf 78' lang='lat' dir='ltr'><strong>cumminnit,</strong></span> 
     </span>
    </p>
   </div>
   <div class='ocr_carea' id='block_1_57' title="bbox 1942 2674 3531 2747">
    <p class='ocr_par' dir='ltr' id='par_1_57' title="bbox 1942 2674 3531 2747">
     <span class='ocr_line' id='line_1_57' title="bbox 1942 2674 3531 2747; baseline 0.002 -17"><span class='ocrx_word' id='word_1_427' title='bbox 1942 2684 2002 2730; x_wconf 90' lang='lat' dir='ltr'><strong>ut</strong></span> <span class='ocrx_word' id='word_1_428' title='bbox 2023 2678 2270 2732; x_wconf 90' lang='lat' dir='ltr'><strong>emolitos</strong></span> <span class='ocrx_word' id='word_1_429' title='bbox 2298 2692 2394 2733; x_wconf 91' lang='lat' dir='ltr'><strong>eos</strong></span> <span class='ocrx_word' id='word_1_430' title='bbox 2423 2678 2474 2731; x_wconf 90' lang='lat' dir='ltr'><strong>in</strong></span> <span class='ocrx_word' id='word_1_431' title='bbox 2516 2677 2701 2732; x_wconf 61' lang='lat' dir='ltr'><strong>farinae</strong></span> <span class='ocrx_word' id='word_1_432' title='bbox 2730 2677 2968 2741; x_wconf 91' lang='lat' dir='ltr'><strong>modum,</strong></span> <span class='ocrx_word' id='word_1_433' title='bbox 3002 2686 3156 2747; x_wconf 89' lang='lat' dir='ltr'><strong>aptos</strong></span> <span class='ocrx_word' id='word_1_434' title='bbox 3190 2674 3209 2714; x_wconf 84' lang='grc' dir='ltr'>ι</span> <span class='ocrx_word' id='word_1_435' title='bbox 3242 2677 3402 2732; x_wconf 75' lang='lat' dir='ltr'><strong>faciat</strong></span> <span class='ocrx_word' id='word_1_436' title='bbox 3431 2678 3531 2733; x_wconf 86' lang='lat' dir='ltr'><strong>do-</strong></span> 
     </span>
    </p>
   </div>
   <div class='ocr_carea' id='block_1_58' title="bbox 1942 2767 3532 2835">
    <p class='ocr_par' dir='ltr' id='par_1_58' title="bbox 1942 2767 3532 2835">
     <span class='ocr_line' id='line_1_58' title="bbox 1942 2767 3532 2835; baseline 0.001 -13"><span class='ocrx_word' id='word_1_437' title='bbox 1942 2768 2125 2823; x_wconf 89' lang='lat' dir='ltr'><strong>minici</strong></span> <span class='ocrx_word' id='word_1_438' title='bbox 2152 2768 2426 2835; x_wconf 88' lang='lat' dir='ltr'><strong>sanguinis</strong></span> <span class='ocrx_word' id='word_1_439' title='bbox 2467 2768 2763 2823; x_wconf 64' lang='lat' dir='ltr'><strong>adharrere.</strong></span> <span class='ocrx_word' id='word_1_440' title='bbox 2795 2767 3309 2823; x_wconf 67' lang='lat' dir='ltr'><strong>Fermentum&#39;enim</strong></span> <span class='ocrx_word' id='word_1_441' title='bbox 3338 2769 3532 2825; x_wconf 80' lang='lat' dir='ltr'><strong>dixerit</strong></span> 
     </span>
    </p>
   </div>
   <div class='ocr_carea' id='block_1_59' title="bbox 1944 2858 3530 2929">
    <p class='ocr_par' dir='ltr' id='par_1_59' title="bbox 1944 2858 3530 2929">
     <span class='ocr_line' id='line_1_59' title="bbox 1944 2858 3530 2929; baseline 0.001 -18"><span class='ocrx_word' id='word_1_442' title='bbox 1944 2858 2063 2914; x_wconf 84' lang='lat' dir='ltr'><strong>ﬁdei</strong></span> <span class='ocrx_word' id='word_1_443' title='bbox 2079 2866 2247 2913; x_wconf 91' lang='lat' dir='ltr'><strong>totam</strong></span> <span class='ocrx_word' id='word_1_444' title='bbox 2269 2859 2478 2914; x_wconf 91' lang='lat' dir='ltr'><strong>Domini</strong></span> <span class='ocrx_word' id='word_1_445' title='bbox 2500 2858 3186 2929; x_wconf 88' lang='lat' dir='ltr'><strong>passionem.Fermentum</strong></span> <span class='ocrx_word' id='word_1_446' title='bbox 3208 2860 3348 2913; x_wconf 92' lang='lat' dir='ltr'><strong>enim</strong></span> <span class='ocrx_word' id='word_1_447' title='bbox 3364 2861 3530 2929; x_wconf 53' lang='lat'><strong>37.2</strong></span> 
     </span>
    </p>
   </div>
   <div class='ocr_carea' id='block_1_60' title="bbox 1940 2951 3529 3023">
    <p class='ocr_par' dir='ltr' id='par_1_60' title="bbox 1940 2951 3529 3023">
     <span class='ocr_line' id='line_1_60' title="bbox 1940 2951 3529 3023; baseline -0.001 -16"><span class='ocrx_word' id='word_1_448' title='bbox 1940 2952 2130 3007; x_wconf 86' lang='lat' dir='ltr'><strong>salutis</strong></span> <span class='ocrx_word' id='word_1_449' title='bbox 2153 2960 2349 3006; x_wconf 73' lang='lat' dir='ltr'><strong>nostra:</strong></span> <span class='ocrx_word' id='word_1_450' title='bbox 2377 2958 2460 3006; x_wconf 89' lang='lat' dir='ltr'><strong>est</strong></span> <span class='ocrx_word' id='word_1_451' title='bbox 2486 2952 2759 3023; x_wconf 85' lang='lat' dir='ltr'><strong>symbolus</strong></span> <span class='ocrx_word' id='word_1_452' title='bbox 2788 2952 2922 3020; x_wconf 90' lang='lat' dir='ltr'><strong>ipse,</strong></span> <span class='ocrx_word' id='word_1_453' title='bbox 2949 2951 2985 2986; x_wconf 75' lang='grc' dir='ltr'><strong>ἀι</strong></span> <span class='ocrx_word' id='word_1_454' title='bbox 3015 2951 3107 3020; x_wconf 90' lang='lat' dir='ltr'><strong>qui</strong></span> <span class='ocrx_word' id='word_1_455' title='bbox 3135 2951 3381 3015; x_wconf 87' lang='lat' dir='ltr'><strong>traditur,</strong></span> <span class='ocrx_word' id='word_1_456' title='bbox 3413 2952 3529 3005; x_wconf 90' lang='lat' dir='ltr'><strong>sine</strong></span> 
     </span>
    </p>
   </div>
   <div class='ocr_carea' id='block_1_61' title="bbox 1942 3041 3532 3113">
    <p class='ocr_par' dir='ltr' id='par_1_61' title="bbox 1942 3041 3532 3113">
     <span class='ocr_line' id='line_1_61' title="bbox 1942 3041 3532 3113; baseline 0 -18"><span class='ocrx_word' id='word_1_457' title='bbox 1942 3057 2050 3111; x_wconf 90' lang='lat' dir='ltr'><strong>quo</strong></span> <span class='ocrx_word' id='word_1_458' title='bbox 2073 3041 2336 3097; x_wconf 71' lang='lat' dir='ltr'><strong>fermento</strong></span> <span class='ocrx_word' id='word_1_459' title='bbox 2355 3042 2440 3096; x_wconf 91' lang='lat' dir='ltr'><strong>vel</strong></span> <span class='ocrx_word' id='word_1_460' title='bbox 2468 3042 2714 3113; x_wconf 80' lang='lat' dir='ltr'><strong>symbolo</strong></span> <span class='ocrx_word' id='word_1_461' title='bbox 2744 3054 2903 3097; x_wconf 88' lang='lat' dir='ltr'><strong>nemo</strong></span> <span class='ocrx_word' id='word_1_462' title='bbox 2940 3050 3120 3112; x_wconf 89' lang='lat' dir='ltr'><strong>potest</strong></span> <span class='ocrx_word' id='word_1_463' title='bbox 3160 3043 3280 3096; x_wconf 78' lang='lat' dir='ltr'><strong>vita:</strong></span> <span class='ocrx_word' id='word_1_464' title='bbox 3318 3052 3532 3096; x_wconf 74' lang='lat' dir='ltr'><strong>:etemm</strong></span> 
     </span>
    </p>
   </div>
   <div class='ocr_carea' id='block_1_62' title="bbox 235 3128 3530 3200">
    <p class='ocr_par' dir='ltr' id='par_1_62' title="bbox 235 3128 3530 3200">
     <span class='ocr_line' id='line_1_62' title="bbox 235 3128 3530 3200; baseline 0 -16"><span class='ocrx_word' id='word_1_465' title='bbox 235 3139 366 3184; x_wconf 87' lang='lat' dir='ltr'><strong>tute</strong></span> <span class='ocrx_word' id='word_1_466' title='bbox 393 3130 649 3199; x_wconf 89' lang='lat' dir='ltr'><strong>pollebat,</strong></span> <span class='ocrx_word' id='word_1_467' title='bbox 678 3139 740 3183; x_wconf 94' lang='lat' dir='ltr'><strong>ut</strong></span> <span class='ocrx_word' id='word_1_468' title='bbox 765 3129 1008 3184; x_wconf 89' lang='lat' dir='ltr'><strong>doctrina</strong></span> <span class='ocrx_word' id='word_1_469' title='bbox 1038 3128 1205 3198; x_wconf 90' lang='lat' dir='ltr'><strong>ipsius</strong></span> <span class='ocrx_word' id='word_1_470' title='bbox 1232 3128 1464 3183; x_wconf 88' lang='lat' dir='ltr'><strong>mundus</strong></span> <span class='ocrx_word' id='word_1_471' title='bbox 1493 3128 1609 3198; x_wconf 89' lang='lat' dir='ltr'><strong>ipse</strong></span> <span class='ocrx_word' id='word_1_472' title='bbox 1634 3128 1719 3182; x_wconf 88' lang='lat' dir='ltr'><strong>vix</strong></span> <span class='ocrx_word' id='word_1_473' title='bbox 1750 3142 1836 3181; x_wconf 80' lang='lat' dir='ltr'><strong>ea-</strong></span> <span class='ocrx_word' id='word_1_474' title='bbox 1864 3132 1909 3192; x_wconf 90' lang='lat' dir='ltr'><strong>C</strong></span> <span class='ocrx_word' id='word_1_475' title='bbox 1943 3132 2296 3185; x_wconf 88' lang='lat' dir='ltr'><strong>substantiam</strong></span> <span class='ocrx_word' id='word_1_476' title='bbox 2352 3132 2669 3199; x_wconf 89' lang='lat' dir='ltr'><strong>promereri.</strong></span> <span class='ocrx_word' id='word_1_477' title='bbox 2730 3130 2798 3185; x_wconf 87' lang='lat' dir='ltr'><strong>Et</strong></span> <span class='ocrx_word' id='word_1_478' title='bbox 2842 3132 2968 3200; x_wconf 90' lang='lat' dir='ltr'><strong>quia</strong></span> <span class='ocrx_word' id='word_1_479' title='bbox 3023 3131 3157 3185; x_wconf 89' lang='lat' dir='ltr'><strong>duas</strong></span> <span class='ocrx_word' id='word_1_480' title='bbox 3186 3131 3530 3199; x_wconf 85' lang='lat' dir='ltr'><strong>Evangelium</strong></span> 
     </span>
    </p>
   </div>
   <div class='ocr_carea' id='block_1_63' title="bbox 238 3218 1840 3291">
    <p class='ocr_par' dir='ltr' id='par_1_63' title="bbox 238 3218 1840 3291">
     <span class='ocr_line' id='line_1_63' title="bbox 238 3218 1840 3291; baseline -0.002 -16"><span class='ocrx_word' id='word_1_481' title='bbox 238 3231 418 3291; x_wconf 88' lang='lat' dir='ltr'><strong>peret,</strong></span> <span class='ocrx_word' id='word_1_482' title='bbox 460 3222 552 3289; x_wconf 91' lang='lat' dir='ltr'><strong>qui</strong></span> <span class='ocrx_word' id='word_1_483' title='bbox 580 3237 702 3276; x_wconf 92' lang='lat' dir='ltr'><strong>cum</strong></span> <span class='ocrx_word' id='word_1_484' title='bbox 729 3235 789 3275; x_wconf 91' lang='lat' dir='ltr'><strong>se</strong></span> <span class='ocrx_word' id='word_1_485' title='bbox 826 3221 989 3289; x_wconf 85' lang='lat' dir='ltr'><strong>coepit</strong></span> <span class='ocrx_word' id='word_1_486' title='bbox 1010 3236 1107 3290; x_wconf 89' lang='lat' dir='ltr'><strong>per</strong></span> <span class='ocrx_word' id='word_1_487' title='bbox 1134 3227 1306 3274; x_wconf 90' lang='lat' dir='ltr'><strong>totum</strong></span> <span class='ocrx_word' id='word_1_488' title='bbox 1333 3220 1520 3274; x_wconf 89' lang='lat' dir='ltr'><strong>orbem</strong></span> <span class='ocrx_word' id='word_1_489' title='bbox 1546 3218 1840 3272; x_wconf 87' lang='lat' dir='ltr'><strong>divinitatis</strong></span> 
     </span>
    </p>
   </div>
   <div class='ocr_carea' id='block_1_64' title="bbox 238 3312 1840 3383">
    <p class='ocr_par' dir='ltr' id='par_1_64' title="bbox 238 3312 1840 3383">
     <span class='ocr_line' id='line_1_64' title="bbox 238 3312 1840 3383; baseline -0.002 -14"><span class='ocrx_word' id='word_1_490' title='bbox 238 3316 433 3383; x_wconf 77' lang='lat' dir='ltr'><strong>vigore</strong></span> <span class='ocrx_word' id='word_1_491' title='bbox 461 3312 777 3375; x_wconf 75' lang='lat' dir='ltr'><strong>diffundere,</strong></span> <span class='ocrx_word' id='word_1_492' title='bbox 811 3314 993 3367; x_wconf 90' lang='lat' dir='ltr'><strong>statim</strong></span> <span class='ocrx_word' id='word_1_493' title='bbox 1025 3323 1049 3361; x_wconf 73' lang='grc' dir='ltr'><em>ε</em></span> <span class='ocrx_word' id='word_1_494' title='bbox 1089 3314 1250 3367; x_wconf 88' lang='lat' dir='ltr'><strong>omne</strong></span> <span class='ocrx_word' id='word_1_495' title='bbox 1274 3313 1551 3367; x_wconf 90' lang='lat' dir='ltr'><strong>hominum</strong></span> <span class='ocrx_word' id='word_1_496' title='bbox 1578 3322 1747 3381; x_wconf 76' lang='lat' dir='ltr'><strong>genUs</strong></span> <span class='ocrx_word' id='word_1_497' title='bbox 1786 3312 1840 3365; x_wconf 89' lang='lat' dir='ltr'><strong>in</strong></span> 
     </span>
    </p>
   </div>
   <div class='ocr_carea' id='block_1_65' title="bbox 240 3402 1843 3473">
    <p class='ocr_par' dir='ltr' id='par_1_65' title="bbox 240 3402 1843 3473">
     <span class='ocr_line' id='line_1_65' title="bbox 240 3402 1843 3473; baseline -0.001 -14"><span class='ocrx_word' id='word_1_498' title='bbox 240 3405 605 3459; x_wconf 86' lang='lat' dir='ltr'><strong>substantiam</strong></span> <span class='ocrx_word' id='word_1_499' title='bbox 636 3420 786 3458; x_wconf 92' lang='lat' dir='ltr'><strong>suam</strong></span> <span class='ocrx_word' id='word_1_500' title='bbox 815 3404 896 3458; x_wconf 89' lang='lat' dir='ltr'><strong>sui</strong></span> <span class='ocrx_word' id='word_1_501' title='bbox 927 3411 1198 3473; x_wconf 89' lang='lat' dir='ltr'><strong>potestate</strong></span> <span class='ocrx_word' id='word_1_502' title='bbox 1217 3405 1505 3473; x_wconf 84' lang='lat' dir='ltr'><strong>protraxit,</strong></span> <span class='ocrx_word' id='word_1_503' title='bbox 1537 3412 1598 3458; x_wconf 90' lang='lat' dir='ltr'><strong>ut</strong></span> <span class='ocrx_word' id='word_1_504' title='bbox 1625 3414 1681 3459; x_wconf 92' lang='lat' dir='ltr'><strong>et</strong></span> <span class='ocrx_word' id='word_1_505' title='bbox 1704 3402 1843 3471; x_wconf 74' lang='lat' dir='ltr'><strong>h.ju-</strong></span> 
     </span>
    </p>
   </div>
   <div class='ocr_carea' id='block_1_66' title="bbox 243 3494 1845 3565">
    <p class='ocr_par' dir='ltr' id='par_1_66' title="bbox 243 3494 1845 3565">
     <span class='ocr_line' id='line_1_66' title="bbox 243 3494 1845 3565; baseline 0.001 -14"><span class='ocrx_word' id='word_1_506' title='bbox 243 3511 380 3564; x_wconf 89' lang='lat' dir='ltr'><strong>gum</strong></span> <span class='ocrx_word' id='word_1_507' title='bbox 427 3494 659 3565; x_wconf 90' lang='lat' dir='ltr'><strong>Spiritus</strong></span> <span class='ocrx_word' id='word_1_508' title='bbox 683 3496 763 3549; x_wconf 89' lang='lat' dir='ltr'><strong>sui</strong></span> <span class='ocrx_word' id='word_1_509' title='bbox 792 3497 963 3550; x_wconf 88' lang='lat' dir='ltr'><strong>sancti</strong></span> <span class='ocrx_word' id='word_1_510' title='bbox 1001 3495 1307 3549; x_wconf 90' lang='lat' dir='ltr'><strong>infunderet</strong></span> <span class='ocrx_word' id='word_1_511' title='bbox 1334 3498 1600 3563; x_wconf 90' lang='lat' dir='ltr'><strong>omnibus,</strong></span> <span class='ocrx_word' id='word_1_512' title='bbox 1632 3498 1733 3551; x_wconf 91' lang='lat' dir='ltr'><strong>hoc</strong></span> <span class='ocrx_word' id='word_1_513' title='bbox 1763 3507 1845 3552; x_wconf 90' lang='lat' dir='ltr'><strong>est</strong></span> 
     </span>
    </p>
   </div>
   <div class='ocr_carea' id='block_1_67' title="bbox 242 3588 1840 3655">
    <p class='ocr_par' dir='ltr' id='par_1_67' title="bbox 242 3588 1840 3655">
     <span class='ocr_line' id='line_1_67' title="bbox 242 3588 1840 3655; baseline 0 -13"><span class='ocrx_word' id='word_1_514' title='bbox 242 3588 588 3643; x_wconf 86' lang='lat' dir='ltr'><strong>Christianos</strong></span> <span class='ocrx_word' id='word_1_515' title='bbox 630 3597 852 3642; x_wconf 91' lang='lat' dir='ltr'><strong>cunctos</strong></span> <span class='ocrx_word' id='word_1_516' title='bbox 907 3588 1108 3642; x_wconf 89' lang='lat' dir='ltr'><strong>faceret</strong></span> <span class='ocrx_word' id='word_1_517' title='bbox 1136 3604 1254 3642; x_wconf 89' lang='lat' dir='ltr'><strong>esse</strong></span> <span class='ocrx_word' id='word_1_518' title='bbox 1282 3589 1425 3655; x_wconf 90' lang='lat' dir='ltr'><strong>quod</strong></span> <span class='ocrx_word' id='word_1_519' title='bbox 1466 3588 1711 3643; x_wconf 87' lang='lat' dir='ltr'><strong>Christus</strong></span> <span class='ocrx_word' id='word_1_520' title='bbox 1740 3598 1840 3644; x_wconf 89' lang='lat' dir='ltr'><strong>est.</strong></span> 
     </span>
    </p>
   </div>
   <div class='ocr_carea' id='block_1_68' title="bbox 244 3677 1841 3748">
    <p class='ocr_par' dir='ltr' id='par_1_68' title="bbox 244 3677 1841 3748">
     <span class='ocr_line' id='line_1_68' title="bbox 244 3677 1841 3748; baseline 0.001 -15"><span class='ocrx_word' id='word_1_521' title='bbox 244 3679 391 3733; x_wconf 84' lang='lat' dir='ltr'><strong>Nam</strong></span> <span class='ocrx_word' id='word_1_522' title='bbox 429 3677 442 3715; x_wconf 80' lang='grc' dir='ltr'><strong>ί</strong></span> <span class='ocrx_word' id='word_1_523' title='bbox 478 3679 623 3748; x_wconf 87' lang='lat' dir='ltr'><strong>quod</strong></span> <span class='ocrx_word' id='word_1_524' title='bbox 677 3680 839 3733; x_wconf 92' lang='lat' dir='ltr'><strong>homo</strong></span> <span class='ocrx_word' id='word_1_525' title='bbox 870 3680 1127 3734; x_wconf 92' lang='lat' dir='ltr'><strong>Dominus</strong></span> <span class='ocrx_word' id='word_1_526' title='bbox 1173 3679 1327 3737; x_wconf 83' lang='lat' dir='ltr'><strong>Jesus</strong></span> <span class='ocrx_word' id='word_1_527' title='bbox 1368 3690 1423 3735; x_wconf 92' lang='lat' dir='ltr'><strong>et</strong></span> <span class='ocrx_word' id='word_1_528' title='bbox 1457 3681 1601 3735; x_wconf 89' lang='lat' dir='ltr'><strong>solus</strong></span> <span class='ocrx_word' id='word_1_529' title='bbox 1626 3681 1841 3734; x_wconf 88' lang='lat' dir='ltr'><strong>essetin</strong></span> 
     </span>
    </p>
   </div>
   <div class='ocr_carea' id='block_1_69' title="bbox 247 3769 1841 3838">
    <p class='ocr_par' dir='ltr' id='par_1_69' title="bbox 247 3769 1841 3838">
     <span class='ocr_line' id='line_1_69' title="bbox 247 3769 1841 3838; baseline 0 -15"><span class='ocrx_word' id='word_1_530' title='bbox 247 3769 481 3833; x_wconf 89' lang='lat' dir='ltr'><strong>mundo,</strong></span> <span class='ocrx_word' id='word_1_531' title='bbox 542 3778 791 3838; x_wconf 90' lang='lat' dir='ltr'><strong>tanquam</strong></span> <span class='ocrx_word' id='word_1_532' title='bbox 840 3769 1158 3823; x_wconf 88' lang='lat' dir='ltr'><strong>fermentum</strong></span> <span class='ocrx_word' id='word_1_533' title='bbox 1202 3770 1255 3824; x_wconf 90' lang='lat' dir='ltr'><strong>in</strong></span> <span class='ocrx_word' id='word_1_534' title='bbox 1283 3786 1458 3824; x_wconf 89' lang='lat' dir='ltr'><strong>massa</strong></span> <span class='ocrx_word' id='word_1_535' title='bbox 1488 3770 1841 3833; x_wconf 90' lang='lat' dir='ltr'><strong>reconditum,</strong></span> 
     </span>
    </p>
   </div>
   <div class='ocr_carea' id='block_1_70' title="bbox 246 3859 1847 3930">
    <p class='ocr_par' dir='ltr' id='par_1_70' title="bbox 246 3859 1847 3930">
     <span class='ocr_line' id='line_1_70' title="bbox 246 3859 1847 3930; baseline -0.001 -16"><span class='ocrx_word' id='word_1_536' title='bbox 246 3861 538 3914; x_wconf 84' lang='lat' dir='ltr'><strong>universos</strong></span> <span class='ocrx_word' id='word_1_537' title='bbox 566 3861 809 3913; x_wconf 86' lang='lat' dir='ltr'><strong>homines</strong></span> <span class='ocrx_word' id='word_1_538' title='bbox 836 3861 1082 3929; x_wconf 63' lang='lat' dir='ltr'><strong>praestitit</strong></span> <span class='ocrx_word' id='word_1_539' title='bbox 1104 3875 1223 3915; x_wconf 91' lang='lat' dir='ltr'><strong>esse</strong></span> <span class='ocrx_word' id='word_1_540' title='bbox 1245 3861 1388 3930; x_wconf 89' lang='lat' dir='ltr'><strong>quod</strong></span> <span class='ocrx_word' id='word_1_541' title='bbox 1420 3862 1534 3929; x_wconf 88' lang='lat' dir='ltr'><strong>ipse</strong></span> <span class='ocrx_word' id='word_1_542' title='bbox 1557 3870 1656 3915; x_wconf 90' lang='lat' dir='ltr'><strong>est.</strong></span> <span class='ocrx_word' id='word_1_543' title='bbox 1690 3859 1847 3925; x_wconf 85' lang='lat' dir='ltr'><strong>Quis-</strong></span> 
     </span>
    </p>
   </div>
   <div class='ocr_carea' id='block_1_71' title="bbox 245 3945 1848 4020">
    <p class='ocr_par' dir='ltr' id='par_1_71' title="bbox 245 3945 1848 4020">
     <span class='ocr_line' id='line_1_71' title="bbox 245 3945 1848 4020; baseline -0.001 -16"><span class='ocrx_word' id='word_1_544' title='bbox 245 3951 381 4020; x_wconf 82' lang='lat' dir='ltr'><strong>quis</strong></span> <span class='ocrx_word' id='word_1_545' title='bbox 410 3950 573 4018; x_wconf 81' lang='lat' dir='ltr'><strong>igitur</strong></span> <span class='ocrx_word' id='word_1_546' title='bbox 606 3954 618 3999; x_wconf 71' lang='grc' dir='ltr'><strong>ἑ</strong></span> <span class='ocrx_word' id='word_1_547' title='bbox 662 3951 736 4003; x_wconf 87' lang='lat' dir='ltr'><strong>illi</strong></span> <span class='ocrx_word' id='word_1_548' title='bbox 768 3949 1028 4004; x_wconf 87' lang='lat' dir='ltr'><strong>fermento</strong></span> <span class='ocrx_word' id='word_1_549' title='bbox 1058 3949 1254 4004; x_wconf 89' lang='lat' dir='ltr'><strong>Christi</strong></span> <span class='ocrx_word' id='word_1_550' title='bbox 1283 3948 1585 4017; x_wconf 70' lang='lat' dir='ltr'><strong>adhaeserit,</strong></span> <span class='ocrx_word' id='word_1_551' title='bbox 1618 3945 1848 4005; x_wconf 72' lang='lat' dir='ltr'><strong>efﬁcitur</strong></span> 
     </span>
    </p>
   </div>
   <div class='ocr_carea' id='block_1_72' title="bbox 248 4038 1849 4109">
    <p class='ocr_par' dir='ltr' id='par_1_72' title="bbox 248 4038 1849 4109">
     <span class='ocr_line' id='line_1_72' title="bbox 248 4038 1849 4109; baseline -0.002 -14"><span class='ocrx_word' id='word_1_552' title='bbox 248 4050 306 4095; x_wconf 89' lang='lat' dir='ltr'><strong>et</strong></span> <span class='ocrx_word' id='word_1_553' title='bbox 341 4038 464 4109; x_wconf 89' lang='lat' dir='ltr'><strong>ipse</strong></span> <span class='ocrx_word' id='word_1_554' title='bbox 494 4038 811 4093; x_wconf 85' lang='lat' dir='ltr'><strong>fermentum</strong></span> <span class='ocrx_word' id='word_1_555' title='bbox 839 4047 946 4092; x_wconf 86' lang='lat' dir='ltr'><strong>tam</strong></span> <span class='ocrx_word' id='word_1_556' title='bbox 975 4038 1076 4092; x_wconf 91' lang='lat' dir='ltr'><strong>sibi</strong></span> <span class='ocrx_word' id='word_1_557' title='bbox 1098 4039 1242 4092; x_wconf 91' lang='lat' dir='ltr'><strong>utilis</strong></span> <span class='ocrx_word' id='word_1_558' title='bbox 1270 4053 1430 4106; x_wconf 89' lang='lat' dir='ltr'><strong>quam</strong></span> <span class='ocrx_word' id='word_1_559' title='bbox 1458 4039 1682 4093; x_wconf 89' lang='lat' dir='ltr'><strong>idoneus</strong></span> <span class='ocrx_word' id='word_1_560' title='bbox 1731 4038 1849 4091; x_wconf 88' lang='lat' dir='ltr'><strong>uni-</strong></span> 
     </span>
    </p>
   </div>
   <div class='ocr_carea' id='block_1_73' title="bbox 250 4129 1851 4197">
    <p class='ocr_par' dir='ltr' id='par_1_73' title="bbox 250 4129 1851 4197">
     <span class='ocr_line' id='line_1_73' title="bbox 250 4129 1851 4197; baseline -0.002 -12"><span class='ocrx_word' id='word_1_561' title='bbox 250 4131 467 4195; x_wconf 84' lang='lat' dir='ltr'><strong>versis;</strong></span> <span class='ocrx_word' id='word_1_562' title='bbox 498 4130 636 4183; x_wconf 90' lang='lat' dir='ltr'><strong>etde</strong></span> <span class='ocrx_word' id='word_1_563' title='bbox 664 4145 761 4183; x_wconf 88' lang='lat' dir='ltr'><strong>sua</strong></span> <span class='ocrx_word' id='word_1_564' title='bbox 783 4137 961 4184; x_wconf 90' lang='lat' dir='ltr'><strong>certus</strong></span> <span class='ocrx_word' id='word_1_565' title='bbox 988 4130 1183 4193; x_wconf 92' lang='lat' dir='ltr'><strong>salute,</strong></span> <span class='ocrx_word' id='word_1_566' title='bbox 1209 4136 1265 4183; x_wconf 91' lang='lat' dir='ltr'><strong>et</strong></span> <span class='ocrx_word' id='word_1_567' title='bbox 1287 4129 1355 4183; x_wconf 91' lang='lat' dir='ltr'><strong>de</strong></span> <span class='ocrx_word' id='word_1_568' title='bbox 1376 4129 1601 4182; x_wconf 91' lang='lat' dir='ltr'><strong>aliorum</strong></span> <span class='ocrx_word' id='word_1_569' title='bbox 1626 4129 1851 4197; x_wconf 90' lang='lat' dir='ltr'><strong>acquisi-</strong></span> 
     </span>
    </p>
   </div>
   <div class='ocr_carea' id='block_1_74' title="bbox 251 4220 1852 4288">
    <p class='ocr_par' dir='ltr' id='par_1_74' title="bbox 251 4220 1852 4288">
     <span class='ocr_line' id='line_1_74' title="bbox 251 4220 1852 4288; baseline -0.001 -12"><span class='ocrx_word' id='word_1_570' title='bbox 251 4224 410 4276; x_wconf 87' lang='lat' dir='ltr'><strong>tione</strong></span> <span class='ocrx_word' id='word_1_571' title='bbox 436 4236 672 4275; x_wconf 86' lang='lat' dir='ltr'><strong>securus.</strong></span> <span class='ocrx_word' id='word_1_572' title='bbox 705 4220 855 4275; x_wconf 90' lang='lat' dir='ltr'><strong>Sicut</strong></span> <span class='ocrx_word' id='word_1_573' title='bbox 881 4221 1038 4288; x_wconf 82' lang='lat' dir='ltr'><strong>igitur</strong></span> <span class='ocrx_word' id='word_1_574' title='bbox 1068 4220 1412 4282; x_wconf 87' lang='lat' dir='ltr'><strong>fermentum,</strong></span> <span class='ocrx_word' id='word_1_575' title='bbox 1443 4235 1563 4274; x_wconf 90' lang='lat' dir='ltr'><strong>cum</strong></span> <span class='ocrx_word' id='word_1_576' title='bbox 1588 4222 1638 4273; x_wconf 92' lang='lat' dir='ltr'><strong>in</strong></span> <span class='ocrx_word' id='word_1_577' title='bbox 1670 4236 1852 4275; x_wconf 89' lang='lat' dir='ltr'><strong>eumu-</strong></span> 
     </span>
    </p>
   </div>
   <div class='ocr_carea' id='block_1_75' title="bbox 250 4310 1854 4381">
    <p class='ocr_par' dir='ltr' id='par_1_75' title="bbox 250 4310 1854 4381">
     <span class='ocr_line' id='line_1_75' title="bbox 250 4310 1854 4381; baseline -0.002 -16"><span class='ocrx_word' id='word_1_578' title='bbox 250 4313 375 4366; x_wconf 89' lang='lat' dir='ltr'><strong>lum</strong></span> <span class='ocrx_word' id='word_1_579' title='bbox 405 4310 865 4381; x_wconf 86' lang='lat' dir='ltr'><strong>conspergendum</strong></span> <span class='ocrx_word' id='word_1_580' title='bbox 891 4321 973 4366; x_wconf 91' lang='lat' dir='ltr'><strong>est</strong></span> <span class='ocrx_word' id='word_1_581' title='bbox 995 4311 1305 4377; x_wconf 86' lang='lat' dir='ltr'><strong>farinarum,</strong></span> <span class='ocrx_word' id='word_1_582' title='bbox 1324 4310 1695 4378; x_wconf 88' lang='lat' dir='ltr'><strong>eonfringitur,</strong></span> <span class='ocrx_word' id='word_1_583' title='bbox 1712 4326 1854 4365; x_wconf 75' lang='lat' dir='ltr'><strong>con:-</strong></span> 
     </span>
    </p>
   </div>
   <div class='ocr_carea' id='block_1_76' title="bbox 251 4400 1853 4477">
    <p class='ocr_par' dir='ltr' id='par_1_76' title="bbox 251 4400 1853 4477">
     <span class='ocr_line' id='line_1_76' title="bbox 251 4400 1853 4477; baseline -0.001 -22"><span class='ocrx_word' id='word_1_584' title='bbox 251 4402 544 4467; x_wconf 80' lang='lat' dir='ltr'><strong>minuitur,</strong></span> <span class='ocrx_word' id='word_1_585' title='bbox 572 4402 880 4471; x_wconf 89' lang='lat' dir='ltr'><strong>dissipatur,</strong></span> <span class='ocrx_word' id='word_1_586' title='bbox 914 4410 968 4456; x_wconf 92' lang='lat' dir='ltr'><strong>ct</strong></span> <span class='ocrx_word' id='word_1_587' title='bbox 1013 4402 1186 4471; x_wconf 91' lang='lat' dir='ltr'><strong>ipsum</strong></span> <span class='ocrx_word' id='word_1_588' title='bbox 1233 4416 1393 4455; x_wconf 90' lang='lat' dir='ltr'><strong>omne</strong></span> <span class='ocrx_word' id='word_1_589' title='bbox 1422 4400 1761 4465; x_wconf 89' lang='lat' dir='ltr'><strong>dissolvitur;</strong></span> <span class='ocrx_word' id='word_1_590' title='bbox 1784 4409 1853 4477; x_wconf 84' lang='lat' dir='ltr'><strong>ut</strong></span> 
     </span>
    </p>
   </div>
   <div class='ocr_carea' id='block_1_77' title="bbox 1942 3217 3532 3288">
    <p class='ocr_par' dir='ltr' id='par_1_77' title="bbox 1942 3217 3532 3288">
     <span class='ocr_line' id='line_1_77' title="bbox 1942 3217 3532 3288; baseline 0.001 -13"><span class='ocrx_word' id='word_1_591' title='bbox 1942 3221 2196 3275; x_wconf 88' lang='lat' dir='ltr'><strong>describit</strong></span> <span class='ocrx_word' id='word_1_592' title='bbox 2237 3222 2521 3285; x_wconf 85' lang='lat' dir='ltr'><strong>molentes,</strong></span> <span class='ocrx_word' id='word_1_593' title='bbox 2574 3232 2737 3288; x_wconf 90' lang='lat' dir='ltr'><strong>atque</strong></span> <span class='ocrx_word' id='word_1_594' title='bbox 2785 3237 2946 3275; x_wconf 86' lang='lat' dir='ltr'><strong>unam</strong></span> <span class='ocrx_word' id='word_1_595' title='bbox 2977 3217 3272 3276; x_wconf 80' lang='lat' dir='ltr'><strong>Eeelesiam</strong></span> <span class='ocrx_word' id='word_1_596' title='bbox 3297 3224 3532 3277; x_wconf 87' lang='lat' dir='ltr'><strong>diximus</strong></span> 
     </span>
    </p>
   </div>
   <div class='ocr_carea' id='block_1_78' title="bbox 1940 3310 3531 3382">
    <p class='ocr_par' dir='ltr' id='par_1_78' title="bbox 1940 3310 3531 3382">
     <span class='ocr_line' id='line_1_78' title="bbox 1940 3310 3531 3382; baseline 0.001 -18"><span class='ocrx_word' id='word_1_597' title='bbox 1940 3310 2224 3364; x_wconf 83' lang='lat' dir='ltr'><strong>salubriter</strong></span> <span class='ocrx_word' id='word_1_598' title='bbox 2245 3310 2479 3375; x_wconf 90' lang='lat' dir='ltr'><strong>molere;</strong></span> <span class='ocrx_word' id='word_1_599' title='bbox 2503 3311 2749 3377; x_wconf 87' lang='lat' dir='ltr'><strong>alteram,</strong></span> <span class='ocrx_word' id='word_1_600' title='bbox 2771 3326 2931 3379; x_wconf 90' lang='lat' dir='ltr'><strong>quam</strong></span> <span class='ocrx_word' id='word_1_601' title='bbox 2961 3313 3173 3365; x_wconf 89' lang='lat' dir='ltr'><strong>nonnisi</strong></span> <span class='ocrx_word' id='word_1_602' title='bbox 3193 3312 3531 3382; x_wconf 82' lang='lat' dir='ltr'><strong>Synagogam</strong></span> 
     </span>
    </p>
   </div>
   <div class='ocr_carea' id='block_1_79' title="bbox 1944 3402 3530 3474">
    <p class='ocr_par' dir='ltr' id='par_1_79' title="bbox 1944 3402 3530 3474">
     <span class='ocr_line' id='line_1_79' title="bbox 1944 3402 3530 3474; baseline 0 -18"><span class='ocrx_word' id='word_1_603' title='bbox 1944 3402 2191 3470; x_wconf 73' lang='lat' dir='ltr'><strong>accipere</strong></span> <span class='ocrx_word' id='word_1_604' title='bbox 2219 3402 2509 3456; x_wconf 87' lang='lat' dir='ltr'><strong>debemus?</strong></span> <span class='ocrx_word' id='word_1_605' title='bbox 2538 3403 2688 3457; x_wconf 88' lang='lat' dir='ltr'><strong>Molit</strong></span> <span class='ocrx_word' id='word_1_606' title='bbox 2716 3404 2859 3456; x_wconf 89' lang='lat' dir='ltr'><strong>enim</strong></span> <span class='ocrx_word' id='word_1_607' title='bbox 2882 3412 2937 3456; x_wconf 91' lang='lat' dir='ltr'><strong>et</strong></span> <span class='ocrx_word' id='word_1_608' title='bbox 2959 3404 3071 3472; x_wconf 89' lang='lat' dir='ltr'><strong>ipsa</strong></span> <span class='ocrx_word' id='word_1_609' title='bbox 3097 3420 3192 3471; x_wconf 87' lang='lat' dir='ltr'><strong>per</strong></span> <span class='ocrx_word' id='word_1_610' title='bbox 3232 3404 3449 3474; x_wconf 86' lang='lat' dir='ltr'><strong>Moysen</strong></span> <span class='ocrx_word' id='word_1_611' title='bbox 3476 3413 3530 3458; x_wconf 94' lang='lat' dir='ltr'><strong>et</strong></span> 
     </span>
    </p>
   </div>
   <div class='ocr_carea' id='block_1_80' title="bbox 1944 3494 3532 3564">
    <p class='ocr_par' dir='ltr' id='par_1_80' title="bbox 1944 3494 3532 3564">
     <span class='ocr_line' id='line_1_80' title="bbox 1944 3494 3532 3564; baseline 0.001 -18"><span class='ocrx_word' id='word_1_612' title='bbox 1944 3495 2255 3563; x_wconf 88' lang='lat' dir='ltr'><strong>prophetas,</strong></span> <span class='ocrx_word' id='word_1_613' title='bbox 2288 3494 2382 3548; x_wconf 91' lang='lat' dir='ltr'><strong>sed</strong></span> <span class='ocrx_word' id='word_1_614' title='bbox 2413 3494 2673 3549; x_wconf 89' lang='lat' dir='ltr'><strong>inutiliter</strong></span> <span class='ocrx_word' id='word_1_615' title='bbox 2698 3496 2870 3559; x_wconf 89' lang='lat' dir='ltr'><strong>molit,</strong></span> <span class='ocrx_word' id='word_1_616' title='bbox 2901 3496 3042 3550; x_wconf 90' lang='lat' dir='ltr'><strong>sicut</strong></span> <span class='ocrx_word' id='word_1_617' title='bbox 3072 3495 3199 3549; x_wconf 85' lang='lat' dir='ltr'><strong>dicit</strong></span> <span class='ocrx_word' id='word_1_618' title='bbox 3242 3496 3532 3564; x_wconf 81' lang='lat' dir='ltr'><strong>Apostolus</strong></span> 
     </span>
    </p>
   </div>
   <div class='ocr_carea' id='block_1_81' title="bbox 1944 3583 3529 3649">
    <p class='ocr_par' dir='ltr' id='par_1_81' title="bbox 1944 3583 3529 3649">
     <span class='ocr_line' id='line_1_81' title="bbox 1944 3583 3529 3649; baseline 0 -12"><span class='ocrx_word' id='word_1_619' title='bbox 1944 3584 2012 3638; x_wconf 90' lang='lat' dir='ltr'><strong>de</strong></span> <span class='ocrx_word' id='word_1_620' title='bbox 2048 3583 2244 3638; x_wconf 74' lang='lat' dir='ltr'><strong>Iudaeis</strong></span> <span class='ocrx_word' id='word_1_621' title='bbox 2277 3602 2289 3637; x_wconf 89' lang='lat'><strong>:</strong></span> <span class='ocrx_word' id='word_1_622' title='bbox 2347 3585 2744 3639; x_wconf 62' lang='lat' dir='ltr'><strong>aemulationem</strong></span> <span class='ocrx_word' id='word_1_623' title='bbox 2790 3586 2886 3639; x_wconf 92' lang='lat' dir='ltr'><strong>Dei</strong></span> <span class='ocrx_word' id='word_1_624' title='bbox 2932 3585 3149 3649; x_wconf 90' lang='lat' dir='ltr'><strong>habent,</strong></span> <span class='ocrx_word' id='word_1_625' title='bbox 3182 3585 3273 3639; x_wconf 90' lang='lat' dir='ltr'><strong>sed</strong></span> <span class='ocrx_word' id='word_1_626' title='bbox 3304 3601 3411 3638; x_wconf 91' lang='lat' dir='ltr'><strong>non</strong></span> <span class='ocrx_word' id='word_1_627' title='bbox 3441 3600 3529 3637; x_wconf 86' lang='lat' dir='ltr'><strong>se-</strong></span> 
     </span>
    </p>
   </div>
   <div class='ocr_carea' id='block_1_82' title="bbox 1946 3675 3529 3745">
    <p class='ocr_par' dir='ltr' id='par_1_82' title="bbox 1946 3675 3529 3745">
     <span class='ocr_line' id='line_1_82' title="bbox 1946 3675 3529 3745; baseline -0.001 -17"><span class='ocrx_word' id='word_1_628' title='bbox 1946 3675 2180 3728; x_wconf 89' lang='lat' dir='ltr'><strong>cundum</strong></span> <span class='ocrx_word' id='word_1_629' title='bbox 2232 3676 2533 3729; x_wconf 90' lang='lat' dir='ltr'><strong>scientiam.</strong></span> <span class='ocrx_word' id='word_1_630' title='bbox 2577 3675 2861 3743; x_wconf 88' lang='lat' dir='ltr'><strong>lnutiliter,</strong></span> <span class='ocrx_word' id='word_1_631' title='bbox 2907 3676 3145 3744; x_wconf 90' lang='lat' dir='ltr'><strong>inquam,</strong></span> <span class='ocrx_word' id='word_1_632' title='bbox 3172 3677 3323 3729; x_wconf 92' lang='lat' dir='ltr'><strong>molit</strong></span> <span class='ocrx_word' id='word_1_633' title='bbox 3356 3676 3529 3745; x_wconf 85' lang='lat' dir='ltr'><strong>Syna-</strong></span> 
     </span>
    </p>
   </div>
   <div class='ocr_carea' id='block_1_83' title="bbox 1945 3766 3520 3835">
    <p class='ocr_par' dir='ltr' id='par_1_83' title="bbox 1945 3766 3520 3835">
     <span class='ocr_line' id='line_1_83' title="bbox 1945 3766 3520 3835; baseline -0.001 -16"><span class='ocrx_word' id='word_1_634' title='bbox 1945 3780 2101 3835; x_wconf 84' lang='lat' dir='ltr'><strong>goga,</strong></span> <span class='ocrx_word' id='word_1_635' title='bbox 2133 3767 2257 3835; x_wconf 93' lang='lat' dir='ltr'><strong>quia</strong></span> <span class='ocrx_word' id='word_1_636' title='bbox 2304 3782 2534 3821; x_wconf 89' lang='lat' dir='ltr'><strong>massam</strong></span> <span class='ocrx_word' id='word_1_637' title='bbox 2563 3779 2712 3821; x_wconf 88' lang='lat' dir='ltr'><strong>suam</strong></span> <span class='ocrx_word' id='word_1_638' title='bbox 2760 3766 2956 3822; x_wconf 87' lang='lat' dir='ltr'><strong>Christi</strong></span> <span class='ocrx_word' id='word_1_639' title='bbox 2986 3768 3228 3822; x_wconf 88' lang='lat' dir='ltr'><strong>doctrina</strong></span> <span class='ocrx_word' id='word_1_640' title='bbox 3255 3782 3362 3821; x_wconf 92' lang='lat' dir='ltr'><strong>non</strong></span> <span class='ocrx_word' id='word_1_641' title='bbox 3385 3776 3520 3820; x_wconf 84' lang='lat' dir='ltr'><strong>tem-</strong></span> 
     </span>
    </p>
   </div>
   <div class='ocr_carea' id='block_1_84' title="bbox 1932 3856 3533 3928">
    <p class='ocr_par' dir='ltr' id='par_1_84' title="bbox 1932 3856 3533 3928">
     <span class='ocr_line' id='line_1_84' title="bbox 1932 3856 3533 3928; baseline 0 -19"><span class='ocrx_word' id='word_1_642' title='bbox 1932 3866 2122 3926; x_wconf 89' lang='lat' dir='ltr'><strong>perat.</strong></span> <span class='ocrx_word' id='word_1_643' title='bbox 2146 3857 2320 3926; x_wconf 90' lang='lat' dir='ltr'><strong>Atque</strong></span> <span class='ocrx_word' id='word_1_644' title='bbox 2342 3858 2461 3912; x_wconf 90' lang='lat' dir='ltr'><strong>ideo</strong></span> <span class='ocrx_word' id='word_1_645' title='bbox 2492 3858 2796 3912; x_wconf 88' lang='lat' dir='ltr'><strong>evitandum</strong></span> <span class='ocrx_word' id='word_1_646' title='bbox 2825 3859 3063 3927; x_wconf 65' lang='lat' dir='ltr'><strong>prmi-ipit</strong></span> <span class='ocrx_word' id='word_1_647' title='bbox 3103 3856 3397 3928; x_wconf 74' lang='lat' dir='ltr'><strong>Synagoga:</strong></span> <span class='ocrx_word' id='word_1_648' title='bbox 3428 3856 3533 3909; x_wconf 93' lang='lat' dir='ltr'><strong>Do-</strong></span> 
     </span>
    </p>
   </div>
   <div class='ocr_carea' id='block_1_85' title="bbox 1948 3947 3535 4019">
    <p class='ocr_par' dir='ltr' id='par_1_85' title="bbox 1948 3947 3535 4019">
     <span class='ocr_line' id='line_1_85' title="bbox 1948 3947 3535 4019; baseline 0 -18"><span class='ocrx_word' id='word_1_649' title='bbox 1948 3950 2126 4002; x_wconf 90' lang='lat' dir='ltr'><strong>minus</strong></span> <span class='ocrx_word' id='word_1_650' title='bbox 2154 3963 2273 4003; x_wconf 89' lang='lat' dir='ltr'><strong>esse</strong></span> <span class='ocrx_word' id='word_1_651' title='bbox 2302 3947 2622 4002; x_wconf 89' lang='lat' dir='ltr'><strong>fermentum</strong></span> <span class='ocrx_word' id='word_1_652' title='bbox 2654 3949 2839 4003; x_wconf 89' lang='lat' dir='ltr'><strong>dicens</strong></span> <span class='ocrx_word' id='word_1_653' title='bbox 2867 3968 2879 4002; x_wconf 90' lang='lat'><strong>:</strong></span> <span class='ocrx_word' id='word_1_654' title='bbox 2912 3949 3096 4003; x_wconf 84' lang='lat' dir='ltr'><strong>Cavete</strong></span> <span class='ocrx_word' id='word_1_655' title='bbox 3118 3966 3204 4002; x_wconf 86' lang='lat' dir='ltr'><strong>vos</strong></span> <span class='ocrx_word' id='word_1_656' title='bbox 3231 3966 3263 4001; x_wconf 93' lang='lat' dir='ltr'><strong>a</strong></span> <span class='ocrx_word' id='word_1_657' title='bbox 3286 3950 3535 4019; x_wconf 74' lang='lat' dir='ltr'><strong>fermento</strong></span> 
     </span>
    </p>
   </div>
   <div class='ocr_carea' id='block_1_86' title="bbox 1951 4038 3535 4112">
    <p class='ocr_par' dir='ltr' id='par_1_86' title="bbox 1951 4038 3535 4112">
     <span class='ocr_line' id='line_1_86' title="bbox 1951 4038 3535 4112; baseline -0.001 -19"><span class='ocrx_word' id='word_1_658' title='bbox 1951 4038 2339 4096; x_wconf 66' lang='lat' dir='ltr'><strong>Pharisaaorum</strong></span> <span class='ocrx_word' id='word_1_659' title='bbox 2363 4040 2577 4112; x_wconf 82' lang='lat' dir='ltr'><strong>(Matth.</strong></span> <span class='ocrx_word' id='word_1_660' title='bbox 2611 4042 2686 4111; x_wconf 86' lang='lat' dir='ltr'><strong>x).</strong></span> <span class='ocrx_word' id='word_1_661' title='bbox 2720 4041 3097 4111; x_wconf 88' lang='lat' dir='ltr'><strong>Temperatum</strong></span> <span class='ocrx_word' id='word_1_662' title='bbox 3126 4048 3210 4094; x_wconf 91' lang='lat' dir='ltr'><strong>est</strong></span> <span class='ocrx_word' id='word_1_663' title='bbox 3238 4041 3381 4095; x_wconf 89' lang='lat' dir='ltr'><strong>enim</strong></span> <span class='ocrx_word' id='word_1_664' title='bbox 3410 4054 3535 4094; x_wconf 85' lang='lat' dir='ltr'><strong>san-</strong></span> 
     </span>
    </p>
   </div>
   <div class='ocr_carea' id='block_1_87' title="bbox 1942 4133 3539 4201">
    <p class='ocr_par' dir='ltr' id='par_1_87' title="bbox 1942 4133 3539 4201">
     <span class='ocr_line' id='line_1_87' title="bbox 1942 4133 3539 4201; baseline 0 -15"><span class='ocrx_word' id='word_1_665' title='bbox 1942 4133 2200 4201; x_wconf 59' lang='lat' dir='ltr'><strong>,guinibus</strong></span> <span class='ocrx_word' id='word_1_666' title='bbox 2240 4140 2294 4187; x_wconf 89' lang='lat' dir='ltr'><strong>et</strong></span> <span class='ocrx_word' id='word_1_667' title='bbox 2323 4134 2728 4187; x_wconf 81' lang='lat' dir='ltr'><strong>crudelitatihus</strong></span> <span class='ocrx_word' id='word_1_668' title='bbox 2770 4133 3079 4187; x_wconf 64' lang='lat' dir='ltr'><strong>Iudaeorum</strong></span> <span class='ocrx_word' id='word_1_669' title='bbox 3132 4134 3424 4188; x_wconf 89' lang='lat' dir='ltr'><strong>dicentium</strong></span> <span class='ocrx_word' id='word_1_670' title='bbox 3473 4133 3539 4186; x_wconf 90' lang='lat' dir='ltr'><strong>de</strong></span> 
     </span>
    </p>
   </div>
   <div class='ocr_carea' id='block_1_88' title="bbox 1952 4223 3538 4293">
    <p class='ocr_par' dir='ltr' id='par_1_88' title="bbox 1952 4223 3538 4293">
     <span class='ocr_line' id='line_1_88' title="bbox 1952 4223 3538 4293; baseline -0.001 -16"><span class='ocrx_word' id='word_1_671' title='bbox 1952 4224 2181 4277; x_wconf 89' lang='lat' dir='ltr'><strong>Domino</strong></span> <span class='ocrx_word' id='word_1_672' title='bbox 2209 4241 2221 4276; x_wconf 93' lang='lat'><strong>:</strong></span> <span class='ocrx_word' id='word_1_673' title='bbox 2264 4224 2491 4293; x_wconf 83' lang='lat' dir='ltr'><strong>Sanguis</strong></span> <span class='ocrx_word' id='word_1_674' title='bbox 2522 4232 2551 4283; x_wconf 56' lang='grc' dir='ltr'><strong>εξ</strong></span> <span class='ocrx_word' id='word_1_675' title='bbox 2572 4224 2681 4292; x_wconf 83' lang='lat' dir='ltr'><strong>ejus</strong></span> <span class='ocrx_word' id='word_1_676' title='bbox 2710 4240 2862 4291; x_wconf 82' lang='lat' dir='ltr'><strong>super</strong></span> <span class='ocrx_word' id='word_1_677' title='bbox 2896 4242 2988 4277; x_wconf 83' lang='lat' dir='ltr'><strong>nos</strong></span> <span class='ocrx_word' id='word_1_678' title='bbox 3018 4234 3065 4277; x_wconf 87' lang='lat' dir='ltr'><strong>et</strong></span> <span class='ocrx_word' id='word_1_679' title='bbox 3088 4240 3244 4292; x_wconf 85' lang='lat' dir='ltr'><strong>super</strong></span> <span class='ocrx_word' id='word_1_680' title='bbox 3272 4223 3409 4293; x_wconf 82' lang='lat' dir='ltr'><strong>ﬁlios</strong></span> <span class='ocrx_word' id='word_1_681' title='bbox 3440 4240 3538 4276; x_wconf 83' lang='lat' dir='ltr'><strong>no-</strong></span> 
     </span>
    </p>
   </div>
   <div class='ocr_carea' id='block_1_89' title="bbox 1936 4312 3539 4382">
    <p class='ocr_par' dir='ltr' id='par_1_89' title="bbox 1936 4312 3539 4382">
     <span class='ocr_line' id='line_1_89' title="bbox 1936 4312 3539 4382; baseline -0.005 -12"><span class='ocrx_word' id='word_1_682' title='bbox 1936 4326 2108 4370; x_wconf 83' lang='lat' dir='ltr'><strong>stros.</strong></span> <span class='ocrx_word' id='word_1_683' title='bbox 2136 4314 2288 4370; x_wconf 88' lang='lat' dir='ltr'><strong>Unde</strong></span> <span class='ocrx_word' id='word_1_684' title='bbox 2310 4315 2384 4368; x_wconf 89' lang='lat' dir='ltr'><strong>ait</strong></span> <span class='ocrx_word' id='word_1_685' title='bbox 2404 4314 2746 4382; x_wconf 86' lang='lat' dir='ltr'><strong>Evangelium</strong></span> <span class='ocrx_word' id='word_1_686' title='bbox 2769 4330 2780 4364; x_wconf 86' lang='lat'><strong>:</strong></span> <span class='ocrx_word' id='word_1_687' title='bbox 2809 4312 2977 4366; x_wconf 81' lang='lat' dir='ltr'><strong>Erunt</strong></span> <span class='ocrx_word' id='word_1_688' title='bbox 2997 4313 3114 4365; x_wconf 71' lang='lat' dir='ltr'><strong>dum</strong></span> <span class='ocrx_word' id='word_1_689' title='bbox 3133 4317 3383 4365; x_wconf 85' lang='lat' dir='ltr'><strong>metentes</strong></span> <span class='ocrx_word' id='word_1_690' title='bbox 3401 4330 3415 4373; x_wconf 90' lang='lat'><strong>;</strong></span> <span class='ocrx_word' id='word_1_691' title='bbox 3434 4326 3539 4363; x_wconf 83' lang='lat' dir='ltr'><strong>una</strong></span> 
     </span>
    </p>
   </div>
   <div class='ocr_carea' id='block_1_90' title="bbox 1954 4402 3532 4472">
    <p class='ocr_par' dir='ltr' id='par_1_90' title="bbox 1954 4402 3532 4472">
     <span class='ocr_line' id='line_1_90' title="bbox 1954 4402 3532 4472; baseline -0.004 -13"><span class='ocrx_word' id='word_1_692' title='bbox 1954 4412 2260 4472; x_wconf 69' lang='lat' dir='ltr'><strong>assumetur,</strong></span> <span class='ocrx_word' id='word_1_693' title='bbox 2282 4412 2330 4458; x_wconf 91' lang='lat' dir='ltr'><strong>et</strong></span> <span class='ocrx_word' id='word_1_694' title='bbox 2353 4421 2461 4457; x_wconf 82' lang='lat' dir='ltr'><strong>una</strong></span> <span class='ocrx_word' id='word_1_695' title='bbox 2490 4404 2828 4472; x_wconf 80' lang='lat' dir='ltr'><strong>relinquetur.</strong></span> <span class='ocrx_word' id='word_1_696' title='bbox 2861 4403 3178 4457; x_wconf 84' lang='lat' dir='ltr'><strong>Assumetur</strong></span> <span class='ocrx_word' id='word_1_697' title='bbox 3198 4403 3340 4455; x_wconf 89' lang='lat' dir='ltr'><strong>enim</strong></span> <span class='ocrx_word' id='word_1_698' title='bbox 3365 4402 3415 4453; x_wconf 91' lang='lat' dir='ltr'><strong>iu</strong></span> <span class='ocrx_word' id='word_1_699' title='bbox 3448 4416 3532 4453; x_wconf 87' lang='lat' dir='ltr'><strong>re-</strong></span> 
     </span>
    </p>
   </div>
   <div class='ocr_carea' id='block_1_91' title="bbox 253 4490 3537 4568">
    <p class='ocr_par' dir='ltr' id='par_1_91' title="bbox 253 4490 3537 4568">
     <span class='ocr_line' id='line_1_91' title="bbox 253 4490 3537 4568; baseline -0.002 -19"><span class='ocrx_word' id='word_1_700' title='bbox 253 4495 565 4564; x_wconf 86' lang='lat' dir='ltr'><strong>dispcrsam</strong></span> <span class='ocrx_word' id='word_1_701' title='bbox 598 4494 745 4547; x_wconf 89' lang='lat' dir='ltr'><strong>illam</strong></span> <span class='ocrx_word' id='word_1_702' title='bbox 771 4492 956 4546; x_wconf 85' lang='lat' dir='ltr'><strong>farinae</strong></span> <span class='ocrx_word' id='word_1_703' title='bbox 984 4492 1379 4547; x_wconf 88' lang='lat' dir='ltr'><strong>multitudinem</strong></span> <span class='ocrx_word' id='word_1_704' title='bbox 1435 4493 1488 4546; x_wconf 91' lang='lat' dir='ltr'><strong>in</strong></span> <span class='ocrx_word' id='word_1_705' title='bbox 1517 4508 1680 4545; x_wconf 89' lang='lat' dir='ltr'><strong>unum</strong></span> <span class='ocrx_word' id='word_1_706' title='bbox 1713 4491 1738 4528; x_wconf 75' lang='grc' dir='ltr'><strong>¹ί</strong></span> <span class='ocrx_word' id='word_1_707' title='bbox 1768 4492 1851 4545; x_wconf 91' lang='lat' dir='ltr'><strong>vi-</strong></span> <span class='ocrx_word' id='word_1_708' title='bbox 1878 4504 1931 4565; x_wconf 82' lang='lat' dir='ltr'><strong>D</strong></span> <span class='ocrx_word' id='word_1_709' title='bbox 1956 4498 2133 4568; x_wconf 80' lang='lat' dir='ltr'><strong>quiem</strong></span> <span class='ocrx_word' id='word_1_710' title='bbox 2153 4504 2408 4550; x_wconf 58' lang='lat' dir='ltr'><strong>{sternam</strong></span> <span class='ocrx_word' id='word_1_711' title='bbox 2430 4494 2487 4549; x_wconf 89' lang='lat' dir='ltr'><strong>S.</strong></span> <span class='ocrx_word' id='word_1_712' title='bbox 2520 4494 2778 4557; x_wconf 81' lang='lat' dir='ltr'><strong>Ecclesia,</strong></span> <span class='ocrx_word' id='word_1_713' title='bbox 2805 4508 2925 4564; x_wconf 75' lang='lat' dir='ltr'><strong>qua:</strong></span> <span class='ocrx_word' id='word_1_714' title='bbox 2952 4493 3181 4547; x_wconf 85' lang='lat' dir='ltr'><strong>Domino</strong></span> <span class='ocrx_word' id='word_1_715' title='bbox 3209 4490 3387 4545; x_wconf 90' lang='lat' dir='ltr'><strong>cibum</strong></span> <span class='ocrx_word' id='word_1_716' title='bbox 3412 4504 3537 4542; x_wconf 86' lang='lat' dir='ltr'><strong>san-</strong></span> 
     </span>
    </p>
   </div>
   <div class='ocr_carea' id='block_1_92' title="bbox 252 4585 1847 4655">
    <p class='ocr_par' dir='ltr' id='par_1_92' title="bbox 252 4585 1847 4655">
     <span class='ocr_line' id='line_1_92' title="bbox 252 4585 1847 4655; baseline -0.002 -14"><span class='ocrx_word' id='word_1_717' title='bbox 252 4600 453 4655; x_wconf 80' lang='lat' dir='ltr'><strong>gorem</strong></span> <span class='ocrx_word' id='word_1_718' title='bbox 473 4585 822 4652; x_wconf 83' lang='lat' dir='ltr'><strong>constringat,</strong></span> <span class='ocrx_word' id='word_1_719' title='bbox 856 4592 1017 4653; x_wconf 90' lang='lat' dir='ltr'><strong>atque</strong></span> <span class='ocrx_word' id='word_1_720' title='bbox 1047 4585 1100 4638; x_wconf 91' lang='lat' dir='ltr'><strong>in</strong></span> <span class='ocrx_word' id='word_1_721' title='bbox 1128 4585 1354 4639; x_wconf 89' lang='lat' dir='ltr'><strong>solidum</strong></span> <span class='ocrx_word' id='word_1_722' title='bbox 1401 4600 1598 4654; x_wconf 90' lang='lat' dir='ltr'><strong>corpus</strong></span> <span class='ocrx_word' id='word_1_723' title='bbox 1624 4585 1847 4653; x_wconf 81' lang='lat' dir='ltr'><strong>redigat,</strong></span> 
     </span>
    </p>
   </div>
   <div class='ocr_carea' id='block_1_93' title="bbox 250 4678 1852 4751">
    <p class='ocr_par' dir='ltr' id='par_1_93' title="bbox 250 4678 1852 4751">
     <span class='ocr_line' id='line_1_93' title="bbox 250 4678 1852 4751; baseline -0.002 -15"><span class='ocrx_word' id='word_1_724' title='bbox 250 4680 411 4751; x_wconf 84' lang='lat' dir='ltr'><strong>quod</strong></span> <span class='ocrx_word' id='word_1_725' title='bbox 437 4680 503 4734; x_wconf 55' lang='lat' dir='ltr'><strong>in»</strong></span> <span class='ocrx_word' id='word_1_726' title='bbox 514 4680 752 4751; x_wconf 87' lang='lat' dir='ltr'><strong>pulveris</strong></span> <span class='ocrx_word' id='word_1_727' title='bbox 774 4678 991 4734; x_wconf 89' lang='lat' dir='ltr'><strong>modum</strong></span> <span class='ocrx_word' id='word_1_728' title='bbox 1015 4678 1130 4748; x_wconf 90' lang='lat' dir='ltr'><strong>ipsa</strong></span> <span class='ocrx_word' id='word_1_729' title='bbox 1154 4679 1524 4735; x_wconf 83' lang='lat' dir='ltr'><strong>demimttione</strong></span> <span class='ocrx_word' id='word_1_730' title='bbox 1546 4678 1852 4747; x_wconf 82' lang='lat' dir='ltr'><strong>languebat;</strong></span> 
     </span>
    </p>
   </div>
   <div class='ocr_carea' id='block_1_94' title="bbox 336 4936 1753 5013">
    <p class='ocr_par' dir='ltr' id='par_1_94' title="bbox 336 4936 1753 5013">
     <span class='ocr_line' id='line_1_94' title="bbox 336 4936 1753 5013; baseline -0.001 -17"><span class='ocrx_word' id='word_1_731' title='bbox 336 4941 531 5013; x_wconf 52' lang='lat' dir='ltr'><strong>Fgod.</strong></span> <span class='ocrx_word' id='word_1_732' title='bbox 564 4936 1155 5013; x_wconf 42' lang='lat' dir='ltr'><strong>lOLaurent.,:reddit.</strong></span> <span class='ocrx_word' id='word_1_733' title='bbox 1192 5000 1197 5007; x_wconf 28' lang='grc' dir='ltr'><strong><em>ν</em></strong></span> <span class='ocrx_word' id='word_1_734' title='bbox 1320 5012 1323 5013; x_wconf 15' lang='grc' dir='ltr'><em>ν</em></span> <span class='ocrx_word' id='word_1_735' title='bbox 1542 5008 1545 5009; x_wconf 17' lang='grc' dir='ltr'><em>ν</em></span> <span class='ocrx_word' id='word_1_736' title='bbox 1615 5011 1622 5013; x_wconf 94' lang='lat'>_</span> <span class='ocrx_word' id='word_1_737' title='bbox 1675 5010 1699 5013; x_wconf 21' lang='grc' dir='ltr'>Α</span> <span class='ocrx_word' id='word_1_738' title='bbox 1730 5008 1753 5013; x_wconf 16' lang='grc' dir='ltr'>Μ</span> 
     </span>
    </p>
   </div>
   <div class='ocr_carea' id='block_1_95' title="bbox 336 5006 1851 5083">
    <p class='ocr_par' dir='ltr' id='par_1_95' title="bbox 336 5006 1851 5083">
     <span class='ocr_line' id='line_1_95' title="bbox 336 5006 1851 5083; baseline 0.001 -19"><span class='ocrx_word' id='word_1_739' title='bbox 336 5012 365 5083; x_wconf 51' lang='grc' dir='ltr'><strong>ἒ</strong></span> <span class='ocrx_word' id='word_1_740' title='bbox 397 5009 534 5067; x_wconf 82' lang='lat' dir='ltr'><strong>Tres</strong></span> <span class='ocrx_word' id='word_1_741' title='bbox 561 5008 683 5083; x_wconf 81' lang='lat' dir='ltr'><strong>cod.</strong></span> <span class='ocrx_word' id='word_1_742' title='bbox 725 5012 898 5083; x_wconf 80' lang='lat' dir='ltr'><strong>supra</strong></span> <span class='ocrx_word' id='word_1_743' title='bbox 916 5006 1006 5066; x_wconf 89' lang='lat' dir='ltr'><strong>cit.</strong></span> <span class='ocrx_word' id='word_1_744' title='bbox 1049 5012 1229 5080; x_wconf 77' lang='lat' dir='ltr'><strong>legunt</strong></span> <span class='ocrx_word' id='word_1_745' title='bbox 1257 5006 1389 5082; x_wconf 80' lang='lat' dir='ltr'><strong>q&#39;u&#39;a,‘</strong></span> <span class='ocrx_word' id='word_1_746' title='bbox 1407 5010 1462 5064; x_wconf 86' lang='lat' dir='ltr'><strong>id</strong></span> <span class='ocrx_word' id='word_1_747' title='bbox 1487 5008 1623 5081; x_wconf 86' lang='lat' dir='ltr'><strong>quod</strong></span> <span class='ocrx_word' id='word_1_748' title='bbox 1650 5008 1851 5079; x_wconf 65' lang='lat' dir='ltr'><strong>dixero,</strong></span> 
     </span>
    </p>
   </div>
   <div class='ocr_carea' id='block_1_96' title="bbox 260 5078 945 5152">
    <p class='ocr_par' dir='ltr' id='par_1_96' title="bbox 260 5078 945 5152">
     <span class='ocr_line' id='line_1_96' title="bbox 260 5078 945 5152; baseline 0 -18"><span class='ocrx_word' id='word_1_749' title='bbox 260 5082 402 5152; x_wconf 67' lang='lat' dir='ltr'><strong>ﬁdei</strong></span> <span class='ocrx_word' id='word_1_750' title='bbox 413 5078 688 5152; x_wconf 69' lang='lat' dir='ltr'><strong>givacitate</strong></span> <span class='ocrx_word' id='word_1_751' title='bbox 709 5078 945 5149; x_wconf 71' lang='lat' dir='ltr'><strong>capiatis.</strong></span> 
     </span>
    </p>
   </div>
   <div class='ocr_carea' id='block_1_97' title="bbox 344 5148 1850 5223">
    <p class='ocr_par' dir='ltr' id='par_1_97' title="bbox 344 5148 1850 5223">
     <span class='ocr_line' id='line_1_97' title="bbox 344 5148 1850 5223; baseline 0 -18"><span class='ocrx_word' id='word_1_752' title='bbox 344 5163 368 5190; x_wconf 75' lang='grc' dir='ltr'>ε</span> <span class='ocrx_word' id='word_1_753' title='bbox 397 5148 535 5205; x_wconf 78' lang='lat' dir='ltr'><strong>Cod.</strong></span> <span class='ocrx_word' id='word_1_754' title='bbox 567 5151 634 5205; x_wconf 83' lang='grc'>10</span> <span class='ocrx_word' id='word_1_755' title='bbox 666 5148 860 5223; x_wconf 63' lang='lat' dir='ltr'><strong>Laur.1</strong></span> <span class='ocrx_word' id='word_1_756' title='bbox 878 5150 1503 5223; x_wconf 63' lang='lat' dir='ltr'><strong>saccus,_ut_ltoctotum</strong></span> <span class='ocrx_word' id='word_1_757' title='bbox 1525 5153 1682 5223; x_wconf 74' lang='lat' dir='ltr'><strong>faciat</strong></span> <span class='ocrx_word' id='word_1_758' title='bbox 1722 5166 1850 5223; x_wconf 78' lang='lat' dir='ltr'><strong>esse,</strong></span> 
     </span>
    </p>
   </div>
   <div class='ocr_carea' id='block_1_98' title="bbox 261 5218 1855 5303">
    <p class='ocr_par' dir='ltr' id='par_1_98' title="bbox 261 5218 1855 5303">
     <span class='ocr_line' id='line_1_98' title="bbox 261 5218 1855 5303; baseline -0.001 -29"><span class='ocrx_word' id='word_1_759' title='bbox 261 5233 325 5303; x_wconf 65' lang='lat' dir='ltr'><strong>ut</strong></span> <span class='ocrx_word' id='word_1_760' title='bbox 350 5223 429 5275; x_wconf 85' lang='lat' dir='ltr'><strong>sic</strong></span> <span class='ocrx_word' id='word_1_761' title='bbox 455 5238 541 5303; x_wconf 81' lang='lat' dir='ltr'><strong>res</strong></span> <span class='ocrx_word' id='word_1_762' title='bbox 558 5223 672 5287; x_wconf 83' lang='lat' dir='ltr'><strong>ipsa</strong></span> <span class='ocrx_word' id='word_1_763' title='bbox 694 5232 788 5276; x_wconf 87' lang='lat' dir='ltr'><strong>est.</strong></span> <span class='ocrx_word' id='word_1_764' title='bbox 821 5220 955 5277; x_wconf 88' lang='lat' dir='ltr'><strong>Cod.</strong></span> <span class='ocrx_word' id='word_1_765' title='bbox 987 5218 1055 5274; x_wconf 87' lang='lat'><strong>90</strong></span> <span class='ocrx_word' id='word_1_766' title='bbox 1075 5219 1134 5275; x_wconf 91' lang='lat' dir='ltr'><strong>S.</strong></span> <span class='ocrx_word' id='word_1_767' title='bbox 1157 5219 1344 5275; x_wconf 89' lang='lat' dir='ltr'><strong>Crucis</strong></span> <span class='ocrx_word' id='word_1_768' title='bbox 1368 5220 1422 5274; x_wconf 89' lang='lat' dir='ltr'><strong>in</strong></span> <span class='ocrx_word' id='word_1_769' title='bbox 1441 5218 1548 5275; x_wconf 77' lang='lat' dir='ltr'><strong>Jer.</strong></span> <span class='ocrx_word' id='word_1_770' title='bbox 1582 5220 1855 5291; x_wconf 80' lang='lat' dir='ltr'><strong>legitquod</strong></span> 
     </span>
    </p>
   </div>
   <div class='ocr_carea' id='block_1_99' title="bbox 264 5302 1856 5470">
    <p class='ocr_par' dir='ltr' id='par_1_99' title="bbox 264 5302 1856 5470">
     <span class='ocr_line' id='line_1_99' title="bbox 276 5302 563 5345; baseline 0.007 -3"><span class='ocrx_word' id='word_1_771' title='bbox 276 5302 281 5303; x_wconf 64' lang='grc'><strong><em>⁷</em></strong></span> <span class='ocrx_word' id='word_1_772' title='bbox 328 5307 445 5343; x_wconf 79' lang='lat' dir='ltr'><strong>sum</strong></span> <span class='ocrx_word' id='word_1_773' title='bbox 526 5302 563 5345; x_wconf 88' lang='lat' dir='ltr'><strong>t.</strong></span> 
     </span>
     <span class='ocr_line' id='line_1_100' title="bbox 264 5308 1856 5470; baseline -0.001 -56"><span class='ocrx_word' id='word_1_774' title='bbox 264 5310 324 5470; x_wconf 48' lang='grc' dir='ltr'><strong>γ’</strong></span> <span class='ocrx_word' id='word_1_775' title='bbox 345 5360 371 5397; x_wconf 75' lang='grc' dir='ltr'>ἰ</span> <span class='ocrx_word' id='word_1_776' title='bbox 400 5308 537 5414; x_wconf 44' lang='lat' dir='ltr'><strong>Cesti.</strong></span> <span class='ocrx_word' id='word_1_777' title='bbox 567 5360 634 5414; x_wconf 97' lang='grc'><strong>90</strong></span> <span class='ocrx_word' id='word_1_778' title='bbox 661 5375 790 5416; x_wconf 86' lang='lat' dir='ltr'><strong>mox</strong></span> <span class='ocrx_word' id='word_1_779' title='bbox 833 5361 950 5427; x_wconf 90' lang='lat' dir='ltr'><strong>cit.,</strong></span> <span class='ocrx_word' id='word_1_780' title='bbox 991 5356 1194 5429; x_wconf 83' lang='lat' dir='ltr'><strong>semper</strong></span> <span class='ocrx_word' id='word_1_781' title='bbox 1225 5376 1317 5431; x_wconf 87' lang='lat' dir='ltr'><strong>per</strong></span> <span class='ocrx_word' id='word_1_782' title='bbox 1361 5358 1856 5415; x_wconf 73' lang='lat' dir='ltr'><strong>universam&#39;cilmu-</strong></span> 
     </span>
     <span class='ocr_line' id='line_1_101' title="bbox 296 5448 381 5470; baseline 0 0"><span class='ocrx_word' id='word_1_783' title='bbox 296 5448 381 5470; x_wconf 83' lang='lat' dir='ltr'><strong>nm</strong></span> 
     </span>
    </p>
   </div>
   <div class='ocr_carea' id='block_1_100' title="bbox 296 5448 403 5483">
    <p class='ocr_par' dir='ltr' id='par_1_100' title="bbox 296 5448 403 5483">
     <span class='ocr_line' id='line_1_102' title="bbox 296 5448 403 5483; baseline 0.037 -6"><span class='ocrx_word' id='word_1_784' title='bbox 296 5448 403 5483; x_wconf 82' lang='lat' dir='ltr'><strong>um.</strong></span> 
     </span>
    </p>
   </div>
   <div class='ocr_carea' id='block_1_101' title="bbox 352 5494 1509 5567">
    <p class='ocr_par' dir='ltr' id='par_1_101' title="bbox 352 5494 1509 5567">
     <span class='ocr_line' id='line_1_103' title="bbox 352 5494 1509 5567; baseline -0.001 -13"><span class='ocrx_word' id='word_1_785' title='bbox 352 5511 374 5537; x_wconf 77' lang='grc' dir='ltr'><strong><em>ο</em></strong></span> <span class='ocrx_word' id='word_1_786' title='bbox 397 5498 530 5554; x_wconf 86' lang='lat' dir='ltr'><strong>Cod.</strong></span> <span class='ocrx_word' id='word_1_787' title='bbox 564 5494 632 5551; x_wconf 86' lang='lat'><strong>90</strong></span> <span class='ocrx_word' id='word_1_788' title='bbox 650 5498 707 5553; x_wconf 91' lang='lat' dir='ltr'><strong>S.</strong></span> <span class='ocrx_word' id='word_1_789' title='bbox 737 5494 925 5554; x_wconf 89' lang='lat' dir='ltr'><strong>Crucis</strong></span> <span class='ocrx_word' id='word_1_790' title='bbox 953 5500 1005 5553; x_wconf 91' lang='lat' dir='ltr'><strong>in</strong></span> <span class='ocrx_word' id='word_1_791' title='bbox 1032 5498 1167 5563; x_wconf 85' lang='lat' dir='ltr'><strong>Jer.,</strong></span> <span class='ocrx_word' id='word_1_792' title='bbox 1198 5500 1509 5567; x_wconf 78' lang='lat' dir='ltr'><strong>specialiter.</strong></span> 
     </span>
    </p>
   </div>
   <div class='ocr_carea' id='block_1_102' title="bbox 357 5566 1861 5640">
    <p class='ocr_par' dir='ltr' id='par_1_102' title="bbox 357 5566 1861 5640">
     <span class='ocr_line' id='line_1_104' title="bbox 357 5566 1861 5640; baseline 0.001 -18"><span class='ocrx_word' id='word_1_793' title='bbox 357 5567 375 5605; x_wconf 73' lang='grc' dir='ltr'><em>τ</em></span> <span class='ocrx_word' id='word_1_794' title='bbox 408 5568 540 5640; x_wconf 81' lang='lat' dir='ltr'><strong>Cod.</strong></span> <span class='ocrx_word' id='word_1_795' title='bbox 573 5566 642 5621; x_wconf 88' lang='lat'><strong>90</strong></span> <span class='ocrx_word' id='word_1_796' title='bbox 670 5568 727 5623; x_wconf 92' lang='lat' dir='ltr'><strong>S.</strong></span> <span class='ocrx_word' id='word_1_797' title='bbox 757 5569 943 5625; x_wconf 89' lang='lat' dir='ltr'><strong>Crucis</strong></span> <span class='ocrx_word' id='word_1_798' title='bbox 964 5570 1016 5623; x_wconf 92' lang='lat' dir='ltr'><strong>in</strong></span> <span class='ocrx_word' id='word_1_799' title='bbox 1044 5568 1152 5624; x_wconf 77' lang='lat' dir='ltr'><strong>Jer.</strong></span> <span class='ocrx_word' id='word_1_800' title='bbox 1178 5566 1305 5638; x_wconf 81' lang='lat' dir='ltr'><strong>legit</strong></span> <span class='ocrx_word' id='word_1_801' title='bbox 1323 5580 1461 5624; x_wconf 88' lang='lat' dir='ltr'><strong>recte</strong></span> <span class='ocrx_word' id='word_1_802' title='bbox 1488 5585 1612 5639; x_wconf 88' lang='lat' dir='ltr'><strong>ergo</strong></span> <span class='ocrx_word' id='word_1_803' title='bbox 1641 5570 1861 5640; x_wconf 75' lang='lat' dir='ltr'><strong>fermen-</strong></span> 
     </span>
    </p>
   </div>
   <div class='ocr_carea' id='block_1_103' title="bbox 274 5639 1017 5708">
    <p class='ocr_par' dir='ltr' id='par_1_103' title="bbox 274 5639 1017 5708">
     <span class='ocr_line' id='line_1_105' title="bbox 274 5639 1017 5708; baseline 0.005 -19"><span class='ocrx_word' id='word_1_804' title='bbox 274 5652 388 5690; x_wconf 78' lang='lat' dir='ltr'><strong>tum</strong></span> <span class='ocrx_word' id='word_1_805' title='bbox 422 5639 641 5693; x_wconf 89' lang='lat' dir='ltr'><strong>Domino</strong></span> <span class='ocrx_word' id='word_1_806' title='bbox 669 5650 1017 5708; x_wconf 75' lang='lat' dir='ltr'><strong>comparatur.</strong></span> 
     </span>
    </p>
   </div>
   <div class='ocr_carea' id='block_1_104' title="bbox 352 5707 1860 5780">
    <p class='ocr_par' dir='ltr' id='par_1_104' title="bbox 352 5707 1860 5780">
     <span class='ocr_line' id='line_1_106' title="bbox 352 5707 1860 5780; baseline -0.001 -17"><span class='ocrx_word' id='word_1_807' title='bbox 352 5719 377 5755; x_wconf 72' lang='grc' dir='ltr'><strong><em>ε</em></strong></span> <span class='ocrx_word' id='word_1_808' title='bbox 408 5708 541 5763; x_wconf 87' lang='lat' dir='ltr'><strong>Cod.</strong></span> <span class='ocrx_word' id='word_1_809' title='bbox 578 5708 641 5762; x_wconf 85' lang='lat' dir='ltr'><strong>l0</strong></span> <span class='ocrx_word' id='word_1_810' title='bbox 672 5707 948 5775; x_wconf 86' lang='lat' dir='ltr'><strong>Laurent.,</strong></span> <span class='ocrx_word' id='word_1_811' title='bbox 978 5710 1149 5763; x_wconf 86' lang='lat' dir='ltr'><strong>statim</strong></span> <span class='ocrx_word' id='word_1_812' title='bbox 1171 5711 1395 5766; x_wconf 85' lang='lat' dir='ltr'><strong>omnium</strong></span> <span class='ocrx_word' id='word_1_813' title='bbox 1420 5709 1679 5763; x_wconf 83' lang='lat' dir='ltr'><strong>hominum</strong></span> <span class='ocrx_word' id='word_1_814' title='bbox 1703 5726 1860 5780; x_wconf 85' lang='lat' dir='ltr'><strong>genus</strong></span> 
     </span>
    </p>
   </div>
   <div class='ocr_carea' id='block_1_105' title="bbox 1960 4577 3536 4652">
    <p class='ocr_par' dir='ltr' id='par_1_105' title="bbox 1960 4577 3536 4652">
     <span class='ocr_line' id='line_1_107' title="bbox 1960 4577 3536 4652; baseline -0.008 -10"><span class='ocrx_word' id='word_1_815' title='bbox 1960 4586 2159 4643; x_wconf 89' lang='lat' dir='ltr'><strong>ctitatis</strong></span> <span class='ocrx_word' id='word_1_816' title='bbox 2203 4586 2458 4649; x_wconf 88' lang='lat' dir='ltr'><strong>emoluit;</strong></span> <span class='ocrx_word' id='word_1_817' title='bbox 2490 4585 2823 4652; x_wconf 89' lang='lat' dir='ltr'><strong>relinquetur</strong></span> <span class='ocrx_word' id='word_1_818' title='bbox 2851 4583 2917 4636; x_wconf 91' lang='lat' dir='ltr'><strong>ad</strong></span> <span class='ocrx_word' id='word_1_819' title='bbox 2944 4583 3114 4636; x_wconf 92' lang='lat' dir='ltr'><strong>molas</strong></span> <span class='ocrx_word' id='word_1_820' title='bbox 3160 4589 3184 4617; x_wconf 85' lang='grc' dir='ltr'>ο</span> <span class='ocrx_word' id='word_1_821' title='bbox 3214 4578 3415 4650; x_wconf 80' lang='lat' dir='ltr'><strong>perfida</strong></span> <span class='ocrx_word' id='word_1_822' title='bbox 3440 4577 3536 4647; x_wconf 82' lang='lat' dir='ltr'><strong>Sy-</strong></span> 
     </span>
    </p>
   </div>
   <div class='ocr_carea' id='block_1_106' title="bbox 1959 4669 3306 4747">
    <p class='ocr_par' dir='ltr' id='par_1_106' title="bbox 1959 4669 3306 4747">
     <span class='ocr_line' id='line_1_108' title="bbox 1959 4669 3306 4747; baseline -0.008 -14"><span class='ocrx_word' id='word_1_823' title='bbox 1959 4689 2188 4747; x_wconf 84' lang='lat' dir='ltr'><strong>nagoga,</strong></span> <span class='ocrx_word' id='word_1_824' title='bbox 2219 4688 2409 4746; x_wconf 85' lang='lat' dir='ltr'><strong>gyrum</strong></span> <span class='ocrx_word' id='word_1_825' title='bbox 2430 4689 2641 4745; x_wconf 88' lang='lat' dir='ltr'><strong>semper</strong></span> <span class='ocrx_word' id='word_1_826' title='bbox 2670 4687 2893 4744; x_wconf 89' lang='lat' dir='ltr'><strong>passura</strong></span> <span class='ocrx_word' id='word_1_827' title='bbox 2922 4688 3034 4727; x_wconf 67' lang='lat' dir='ltr'><strong>sua:</strong></span> <span class='ocrx_word' id='word_1_828' title='bbox 3051 4669 3306 4741; x_wconf 79' lang='lat' dir='ltr'><strong>perfidiae.</strong></span> 
     </span>
    </p>
   </div>
   <div class='ocr_carea' id='block_1_107' title="bbox 1955 4932 3251 5008">
    <p class='ocr_par' dir='ltr' id='par_1_107' title="bbox 1955 4932 3251 5008">
     <span class='ocr_line' id='line_1_109' title="bbox 1955 4932 3251 5008; baseline -0.006 -16"><span class='ocrx_word' id='word_1_829' title='bbox 1955 4938 2011 4992; x_wconf 86' lang='lat' dir='ltr'><strong>in</strong></span> <span class='ocrx_word' id='word_1_830' title='bbox 2033 4936 2383 5008; x_wconf 60' lang='lat' dir='ltr'><strong>substantiam</strong></span> <span class='ocrx_word' id='word_1_831' title='bbox 2408 4937 2666 5008; x_wconf 80' lang='lat' dir='ltr'><strong>suamsui</strong></span> <span class='ocrx_word' id='word_1_832' title='bbox 2692 4944 2952 5008; x_wconf 68' lang='lat' dir='ltr'><strong>potestate</strong></span> <span class='ocrx_word' id='word_1_833' title='bbox 2972 4932 3251 5008; x_wconf 74' lang='lat' dir='ltr'><strong>pertraxit.</strong></span> 
     </span>
    </p>
   </div>
   <div class='ocr_carea' id='block_1_108' title="bbox 2030 5004 3235 5071">
    <p class='ocr_par' dir='ltr' id='par_1_108' title="bbox 2030 5004 3235 5071">
     <span class='ocr_line' id='line_1_110' title="bbox 2030 5004 3235 5071; baseline -0.005 -11"><span class='ocrx_word' id='word_1_834' title='bbox 2030 5006 2056 5045; x_wconf 70' lang='grc' dir='ltr'>δ</span> <span class='ocrx_word' id='word_1_835' title='bbox 2078 5006 2209 5062; x_wconf 90' lang='lat' dir='ltr'><strong>Cod.</strong></span> <span class='ocrx_word' id='word_1_836' title='bbox 2246 5007 2313 5060; x_wconf 85' lang='lat'><strong>90</strong></span> <span class='ocrx_word' id='word_1_837' title='bbox 2343 5008 2398 5061; x_wconf 91' lang='lat' dir='ltr'><strong>S.</strong></span> <span class='ocrx_word' id='word_1_838' title='bbox 2424 5007 2611 5062; x_wconf 84' lang='lat' dir='ltr'><strong>Crucis</strong></span> <span class='ocrx_word' id='word_1_839' title='bbox 2635 5004 2821 5059; x_wconf 61' lang='lat' dir='ltr'><strong>in&#39;Jer.</strong></span> <span class='ocrx_word' id='word_1_840' title='bbox 2854 5005 2981 5071; x_wconf 87' lang='lat' dir='ltr'><strong>legit</strong></span> <span class='ocrx_word' id='word_1_841' title='bbox 3008 5006 3235 5056; x_wconf 77' lang='lat' dir='ltr'><strong>succum.</strong></span> 
     </span>
    </p>
   </div>
   <div class='ocr_carea' id='block_1_109' title="bbox 2038 5074 2972 5146">
    <p class='ocr_par' dir='ltr' id='par_1_109' title="bbox 2038 5074 2972 5146">
     <span class='ocr_line' id='line_1_111' title="bbox 2038 5074 2972 5146; baseline -0.007 -13"><span class='ocrx_word' id='word_1_842' title='bbox 2038 5078 2053 5115; x_wconf 78' lang='grc' dir='ltr'>ί</span> <span class='ocrx_word' id='word_1_843' title='bbox 2081 5077 2214 5133; x_wconf 87' lang='lat' dir='ltr'><strong>Cod.</strong></span> <span class='ocrx_word' id='word_1_844' title='bbox 2239 5074 2308 5130; x_wconf 87' lang='grc'>90</span> <span class='ocrx_word' id='word_1_845' title='bbox 2336 5093 2497 5146; x_wconf 79' lang='lat' dir='ltr'><strong>SUpra</strong></span> <span class='ocrx_word' id='word_1_846' title='bbox 2518 5078 2644 5141; x_wconf 88' lang='lat' dir='ltr'><strong>cit.,</strong></span> <span class='ocrx_word' id='word_1_847' title='bbox 2669 5074 2813 5129; x_wconf 61' lang='lat' dir='ltr'><strong>Nan</strong></span> <span class='ocrx_word' id='word_1_848' title='bbox 2838 5090 2972 5127; x_wconf 86' lang='lat' dir='ltr'><strong>cum.</strong></span> 
     </span>
    </p>
   </div>
   <div class='ocr_carea' id='block_1_110' title="bbox 2033 5146 2665 5203">
    <p class='ocr_par' dir='ltr' id='par_1_110' title="bbox 2033 5146 2665 5203">
     <span class='ocr_line' id='line_1_112' title="bbox 2033 5146 2665 5203; baseline -0.002 -4"><span class='ocrx_word' id='word_1_849' title='bbox 2033 5148 2065 5199; x_wconf 51' lang='lat' dir='ltr'><strong>i&#39;</strong></span> <span class='ocrx_word' id='word_1_850' title='bbox 2088 5148 2220 5203; x_wconf 89' lang='lat' dir='ltr'><strong>Cod.</strong></span> <span class='ocrx_word' id='word_1_851' title='bbox 2246 5146 2315 5201; x_wconf 84' lang='lat'><strong>90</strong></span> <span class='ocrx_word' id='word_1_852' title='bbox 2335 5147 2538 5202; x_wconf 89' lang='lat' dir='ltr'><strong>omittit</strong></span> <span class='ocrx_word' id='word_1_853' title='bbox 2567 5147 2665 5199; x_wconf 85' lang='lat' dir='ltr'><strong>illi.</strong></span> 
     </span>
    </p>
   </div>
   <div class='ocr_carea' id='block_1_111' title="bbox 2032 5210 3549 5285">
    <p class='ocr_par' dir='ltr' id='par_1_111' title="bbox 2032 5210 3549 5285">
     <span class='ocr_line' id='line_1_113' title="bbox 2032 5210 3549 5285; baseline -0.007 -12"><span class='ocrx_word' id='word_1_854' title='bbox 2032 5217 2058 5255; x_wconf 77' lang='grc' dir='ltr'><strong>¹ι</strong></span> <span class='ocrx_word' id='word_1_855' title='bbox 2094 5216 2329 5285; x_wconf 86' lang='lat' dir='ltr'><strong>Uterque</strong></span> <span class='ocrx_word' id='word_1_856' title='bbox 2380 5220 2500 5272; x_wconf 83' lang='lat' dir='ltr'><strong>eod.</strong></span> <span class='ocrx_word' id='word_1_857' title='bbox 2524 5215 2581 5271; x_wconf 89' lang='lat' dir='ltr'><strong>S.</strong></span> <span class='ocrx_word' id='word_1_858' title='bbox 2609 5215 2798 5270; x_wconf 90' lang='lat' dir='ltr'><strong>Crucis</strong></span> <span class='ocrx_word' id='word_1_859' title='bbox 2824 5210 2877 5267; x_wconf 88' lang='lat' dir='ltr'><strong>in</strong></span> <span class='ocrx_word' id='word_1_860' title='bbox 2905 5211 3016 5267; x_wconf 80' lang='lat' dir='ltr'><strong>Jer.</strong></span> <span class='ocrx_word' id='word_1_861' title='bbox 3053 5211 3182 5280; x_wconf 87' lang='lat' dir='ltr'><strong>legit</strong></span> <span class='ocrx_word' id='word_1_862' title='bbox 3208 5212 3259 5265; x_wconf 87' lang='lat' dir='ltr'><strong>in</strong></span> <span class='ocrx_word' id='word_1_863' title='bbox 3283 5226 3439 5264; x_wconf 84' lang='lat' dir='ltr'><strong>unum</strong></span> <span class='ocrx_word' id='word_1_864' title='bbox 3470 5212 3549 5263; x_wconf 82' lang='lat' dir='ltr'><strong>sui</strong></span> 
     </span>
    </p>
   </div>
   <div class='ocr_carea' id='block_1_112' title="bbox 1958 5297 3549 5425">
    <p class='ocr_par' dir='ltr' id='par_1_112' title="bbox 1958 5297 3549 5425">
     <span class='ocr_line' id='line_1_114' title="bbox 1958 5297 2498 5359; baseline -0.007 -17"><span class='ocrx_word' id='word_1_865' title='bbox 1958 5297 2131 5359; x_wconf 80' lang='lat' dir='ltr'><strong>vigore</strong></span> <span class='ocrx_word' id='word_1_866' title='bbox 2153 5297 2498 5358; x_wconf 78' lang='lat' dir='ltr'><strong>constringat.</strong></span> 
     </span>
     <span class='ocr_line' id='line_1_115' title="bbox 2044 5348 3549 5425; baseline -0.007 -14"><span class='ocrx_word' id='word_1_867' title='bbox 2044 5356 2171 5411; x_wconf 59' lang='lat' dir='ltr'><strong>l&#39;lta</strong></span> <span class='ocrx_word' id='word_1_868' title='bbox 2213 5366 2440 5425; x_wconf 85' lang='lat' dir='ltr'><strong>uterque</strong></span> <span class='ocrx_word' id='word_1_869' title='bbox 2492 5354 2615 5411; x_wconf 83' lang='lat' dir='ltr'><strong>eod.</strong></span> <span class='ocrx_word' id='word_1_870' title='bbox 2661 5351 2933 5410; x_wconf 45' lang='lat' dir='ltr'><strong>S.&#39;Crueis</strong></span> <span class='ocrx_word' id='word_1_871' title='bbox 2960 5353 3013 5407; x_wconf 93' lang='lat' dir='ltr'><strong>in</strong></span> <span class='ocrx_word' id='word_1_872' title='bbox 3060 5350 3194 5417; x_wconf 83' lang='lat' dir='ltr'><strong>Jer.,</strong></span> <span class='ocrx_word' id='word_1_873' title='bbox 3226 5367 3258 5404; x_wconf 78' lang='grc' dir='ltr'>ι</span> <span class='ocrx_word' id='word_1_874' title='bbox 3289 5348 3430 5403; x_wconf 85' lang='lat' dir='ltr'><strong>Plut.</strong></span> <span class='ocrx_word' id='word_1_875' title='bbox 3464 5364 3549 5402; x_wconf 75' lang='lat' dir='ltr'><strong>xiv</strong></span> 
     </span>
    </p>
   </div>
   <div class='ocr_carea' id='block_1_113' title="bbox 1964 5426 2381 5483">
    <p class='ocr_par' dir='ltr' id='par_1_113' title="bbox 1964 5426 2381 5483">
     <span class='ocr_line' id='line_1_116' title="bbox 1964 5426 2381 5483; baseline -0.01 1"><span class='ocrx_word' id='word_1_876' title='bbox 1964 5428 2093 5483; x_wconf 88' lang='lat' dir='ltr'><strong>bibl.</strong></span> <span class='ocrx_word' id='word_1_877' title='bbox 2126 5426 2381 5481; x_wconf 86' lang='lat' dir='ltr'><strong>Laurent.</strong></span> 
     </span>
    </p>
   </div>
   <div class='ocr_carea' id='block_1_114' title="bbox 2038 5492 3043 5555">
    <p class='ocr_par' dir='ltr' id='par_1_114' title="bbox 2038 5492 3043 5555">
     <span class='ocr_line' id='line_1_117' title="bbox 2038 5492 3043 5555; baseline -0.006 -3"><span class='ocrx_word' id='word_1_878' title='bbox 2038 5509 2076 5535; x_wconf 78' lang='grc' dir='ltr'>ω</span> <span class='ocrx_word' id='word_1_879' title='bbox 2100 5496 2445 5552; x_wconf 83' lang='lat' dir='ltr'><strong>Concordant</strong></span> <span class='ocrx_word' id='word_1_880' title='bbox 2474 5503 2583 5548; x_wconf 84' lang='lat' dir='ltr'><strong>tres</strong></span> <span class='ocrx_word' id='word_1_881' title='bbox 2610 5493 2703 5547; x_wconf 91' lang='lat' dir='ltr'><strong>cit.</strong></span> <span class='ocrx_word' id='word_1_882' title='bbox 2732 5492 2967 5555; x_wconf 85' lang='lat' dir='ltr'><strong>codices.</strong></span> <span class='ocrx_word' id='word_1_883' title='bbox 3040 5550 3043 5553; x_wconf 96' lang='lat'><em>_</em></span> 
     </span>
    </p>
   </div>
   <div class='ocr_carea' id='block_1_115' title="bbox 2034 5562 3224 5637">
    <p class='ocr_par' dir='ltr' id='par_1_115' title="bbox 2034 5562 3224 5637">
     <span class='ocr_line' id='line_1_118' title="bbox 2034 5562 3224 5637; baseline -0.008 -14"><span class='ocrx_word' id='word_1_884' title='bbox 2034 5566 2334 5637; x_wconf 9' lang='lat' dir='ltr'><strong>ra&#39;literque</strong></span> <span class='ocrx_word' id='word_1_885' title='bbox 2353 5564 2473 5637; x_wconf 84' lang='lat' dir='ltr'><strong>cod.</strong></span> <span class='ocrx_word' id='word_1_886' title='bbox 2499 5563 2564 5637; x_wconf 51' lang='lat' dir='ltr'><strong>S:</strong></span> <span class='ocrx_word' id='word_1_887' title='bbox 2589 5562 2791 5637; x_wconf 74' lang='lat' dir='ltr'><strong>Crucis</strong></span> <span class='ocrx_word' id='word_1_888' title='bbox 2808 5564 2867 5637; x_wconf 64' lang='grc' dir='ltr'><strong>ἰηΔ</strong></span> <span class='ocrx_word' id='word_1_889' title='bbox 2889 5562 3027 5637; x_wconf 78' lang='lat' dir='ltr'><strong>le_r.,</strong></span> <span class='ocrx_word' id='word_1_890' title='bbox 3052 5562 3224 5633; x_wconf 82' lang='lat' dir='ltr'><strong>hujus.</strong></span> 
     </span>
    </p>
   </div>
   <div class='ocr_carea' id='block_1_116' title="bbox 2040 5632 3546 5706">
    <p class='ocr_par' dir='ltr' id='par_1_116' title="bbox 2040 5632 3546 5706">
     <span class='ocr_line' id='line_1_119' title="bbox 2040 5632 3546 5706; baseline -0.008 -13"><span class='ocrx_word' id='word_1_891' title='bbox 2040 5646 2066 5671; x_wconf 82' lang='grc'>⁰</span> <span class='ocrx_word' id='word_1_892' title='bbox 2098 5632 2333 5706; x_wconf 74' lang='lat' dir='ltr'><strong>Uterque</strong></span> <span class='ocrx_word' id='word_1_893' title='bbox 2361 5634 2482 5690; x_wconf 92' lang='lat' dir='ltr'><strong>cod.</strong></span> <span class='ocrx_word' id='word_1_894' title='bbox 2532 5633 2589 5688; x_wconf 87' lang='lat' dir='ltr'><strong>S.</strong></span> <span class='ocrx_word' id='word_1_895' title='bbox 2638 5634 2824 5689; x_wconf 89' lang='lat' dir='ltr'><strong>Crucis</strong></span> <span class='ocrx_word' id='word_1_896' title='bbox 2855 5633 3072 5697; x_wconf 61' lang='lat' dir='ltr'><strong>inlen,</strong></span> <span class='ocrx_word' id='word_1_897' title='bbox 3102 5632 3315 5685; x_wconf 84' lang='lat' dir='ltr'><strong>cruenta</strong></span> <span class='ocrx_word' id='word_1_898' title='bbox 3371 5632 3546 5700; x_wconf 83' lang='lat' dir='ltr'><strong>Syna-</strong></span> 
     </span>
    </p>
   </div>
   <div class='ocr_carea' id='block_1_117' title="bbox 1969 5725 2121 5779">
    <p class='ocr_par' dir='ltr' id='par_1_117' title="bbox 1969 5725 2121 5779">
     <span class='ocr_line' id='line_1_120' title="bbox 1969 5725 2121 5779; baseline -0.02 -17"><span class='ocrx_word' id='word_1_899' title='bbox 1969 5725 2121 5779; x_wconf 81' lang='lat' dir='ltr'><strong>goga.</strong></span> 
     </span>
    </p>
   </div>
  </div>
