4054 6190
1563 277 1621 332 S.
1663 272 1904 328 MAXIM]
1942 269 2242 326 EPISCOPI
2285 269 2732 327 TAURINENSIS

1888 385 2229 446 HOMILIA
2278 386 2472 446 CXII.

1407 508 1703 581 Increpatio
1733 507 1802 560 ad
1833 505 2078 578 populum
2107 504 2172 557 de
2200 504 2437 558 absentia
2465 521 2562 558 sua
2605 506 2668 558 ab
2699 506 2933 561 ecclesia.

2014 612 2411 668 ADMONITIO.

3724 275 3824 332 5l6

519 703 527 716 ’
610 707 722 762 Etsi
753 707 978 761 Maurini
1001 707 1205 761 nullum
1235 721 1294 761 se
1319 705 1496 762 hacin
1526 705 1748 760 homilia
1777 703 2020 774 reperire
2066 703 2122 757 S.
2149 702 2418 756 Ambrosii
2443 703 2728 774 vestigium
2750 705 3014 770 scribant,
3044 721 3167 762 eam
3200 720 3381 764 tamen
3413 726 3561 766 num.
3594 715 3664 768 45
3695 715 3834 770 inter

538 792 818 832 sermones
841 777 1104 845 ejusdem,
1137 778 1265 832 edit.
1300 776 1468 831 Paris.
1495 776 1651 845 1690,
1675 773 1978 845 collocant;
2002 788 2167 845 quam
2209 789 2308 827 nos
2329 782 2520 845 sanc_t_o
2552 773 2786 828 Maximo
2815 777 3155 841 ascribimus,
3209 781 3534 835 auctoritate
3579 784 3830 840 codicum

538 841 899 925 Sangallensis
928 862 1074 925 num.
1105 847 1272 925 21,.et
1293 845 1601 925 DQSanetm
1621 844 1810 925 Crucis
1838 843 1890 898 in
1920 841 2222 925 Jerusalem
2252 858 2400 925 num.
2433 843 2504 924 g8
2557 859 2680 898 cum
2707 845 2863 898 titulo
2887 862 2900 875 ο
2936 845 3239 916 Increpatio
3261 850 3330 902 ad
3354 853 3617 922 papulum.
3645 855 3840 925 Sequi-

538 912 858 972 mur'autem
882 917 1169 972 lectionem
1202 916 1432 971 laudata:
1454 915 1706 970 editionis
1731 928 1957 983 Operum
1987 913 2164 967 sancti
2193 912 2488 967 Ambrosii.

539 1029 930 1103 Anconsaruu.
948 1028 1223 1103 —Apibus_
1256 1027 1315 1103 ξ.
1350 1025 1614 1103 Maximus
1662 1032 1928 1103 comparat
1971 1039 2140 1077 sacer—
2166 1030 2216 1084 Α
2243 1023 2463 1077 obnoxii
2483 1023 2550 1078 de
2575 1031 2902 1095 contemptu.
2933 1024 3084 1082 Unde
3107 1035 3162 1082 et
3181 1042 3282 1096 ego
3310 1028 3576 1086 interdum
3604 1048 3834 1103 parcens

605 1100 787 1175 dotes;
819 1095 1223 1175 ‘doletqueq‘uotl
1255 1099 1494 1167 frequens
1525 1097 1638 1166 ejus
1655 1095 1960 1175 prazdicatio
1999 1109 2128 1175 pro-

617 1172 752 1239 fectu
776 1167 948 1237 aliquo
975 1162 1158 1239 salutis
1174 1162 1377 1239 fratres
1405 1183 1507 1239 non
1532 1162 1779 1235 corrigat,
1819 1171 1870 1216 et
1903 1162 2038 1232 quod
2069 1177 2130 1215 eo

607 1235 816 1302 absente
843 1235 951 1291 rari
982 1237 1048 1289 ad
1075 1235 1349 1290 ecclesiam
1372 1236 1600 1289 veniant.

510 1422 534 1444 ς
615 1391 895 1454 Deberem,
929 1387 1142 1451 fratres,
1171 1395 1296 1456 post
1323 1388 1422 1441 hos
1449 1387 1754 1457 complures
1781 1385 1896 1440 dies
1933 1383 2133 1454 aliquid

540 1484 758 1539 uberius
783 1481 1095 1551 praedicare,
1127 1489 1183 1535 et
1204 1488 1479 1534 revertens
1508 1495 1538 1532 a
1588 1486 1741 1533 tanto
1769 1479 2017 1534 examine
2043 1492 2132 1530 sa-

537 1573 837 1632 cerdotum,
861 1571 1005 1624 dulci
1026 1585 1125 1623 nos
1152 1584 1402 1624 sermone
1428 1569 1669 1624 reﬁcere.
1699 1568 1846 1622 Bene
1872 1567 1982 1621 dixi
2011 1581 2136 1621 exa-

539 1664 684 1718 mine
711 1661 1085 1727 sacerdotum;
1109 1661 1234 1730 quia
1260 1661 1400 1716 sicut
1427 1676 1558 1730 apes
1577 1661 1644 1715 de
1665 1661 1965 1715 divinarum
1994 1659 2132 1714 Scri-

539 1763 812 1824 pturarum
862 1750 1098 1805 flosculis
1143 1752 1327 1805 suavia
1371 1751 1528 1804 mella
1555 1749 1866 1815 conﬁciunt,
1898 1751 2133 1818 etquid-

542 1844 671 1914 quid
720 1843 788 1897 ad
835 1843 1156 1896 medicinam
1187 1842 1422 1910 pertinet
1449 1842 1748 1894 animarum
1773 1841 1883 1896 oris
1911 1843 1991 1895 sui
2015 1849 2132 1895 arte

539 1943 909 2004 componunt;
960 1941 1109 1988 recte
1156 1942 1536 2002 comparantur
1576 1933 1765 2002 apibus
1789 1932 2128 1999 sacerdotes;

540 2027 663 2095 quia
692 2026 831 2080 sicut
857 2040 986 2094 apes
1015 2023 1313 2078 castitatem
1341 2023 1588 2092 corporis
1617 2020 1930 2092 praeferunt,
1953 2021 2129 2074 cibum

541 2118 668 2170 vita:
696 2115 931 2170 cmlestis
954 2115 1230 2178 exhibeant,
1263 2114 1505 2168 aculeum
1537 2114 1669 2181 legis
1698 2122 1983 2175 exercent;
2011 2113 2131 2183 puri

539 2209 682 2263 enim
702 2208 768 2262 ad
797 2205 1297 2269 sanctiﬁcationem,
1329 2219 1524 2258 suaves
1553 2203 1619 2257 ad
1649 2203 2018 2270 refectionem,
2043 2219 2132 2257 se-

538 2301 648 2355 veri
675 2306 801 2353 sunt
826 2297 892 2351 ad
922 2297 1203 2352 ultionem.
1238 2295 1442 2364 Apibus
1468 2294 1627 2364 plane
1653 2300 1778 2347 sunt
1807 2308 2128 2362 comparan-

2233 1115 2386 1169 vobis
2407 1123 2588 1170 tacere
2615 1117 2778 1171 velim
2806 1135 2818 1169 :
2843 1118 2938 1172 sed
2967 1119 3109 1173 malo
3130 1135 3228 1175 vos
3260 1123 3615 1177 contumaciae
3640 1140 3833 1182 causa!

2232 1206 2475 1271 reddere,
2490 1221 2650 1276 quam
2666 1223 2751 1262 me
2764 1211 2864 1279 37
2871 1210 3263 1280 3ncgligentitn
3275 1215 3539 1269 sustinere
3545 1215 3828 1282 judicium.

2234 1296 2484 1368 Comperi
2507 1299 2670 1368 enim,
2699 1300 2907 1364 fratres,
2932 1302 3077 1370 quod
3105 1318 3202 1372 per
3221 1304 3520 1360 absentiam
3554 1323 3730 1362 meam
3752 1309 3828 1364 ita

2232 1390 2340 1444 rari
2376 1391 2576 1459 quique
2606 1391 2674 1446 ad
2716 1393 2998 1447 ecclesiam
3047 1395 3294 1462 veniatis,
3349 1397 3422 1451 ita
3451 1400 3608 1466 pauci
3637 1400 3829 1456 admo-

2231 1478 2358 1533 dum
2387 1479 2712 1548 procedatis,
2743 1482 2897 1549 quasi
2920 1497 3007 1536 me
3031 1483 3428 1554 proﬁciscente,
3454 1503 3664 1543 mecum
3682 1493 3828 1561 pari-

2235 1580 2316 1627 ter
2341 1573 2618 1640 veneritis,
2666 1581 2727 1654 et
2761 1575 2914 1642 quasi
2961 1590 3082 1630 cum
3133 1579 3541 1635 necessitatibus
3566 1596 3670 1651 ego
3697 1598 3824 1651 per-

2233 1662 2438 1725 trahor,
2471 1677 2569 1717 vos
2596 1677 2806 1717 mecum
2837 1665 3063 1718 traxerit
3091 1665 3206 1735 ipsa
3246 1669 3561 1722 necessitas.
3621 1669 3830 1726 Pariter

2234 1765 2265 1804 a
2291 1751 2452 1806 domo
2482 1752 2576 1807 Dei
2605 1752 2856 1808 absentes
2901 1769 3118 1819 sumus;
3149 1755 3246 1810 sed
3272 1756 3377 1810 hoc
3402 1757 3647 1823 interest,
3683 1760 3829 1828 quod

2233 1855 2320 1894 me
2345 1841 2622 1896 absentem
2645 1843 2936 1897 necessitas
2960 1842 3142 1908 efﬁcit,
3175 1860 3272 1899 vos
3299 1846 3571 1903 voluntas.
3596 1848 3830 1906 Nescitis

2233 1930 2356 1997 quia
2385 1931 2486 1985 etsi
2512 1946 2611 2002 ego
2635 1933 2702 1986 ab
2724 1933 2951 1986 ecclesia
2982 1933 3191 1997 desum,
3222 1933 3468 1991 Christus
3495 1938 3563 1990 ab
3589 1937 3828 1997 Ecclesia

2231 2033 2348 2085 sua,
2371 2021 2464 2088 qui
2493 2029 2576 2075 est
2603 2021 2820 2091 ubique,
2851 2037 2957 2076 non
2981 2023 3169 2077 deest?
3198 2023 3379 2090 Venis,
3418 2024 3604 2093 frater,
3636 2029 3704 2082 ad
3734 2045 3828 2085 ec-

2233 2111 2472 2176 clesiam,
2525 2129 2635 2167 non
2691 2113 2901 2167 invenis
2952 2113 3025 2167 ibi
3073 2115 3447 2185 episcoporum
3498 2117 3827 2188 Episcopln

2233 2199 2606 2255 Salvatorem?
2635 2201 2769 2255 Nam
2795 2201 3134 2258 Christianus
3185 2206 3277 2272 qui
3309 2214 3434 2261 tunc
3466 2217 3674 2263 tantum
3696 2225 3829 2279 pro-

2233 2292 2374 2346 cedit
2393 2292 2459 2348 ad
2480 2293 2765 2348 ecclesiam
2787 2295 3003 2363 quando
3029 2297 3313 2366 episcopus
3333 2314 3572 2368 przesens
3591 2311 3696 2365 est,
3716 2319 3828 2358 non

539 2392 614 2455 di,
638 2391 728 2460 qui
753 2389 1159 2468 velutalveario
1179 2387 1411 2456 quodam
1441 2387 1613 2454 gratia
1636 2387 1824 2440 matris
1876 2385 2130 2441 Ecclesia:
2161 2397 2206 2455 Β
2233 2385 2396 2457 374
2420 2395 2528 2440 tam
2559 2387 2654 2442 Dei
2683 2404 2844 2443 causa
2866 2389 3078 2445 videtur
3109 2393 3437 2460 processisse
3455 2409 3615 2462 quam
3646 2395 3828 2450 homi-

543 2481 908 2543 continentur,
953 2479 1006 2532 in
1036 2493 1142 2545 qua
1172 2477 1507 2530 diversorum
1545 2477 1861 2531 meritorum
1911 2477 2132 2531 cellulas

540 2569 868 2624 dulcissimis
922 2568 1397 2638 praedicationibus
1442 2577 1848 2637 componentes,
1907 2569 1973 2623 de
2024 2586 2134 2624 uno

539 2658 838 2714 Salvatoris
886 2658 1135 2712 examine
1183 2657 1612 2712 Christianorum
1663 2659 1910 2713 examina
1964 2661 2131 2714 multa

539 2749 864 2820 producunt.
887 2748 1023 2802 Cum
1047 2763 1279 2818 semper,
1307 2747 1518 2814 fratres,
1543 2765 1648 2803 non
1679 2749 2004 2804 cessaverim
2033 2765 2131 2805 vos

538 2851 764 2914 paterna
787 2841 987 2910 pietate
1015 2841 1308 2909 corripere,
1339 2840 1506 2893 miror
1534 2839 1663 2892 nihil
1688 2855 1787 2894 vos
1816 2843 1948 2894 meis
1976 2856 2128 2894 com-

541 2931 926 2988 monitionibus
955 2929 1270 3000 profecisse,
1300 2939 1355 2986 et
1381 2930 1541 2985 doleo
1561 2931 1704 3000 quod
1736 2930 1986 2998 frequens
2000 2946 2133 3001 prro-

541 3025 743 3082 dicatio
772 3039 892 3078 mea
915 3039 1022 3077 non
1055 3038 1151 3076 vos
1180 3021 1424 3092 profectu
1453 3021 1633 3089 aliquo
1664 3022 1851 3075 salutis
1874 3022 2129 3090 corrigat,

538 3118 634 3173 sed
655 3116 886 3185 quadam
913 3113 1326 3168 contestationis
1366 3128 1520 3182 pinna
1545 3113 1894 3181 constringat.
1929 3110 2123 3166 Praedi-

539 3210 684 3265 catio
703 3209 845 3263 enim
870 3207 1166 3262 sacerdotis
1189 3208 1240 3260 in
1264 3207 1422 3275 plebe
1450 3207 1719 3262 salvandis
1742 3214 1825 3259 est
1844 3207 2127 3272 correctio,

538 3309 595 3354 et
619 3300 944 3355 contestatio
969 3297 1299 3366 iudicandis;
1323 3303 1688 3351 contestamur
1708 3297 1850 3350 enim
1873 3297 1976 3353 illis
2003 3306 2130 3352 ante

535 3391 818 3462 judicium,
849 3390 992 3462 quod
1040 3391 1158 3444 illos
1189 3397 1404 3444 maneat
1444 3389 1497 3442 in
1529 3389 1644 3458 ipso
1661 3388 1862 3456 judicio
1879 3397 1976 3455 rut
2003 3397 2130 3445 tunc

537 3485 683 3540 omni
711 3485 1061 3539 excusatione
1089 3483 1361 3549 submota,
1386 3489 1441 3536 et
1468 3483 1546 3536 rei
1567 3481 1676 3536 sint
1699 3481 1766 3535 de
1789 3483 2040 3550 peccatis,
2074 3491 2130 3536 et

2235 2475 2344 2539 nis;
2394 2490 2493 2530 nec
2539 2476 2791 2545 implesse
2840 2476 3131 2534 Christiani
3182 2480 3419 2536 timentis
3447 2480 3828 2549 ofﬁcium,sed

2234 2565 2394 2620 amici
2445 2566 2736 2622 deferentis
2782 2569 3121 2638 obsequium.
3177 2569 3315 2637 Quid
3344 2587 3473 2640 ergo
3512 2588 3607 2629 vos
3636 2589 3827 2642 arguo,

2232 2670 2354 2710 cum
2377 2658 2592 2726 possitis
2617 2673 2705 2712 me
2732 2675 2842 2714 uno
2869 2673 3120 2715 sermone
3140 2663 3501 2718 convincere?
3522 2663 3830 2720 Convincor

2233 2747 2396 2812 enim,
2445 2762 2567 2802 cum
2619 2749 2672 2803 in
2721 2750 2824 2804 hac
2849 2758 3006 2820 parte
3035 2751 3265 2807 clericos
3293 2753 3448 2807 vobis
3473 2755 3644 2820 magis
3669 2755 3830 2810 video

2231 2838 2582 2907 negligentes.
2615 2839 2901 2905 Quomodo
2929 2842 3071 2895 enim
3100 2857 3320 2911 possum
3351 2845 3623 2912 corrigere
3656 2846 3820 2911 filios,

2232 2946 2353 2984 cum
2401 2930 2593 2986 fratres
2639 2933 2930 2988 emendare
2955 2950 3062 2988 non
3093 2935 3333 3002 possim?
3360 2936 3465 2989 Aut
3503 2951 3607 3004 qua
3634 2936 3828 2992 ﬁducia

2232 3035 2582 3076 succenseam
2614 3022 2784 3086 laicis,
2828 3037 2947 3076 cum
2977 3038 3008 3076 a
3056 3024 3398 3079 consortibus
3425 3025 3646 3094 pudoris
3670 3042 3829 3081 vere-

2231 3113 2424 3168 cundia
2454 3115 2853 3168 conticescam?
2875 3114 2988 3183 Ego
3012 3124 3214 3180 autem,
3249 3115 3461 3180 fratres,
3497 3134 3602 3171 non
3634 3119 3699 3171 de
3715 3135 3832 3172 om-

2232 3207 2389 3261 nibus
2418 3208 2628 3276 loquor.
2657 3207 2794 3262 Sunt
2821 3216 2970 3262 certe
2997 3207 3217 3276 quidam
3239 3210 3441 3274 devoti,
3489 3217 3611 3263 sunt
3642 3219 3694 3265 et
3739 3212 3829 3266 alii

2233 3299 2600 3368 negligentes:
2633 3314 2735 3368 ego
2764 3299 3032 3352 neminem
3063 3300 3308 3368 nomino,
3359 3301 3689 3355 conscientia
3731 3317 3827 3356 sua

2235 3405 2674 3460 unumquemque
2702 3389 3008 3444 conveniat.

1871 3573 2219 3636 HOMILIA
2265 3575 2491 3636 CXIII.

1739 3677 1865 3732 Post
1894 3679 2306 3748 increpationem
2331 3677 2596 3731 allocutio.

1969 3769 2362 3826 ADMONITIO.

609 3867 758 3920 lianc
795 3880 1011 3932 quoque
1052 3863 1327 3917 homiliam
1371 3871 1561 3916 sancto
1591 3861 2005 3932 Taurinensium
2050 3860 2307 3932 episcopo
2339 3858 2605 3932 Maximo,
2638 3873 2744 3932 non
2776 3866 2956 3932 autem
3001 3859 3827 3932 AmbrosioMediolanensium,

535 3951 657 3992 esse
697 3927 1064 3988 ascribendam
1096 3933 1496 4001 existimamus;
1526 3930 1669 3999 quod
1701 3931 1842 4001 illius
1870 3945 1992 3982 cum
2023 3927 2142 4001 cod.
2171 3927 2544 4001 Ambrosiano,
2577 3937 2685 3981 tum
2718 3927 2953 4001 in799dS.
2989 3929 3175 4001 Crucis
3204 3933 3256 3985 in
3287 3931 3584 3986 Jerusalem
3621 3949 3735 4001 prin
3765 3927 3826 3988 se

536 4005 674 4059 ferat
704 4018 920 4066 nomen,
953 4018 1015 4056 ac
1042 4001 1288 4060 Maurini,
1321 4000 1440 4069 loco
1472 4002 1523 4053 in
1551 3998 1819 4068 ’superiori
1844 4000 2210 4054 admonitione
2239 3998 2493 4069 indicato,
2528 4006 2726 4069 negant
2755 3999 2983 4053 similem
3011 4000 3129 4067 ejus
3157 4017 3258 4069 qua
3293 4002 3602 4055 Ambrosius
3625 3998 3822 4055 'utitur

535 4089 658 4129 esse
697 4071 966 4126 scribendi
997 4072 1282 4141 rationem.
1319 4068 1537 4141 Legitur
1592 4067 1781 4123 eadem
1830 4069 2133 4141 homiliaqin
2164 4069 2285 4123 cod.
2322 4068 2580 4141 Vaticano
2616 4067 2772 4141 1277,
2802 4082 2924 4141 pag.
2957 4069 3046 4141 (il,
3078 4067 3330 4140 inseripta
3367 4091 3378 4123 :
3425 4071 3560 4125 Item
3585 4073 3821 4141 ejusdem

539 4145 607 4197 de
633 4143 844 4206 eodem;
873 4142 924 4194 in
954 4140 1074 4196 cod.
1107 4139 1163 4194 S.
1189 4140 1375 4194 Crucis
1405 4140 1569 4193 habet
1606 4141 1812 4192 titulum
1848 4157 1860 4192 :
1894 4137 2022 4192 Post
2062 4139 2468 4207 increpationem
2499 4138 2776 4203 allocutio;
2814 4147 2868 4192 et
2897 4140 2950 4192 in
2986 4137 3256 4194 Laurcntf
3274 4141 3411 4194 Plut.
3447 4159 3533 4195 xlv
3561 4137 3658 4194 sub
3686 4143 3820 4194 Am-

538 4213 704 4268 brosii
731 4213 946 4267 nomine
971 4229 983 4264 :
1016 4211 1144 4265 Post
1165 4211 1569 4274 increpationem
1599 4210 1824 4263 allectio.

537 4323 934 4380 Ancuunnrun.
980 4355 1052 4366 --
1099 4322 1299 4376 Gaudet
1354 4321 1618 4378 Max-imus
1669 4323 1836 4374 sciens
1889 4321 2127 4389 discipuli
2155 4323 2200 4383 C
2235 4319 2452 4389 quando
2475 4319 2774 4372 austeriora
2803 4329 2823 4356 ο
2849 4320 3132 4372 annuntiat
3153 4321 3500 4388 praedicator;
3527 4328 3654 4375 tunc
3675 4323 3825 4376 enim

609 4395 874 4449 tristitiam
896 4395 1131 4464 magistri
1159 4410 1269 4446 esse
1289 4393 1543 4446 laetitiam.
1574 4390 1803 4464 Exponit
1829 4391 1961 4445 illud
1990 4389 2130 4443 Mat-

607 4467 729 4519 thwi
763 4480 849 4518 xvl
883 4483 896 4516 :
936 4461 1040 4516 Vos
1069 4474 1239 4516 autem
1259 4478 1404 4532 quem
1425 4478 1535 4514 esse
1560 4461 1772 4513 dicitis?

607 4598 856 4652 Amarior
903 4595 1130 4651 fortasse
1178 4594 1359 4662 fuerit,
1405 4593 1624 4661 fratres,
1657 4596 1966 4665 praedicatio
2002 4611 2124 4650 mea

537 4693 821 4762 superiore
884 4689 1192 4755 dominica,
1254 4687 1397 4758 quod
1460 4689 1744 4758 plerosque
1807 4688 1874 4743 de
1937 4689 2125 4742 vestris

537 4790 562 4818 ι
596 4782 773 4836 acrius
801 4779 1122 4849 magisteriis
1164 4786 1218 4832 et
1247 4778 1473 4833 veritate
1502 4780 1845 4835 convenerim
1867 4821 1881 4846 ,
1925 4791 1980 4836 et
2020 4780 2120 4834 sim

536 4880 857 4941 prosecutus
885 4886 1004 4940 quae
1042 4869 1327 4939 aliquantis
1355 4867 1381 4906 ι)
1411 4869 1772 4923 blandimenta
1810 4887 1916 4924 non
1945 4871 2122 4924 defer-

539 4969 682 5027 rent,
715 4962 808 5016 sed
837 4962 1106 5015 tristitiam
1138 4961 1458 5028 irrogarent.
1490 4960 1689 5014 Verum
1719 4961 1848 5014 nihil
1879 4977 1996 5014 mea
2035 4961 2120 5014 in-

539 5057 738 5115 terest;
787 5065 886 5118 ego
915 5054 1059 5107 enim
1105 5051 1315 5120 gaude!
1343 5052 1522 5106 sciens
1561 5051 1809 5118 discipuli
1843 5052 2119 5105 tristitiam

535 5139 776 5208 magistri
806 5155 924 5194 esse
971 5143 1228 5197 laetitiam.
1259 5141 1412 5196 Tunc
1437 5141 1582 5196 enim
1622 5141 1839 5195 auditor
1881 5140 2115 5211 proﬁcit,

609 5354 633 5380 ⁸
664 5342 809 5416 Cod._
841 5342 1114 5416 Ambros,
1139 5344 1205 5398 de
1230 5347 1408 5401 vestris
1431 5345 1568 5400 acris
1589 5343 1921 5416 magisteriis,
1953 5351 2004 5396 et
2031 5360 2115 5396 ve-

539 5416 740 5487 ritates=
770 5411 903 5467 Cod.
939 5412 1277 5487 x_Laurent.,
1308 5417 1592 5487 magisterii
1621 5411 1907 5487 seueritate.

611 5483 639 5522 ι)
669 5483 831 5537 Iidem
861 5481 1018 5537 codd.
1051 5481 1300 5537 Laurent.
1335 5481 1484 5539 et'99
1534 5484 1591 5540 S.
1623 5484 1809 5538 Crucis
1835 5484 1888 5536 in
1913 5481 2111 5548 Jerus.,

2231 4414 2279 4468 ei
2303 4414 2447 4467 salus
2471 4412 2725 4481 gignitur,
2756 4411 2970 4480 quando
3002 4413 3216 4466 tristitia
3247 4414 3639 4467 emendationis
3669 4415 3824 4481 inge-

2230 4504 2387 4558 ritur.
2421 4503 2558 4556 Dicit
2584 4503 2724 4555 enim
2747 4502 2936 4556 beatus
2963 4503 3252 4571 Apostolus
3279 4524 3290 4555 :
3321 4503 3464 4556 Nam
3487 4521 3601 4572 qua:
3630 4521 3822 4557 secun-

2230 4596 2352 4649 dum
2380 4595 2548 4649 Deum
2575 4605 2650 4648 est
2675 4596 2884 4648 tristitia
2915 4597 3218 4666 pwnitentia
3252 4595 3275 4632 ά
3313 4599 3368 4650 in
3397 4597 3614 4650 salutem
3653 4596 3824 4650 stabi-

2229 4689 2327 4743 lem
2369 4696 2612 4758 operatur
2642 4687 2730 4756 (II
2771 4685 2892 4740 Cor.
2925 4687 3040 4757 vn).
3073 4687 3240 4742 Recte
3274 4698 3296 4725 ε
3327 4703 3457 4756 ergo
3486 4687 3664 4752 lzetor,
3691 4689 3824 4756 quia

2231 4779 2460 4833 salutem
2490 4793 2690 4848 operor
2718 4793 2840 4831 cum
2879 4777 3126 4846 objurgo.
3173 4776 3190 4816 ί
3225 4777 3379 4834 Licet
3417 4788 3647 4833 Intereat
3680 4779 3828 4833 filius

2231 4868 2336 4922 mei
2365 4868 2652 4937 asperitate
2679 4867 2946 4922 sermonis
2964 4909 2979 4933 ,
3030 4877 3055 4914 8
3086 4867 3179 4936 qui
3207 4883 3330 4922 eum
3359 4867 3624 4937 proﬁcere
3655 4869 3825 4922 intel-

2225 4959 2330 5027 ligo
2358 4974 2456 5028 per
2483 4973 2797 5013 inmrorem.
2828 4957 2918 5012 Ait
2945 4967 3164 5013 sanctus
3195 4957 3486 5028 Apostolus
3520 4975 3532 5010 :
3570 4955 3699 5021 Quis
3746 4967 3826 5012 est

2221 5049 2358 5103 enim
2385 5049 2525 5117 ﬁlius
2552 5066 2700 5120 quem
2741 5066 2844 5102 non
2878 5050 3109 5104 verberat
3137 5059 3285 5118 pater
3307 5048 3496 5120 (Hebr.
3535 5049 3632 5118 xn)
3652 5050 3676 5102 ?
3697 5049 3822 5103 Non

2222 5141 2366 5195 enim
2393 5155 2608 5209 semper
2631 5149 2786 5210 pater
2808 5141 3085 5196 osculatur
3106 5139 3296 5207 ﬁlium,
3319 5141 3413 5196 sed
3437 5149 3492 5194 et
3520 5140 3825 5210 aliquando

2295 5344 2320 5382 ά
2351 5343 2487 5399 Cod.
2517 5343 2764 5398 Ambros.
2791 5341 2994 5396 omittit
3019 5341 3094 5394 in.

2296 5424 2320 5452 ο
2347 5414 2481 5470 Cod.
2512 5413 2568 5467 S.
2601 5413 2788 5469 Crucis
2817 5413 2866 5464 in
2898 5411 3030 5482 Jcr.,
3060 5428 3172 5482 ego.

2300 5483 2319 5522 ί
2354 5484 2487 5540 Cod.
2535 5483 2658 5538 Vat.
2703 5491 2759 5537 et
2799 5483 2856 5538 S.
2889 5479 3166 5536 Crucis'in
3194 5479 3405 5555 Jerus.,
3454 5481 3654 5536 Μοῖραί
3693 5481 3823 5536 licet

539 5571 641 5608 non
678 5553 1032 5608 blandimenta
1069 5552 1359 5621 differrent.
1404 5554 1538 5610 Cod.
1570 5554 1692 5609 Vat.
1745 5552 1901 5621 1277,
1943 5553 2119 5626 defer-
2148 5565 2199 5629 ι)
2225 5554 2386 5629 ﬁlius;

539 5633 800 5750 m‘ctllod.
832 5691 900 5748 99
920 5691 977 5751 S.
1010 5691 1197 5750 Crucis
1232 5691 1286 5748 in
1313 5690 1449 5760 ἔοι..
1477 5696 1804 5763 pronuntiat.

2299 5634 2322 5672 ε
2353 5621 2488 5682 Cod.
2518 5623 2790 5689 Ambros.,
2830 5623 2914 5694 qui
2935 5623 3226 5693 proficeret,
3259 5631 3367 5678 clc.
