4054 6190
240 279 348 335 517

1633 276 1912 335 HOMlLlA
1950 276 2126 335 CXIV.

3387 277 3493 333 518

235 397 475 464 castigat.
505 396 648 463 Ergo
686 392 901 464 quando
939 390 1231 460 castigatur
1257 362 1349 461 qui
1376 389 1611 459 diligitur
1629 431 1646 457 ,
1676 397 1804 446 tunc
1835 399 1881 453 Α
1911 386 2018 441 Bar
2044 387 2203 453 Jona,
2225 388 2470 459 quoniam
2498 403 2620 442 caro
2650 396 2700 441 et
2729 387 2941 458 sanguis
2971 402 3073 439 non
3101 386 3337 441 revelavit
3364 387 3493 455 tibi,

234 488 377 541 circa
414 500 535 539 eum
581 485 756 553 pietas
796 491 1108 546 exercetur;
1146 481 1307 535 habet
1352 481 1498 535 enim
1545 489 1602 535 et
1652 495 1805 534 amor

233 579 418 648 plagas
454 590 602 641 suas,
624 588 744 643 qua:
776 571 1044 626 dulciores
1068 578 1191 624 sunt
1209 610 1225 636 ,
1254 584 1375 623 cum
1403 569 1640 623 amarius
1669 566 1806 621 infe-

233 676 458 731 runtur;
487 664 697 718 dulcior
738 662 879 717 enim
904 668 987 715 est
1027 660 1275 727 religiosa
1320 658 1601 725 castigatio
1647 672 1809 725 quam

236 756 429 812 blanda
463 753 741 818 remissio;
777 752 916 805 unde
945 750 1019 803 ait
1047 750 1307 818 prapheta
1351 766 1362 799 :
1405 746 1653 800 Dulciora
1690 754 1811 799 sunt

234 848 447 902 uulnera
474 845 627 897 amici
664 858 816 914 quam
836 842 1126 895 voluntaria
1166 839 1344 892 oscula
1385 838 1581 891 inimici
1624 836 1807 908 (Prov.

236 938 426 1007 nvu).
474 935 671 1001 lgitur,
714 932 935 995 fratres,
976 930 1100 999 quia
1140 938 1264 998 post
1308 936 1387 983 tot
1432 927 1815 997 increpationis

236 1042 375 1081 suae
406 1024 551 1078 utilia
594 1032 619 1060 ι
660 1022 824 1075 verba
848 1019 1011 1073 credo
1043 1034 1138 1072 vos
1183 1017 1511 1084 benignitate
1560 1030 1813 1071 sensuum

237 1116 534 1188 profecisse
556 1154 571 1178 ,
620 1112 688 1167 de
714 1112 883 1167 sacris
928 1109 1146 1163 Litteris
1193 1109 1369 1177 aliqua
1398 1108 1421 1145 δ
1453 1107 1813 1161 conleramus.

236 1210 397 1265 Sicut
421 1206 563 1262 enim
592 1204 711 1259 fons
738 1203 830 1271 qui
861 1218 967 1257 non
997 1202 1156 1255 solito
1185 1201 1411 1254 humore
1439 1199 1663 1253 distillat
1691 1213 1817 1252 exa-

237 1300 441 1368 gitatur
468 1295 714 1356 surculis,
746 1301 800 1347 et
838 1292 913 1346 ita
942 1291 1141 1360 largior
1176 1291 1464 1355 invenitur,
1496 1306 1560 1345 ac
1588 1290 1819 1360 primum

236 1404 306 1442 ex
333 1402 405 1442 eo
428 1384 639 1439 turbida
679 1398 814 1451 aqua
842 1381 1174 1452 producitur,
1209 1390 1267 1435 ut
1309 1381 1449 1435 unda
1475 1381 1660 1450 purior
1695 1380 1821 1435 sub-

235 1487 533 1550 sequatur;
562 1478 641 1532 sic
683 1485 738 1530 et
776 1474 1033 1529 sanctitas
1060 1483 1238 1527 vestra
1264 1481 1582 1543 exasperata
1606 1473 1822 1541 quidem

235 1574 419 1627 fuerat
461 1568 771 1624 austeritate
816 1566 1117 1629 sermonis,
1163 1564 1525 1619 seddevotior
1558 1564 1698 1619 facta
1742 1574 1825 1620 est

236 1662 524 1717 dulcedine
552 1659 784 1728 pietatis.
819 1655 1207 1709 Turbulentum
1235 1655 1380 1709 enim
1418 1653 1675 1723 quiddam
1704 1670 1823 1708 vcs-

1908 480 1998 533 sed
2026 479 2185 533 Pater
2218 495 2381 547 meus,
2410 480 2493 549 qui
2522 480 2577 532 in
2600 481 2740 534 caelis
2767 489 2861 532 est.
2896 478 2963 531 Et
2990 496 3082 549 ego
3103 479 3219 532 dico
3249 479 3339 531 tibi
3368 496 3385 532 :
3417 478 3493 532 Tu

1908 584 1964 621 es
2008 567 2195 621 Petrus
2230 576 2281 621 et
2308 584 2462 637 super
2497 568 2631 621 hanc
2659 577 2860 638 petram
2900 568 3170 638 cediﬁcabo
3208 566 3496 621 Ecclesium

1913 677 2095 713 meum.
2138 658 2274 713 Cum
2314 668 2602 713 vocaretur
2630 672 2758 726 ergo
2800 659 2985 713 Simon
3012 701 3027 727 ,
3070 675 3169 729 pro
3198 660 3300 713 hac
3328 658 3495 711 devo-

1914 753 2066 806 tione
2087 758 2429 819 mmcupatus
2454 758 2536 804 est
2565 748 2774 804 Petrus.
2808 748 3075 817 Legimus,
3108 749 3319 804 dicente
3354 748 3499 817 Apo—

1912 841 2055 895 stolo
2083 840 2150 895 de
2186 842 2304 910 ipso
2334 840 2561 896 Domino
2591 858 2603 893 :
2638 838 2884 893 Bibebant
2919 838 2939 877 ί
2968 840 3031 892 de
3060 840 3285 911 spiritali
3312 855 3497 892 conse-

1913 944 2098 1005 quente
2117 950 2203 987 eos
2230 942 2407 1002 petra;
2431 941 2576 1002 petra
2599 940 2770 986 autent
2796 941 2906 986 erat
2928 932 3162 985 Christus
3185 930 3239 1000 (1
3265 930 3386 986 Cor.
3420 930 3498 1000 χ).

1919 1024 2088 1079 Recte
2118 1025 2277 1092 igitur
2298 1064 2312 1089 ,
2346 1024 2469 1093 quia
2500 1032 2652 1093 petra
2682 1023 2924 1078 Christus
2951 1022 3137 1078 Simon
3166 1030 3502 1092 nuncupatus

1918 1124 2003 1172 est
2022 1116 2243 1182 Petrus;
2280 1125 2339 1171 ut
2360 1117 2450 1184 qui
2472 1132 2593 1171 cum
2616 1116 2842 1171 Domino
2864 1114 2986 1170 fidei
3006 1117 3321 1171 societatem
3337 1116 3502 1185 376

1920 1208 2193 1276 habebat,
2234 1224 2357 1263 cum
2387 1208 2612 1262 Domino
2655 1208 2881 1261 haberet
2919 1214 2975 1261 et
3022 1207 3252 1262 nominis
3292 1206 3503 1260 Domini

1922 1301 2183 1355 unitatem
2217 1319 2229 1352 :
2274 1309 2332 1354 ut
2368 1300 2503 1354 sicut
2529 1315 2558 1353 a
2588 1299 2804 1355 Christo
2828 1299 3163 1354 Christianus
3190 1300 3417 1363 dicitur;
3448 1307 3505 1354 et

1920 1408 1950 1446 a
1981 1392 2137 1446 Petra
2167 1390 2383 1444 Christo
2410 1389 2601 1445 Petrus
2627 1391 2903 1460 apostolus
2931 1398 3237 1445 vocaretur.
3266 1388 3373 1444 Sed
3403 1404 3505 1444 nec

1921 1484 2241 1553 populorum
2271 1484 2578 1552 opinionem
2603 1497 2889 1552 possumus
2914 1483 3205 1551 reprobare
3224 1481 3315 1551 qui
3342 1496 3506 1534 unum

1922 1574 1990 1628 de
2018 1573 2296 1643 prophetis
2335 1573 2620 1627 Dominum
2660 1572 3017 1626 mstimabant.
3046 1570 3180 1625 Nam
3211 1571 3331 1624 idco
3371 1585 3510 1623 non-

1926 1665 2056 1719 nulli
2095 1665 2243 1719 velut
2281 1664 2452 1718 Eliam
2499 1663 2835 1719 Salvatorem
2879 1664 3101 1717 forsitan
3144 1669 3507 1732 putaverunt,

239 1756 307 1810 tri
336 1752 504 1807 animi
532 1750 753 1805 TOI‘Silall
779 1748 1106 1811 retinebam.
1136 1744 1231 1799 sed
1255 1744 1368 1813 iam
1395 1760 1461 1800 ει
1486 1745 1679 1799 νθειΐίε
1707 1760 1823 1799 ωο·
1856 1761 1898 1820 Β
1925 1755 2050 1824 quia
2089 1754 2156 1808 ad
2200 1754 2366 1808 oculos
2395 1753 2540 1806 Elias
2587 1753 2726 1807 sicut
2754 1752 3003 1807 Salvator
3032 1762 3056 1800 ε
3099 1752 3361 1806 ascendit.
3402 1750 3510 1807 Sed

236 1846 394 1899 ribus
423 1840 638 1911 profluit
666 1853 824 1893 omne
843 1837 987 1905 quod
1009 1851 1199 1906 purum
1219 1844 1322 1890 est.
1339 1834 1624 1890 Videamus
1648 1848 1668 1872 ε
1695 1849 1823 1903 ergo

237 1937 372 2007 quid
395 1936 491 1999 sit,
516 1932 658 2003 quod
681 1931 757 1984 ait
776 1930 841 1983 ad
863 1929 1151 1997 discipulos
1165 1944 1290 1982 suos
1301 1926 1584 1981 Dominus:
1614 1924 1714 1981 Vos
1736 1944 1825 1979 au-

240 2038 342 2082 tem
353 2042 503 2098 quem
518 2042 596 2078 me
608 2022 633 2060 (³
652 2039 762 2076 esse
775 2022 945 2074 dicitis
964 2019 1174 2089 (Matth.
1197 2020 1304 2089 xvn)
1320 2020 1343 2072 ?
1358 2018 1514 2088 375
1532 2017 1647 2073 Non
1661 2018 1821 2086 igitur

238 2129 501 2188 tanquam
531 2118 743 2183 ignarus
772 2115 1065 2179 interrogat
1092 2110 1349 2165 Dominus
1376 2109 1505 2179 quid
1531 2110 1597 2163 de
1624 2125 1690 2164 eo
1725 2125 1823 2180 po-

238 2211 353 2281 puli
383 2207 733 2276 discipuliqne
761 2204 1055 2266 sentirent,
1096 2202 1192 2256 sed
1222 2209 1472 2269 tanquam
1502 2200 1674 2255 sciens
1703 2202 1823 2254 uni-

239 2315 524 2356 versorum
569 2305 779 2351 mentes
809 2294 963 2349 fidem
1004 2293 1344 2347 manifestare
1382 2292 1549 2346 voluit
1587 2292 1823 2360 singulo-

238 2409 360 2448 rum
398 2410 411 2444 :
442 2399 501 2445 ut
527 2389 668 2460 quod
691 2386 857 2441 corde
885 2385 1175 2441 credebant
1201 2384 1504 2451 Dominum,
1531 2395 1555 2422 θ
1581 2400 1675 2439 ore
1701 2401 1825 2438 nar-

238 2489 450 2536 rarent.
490 2479 593 2531 Alii
622 2478 765 2531 enim
814 2475 984 2529 Eliam
1026 2490 1145 2529 esse
1184 2475 1474 2529 credebant
1518 2474 1820 2540 Dominum,

238 2572 333 2625 alii
363 2569 653 2623 Jeremiam
670 2608 685 2632 ,
718 2566 807 2620 alii
834 2565 1096 2619 Joannem
1123 2565 1437 2634 Baptistam.
1463 2563 1650 2619 Petrus
1678 2567 1827 2620 solus

237 2661 519 2715 Christum
556 2659 650 2712 Dei
680 2657 871 2711 Filium
894 2654 1197 2711 conﬁtetur.
1220 2655 1428 2711 Gradus
1455 2656 1671 2725 quidam
1699 2664 1823 2711 sunt

1932 1862 2039 1900 non
2069 1846 2208 1900 sicut
2235 1845 2377 1899 Elias
2400 1844 2643 1899 Christus
2681 1852 2797 1909 est;
2838 1844 2927 1897 ille
2956 1844 3099 1897 enim
3127 1844 3193 1896 ad
3222 1843 3391 1897 coslos
3419 1857 3509 1895 rs-

1928 1938 2091 2006 pitur,
2123 1937 2225 1992 iste
2270 1936 2602 2004 regreditur;
2647 1937 2739 1991 ille
2784 1942 3041 2006 tanquam
3072 1935 3313 1989 infirmus
3358 1935 3508 2002 ignea

1926 2027 2184 2095 quadriga
2213 2026 2541 2091 subvehitur,
2571 2027 2659 2081 hic
2700 2034 2953 2094 tanquam
2980 2025 3122 2080 Deus
3159 2024 3375 2094 propria
3405 2023 3507 2077 vir-

1928 2123 2040 2171 tute
2069 2124 2349 2185 portatur;
2381 2116 2472 2169 ille
2495 2116 2632 2169 sicut
2660 2114 2825 2168 homo
2848 2115 3078 2178 ducitur,
3104 2114 3193 2167 hic
3220 2113 3359 2167 sicut
3385 2110 3507 2165 Sal-

1924 2214 2081 2259 vator
2108 2204 2379 2268 ascendit;
2428 2205 2513 2257 ille
2542 2204 2565 2241 ιι
2594 2203 2850 2258 ducentes
2877 2203 3117 2272 sequitur
3152 2202 3391 2269 angelos,
3415 2216 3507 2255 co-

1925 2294 2175 2348 mitantes
2203 2293 2305 2347 sibi
2347 2294 2567 2361 angelos
2606 2293 2708 2348 iste
2757 2291 3026 2363 prmcedit.
3062 2290 3301 2359 Denique
3345 2289 3505 2345 iidem

1924 2383 2102 2451 angeli
2128 2424 2144 2449 ,
2192 2391 2497 2436 remeantes
2527 2382 2580 2435 in
2612 2390 2809 2437 terram
2830 2423 2845 2449 ,
2884 2396 2915 2435 a
2963 2381 3195 2435 Domino
3224 2378 3507 2434 Salvatme

1926 2480 2177 2535 dixerunt
2197 2477 2264 2532 ad
2289 2478 2564 2547 apostolos
2597 2495 2609 2530 :
2648 2477 2759 2530 Viri
2783 2462 3007 2538 Galilaai,
3040 2475 3167 2545 quid
3190 2474 3342 2527 statis
3368 2475 3509 2538 aspi~

1926 2574 2115 2626 cientes
2144 2574 2198 2625 in
2219 2571 2438 2625 caelum?
2466 2570 2568 2623 Hic
2596 2569 2765 2635 Iesus,
2798 2569 2885 2640 qui
2913 2575 3144 2636 receptus
3173 2574 3250 2618 est
3289 2583 3320 2618 α
3348 2564 3510 2629 vobis,

1928 2665 2001 2717 sic
2029 2664 2191 2717 veniet
2215 2661 2644 2733 quemadmodum
2671 2660 2871 2713 vidistis
2889 2675 3004 2712 eunt
3029 2664 3233 2711 euntem
3254 2656 3309 2709 in
3329 2655 3509 2709 etclam

241 2751 391 2815 ﬁdei,
422 2758 479 2804 et
516 2750 607 2818 qui
650 2747 898 2802 devotius
926 2747 1133 2810 credit,
1174 2746 1474 2813 religiosius
1514 2747 1818 2804 conlitetur.
1930 2754 2070 2824 (Act.
2095 2752 2193 2822 ιι).

236 2840 349 2896 Pro
380 2841 483 2896 hac
508 2839 797 2894 devotione
824 2837 1019 2891 dicitur
1053 2834 1214 2892 Petro
1255 2854 1268 2889 :
1304 2836 1490 2890 Beatus
1518 2854 1604 2902 es,
1636 2837 1819 2895 Simon
2052 2875 2060 2881 τ

1570 2929 1916 2992 HOMILIA
1961 2933 2182 2994 CXIV.

565 3046 647 3102 De
674 3062 735 3101 eo
762 3044 899 3117 quod
924 3045 1173 3116 scriptum
1198 3054 1273 3097 est
1294 3042 1486 3099 Matth.
1518 3064 1632 3117 cap.
1675 3065 1782 3106 χιιι
1817 3068 1829 3102 :
1863 3050 2077 3105 Reddite
2104 3069 2219 3123 quae
2247 3051 2345 3106 Dei
2372 3061 2490 3106 sunt
2514 3050 2643 3118 Deo,
2673 3060 2721 3105 et
2744 3051 2808 3103 de
2834 3051 3196 3105 militantibus.

1672 3164 2059 3221 ADMONITIO.

308 3283 434 3338 Non
464 3281 767 3335 dubitamus
808 3278 965 3346 hujus
992 3277 1226 3349 homilim
1244 3285 1523 3349 auctorem
1554 3294 1795 3349 asserere
1821 3281 1876 3335 S.
1909 3282 2219 3348 Maximum,
2242 3282 2507 3349 -quamvis
2552 3281 2761 3349 diversa
2792 3280 2862 3332 sit
2891 3280 3115 3332 aliorum
3147 3279 3348 3349 opinio.
3380 3280 3512 3336 Niti~

241 3370 370 3409 mur
397 3352 655 3417 imprimis
683 3350 890 3403 duobus
919 3348 1207 3409 codicibus,
1238 3347 1571 3417 sangallensi
1597 3357 1651 3403 et
1681 3348 1890 3403 Sancte
1922 3351 2109 3404 Crucis
2144 3347 2518 3404 in’Je‘rusalem
2549 3348 2633 3413 90,
2670 3351 2719 3401 iu
2752 3365 2979 3417 quorum
3007 3347 3385 3416 primo'exstat
3413 3354 3513 3407 sub

241 3440 395 3478 num.
426 3416 516 3485 21,
549 3429 604 3474 et
633 3421 683 3472 in
711 3418 1072 3489 secundo‘sub
1102 3432 1249 3489 num.
1277 3416 1367 3489 ἓξ).
1402 3416 1600 3489 [lorum
1630 3420 1935 3489 testimonia
1975 3422 2133 3489 plane
2161 3421 2479 3475 conlirmant
2508 3427 2617 3471 tres
2646 3419 2733 3471 alii
2764 3416 2998 3489 codices,
3030 3419 3235 3489 scilicet
3263 3419 3513 3474 Casinen~

240 3494 313 3547 sis
349 3492 415 3543 1‘2
438 3503 561 3559 pag.
592 3489 714 3549 357,
744 3488 832 3560 qui
864 3489 922 3560 i_n_
946 3486 1119 3560 lroute
1150 3487 1379 3560 humilia:
1409 3485 1571 3540 habet
1589 3506 1615 3560 _:
1648 3488 1725 3541 De
1749 3508 1807 3544 eo
1827 3491 1961 3560 quod
1978 3485 2235 3560 scriptum
2267 3500 2343 3543 est
2373 3508 2385 3542 :
2418 3488 2634 3560 Reddite
2661 3504 2775 3560 qua:
2804 3486 2903 3560 Dei
2932 3495 3051 3541 sunt
3080 3488 3208 3560 l)_co,_
3232 3498 3283 3540 et
3320 3489 3383 3540 de
3410 3493 3511 3543 mi-

242 3556 513 3616 litantibus
532 3599 547 3626 ,
576 3575 742 3612 sermo
777 3559 837 3611 S.
868 3556 1087 3609 Maximi
1116 3557 1374 3626 episcopi;
1403 3557 1670 3611 secundus
1694 3567 1777 3612 est
1805 3556 1973 3613 codex
2003 3559 2070 3611 99
2094 3556 2150 3613 S.
2182 3560 2367 3614 Crucis
2396 3560 2446 3611 in
2466 3556 2784 3623 Jerusalem,
2808 3557 2895 3609 ubi
2928 3572 3073 3610 num.
3109 3557 3139 3607 7
3163 3558 3301 3609 idem
3328 3560 3512 3613 titu!us

241 3632 564 3693 exhibetur;
613 3628 803 3681 tertius
831 3626 1242 3697 Beneventanus
1272 3626 1309 3697 li
1330 3639 1451 3695 pag.
1498 3627 1622 3694 537,
1670 3636 1726 3681 et
1766 3630 1817 3681 in
1860 3630 2208 3697 inscriptione
2238 3638 2291 3682 et
2320 3630 2372 3681 in
2413 3628 2629 3680 nomine
2649 3627 2871 3697 Maximi
2900 3626 3262 3697 superioribus
3291 3630 3512 3697 onmino

241 3700 560 3755 conformis.
594 3698 802 3751 Scimus
832 3696 970 3749 hanc
999 3696 1271 3749 homiliam
1302 3696 1353 3748 in
1383 3697 1654 3750 veteribus
1682 3698 2004 3752 editionibus
2027 3695 2324 3752 'Ambrosio
2355 3707 2409 3751 et
2437 3699 2599 3751 etiam
2632 3695 2926 3762 Augustino
2955 3695 3121 3749 fuisse
3166 3696 3508 3763 attributam;

239 3770 340 3825 sed
371 3784 526 3838 teque
553 3767 708 3838 nobis
737 3774 921 3838 notum
948 3773 1050 3838 est,
1083 3763 1455 3838 Denedictinos
1484 3768 1776 3821 monachos
1798 3783 1952 3836 cong.
1984 3768 2041 3823 S.
2075 3768 2239 3821 Mauri
2272 3783 2390 3821 eam
2418 3768 2559 3821 inter
2582 3766 2932 3838 supposititia_
2945 3765 3354 3838 relinquendam
3383 3783 3511 3821 cen-

241 3832 529 3894 suissefln
557 3837 869 3907 prmfa_tionc
898 3834 963 3887 ad
980 3832 1258 3907 Ambrosii
1300 3850 1577 3907 sermones
1602 3838 1844 3890 eamdem
1874 3832 2090 3892 silentio
2120 3839 2512 3907 praeterierunt,
2559 3832 2699 3907 etin
2723 3836 3077 3907 appendicem
3121 3850 3279 3907 serm.
3309 3834 3364 3888 S.
3396 3838 3507 3890 Au-

244 3907 456 3977 gustini
484 3904 628 3977 num.
650 3904 740 3977 κεί
766 3905 1177 3977 transtulerunt.
1206 3904 1295 3971 At,
1339 3904 1541 3977 inquiet
1581 3907 1798 3975 aliquis,
1830 3908 1988 3961 iidem
2017 3904 2269 3962 censores
2316 3923 2420 3960 non
2452 3916 2559 3959 tam
2589 3906 2655 3958 ab
2684 3905 2763 3958 his
2805 3906 2895 3972 qui
2924 3906 3219 3977 Augustino
3253 3919 3413 3977 quam
3444 3908 3512 3960 ab

242 3974 371 4031 aliis
398 3977 491 4044 qui
522 3976 752 4029 Maximo
779 3975 1051 4047 homiliam
1080 3974 1361 4047 dederunt,
1380 3974 1801 4047 Adissentireivisi
1832 3986 1955 4031 sunt
1978 3995 1991 4042 ;
2025 3978 2348 4031 adnotarunt
2377 3978 2517 4047 enim
2544 3991 2663 4047 eam
2690 3984 2822 4027 certe
2848 3975 3051 4047 quidem
3074 3991 3194 4047 non
3219 3974 3287 4047 ad
3315 3976 3514 4047 Augus-

242 4042 438 4107 tinum,
460 4047 549 4099 sed
578 4048 710 4116 forte
737 4060 828 4116 nec
849 4044 917 4097 ad
944 4042 1235 4096 Maximum
1258 4044 1538 4116 pertinere:
1551 4045 1697 4116 Quid
1724 4060 1851 4113 ergo
1881 4047 2346 4101 concludendum?
2378 4046 2758 4116 Benedictinos
2797 4042 3031 4116 etl'itoges
3058 4045 3125 4097 de
3149 4043 3379 4097 Maximo
3394 4042 3510 4099 Vdu—

242 4117 486 4177 bitassc;
518 4112 610 4169 sed
641 4114 883 4167 absolute
925 4126 1147 4179 negasse
1187 4128 1293 4166 non
1326 4113 1470 4165 item.
1508 4112 1563 4167 Si
1592 4116 1736 4168 enim
1778 4112 1882 4170 illis
1923 4116 2279 4170 innotuissent
2308 4116 2519 4169 codices
2565 4114 2621 4167 S.
2655 4115 2908 4167 antistitis
2939 4114 3281 4167 Taurineusis
3312 4130 3509 4169 nomen

244 4185 524 4255 expressis
567 4184 745 4255 verbis
791 4182 2033 4255 ferentes,_quos_laudavimus,Maximianam
2082 4187 2223 4240 hanc
2273 4185 2547 4237 homiliam
2587 4183 2741 4255 fateri
2789 4199 2892 4255 non
2940 4183 3295 4255 hrcsitassent.
3329 4184 3512 4255 Stylus

244 4245 502 4321 fortasse,
534 4270 641 4324 quo
670 4253 982 4322 plerumque
1012 4245 1177 4324 util-ur
1203 4245 1786 4324 Mpimuskdissimilis
1808 4256 2033 4309 videtur.
2059 4256 2127 4308 At
2157 4270 2314 4309 nemo
2336 4256 2564 4321 ignorat,
2598 4252 2973 4324 inmoralibus
3000 4253 3348 4324 concionibns
3377 4245 3508 4307 Ant-

247 4320 497 4379 brosium
516 4320 731 4393 quoque
758 4332 813 4377 et
840 4320 1194 4391 Augustinum
1220 4321 1461 4391 aliosque
1490 4320 1678 4378 Patres
1705 4324 1935 4393 planiori
1977 4340 2225 4380 sermone
2253 4320 2374 4378 vitai
2400 4332 2614 4377 arternzn
2641 4321 2962 4375 documenta
2988 4321 3293 4374 tradidisse.

253 4475 962 4559 “conparat—Cunctis
991 4476 1467 4559 ofﬁfiisprtescribi
1495 4494 1730 4559 normam
1752 4480 1834 4559 _ri-
1861 4483 1907 4547 (ζ
1937 4495 2193 4536 excusare
2216 4519 2231 4547 ,
2273 4479 2416 4549 quod
2463 4479 2721 4543 militant;
2757 4486 2811 4534 et
2839 4492 2907 4531 ne
2944 4477 3081 4531 bene
3115 4476 3400 4545 aliquando
3428 4477 3512 4531 fa-

325 4548 502 4611 tendi,
542 4558 592 4601 et
631 4547 769 4617 apud
824 4546 1033 4601 omnem
1071 4546 1420 4600 Christianum
1508 4550 1693 4602 rimam
1743 4550 1819 4603 ho-

325 4618 542 4671 nestatis
563 4616 743 4671 debere
766 4633 876 4669 esse
906 4617 1163 4671 militiam.
1198 4617 1344 4671 docet
1368 4617 1427 4671 S.
1455 4564 1738 4671 gerimus.
1772 4630 1819 4671 te

1940 4572 2103 4638 ciant,
2135 4579 2426 4641 occupatos
2455 4586 2515 4627 se
2549 4571 2705 4624 malis
2730 4570 2938 4625 actibus
2965 4576 3397 4636 conqueruntur;
3422 4583 3511 4637 pe-

322 4630 542 4673 nestatts
563 4630 743 4671 debere
766 4633 876 4669 esse
906 4630 1163 4679 mutuam,
1198 4630 1344 4671 docet
1368 4630 1427 4671 δ.
1455 4630 1738 4684 Maximus,
1772 4630 1839 4673 te-
1968 4666 1980 4676 .
2091 4630 2101 4638 '
2251 4630 2289 4675 .‘
2354 4664 2365 4675 .
2394 4664 2404 4675 .
2436 4664 2447 4675 .
2646 4664 2657 4675 .
3087 4630 3103 4636 '
3276 4661 3288 4671 .
3382 4630 3391 4633 ⁷
3423 4630 3435 4637 ’

322 4689 569 4733 “imum
597 4702 857 4733 nomen,
881 4702 1148 4733 mm.an
1172 4686 1577 4733 Scrinmmmm
1936 4665 2088 4719 rmde
2115 4679 2265 4733 quas:
2295 4664 2483 4718 militia
2513 4664 2813 4729 hominum,
2844 4678 2953 4716 non
2992 4662 3241 4715 voluntas
3276 4676 3327 4713 ιη
3357 4662 3513 4729 culpa

316 4689 569 4743 stimonia
597 4702 857 4755 exponens
881 4702 1148 4739 sacrarum
1172 4686 1577 4758 Scripturarum.

1935 4752 2007 4805 sit
2038 4768 2050 4802 :
2083 4751 2155 4804 ita
2185 4750 2329 4818 quod
2358 4751 2456 4819 ipsi
2485 4758 2675 4818 gerunt
2712 4750 2901 4807 officiis
2929 4750 3039 4805 suis
3066 4749 3357 4804 ascribunt.
3397 4748 3514 4803 Non

1937 4843 2080 4898 enim
2127 4843 2358 4896 militare
2401 4842 2652 4897 delictum
2700 4852 2821 4907 est,
2875 4841 2967 4896 sed
3015 4852 3237 4910 propter
3282 4840 3514 4909 praedam

1938 4933 2168 4987 militare
2208 4943 2506 5004 peccatum.
2540 4934 2648 4989 Nec
2681 4934 3062 5003 rempublicam
3100 4947 3287 5001 gerere
3335 4932 3518 4987 crimi-

1938 5038 2127 5080 nosum
2168 5031 2279 5092 est,
2310 5024 2405 5080 sed
2433 5024 2556 5080 ideo
2582 5038 2741 5094 agere
2776 5024 3183 5095 rempublicam,
3212 5032 3271 5080 ut
3299 5039 3411 5078 rem
3442 5023 3520 5078 fa-

327 4841 603 4908 Nonnulli,
636 4840 848 4908 fratres,
879 4841 970 4911 qui
999 4848 1091 4896 aut
1117 4842 1319 4897 militiae
1347 4842 1558 4911 cingulo
1586 4842 1834 4897 detinen-

254 4945 365 5001 tur,
400 4940 497 4987 aut
523 4933 577 4987 in
606 4938 731 4987 actu
757 4940 882 4987 sunt
907 4932 1121 5002 publico
1147 4934 1443 4998 constituti,
1465 4948 1585 4988 cum
1613 4942 1838 5003 peccant

254 5023 518 5092 graviter,
554 5019 571 5060 ί
604 5022 707 5078 hac
743 5021 920 5077 solent
946 5036 979 5076 a
1018 5022 1227 5092 peccati
1272 5022 1356 5080 sui
1400 5035 1560 5092 paena
1601 5036 1663 5080 se
1702 5038 1837 5080 voce

342 5277 368 5304 ⁸
398 5265 535 5321 Cod.
566 5266 837 5331 Ambros.,
864 5266 1012 5319 utilia
1042 5265 1267 5317 verbera.

341 5336 368 5376 δ
388 5335 525 5391 Cod.
551 5336 671 5391 Vat.
698 5335 853 5400 127⁵1,
888 5344 1254 5389 consectemur.

343 5418 366 5446 ε
392 5405 527 5460 Cod.
558 5405 805 5460 Ambros.
836 5405 1036 5458 omittit
1053 5420 1193 5474 ergo.

340 5476 367 5513 ἀ
396 5475 541 5531 Idem
568 5476 690 5531 cod.
724 5475 972 5529 Ambros.
1004 5475 1201 5528 omittit
1226 5489 1357 5529 esse.

346 5558 369 5585 ε
400 5545 506 5600 llas
536 5560 693 5615 voces
733 5554 1032 5615 opportune
1059 5544 1350 5612 adjecimus
1389 5558 1456 5600 ex
1482 5543 1639 5601 codd.
1676 5542 1843 5602 Vatic.

269 5617 432 5676 1277.
464 5624 519 5669 et
550 5614 819 5680 Ambros;
847 5632 935 5669 ore
962 5624 1255 5670 narrarent.

352 5688 367 5723 ί
400 5685 530 5739 Cod.
568 5685 809 5739 Ambros.
841 5686 961 5755 legit
985 5686 1047 5739 de
1070 5686 1291 5752 spiritali
1315 5694 1483 5757 petra.

2026 5275 2052 5336 tl
2082 5265 2223 5336 idem
2252 5266 2374 5323 cod.
2407 5267 2677 5336 Ambros.,
2701 5266 3007 5321 ascenderit.

2025 5335 2051 5406 1f
2082 5334 2225 5406 idem
2254 5337 2373 5391 cod.
2405 5334 2672 5400 Ambros,
2704 5338 2791 5392 ille
2825 5337 3040 5390 ducente
3074 5336 3303 5406 sequitur
3322 5336 3528 5405 angelo.

2032 5405 2049 5443 ¹
2076 5404 2211 5461 Cod.
2236 5406 2303 5461 90
2322 5407 2379 5460 S.
2402 5408 2587 5461 Crucis
2613 5409 2664 5461 in
2685 5406 2794 5462 Jer.
2829 5408 2955 5475 legit
2989 5426 3000 5459 :
3033 5404 3322 5459 hoc'solent
3352 5404 3530 5475 a’pec-

2033 5424 2049 5443 ι
2076 5424 2211 5461 υοα.
2236 5424 2303 5461 νυ
2322 5424 2379 5460 δ.
2402 5424 2587 5461 LI‘UCIS
2613 5425 2664 5461 tn
2685 5424 2794 5462 Jer.
2830 5424 2955 5475 tegit
2989 5426 3000 5459 :
3033 5424 3127 5459 noc
3158 5424 3321 5457 sotent
3352 5424 3384 5458 a
3476 5424 3529 5459 c-

1952 5477 2086 5531 catis
2110 5478 2218 5558 suis
2244 5478 2412 5558 prima
2431 5494 2487 5531 se
2514 5495 2631 5558 voce
2657 5476 3091 5558 excusaretquod
3119 5475 3360 5556 militant.
3395 5424 3529 5529 83d.

1954 5563 2086 5602 vero
2114 5546 2182 5599 99
2208 5546 2287 5619 ait
2321 5548 2654 5619 :_ItacAsolent
2690 5566 2721 5602 a
2748 5546 2975 5619 peccatis
3006 5549 3111 5619 suis
3136 5547 3305 5613 prima
3330 5560 3385 5619 se
3413 5560 3530 5619 race

1955 5634 2221 5671 excusare.
2251 5617 2383 5670 Cod.
2420 5617 2485 5671 10
2509 5615 2783 5687 Laurenti,
2817 5620 2912 5672 hac
2934 5618 3099 5671 solent
3126 5631 3156 5665 a
3182 5615 3401 5683 peccatis
3424 5617 3529 5666 suis

1959 5689 2125 5749 prima
2146 5704 2201 5740 se
2228 5703 2345 5740 voce
2372 5704 2637 5742 excusare.
