4054 6190
517 304 620 359 310

1550 296 1608 349 S.
1650 293 1896 349 MAXIMI
1936 287 2237 346 EPISCOPI
2276 288 2726 346 TAURINENSIS

3673 299 3787 355 5‘20

508 418 769 472 minare,“
818 414 995 486 potius
1039 423 1276 481 augeas,
1329 411 1540 464 videtur
1591 423 1711 463 esse
1765 405 2085 484 damnabile.
2118 407 2165 465 Α
2196 401 2218 437 ⁸·
2242 405 2546 470 exagitator
2559 412 2619 458 ut
2649 405 2830 466 nubat,
2856 408 2952 456 aut
2978 404 3023 459 si
3043 405 3274 460 voluerit
3298 406 3350 461 iu
3373 408 3638 464 castitatis
3659 428 3792 480 per-

512 510 669 580 377
720 505 1012 577 Propterea
1064 505 1208 559 enim
1267 501 1510 572 quzcdam
1569 498 1920 554 militantibus
1971 504 2097 550 sunt

509 597 776 668 stipendia
822 594 1144 659 constituta;
1200 605 1269 647 ne
1328 591 1454 646 dum
1509 599 1754 660 sumplus
1799 588 2094 658 quaeritur,

511 688 690 759 prteda
735 694 1029 756 grassetur.
1071 683 1204 738 illud
1225 692 1404 737 autem
1443 682 1602 752 quale
1647 688 1750 744 est,
1793 678 1938 749 quod
1974 691 2098 732 cum

511 781 582 836 ob
627 794 866 835 errorem
924 786 950 815 ι
990 776 1220 844 aliquem
1267 790 1297 828 a
1339 773 1642 830 senioribus
1687 780 2002 839 arguuntur,
2043 775 2100 823 et

513 873 808 941 imputatur
827 869 1093 938 aliquibus
1117 867 1183 921 dc
1213 867 1334 930 illis,
1357 881 1452 920 cur
1477 865 1655 920 ebrius
1685 863 1859 925 fuerit,
1893 877 1992 916 cur
2013 873 2100 914 res

513 964 716 1017 alicn‘as
743 959 1061 1031 pervaserit,
1089 959 1289 1013 caedem
1315 972 1411 1010 cur
1439 955 1775 1008 turbulentus
1803 950 2096 1013 admiserit,

511 1055 694 1110 statim
724 1050 1044 1120 respondeat
1079 1047 1260 1115 :‘Quitl
1284 1046 1548 1100 habebam
1589 1044 1766 1098 facere
1805 1043 2098 1097 homosze-

513 1144 710 1199 cularis
750 1141 776 1180 ι’
812 1151 865 1196 et
896 1131 1088 1193 uiiles?
1132 1150 1152 1176 ε
1187 1137 1433 1205 Nunquid
1463 1135 1784 1190 monachum
1830 1147 1949 1188 sum
1977 1147 2103 1201 pro-

512 1233 685 1290 fessus
713 1241 804 1286 aut
833 1231 1105 1286 clericum.
1133 1228 1292 1295 Quasi
1316 1229 1490 1282 omnis
1511 1226 1600 1294 qui
1630 1225 1859 1280 clericus
1885 1238 1993 1276 non
2021 1229 2104 1274 cst

515 1336 608 1380 aut
647 1324 958 1385 monachus,
988 1322 1157 1390 possit
1185 1321 1233 1374 ei
1263 1321 1428 1373 licere
1455 1317 1600 1386 quod
1639 1332 1746 1370 non
1775 1315 1918 1369 licet.
1957 1311 2103 1367 Cun-

513 1417 614 1470 Clis
644 1415 800 1482 igitur
829 1409 1017 1466 olliclis
1045 1409 1071 1448 ιι
1113 1410 1474 1479 prmscribitur
1515 1421 1701 1461 norma
1729 1404 1960 1469 vivendi,
1993 1419 2105 1457 om-

513 1507 598 1559 nis
625 1506 692 1558 ad
721 1505 859 1558 bene
907 1503 1170 1569 agendum
1204 1507 1528 1568 provocatur
1568 1512 1748 1561 sexus,
1780 1504 1910 1550 artas
1949 1504 2003 1549 et
2032 1494 2108 1548 di-

514 1595 710 1664 gnitas.
733 1593 900 1660 Igitur
925 1607 1083 1645 nemo
1103 1606 1162 1644 se
1188 1589 1412 1659 publicis
1442 1595 1662 1644 excuset
1690 1587 1917 1650 actibus,
1944 1600 2104 1640 nemo

516 1687 584 1741 de
629 1683 982 1752 occupatione
1039 1681 1238 1734 militia:
1285 1687 1662 1747 conqueratur.
1696 1677 1851 1748 Apud
1889 1691 2102 1732 omnem

2197 509 2414 548 manere
2434 495 2732 564 proposito,
2767 495 2780 532 ί
2807 494 2988 549 dando
3000 511 3224 550 munera
3239 511 3335 551 sua
3350 498 3402 551 iu
3423 496 3677 556 facultate
3695 504 3791 558 vix

2197 593 2495 654 pcnuanct.
2517 585 2650 639 Cum
2679 584 2763 640 his
2790 599 2918 652 ergo
2949 585 3224 642 fraudibus
3250 588 3575 656 rcpleveriut
3595 606 3792 646 saccu-

2199 675 2280 730 los
2299 677 2475 740 suos,l
2508 675 2710 730 videbis
2732 677 2881 731 laetos
2903 676 3021 731 illos
3044 685 3098 731 et
3117 688 3398 733 accuratos
3419 681 3485 734 ad
3499 683 3790 739 ecclesiam

2198 782 2513 839 properare,
2543 776 2598 822 et
2627 767 2738 822 Deo
2775 768 2975 835 gratias
3020 783 3198 836 agerc,
3230 771 3383 839 quasi
3438 773 3506 826 ab
3536 775 3654 843 ipso
3682 777 3794 830 illis

2200 858 2316 913 hcce
2370 857 2595 928 pecunia
2649 856 2987 922 conferatur;
3045 858 3178 912 illud
3229 874 3446 930 quoque
3497 875 3800 932 peccantes

2199 948 2346 1017 quod
2390 948 2698 1018 rapinarum
2750 964 2965 1002 suarum
3005 949 3172 1004 Deum
3202 952 3389 1006 volunt
3428 969 3549 1008 esse
3577 958 3796 1025 partici-

2202 1055 2344 1109 pem.
2379 1038 2515 1092 Dicit
2540 1047 2717 1092 autem
2747 1047 2992 1092 sanctum
3042 1039 3389 1109 Evangelium
3423 1061 3435 1095 :
3485 1042 3798 1117 Interroga-

2201 1140 2378 1185 verunt
2405 1129 2553 1183 illum
2582 1140 2631 1182 et
2659 1129 2877 1192 milites;
2907 1130 3027 1200 quid
3054 1133 3300 1201 faciemus
3323 1142 3372 1186 et
3395 1135 3524 1188 nos?
3552 1137 3638 1189 Ait
3683 1138 3795 1192 i.’lis

2201 1221 2472 1275 Joannes:
2505 1218 2776 1274 Neminem
2807 1223 3130 1285 concutiatis,
3163 1239 3322 1294 nrqne
3349 1227 3658 1281 calumniam
3705 1231 3795 1300 {a-

2205 1315 2381 1377 ciatis;
2406 1311 2499 1365 sed
2527 1313 2754 1366 contenti
2799 1322 2960 1364 estote
2989 1311 3258 1382 stipendiis
3289 1317 3468 1368 vestris
3491 1315 3639 1386 (Luc.
3685 1320 3790 1386 ni).

2205 1404 2302 1460 [lic
2325 1405 2436 1474 jam
2465 1417 2758 1472 agnoscere
2785 1418 2844 1458 se
2884 1404 3044 1458 debet
3071 1406 3245 1461 omnis
3270 1407 3432 1461 homo
3455 1410 3543 1477 qui
3575 1411 3791 1467 militat.

2204 1495 2318 1550 Non
2342 1497 2485 1550 enim
2511 1505 2719 1549 tantum
2747 1494 2813 1549 de
2844 1495 2908 1549 iis
2935 1495 3286 1552 militantibus
3306 1497 3584 1568 Scriptura
3615 1501 3797 1571 loqui-

2205 1595 2291 1642 tur
2319 1587 2408 1656 qui
2439 1595 2643 1640 armata
2671 1585 2859 1639 militia
2888 1585 3214 1652 detinentur,
3255 1587 3350 1642 sed
3377 1589 3618 1658 quisquis
3647 1593 3786 1645 mili-

2209 1681 2295 1734 tiae
2322 1695 2432 1735 suae
2460 1678 2674 1746 cingulo
2721 1678 2907 1744 utitur,
2944 1677 3219 1745 dignitatis
3248 1694 3358 1733 sua:
3385 1681 3539 1735 miles
3567 1683 3796 1737 aSrribi-

515 1775 876 1830 Christianum
935 1773 1106 1842 prima
1159 1769 1458 1824 honestatis
1507 1769 1669 1822 debet
1731 1783 1850 1822 esse
1894 1767 2082 1822 militia
2141 1773 2182 1830 Β
2211 1778 2316 1824 tur.
2349 1769 2523 1837 Atque
2546 1768 2667 1822 ideo
2696 1766 2812 1821 haec
2837 1769 3101 1822 sententia
3131 1777 3311 1836 potest
3338 1769 3460 1834 dici,
3492 1788 3546 1826 v.
3576 1785 3627 1839 g.
3652 1773 3800 1826 mili-

520 1876 543 1902 ι’
557 1865 688 1918 Nam
725 1874 782 1918 ut
810 1863 859 1917 id
884 1862 1026 1931 quod
1048 1861 1272 1916 dicimus
1292 1860 1613 1914 auctoritate
1634 1859 1942 1926 evangelica
1956 1873 2106 1912 com-

516 1955 821 2025 probemus,
852 1951 1128 2006 videamus
1167 1950 1453 2004 lectionem
1505 1965 1623 2018 quze
1660 1949 1832 2019 paulo
1861 1958 1985 2003 ante
2013 1948 2108 2003 de-

517 2062 670 2101 cursa
713 2052 814 2100 est.
849 2044 938 2098 Ait
967 2045 1109 2099 enim
1144 2041 1492 2110 Evangelium
1521 2059 1534 2094 :
1567 2041 1833 2096 ‘Venerunt
1861 2050 2032 2095 autem
2059 2048 2108 2094 at

518 2135 794 2190 Publii-uni
827 2137 895 2189 ad
911 2125 1167 2189 Joannem
1190 2142 1246 2186 ut
1274 2133 1663 2204 baptizarcntur
1684 2131 1748 2186 ab
1773 2149 1863 2198 eo;
1888 2143 1938 2186 et
1955 2133 2108 2186 dixe-

517 2237 636 2282 runt
682 2228 752 2281 'ad
793 2244 940 2282 eum:
971 2225 1246 2298 Magister,
1279 2225 1403 2295 quid
1430 2225 1798 2296 faciemus?At
1821 2224 1910 2278 ille
1931 2223 2064 2277 dixit
2090 2239 2107 2279 :

519 2317 649 2371 nillil
677 2317 894 2386 amplius
942 2318 1163 2387 exigatis
1190 2329 1342 2387 quam
1385 2315 1520 2386 quod
1548 2317 1880 2370 constitutum
1905 2325 1982 2370 est
2023 2332 2113 2370 vo-

518 2407 594 2461 bis
615 2407 776 2480 '(Lu‘c.
808 2409 908 2484 tu).
934 2407 1168 2462 Honesta
1190 2407 1346 2477 plane
1375 2405 1790 2462 Publicanorum
1813 2408 2112 2477 interroga-

519 2499 618 2562 tio,
645 2498 912 2553 ac‘sancti
934 2498 1209 2566 propheta:
1233 2497 1382 2565 justa
1405 2497 1705 2567 responsio.
1727 2496 1807 2552 llli
1830 2499 1975 2552 enim
2004 2499 2112 2554 sol-

519 2587 648 2644 liciti
677 2589 1028 2657 interrogant,
1057 2602 1126 2642 ne
1155 2595 1248 2641 aut
1275 2588 1583 2656 ignorantes
1611 2589 1731 2658 plus
1759 2591 2027 2658 exigendo
2057 2592 2111 2646 in

521 2685 803 2750 peccatum
831 2680 1088 2746 incidant,
1128 2688 1221 2734 aut
1241 2689 1514 2735 cessantes
1551 2682 1817 2750 publicam
1845 2683 2114 2754 decipiant

519 2771 868 2826 functioncm.
900 2770 997 2826 Hic
1025 2780 1208 2825 autem
1247 2769 1526 2826 moderate
1555 2772 1796 2842 prmcipit
1829 2781 1888 2826 ut
1915 2783 1970 2827 ct
2007 2775 2112 2827 ini-

521 2862 700 2929 quitas
729 2863 903 2916 locum
933 2877 1039 2915 non
1084 2862 1297 2926 habeat,
1323 2867 1378 2915 et
1406 2862 1756 2916 constitutum
1801 2864 1996 2918 habeat
2015 2879 2111 2918 ve-

523 2952 685 3018 ctigal
716 2951 987 3006 effectum.
1019 2951 1136 3006 Non
1166 2953 1308 3006 enim
1338 2951 1471 3005 dixit
1501 2970 1513 3004 :
1544 2952 1682 3006 Nihil
1731 2955 1974 3022 exigatis,
2020 2955 2114 3010 sed

523 3041 657 3096 nihil
686 3041 914 3110 amplius
941 3041 1186 3109 exigatis.
1219 3040 1371 3096 Unde
1420 3042 1766 3110 intelligimus
1794 3046 1937 3112 quod
1974 3046 2116 3114 apud

2209 1861 2373 1927 tibus,
2421 1858 2841 1928 protectoribus,
2887 1858 3200 1926 cunctisque
3229 1862 3550 1928 rectoribus,
3581 1871 3634 1915 et
3674 1865 3798 1917 eui-

2208 1964 2420 2018 cunque
2446 1948 2537 2017 qui
2565 1946 2832 2016 stipendia
2861 1946 2959 2000 sibi
2983 1945 3008 1984 ¹ι
3041 1949 3250 2016 publice
3277 1950 3492 2004 decreta
3513 1953 3803 2021 consequi-

2211 2049 2327 2106 tur;
2347 2040 2404 2094 «si
2431 2038 2660 2107 amplius
2689 2037 2897 2105 qumrit,
2929 2045 3184 2105 tanquam
3209 2039 3566 2094 calumniator
3592 2050 3648 2095 et
3673 2059 3804 2096 con-

2210 2143 2398 2186 cussor
2423 2127 2644 2183 Joannis
2683 2128 2950 2182 sententia
2977 2128 3386 2183 condemnatur.
3429 2128 3611 2198 Usque
3658 2133 3803 2186 adeo

2211 2232 2391 2276 autem
2421 2222 2523 2276 hoc
2565 2219 2787 2275 inolevit
2825 2220 3044 2284 malum,
3076 2227 3134 2273 ut
3157 2219 3266 2288 jam
3295 2222 3447 2289 quasi
3468 2237 3536 2276 ex
3565 2237 3802 2277 consue-

2213 2316 2397 2371 tudine
2432 2313 2732 2370 vendantur
2775 2313 2921 2382 leges
2939 2355 2954 2381 ,
2981 2323 3394 2383 corrumpantur
3411 2313 3555 2384 jura,
3579 2325 3802 2369 senten—

2214 2407 2287 2460 tia
2317 2407 2432 2476 ipsa
2457 2404 2662 2460 venalis
2689 2403 2779 2470 sit,
2812 2411 2868 2458 et
2886 2403 3033 2457 nulla
3057 2402 3170 2473 jam
3198 2420 3356 2460 causa
3381 2407 3548 2475 possit
3570 2422 3692 2463 esse
3719 2408 3801 2461 si-

2213 2511 2283 2551 ne
2311 2493 2619 2552 causa.Hac
2647 2505 2827 2549 autem
2855 2493 3031 2547 divina
3057 2495 3347 2562 sententia,
3369 2511 3487 2566 qua:
3515 2496 3582 2549 ad
3600 2497 3804 2551 milites

2213 2589 2468 2658 loquitur,
2500 2593 2678 2656 potest
2723 2587 2885 2640 etiam
2928 2585 2995 2638 ad
3041 2586 3267 2642 clericos
3311 2589 3645 2658 retorqueri;
3671 2589 3799 2658 quia

2212 2681 2421 2736 etiamsi
2450 2695 2556 2734 non
2584 2677 2817 2731 militare
2843 2677 3127 2730 videantur
3152 2679 3372 2746 smculo,
3400 2685 3580 2733 tamen
3610 2679 3800 2733 Domi-

2213 2789 2284 2827 no
2307 2780 2361 2828 et
2389 2773 2500 2826 Deo
2529 2770 2838 2835 militamus,
2870 2769 3010 2823 sicut
3037 2769 3112 2822 ait
3140 2769 3428 2838 Apostolus
3459 2788 3470 2822 :
3507 2769 3674 2824 Nemo
3695 2771 3801 2823 mi-

2216 2864 2372 2918 litans
2399 2862 2509 2916 Deo
2534 2861 2765 2932 implicat
2783 2877 2839 2915 se
2857 2860 3074 2930 negotiis
3095 2860 3425 2914 swcularibus
3444 2859 3529 2926 (II
3549 2859 3800 2922 Timoth.,

2213 2955 2300 3023 ιι).
2335 2953 2350 2992 ι
2383 2953 2656 3016 Videmur,
2714 2951 2955 3020 inquam,
3001 2967 3108 3005 non
3161 2953 3393 3005 militare
3447 2953 3687 3006 remissis
3735 2967 3802 3026 ac

2214 3045 2502 3099 ﬂuentibus
2523 3041 2736 3111 tunicis,
2766 3042 2872 3097 sed-
2889 3042 3150 3097 habemus
3170 3042 3369 3096 militiae
3398 3053 3595 3096 nostra:
3614 3043 3800 3110 cingu-

533 3136 700 3190 Dcuiu
731 3150 838 3188 non
870 3142 977 3188 tam
1004 3135 1216 3188 exactio
1256 3149 1418 3202 quam
1455 3132 1472 3172 ί
1504 3135 1717 3190 exactio
1747 3136 1926 3205 iniqua
1967 3137 2120 3190 dam-
2143 3139 2187 3202 C
2221 3137 2353 3203 lum,
2381 3152 2490 3206 quo
2534 3135 2866 3191 castimonim
2913 3135 3171 3189 interiora
3209 3136 3686 3204 constringuntur:
3730 3135 3801 3189 de

521 3234 700 3279 natur.
737 3224 873 3279 Dicit
918 3223 1063 3278 enim
1109 3223 1223 3292 ipse
1253 3224 1509 3278 Dominus
1543 3242 1556 3278 :
1592 3223 1810 3278 Reddite
1850 3243 1964 3297 qua:
2015 3227 2111 3281 Dei

521 3326 640 3371 sunt
665 3315 791 3381 Deo,
817 3325 867 3370 et
892 3332 1006 3388 quas
1029 3314 1254 3370 Caesaris
1292 3314 1488 3370 Cwsari
1511 3313 1724 3388 (Matth.
1766 3320 1919 3390 χχιι).
1948 3318 2114 3388 Igitur

521 3411 665 3478 quod
704 3409 885 3465 Caesar
913 3409 1154 3479 praecipit
1185 3410 1462 3464 ferendum
1493 3418 1606 3474 est;
1635 3411 1781 3480 quod
1822 3411 2114 3481 imperator

520 3501 705 3557 indicit
735 3501 1067 3557 tolerandum
1096 3509 1196 3554 est.
1226 3500 1332 3555 Sed
1357 3500 1416 3554 lit
1439 3501 1948 3568 intolerabile,-duin
1976 3502 2108 3556 illud

521 3594 705 3665 praeda
759 3595 1058 3650 exactionis
1106 3587 1574 3648 accumulat.'lloc
1618 3601 1798 3648 autem
1839 3595 1998 3664 quale
2044 3595 2114 3650 sit

522 3689 666 3758 quod
689 3689 846 3744 iidem
879 3689 978 3758 ipsi
999 3689 1091 3757 qui
1111 3686 1411 3756 hujusmodi
1434 3686 1779 3741 necessitates
1799 3695 2111 3757 procurant,

521 3781 758 3850 peccatis
777 3781 885 3834 suis
913 3789 1137 3848 peccata
1154 3780 1552 3846 congeminant,
1575 3779 1681 3832 hoc
1706 3788 1786 3833 est
1808 3779 1951 3849 quod
1971 3779 2113 3832 frau-

523 3871 618 3924 des
665 3885 728 3924 ac
771 3870 985 3937 rapinas
1027 3884 1151 3921 suas
1199 3868 1538 3922 commodum
1582 3879 1797 3930 vocant,
1830 3873 1951 3923 cinn
1997 3872 2111 3938 ipsa

522 3958 700 4027 prmda
729 3958 891 4026 378
915 3955 1225 4010 conferatur
1267 3959 1319 4010 in
1365 3957 1743 4011 commodum?
1772 3958 1904 4013 Illud
1931 3968 2111 4014 autem

523 4046 728 4100 addunt
755 4045 1048 4100 sceleribus
1091 4046 1230 4108 suis,
1271 4054 1329 4100 ut
1365 4060 1502 4114 quos
1542 4045 1848 4102 indefensos
1884 4049 2112 4103 viderint

524 4135 670 4206 ipsos
691 4136 872 4205 potius
901 4143 1311 4205 persequantur,
1336 4147 1390 4192 et
1413 4146 1605 4206 putent
1634 4149 1658 4185 ις
1679 4154 1738 4193 se
1761 4141 2114 4197 necessitates

525 4228 798 4299 decepisse
821 4229 1096 4299 publicas,
1123 4230 1225 4284 uisi
1271 4231 1463 4285 domos
1492 4231 1804 4302 deceperint
1845 4235 2116 4304 orphano-

520 4335 643 4374 rum
677 4339 690 4374 :
723 4321 796 4376 ita
825 4329 882 4376 ut
907 4337 1136 4391 quorum
1158 4332 1315 4392 pater
1345 4331 1471 4376 ante
1515 4324 1733 4401 biduum
1759 4325 1978 4380 forsitan
2009 4328 2117 4382 fue-

524 4421 610 4467 rat
638 4414 860 4478 amicus,
893 4413 1121 4481 collega,
1155 4415 1243 4468 vel
1275 4416 1456 4478 lrater,
1489 4415 1882 4473 interveniente
1916 4429 2112 4487 morte,

2217 3247 2325 3302 quo
2353 3228 2570 3297 cingulo
2610 3228 2771 3298 379
2815 3226 3072 3280 Dominus
3099 3225 3172 3279 ait
3200 3225 3267 3279 ad
3307 3224 3596 3295 Apostolos
3623 3241 3750 3281 suos
3782 3244 3798 3278 :

2217 3323 2335 3378 Sint
2358 3319 2512 3376 lumbi
2533 3320 2687 3374 vestri
2711 3318 2998 3389 prazcincti,
3028 3327 3076 3370 et
3105 3317 3328 3371 lucerna:
3349 3318 3586 3371 ardentes
3611 3319 3664 3371 in
3695 3335 3801 3371 ma-

2213 3416 2360 3470 nibus
2388 3411 2571 3468 vestris
2600 3410 2748 3484 (Luc.
2791 3411 2907 3480 xu).
2941 3409 3139 3464 Milites
3167 3410 3327 3478 igitur
3356 3408 3554 3464 Christi
3592 3426 3802 3477 sumus,

2214 3515 2269 3561 ct
2307 3503 2631 3575 stipendium
2659 3502 2726 3555 ab
2757 3502 2872 3570 ipso
2916 3501 3224 3570 donumque
3268 3502 3614 3570 percipimus,
3661 3503 3803 3555 sicut

2212 3597 2342 3652 dicit
2369 3597 2556 3650 beatus
2597 3592 2882 3662 Apostolus
2912 3611 2924 3644 :
2957 3589 3060 3654 Qui
3086 3592 3229 3645 dedit
3258 3590 3401 3646 nobis
3432 3594 3616 3663 pignus
3646 3593 3804 3662 spiri-

2217 3699 2294 3742 tus
2319 3685 2404 3760 (11
2428 3685 2550 3740 Cor.
2583 3683 2654 3752 1);
2686 3683 2795 3738 hoc
2822 3690 2926 3748 est,
2951 3682 3043 3750 qui
3063 3681 3292 3751 Spiritus
3305 3683 3475 3738 sancti
3498 3699 3596 3736 nos
3618 3698 3801 3736 reuiu-

2214 3779 2495 3834 neratione
2513 3775 2721 3831 ditavit.
2745 3771 2802 3828 Si
2819 3771 2942 3842 quis
2967 3787 3096 3842 ergo
3122 3773 3546 3829 Christianorum
3576 3775 3679 3828 hoc
3709 3773 3809 3826 do-

2213 3871 2395 3926 nativo
2421 3874 2706 3924 contentus
2735 3865 2872 3920 forte
2897 3883 3004 3921 non
3029 3863 3185 3920 fuerit
3202 3907 3216 3928 ,
3249 3873 3303 3920 et
3325 3865 3515 3934 quaerit
3541 3863 3792 3932 amplius,

2213 3963 2412 4032 incipit
2427 3962 2532 4016 hoc
2558 3961 2674 4030 ipso
2695 3972 2884 4014 carere
2904 3958 3050 4028 quod
3076 3959 3292 4013 meruit.
3315 3967 3354 3994 ω
3379 3956 3534 4023 Quod
3560 3956 3805 4026 speciali-

2213 4062 2298 4109 ter
2349 4053 2612 4122 contingit
2657 4049 2926 4106 haereticis
2969 4047 3180 4103 Arianis
3208 4065 3220 4101 :
3253 4048 3379 4102 dum
3425 4049 3567 4101 enim
3617 4047 3802 4100 nescio

2213 4146 2340 4216 quid
2369 4145 2601 4215 amplius
2628 4150 2898 4213 quaerunt,
2924 4142 3257 4195 invenientes
3295 4139 3495 4194 erroris
3533 4139 3805 4208 spiritum,

2214 4240 2498 4308 ngratiam
2531 4236 2762 4306 Spiritus
2783 4235 2952 4289 sancti
2981 4233 3344 4303 perdiderunt.
3377 4233 3507 4286 Nam
3537 4241 3591 4286 et
3612 4231 3806 4286 catho-

2216 4333 2348 4385 licus
2376 4330 2604 4385 clericus
2633 4327 2732 4381 hac
2759 4326 3020 4380 sententia
3049 4327 3214 4395 380
3251 4326 3532 4378 retinetur.
3564 4321 3621 4376 Si
3662 4324 3808 4376 enim

2215 4439 2323 4478 non
2362 4428 2646 4476 contentus
2667 4417 2945 4487 stipendiis
2965 4415 3123 4470 fuerit
3150 4431 3270 4486 qua:
3293 4425 3318 4452 ο
3344 4414 3410 4469 de
3437 4415 3590 4468 altari
3619 4413 3809 4467 Domi~

523 4505 764 4575 ejusdem
816 4506 967 4560 liberi
1013 4507 1313 4560 habeantur
1362 4517 1613 4576 tanquam
1658 4511 1846 4578 ignoti,
1887 4513 2019 4568 viles
2067 4500 2198 4569 ct‘D
2226 4529 2296 4568 no
2319 4511 2541 4580 jubente
2566 4507 2933 4576 consequitur,
2961 4507 3054 4561 sed
3083 4514 3298 4561 exercet
3327 4505 3697 4570 mercimonia,
3727 4505 3809 4558 iu-

525 4597 727 4652 miseri.
760 4596 929 4651 Vidua
961 4607 1138 4651 autem
1179 4597 1224 4651 si
1274 4611 1380 4666 qua
1429 4598 1608 4667 fuerit,
1648 4609 1742 4654 aut
1792 4603 1871 4657 sic
1917 4602 2120 4672 injuriis

597 4742 623 4770 ⁸
643 4731 778 4787 Cod.
812 4731 878 4784 10
902 4729 1182 4797 Laurent.,
1205 4730 1390 4800 aliqui.

597 4803 624 4841 δ
665 4802 798 4857 Tres
826 4803 928 4871 cit.
948 4801 1106 4856 codd.
1142 4811 1329 4871 pro‘et
1359 4802 1560 4856 habent
1591 4814 1698 4856 aut.

583 4873 623 4911 ἐ
650 4871 801 4949 (30(1.Δ
819 4872 884 4949 10
917 4869 1192 4949 Laurent.,
1217 4869 1470 4941 Nunquid
1491 4875 1769 4929 monac/ms
1790 4892 1902 4930 sum
1919 4880 2119 4949 profes-

521 4958 618 4996 ἐιη
643 4953 730 4995 aut
754 4943 1011 4997 clericus?

571 5011 624 5046 ’ά
654 5010 788 5085 _Cod.
812 5012 868 5085 S_.
900 5010 1086 5085 Crucis
1113 5012 1164 5066 in
1195 5012 1329 5067 Jer..
1357 5014 1519 5085 sacris
1541 5014 1722 5068 litteris
1742 5017 2117 5085 prtescribitur,

528 5087 635 5134 etc.
661 5078 792 5134 ltcm
819 5081 984 5136 Codd.
1017 5083 1292 5150 Casiuen.,
1325 5084 1585 5138 addentes
1623 5078 1768 5152 quod
1799 5087 1852 5139 in
1898 5078 2116 5156 vulgato

529 5157 682 5201 textu
710 5151 880 5201 deest.
1580 5173 1585 5178 -

529 5157 682 5203 textu
710 5157 880 5202 deest.
1580 5173 1585 5178 -

605 5230 627 5256 ε
657 5215 980 5290 (ξοιῳηιιότιῑ.
1012 5237 1131 5276 cum
1163 5225 1283 5280 cod.
1319 5223 1386 5278 10
1413 5223 1693 5290 Laurent.,
1724 5231 1779 5278 et
1807 5240 1928 5280 cum
1958 5235 2111 5283 utro-

529 5303 636 5358 que
664 5286 720 5340 S.
752 5287 939 5358 Crucis
965 5290 1015 5342 in
1032 5290 1150 5345 'Jer.

513 5429 563 5482 rd
604 5357 622 5396 τ
654 5357 788 5480 Coltli‘.
819 5358 880 5410 10
911 5357 1182 5428 Laurent.,
1207 5381 1310 5419 non
1335 5375 1439 5419 tam
1455 5366 1675 5429 exactio,
1694 5382 1845 5438 quam
1871 5367 2114 5438 iniquitas

567 5446 721 5482 amna
782 5446 826 5482 r.

567 5445 826 5482 amnamr.

601 5509 625 5546 ε
661 5497 1124 5567 Uterquc‘cod.‘S.
1152 5500 1356 5558 Crucis.
1387 5506 1438 5559 in
1468 5505 1584 5560 Jer.

601 5567 624 5640 ιθ
652 5567 888 5640 Uterque
913 5571 1034 5640 cod.
1067 5569 1124 5625 S.
1159 5572 1344 5627 Crucis
1368 5575 1419 5629 in
1445 5574 1579 5640 εἰει-η
1609 5577 1886 5630 excitatur.

537 5727 552 5766 Ι
608 5638 620 5676 ί
654 5638 728 5694 Ita
753 5639 908 5695 codd.
940 5639 997 5694 S.
1026 5640 1213 5697 Crucis
1243 5643 1293 5696 iu
1323 5641 1431 5699 Jer.
1493 5638 1744 5702 Laurent.
1775 5647 1857 5714 10,
1884 5655 1937 5701 et
1966 5644 2117 5702 Casi—

556 5728 662 5766 icn.

556 5728 662 5767 icn.

2203 4604 2584 4662 tercessiones
2610 4600 2823 4664 vendit,
2848 4599 3124 4654 viduarum
3169 4613 3393 4654 munera
3438 4598 3664 4653 libenter
3692 4613 3809 4651 am-

2299 4737 2313 4788 i
2352 4735 2485 4792 Cod.
2526 4733 2584 4790 S.
2622 4732 2808 4788 Crucis
2853 4732 2908 4786 in
2934 4730 3069 4797 ἔοι-η
3100 4731 3307 4796 videas;
3339 4729 3462 4786 cod.
3494 4747 3622 4787 vero
3670 4731 3810 4787 Lau-

2222 4816 2387 4867 rent.,
2421 4804 2648 4860 videbas.

2297 4880 2318 4917 ιε
2362 4879 2438 4930 lta
2470 4884 2696 4942 uterque
2722 4872 2841 4927 cod.
2867 4872 2922 4926 S.
2957 4871 3143 4927 Crucis
3171 4872 3222 4924 in
3245 4869 3355 4924 Jer.

2302 4948 2317 4987 ¹
2351 4947 2486 5001 Cod.
2517 4943 2584 4997 99
2611 4941 2739 5010 legit
2775 4961 2787 4994 :
2832 4943 3074 4996 Videmnr
3101 4943 3293 5012 itaque,
3310 4942 3424 5010 jam
3456 4941 3815 4996 non'miiitare

2203 5018 2452 5072 'remissis
2480 5032 2542 5068 ac
2567 5012 2839 5083 ﬂuentibus
2868 5013 3076 5076 tunicis,
3101 5013 3190 5064 sed
3221 5012 3476 5065 habemus
3495 5013 3697 5064 militiae
3717 5030 3816 5067 no-

2221 5098 2344 5143 stra:
2364 5085 2645 5156 cingulum,
2665 5100 2762 5154 quo
2784 5084 3102 5156 castimonia:
3121 5084 3369 5156 interiora
3390 5084 3816 5156 constrinqimur.

2218 5157 2350 5212 Cod.
2384 5152 2714 5208 lO'Laurent
2740 5156 2812 5206 ita
2853 5171 2865 5205 :
2910 5152 3171 5215 Videmur,
3197 5153 3427 5222 inquam,
3458 5168 3561 5204 non
3588 5153 3817 5206 militare

2217 5228 2447 5282 remissis
2504 5240 2564 5277 ac
2604 5223 2878 5292 ﬂuentibus
2919 5223 3125 5283 tunicis,
3157 5221 3567 5274 sed’habeamus
3615 5223 3820 5277 militia:

2218 5307 2412 5352 nostra:
2439 5295 2719 5366 cingulum,
2750 5310 2847 5366 quo
2872 5293 3192 5366 castimonia:
3220 5292 3471 5366 interiora
3498 5294 3818 5364 constringi-

2219 5385 2352 5432 mus,
2374 5375 2423 5420 et
2450 5362 2706 5434 stipendia
2726 5362 2790 5416 ab
2818 5364 2928 5433 ipso
2957 5363 3244 5432 donumque
3272 5363 3595 5430 percipimus.
3740 5362 3751 5364 ἡ

2293 5448 2333 5474 ω
2368 5436 2601 5491 Uterque
2629 5434 2750 5488 cod.
2777 5432 2835 5487 S.
2875 5432 3064 5490 Crucis
3089 5433 3141 5486 in
3168 5430 3305 5491 Jer..
3336 5430 3516 5484 Casin.
3549 5430 3636 5491 12,
3667 5442 3724 5486 et
3752 5432 3818 5485 l0

2293 5451 2333 5474 ω
2371 5451 2601 5504 Uterque
2629 5451 2750 5488 cou.
2777 5451 2835 5487 δ.
2875 5451 3064 5490 ωυςιε
3089 5451 3141 5486 m
3168 5451 3305 5500 Jer.,
3336 5451 3516 5484 ωδιη.
3549 5451 3636 5499 12,

2225 5509 2482 5562 Laurent.
2517 5513 2630 5558 tunc
2657 5503 2877 5558 addunt.

2298 5587 2325 5614 η
2355 5575 2488 5631 Cod.
2522 5575 2592 5628 10
2615 5572 2891 5638 Laurent.,
2922 5575 3114 5629 erroris
3141 5574 3398 5644 spiritum,
3421 5572 3604 5644 gratia!
3625 5570 3825 5626 Christi

2230 5647 2488 5717 Spiritum
2512 5644 2894 5717 prodiderunt._
3001 5714 3010 5717 _
3075 5715 3082 5717 _
3157 5711 3173 5717 _
3341 5713 3350 5717 Δ
3430 5713 3470 5717 __
3562 5675 3588 5717 Α.

2305 5711 2596 5790 °_Uterque
2616 5714 2735 5770 cod.
2769 5712 2828 5768 S.
2856 5713 3043 5770 Crucis
3073 5715 3126 5768 in
3150 5711 3282 5780 .‘er.,
3315 5713 3379 5766 de
3406 5713 3627 5768 Altario.
