4054 6190
300 297 393 355 521
1714 291 1895 351 11οΜ1

2031 293 2184 351 CXV.
3480 301 3587 358 522

297 410 579 482 plectitur;
608 407 696 463 hic
750 408 1052 475 negotiator
1108 406 1277 477 magis
1309 414 1487 476 potest
1521 406 1690 462 videri
1730 423 1892 477 quam
1921 418 1968 471 Α
1995 424 2155 479 quam
2179 415 2445 463 tormenta
2470 426 2480 459 :
2515 422 2617 462 nec
2637 407 2863 463 interest
2889 409 3032 480 apud
3052 409 3222 466 Deum
3246 420 3426 469 utrum
3441 416 3492 470 vi
3515 432 3586 471 an

294 501 546 557 clericus.
573 508 597 535 ³
629 499 738 554 Nec
765 499 944 553 dicere
965 514 1266 568 possumus,
1292 498 1462 553 Nemo
1489 514 1587 554 nos
1616 500 1889 555 invasores

296 592 494 657 arguit,
528 590 795 643 violentia:
831 590 1005 643 nullus
1035 599 1271 653 accusat,
1303 590 1593 659 quasinon
1621 590 1890 645 interdum
1994 604 2213 658 quoquo
2243 597 2401 658 pacto
2431 598 2611 644 teneat
2639 590 2890 646 alienum.
2925 590 3174 663 Explicit.

296 680 560 749 majorem
609 679 845 749 pnndam
894 678 920 717 ἲ)
969 696 999 733 a
1046 679 1220 734 viduis
1268 680 1628 734 blandimenta
1677 681 1895 735 eliciant

1644 768 1991 830 HOMlLlA
2039 769 2234 830 CXV.

769 870 846 925 De
870 889 929 925 eo
958 872 1091 941 quod
1118 871 1243 925 dicit
1272 869 1524 924 Dominus
1551 873 1603 924 in
1636 868 1913 941 Evangelia
1940 868 2129 922 Matth.
2156 885 2269 939 cap.
2294 850 2386 924 vni
2414 888 2426 922 :
2469 869 2659 942 Vulpes
2681 872 2859 937 foveas
2889 842 3096 926 habent.

1744 958 2138 1013 ADMONITIO.

367 1057 729 1113 Consentium
758 1070 811 1109 in
856 1056 1019 1123 hujus
1049 1054 1283 1109 homilia:
1305 1062 1585 1108 auctorem
1633 1061 1880 1123 sanctum
1930 1050 2223 1123 Maximum
2276 1050 2495 1123 codices
2524 1059 2758 1123 quatuor
2786 1052 3007 1123 insignis
3047 1062 3216 1121 noue,
3243 1063 3355 1110 tres
3383 1058 3590 1113 scilicet

292 1131 512 1185 Sancta:
535 1129 722 1183 Crucis
752 1127 803 1178 in
833 1120 1151 1183 Jerusalem,
1186 1134 1240 1177 et
1262 1124 1646 1191 Sangallensis.
1679 1122 1953 1176 Vetustior
1982 1122 2156 1175 codex
2185 1121 2398 1191 Sancta:
2429 1120 2638 1186 Crucis,
2666 1121 2755 1189 qui
2777 1129 2857 1191 est
2884 1120 2951 1173 90
2982 1123 3120 1177 inter
3144 1120 3392 1181 heniilias
3418 1131 3589 1183 sancti

294 1198 538 1263 Maximi,
567 1200 703 1250 hanc
729 1196 895 1249 habet
926 1210 1068 1247 num.
1095 1194 1165 1247 '56
1190 1210 1312 1248 cum
1337 1190 1490 1247 titulo
1512 1213 1524 1245 :
1546 1192 1624 1247 De
1652 1210 1709 1246 eo
1739 1192 1877 1262 quod
1903 1192 2149 1263 scriptum
2176 1202 2253 1243 est
2280 1207 2296 1243 :
2338 1190 2525 1263 Vulpes
2550 1190 2952 1263 foveaslmbenl.
2986 1202 3090 1247 ϐίοι
3112 1194 3388 1249 Secundus
3414 1200 3589 1253 COdeX

292 1269 367 1322 99
398 1259 541 1322 num.
576 1267 645 1319 85
669 1285 681 1318 :
717 1265 794 1318 De
812 1283 870 1319 eo
900 1266 1032 1335 quod
1056 1265 1249 1317 dictum
1272 1273 1365 1335 est,
1398 1265 1596 1335 dicente
1622 1259 1845 1335 Domino
1877 1278 1893 1313 :
1935 1260 2124 1335 Vulpes
2156 1263 2327 1331 foveas
2354 1259 2561 1335 habent,
2588 1268 2709 1335 etc.
2730 1259 2943 1335 Tertius
2961 1263 3143 1335 codex
3167 1264 3377 1335 sancta:
3403 1266 3590 1322 Crucis

291 1340 350 1392 in
372 1338 671 1392 Jerusalem
697 1344 785 1389 est
811 1329 1204 1396 lectionarium.
1237 1334 1327 1387 ubi
1357 1344 1477 1403 post
1498 1332 1781 1403 Evangelii
1800 1332 1977 1386 locum
2004 1329 2253 1403 relatum,
2271 1338 2328 1383 ut
2353 1330 2404 1403 in
2429 1331 2551 1403 cod.
2584 1329 2671 1403 99,
2694 1330 2923 1403 legitur:
2956 1330 3179 1403 Homilia
3210 1332 3343 1387 beati
3366 1336 3590 1391 Mamimi

286 1411 544 1477 episcopi.
576 1407 761 1477 codex
792 1404 1007 1459 tandem
1029 1398 1391 1477 Sangallensis
1420 1404 1605 1477 homil.
1640 1398 1707 1456 '50
1737 1402 1893 1477 plene
1912 1399 2216 1477 conformis
2234 1408 2315 1453 est
2352 1398 2823 1477 titulocodicisde
2853 1398 3065 1477 Sapcta:
3098 1402 3284 1477 Crucis
3305 1406 3359 1459 in
3379 1405 3591 1462 Jerusa-

288 1426 470 1477 eptsco
531 1447 544 1459 .
576 1426 761 1461 hoaex
793 1426 1007 1459 tandem
1029 1426 1391 1471 oaugaucusrs
1422 1426 1605 1457 uumu.
1640 1426 1707 1456 ῡυ
1738 1426 1893 1470 ptum:
1912 1426 2204 1454 curuum”:
2234 1426 2315 1453 cat
2352 1426 2508 1452 utulu
2536 1426 2735 1453 CUUICID
2758 1426 2823 1452 συ
2853 1426 3065 1455 aulicus:
3098 1426 3284 1458 bruus
3305 1426 3359 1459 In
3379 1426 3591 1462 Jerusa-

288 1478 423 1532 lem.
446 1426 539 1531 l’ii’s
562 1475 760 1551 sutlulti
775 1476 1077 1551 perspicuis
1097 1474 1419 1529 testimoniis
1433 1472 1582 1551 facili
1605 1473 1819 1539 negotio
1839 1470 2163 1551 reyincimus
2186 1470 2253 1549 de
2272 1469 2638 1551 suppositione
2660 1468 2899 1523 codicem
2923 1469 3340 1551 Laurentianum
3374 1492 3425 1551 x_
3437 1492 3592 1551 supe-

286 1548 431 1601 riori
455 1548 506 1600 in
530 1538 1302 1618 adinonitioiie'memoratum,
1331 1552 1385 1618 et
1417 1538 1821 1618 Ambrosﬁopp.
1857 1540 2112 1618 editores,
2136 1540 2225 1607 qui
2248 1538 2498 1618 eamdem
2513 1540 2663 1618 inter
2684 1554 2967 1618 sermones
2978 1542 3452 1618 sanctiAAmbrosii
3465 1538 3590 1618 vul-

286 1625 513 1686 garunt.
538 1617 795 1671 Addimus
823 1615 1181 1683 fragmentum
1209 1628 1239 1666 a
1262 1608 1447 1668 Codice
1474 1608 1808 1681 Sangalleusi
1829 1616 2042 1665 erutum
2062 1651 2077 1675 ,
2110 1624 2218 1676 quo
2248 1608 2469 1661 homilia
2512 1608 2616 1661 huc
2645 1622 2813 1676 usque
2839 1609 3024 1662 mutila
3057 1611 3292 1679 perfecta
3322 1615 3587 1670 redditur.

286 1749 690 1805 Anconem“.
731 1779 802 1788 -—
829 1745 955 1800 Non
992 1756 1067 1800 est
1097 1754 1333 1815 acceptor
1362 1760 1699 1815 personarum
1736 1741 1890 1794 Deus.
1930 1743 1970 1801 Β
2000 1736 2190 1806 Spiritu
2220 1736 2557 1805 loquebatur.
2603 1733 2953 1802 Intelligimus
2996 1739 3138 1792 enim
3168 1756 3332 1809 quam
3360 1741 3589 1797 devotus

1993 498 2449 553 circumventione
2495 498 2616 566 quis
2644 513 2731 551 res
2780 498 2985 554 alienas
3018 508 3269 571 occupet,
3295 502 3587 561 dummodo
3662 538 3675 554 .

366 1821 448 1873 Ad
476 1820 620 1872 illum
650 1834 752 1871 non
794 1826 897 1869 tam
926 1833 1014 1869 ore
1058 1812 1395 1887 quam—corde
1428 1812 1766 1887 ‘clamandum
1796 1820 1890 1887 est.

378 1889 624 1958 Vulpibus
663 1895 1036 1958 comparantur
1072 1882 1261 1958 uersuti
1295 1884 1687 1958 petulantesque
1724 1882 1893 1958 homi-

368 1952 488 2022 nes,
530 1974 593 2011 ac
629 1952 858 2026 plerique
904 1952 1322 2026 Christianiﬂore
1365 1953 1570 2026 quidem
1615 1952 1895 2026 Dominum

364 2022 690 2098 conﬁtentes,
720 2022 1033 2098 nouantem
1063 2025 1309 2087 muribus,
1340 2022 1492 2098 atque
1510 2022 1896 2098 imprimis/ta:—

367 2092 545 2169 retia',
575 2114 789 2169 quorum
829 2096 1190 2149 insidiantium
1219 2092 1489 2165 pestiferos
1540 2092 1689 2146 dolos
1734 2093 1895 2145 vitare

364 2168 629 2221 debemus.

362 2280 423 2335 Si
450 2280 737 2349 diligenter
777 2278 1155 2333 animadvertit
1185 2278 1553 2347 evangelicum
1600 2274 1894 2347 capitulum

283 2372 442 2443 quod
476 2372 673 2426 lectum
696 2378 778 2424 est
807 2377 985 2423 vestra
1015 2367 1250 2434 dilectio,
1279 2383 1469 2422 sensus
1490 2354 1702 2423 vestros
1731 2365 1783 2418 id
1814 2364 1896 2433 ip-

282 2479 411 2519 sum
442 2460 737 2531 capitulum
767 2460 942 2529 potuit
969 2467 1278 2530 penetrare,
1319 2473 1415 2512 cur
1444 2456 1724 2518 Dominus,
1756 2455 1895 2509 sicut

280 2549 573 2621 Scriptura
622 2551 807 2611 refert,
854 2567 975 2605 cum
1014 2551 1083 2604 ab
1113 2550 1281 2603 altero
1312 2548 1683 2618 interpellatus
1712 2545 1891 2608 fuerit,

281 2649 354 2695 ut
380 2656 504 2695 eum
534 2656 858 2709 quocunque
888 2642 1063 2705 iisset,
1096 2656 1260 2694 causa
1286 2639 1523 2706 religiosi
1549 2638 1782 2703 servitii,
1809 2652 1895 2691 se-

280 2741 580 2804 queretur,
614 2733 767 2788 alteri
798 2734 967 2800 magis
1013 2733 1209 2787 dixerit
1251 2751 1262 2784 :
1310 2732 1532 2803 Sequere
1557 2748 1669 2794 me;
1702 2738 1757 2784 et
1803 2730 1894 2784 illo

281 2836 481 2898 spreto
531 2836 693 2897 atque
737 2826 993 2896 despecto
1043 2827 1204 2879 alium
1248 2823 1428 2894 potius
1475 2831 1762 2886 tacentem,
1797 2837 1895 2876 nec

280 2919 610 2987 opinantem
646 2927 669 2954 ο
721 2925 1097 2985 tacentemque
1126 2915 1407 2982 delegerit.
1439 2913 1655 2968 Etcum
1713 2913 1896 2980 utique

280 3007 569 3075 acceptius
614 3005 971 3060 voluntarium
1012 3005 1329 3072 obsequium
1360 3019 1481 3059 esse
1510 3004 1701 3065 soleat,
1733 3016 1895 3069 quam

1999 1827 2161 1883 fuerit
2187 1828 2300 1897 qui,
2334 1827 2472 1881 sicut
2510 1827 2627 1896 ipse
2657 1835 2905 1892 asseruit,
2936 1837 3144 1898 patrem
3179 1831 3397 1899 reliquit
3442 1849 3591 1889 mor-

1999 1927 2171 1983 tuum,
2204 1926 2263 1972 ut
2284 1919 2406 1971 vita:
2434 1916 2724 1973 Dominum
2765 1918 3049 1988 reperiret.
3093 1920 3183 1973 Ait
3230 1922 3375 1976 enim
3405 1941 3417 1975 :
3452 1921 3592 1977 Per-

1997 2012 2143 2064 mitte
2178 2010 2306 2064 mihi
2344 2011 2491 2080 prius
2531 2010 2625 2074 ire,
2654 2020 2703 2063 et
2732 2012 2951 2081 sepelire
2990 2021 3190 2082 patrem
3220 2031 3388 2068 meum
3420 2014 3590 2086 (Luc.

1998 2099 2113 2171 rx).
2164 2100 2435 2155 Mortuum
2480 2113 2610 2167 ergo
2650 2100 2797 2154 illum
2845 2101 3138 2170 reliquerat
3182 2118 3343 2171 quem
3392 2113 3452 2158 ut
3504 2120 3591 2160 re-

1997 2198 2213 2243 vertens
2241 2189 2494 2258 sepeliret
2539 2197 2747 2242 exorat.
2791 2188 2907 2242 Non
2935 2192 3079 2243 enim
3110 2207 3233 2245 eum
3263 2193 3419 2247 dolor
3460 2195 3589 2249 reti.

1996 2287 2211 2347 nuerat,
2242 2295 2349 2333 non
2397 2295 2545 2334 mors
2590 2278 2981 2344 retardaverat,
3030 2281 3156 2351 quia
3204 2281 3495 2338 festinabat
3522 2285 3591 2340 ad

1996 2369 2182 2423 vitam.
2215 2367 2453 2423 Necdum
2497 2368 2777 2423 morientis
2818 2368 3087 2425 clauserat
3115 2372 3321 2438 oculos,
3359 2374 3590 2429 necdum

1995 2459 2225 2528 rigentia
2253 2460 2496 2514 membra
2523 2459 2841 2515 condiderat
2874 2481 2886 2514 :
2917 2463 3102 2516 statim
3125 2470 3183 2516 ut
3203 2466 3466 2534 comperit
3492 2465 3594 2519 ad-

1994 2551 2208 2606 venisse
2231 2550 2545 2616 Dominum,
2579 2551 2778 2605 oblitus
2807 2559 3045 2621 paterna:
3072 2553 3289 2621 pietatis
3319 2553 3591 2621 allectum,

1995 2639 2200 2709 majore
2231 2641 2441 2709 'pietate
2468 2639 2695 2693 credidit
2723 2642 2843 2709 plus
2871 2642 3145 2697 Christum
3174 2643 3397 2713 diligere
3425 2661 3590 2715 quam

1994 2740 2295 2801 parentem.
2345 2731 2573 2799 Legerat
2620 2733 2763 2786 enim
2814 2734 3043 2787 fortasse
3090 2736 3463 2804 propheticam
3503 2738 3584 2791 le-

1996 2824 2233 2876 ctionem
2276 2838 2397 2891 qum
2422 2822 2553 2877 dicit
2604 2840 2615 2875 :
2672 2821 2987 2879 Obliviscere
3034 2827 3278 2896 populum
3332 2838 3494 2893 tuum,
3539 2839 3592 2882 et

1996 2913 2205 2967 domum
2235 2914 2401 2983 patris
2426 2916 2500 2967 tui
2526 2916 2543 2984 (
2567 2915 2719 2970 Psal.
2744 2918 2877 2985 xw).
2910 2915 2927 2952 ί
2961 2917 3254 2989 Propterea
3285 2920 3485 2974 oblitus
3508 2929 3590 2975 est

1997 3005 2188 3074 patris,
2222 3004 2348 3058 dum
2396 3020 2605 3060 memor
2644 3015 2728 3061 est
2772 3006 3085 3064 Salvatoris.
3129 3010 3387 3065 Audierat
3429 3011 3589 3065 etiam

281 3104 571 3158 coactum,
596 3101 650 3147 et
688 3093 963 3147 servitium
1002 3093 1121 3162 plus
1148 3094 1384 3162 placeat,
1416 3108 1521 3147 non
1552 3092 1694 3162 quod
1722 3094 1895 3161 impe-
1921 3107 1966 3166 ρ
1998 3080 2344 3162 Evangeliuin
2385 3094 2598 3150 Domini
2633 3114 2644 3148 :
2680 3095 2781 3163 Qui
2822 3097 2942 3166 plus
2971 3099 3223 3153 dilexerit
3260 3109 3468 3170 patrem
3499 3110 3591 3155 aut

283 3185 379 3237 rio
404 3183 655 3249 exigitur,
683 3182 773 3235 sed
797 3181 940 3251 quod
962 3190 1156 3250 sponte
1186 3182 1425 3236 defertur
1458 3200 1470 3235 :
1504 3198 1602 3237 cur
1631 3195 1761 3249 ergo
1794 3183 1893 3235 iste
1996 3193 2227 3239 matrem
2258 3202 2364 3240 non
2396 3195 2477 3240 est
2507 3203 2591 3243 me
2621 3188 2813 3258 dignus
2847 3192 2865 3260 (
2890 3189 3081 3244 Matth.
3115 3208 3149 3245 x
3170 3193 3212 3262 ).
3246 3193 3323 3246 lta
3351 3210 3446 3248 cur
3477 3193 3586 3248 To-

284 3271 588 3340 respuitur,
607 3287 701 3325 cur
725 3271 813 3324 vel
842 3270 1089 3338 indignus
1118 3273 1278 3325 etiam
1298 3273 1613 3326 recusatur?
1635 3272 1724 3324 Ait
1751 3271 1894 3325 enim
1946 3340 1959 3353 θ
1991 3275 2108 3330 bias
2131 3275 2473 3345 justiﬁcetur,
2497 3294 2593 3332 cur
2620 3280 2911 3349 sepultura:
2938 3296 3095 3336 causa
3117 3284 3401 3350 prandium
3423 3285 3585 3339 dere-

286 3359 370 3414 ad
397 3376 519 3414 eum
549 3359 843 3414 Dominus:
895 3359 1084 3431 Vulpes
1134 3364 1305 3432 foveas
1332 3361 1538 3429 habent,
1591 3372 1640 3416 et
1667 3366 1894 3416 volucres
1993 3369 2209 3438 liquerit
2237 3368 2396 3441 (Tob.
2422 3371 2515 3440 ι),
2564 3371 2654 3425 hic
2695 3373 2975 3441 probatur,
3023 3388 3145 3427 eum
3195 3391 3355 3430 causa
3384 3376 3586 3431 Christi

284 3452 417 3505 caeli
445 3452 625 3515 nidos;
656 3449 829 3505 Filius
859 3459 1029 3505 autem
1058 3453 1283 3506 hominis
1323 3470 1427 3507 non
1458 3453 1611 3506 habet
1629 3452 1714 3506 ubi
1744 3462 1896 3524 caput

286 3544 514 3598 reclinet
536 3542 748 3614 (Matth.
781 3543 915 3613 Vill).
950 3541 1187 3599 Primum
1214 3544 1397 3614 itaque
1426 3547 1531 3599 hoc
1550 3544 1897 3599 considerare

291 3634 582 3700 debemus,
624 3635 767 3703 quod
796 3652 902 3689 non
934 3644 1018 3689 est
1056 3644 1309 3707 acceptor
1348 3637 1607 3693 Dominus
1633 3654 1894 3709 persona-

285 3739 445 3780 rum.
475 3723 567 3779 Est
593 3726 738 3779 enim
766 3740 955 3796 aequus
979 3725 1147 3794 judex
1172 3735 1227 3781 et
1244 3726 1450 3795 justus;
1478 3728 1573 3782 sed
1621 3744 1721 3798 pro
1758 3744 1894 3797 qua-

290 3819 461 3873 litate
483 3815 508 3854 ἀ
537 3819 727 3873 horum
757 3818 1022 3888 rependat
1051 3819 1357 3875 dilectionis
1386 3819 1654 3887 affectum,
1688 3832 1743 3876 et
1771 3837 1894 3875 eum

284 3909 490 3975 eligat,
520 3925 630 3963 non
652 3910 740 3977 qui
772 3910 949 3965 verbis
978 3920 1282 3980 promptus,
1305 3911 1591 3968 devotione
1617 3913 1785 3983 piger,
1804 3912 1897 3967 sed

286 4002 397 4071 qui
423 4002 580 4056 fuerit
606 4002 785 4070 lingua
810 4004 1025 4067 tacitus,
1058 4013 1240 4059 mente
1269 4003 1513 4071 devotus,
1545 4005 1612 4060 de
1641 4020 1749 4074 quo
1771 4006 1901 4061 dicit

292 4092 575 4162 Propheta
607 4111 618 4145 ε
647 4092 878 4147 Tacitum
902 4104 948 4147 te
976 4096 1195 4165 faciens,
1226 4096 1431 4165 sapiens
1453 4093 1697 4148 videberis
1715 4094 1896 4165 (Prov.

291 4184 465 4253 xvii).
496 4183 571 4239 De
628 4184 717 4238 illo
764 4191 943 4237 autem
979 4184 1072 4254 qui
1100 4184 1407 4253 petulanter
1451 4185 1690 4254 loquitur
1738 4185 1901 4240 refert

290 4272 583 4342 Scriptura
610 4292 623 4326 :
657 4272 779 4328 Non
809 4275 979 4327 omnis
1005 4276 1089 4346 qui
1124 4274 1249 4327 dicit
1271 4275 1416 4341 mihi,
1442 4273 1681 4342 Domine,
1713 4274 1898 4330 Domi-

295 4381 393 4428 ne,
416 4363 631 4417 intrabit
652 4366 705 4418 in
728 4381 942 4435 regnum
962 4367 1238 4430 calorum;
1262 4366 1352 4419 sed
1372 4367 1456 4435 qui
1473 4369 1650 4437 fecerit
1674 4367 1902 4421 volunta-

1994 3462 2162 3531 patris
2191 3463 2468 3531 reliquerit
2513 3462 2864 3532 sepulturam.
2906 3463 3002 3519 Ille
3049 3465 3190 3518 enim
3237 3452 3589 3521 nonveretur

1997 3568 2065 3607 ne
2092 3552 2486 3607 interveniente
2516 3568 2680 3622 opere
2728 3554 2928 3608 terreni
2971 3554 3178 3623 prandii
3209 3556 3394 3625 epulas
3444 3572 3587 3626 pra}:

1998 3643 2353 3710 termitteret;
2385 3644 2475 3699 hic
2505 3644 2700 3698 metuit
2728 3660 2796 3699 ne
2825 3644 3214 3699 interveniente
3242 3661 3393 3701 mora
3441 3628 3588 3702 rele-

1995 3738 2232 3792 ctionem
2261 3737 2417 3806 panis
2459 3736 2697 3792 ccclestis
2742 3738 2973 3791 amittat.
3020 3735 3172 3793 Unde
3215 3755 3338 3793 cum
3384 3738 3586 3796 Christi

1996 3827 2455 3898 contemplatione
2499 3828 2832 3897 sepulturam
2875 3828 3125 3884 omnibus
3153 3827 3468 3899 debeamus,
3498 3831 3588 3885 hic

1997 3934 2182 3974 amore
2209 3919 2407 3973 Christi
2437 3919 2605 3988 patris
2652 3919 2893 3973 deseruit
2935 3920 3285 3990 sepulturam.
3321 3922 3585 3977 Discutia—

1999 4025 2118 4064 mus
2145 4010 2327 4078 itaque
2355 4009 2530 4079 primo
2561 4010 2702 4064 illius
2731 4010 3256 4079 interpretationem,
3278 4014 3589 4081 responsio-

2000 4114 2233 4169 nemque
2275 4099 2485 4153 Domini
2529 4099 2845 4153 Salvatoris.
2875 4100 2961 4152 Ait
2990 4100 3071 4153 illi
3102 4117 3119 4153 :
3148 4100 3349 4171 Sequar
3387 4110 3434 4155 te
3462 4119 3588 4174 th-

1999 4206 2198 4262 cunque
2220 4190 2340 4243 ieris
2365 4188 2514 4260 (Luc.
2543 4189 2652 4259 1x).
2685 4187 2938 4258 Prompta
2968 4190 3203 4257 quidem,
3235 4192 3328 4244 sed
3357 4193 3588 4261 superba

2003 4292 2028 4331 ε
2059 4282 2361 4353 responsio.
2412 4280 2589 4335 lturus
2615 4281 2761 4334 enim
2810 4280 2878 4334 ad
2917 4281 3224 4349 passionem
3254 4291 3372 4335 erat
3401 4282 3585 4336 Domi-

2003 4390 2136 4441 nus,
2154 4373 2511 4428 descensurus
2548 4371 2616 4425 ad
2645 4369 2866 4434 inferos,
2896 4385 3220 4424 ascensurus
3250 4371 3316 4424 ad
3340 4372 3533 4425 ccelum
3568 4391 3581 4425 :

292 4462 413 4505 cem
427 4468 588 4505 meam
612 4451 824 4523 (Matth.
840 4452 952 4523 vn).
969 4451 1104 4506 Hine
1123 4466 1254 4521 ergo
1274 4453 1529 4507 discimus
1548 4453 1692 4522 quod
1713 4454 1779 4507 ad
1799 4452 1900 4509 Do-
1931 4478 1978 4537 ι)
2002 4463 2241 4533 nunquid
2267 4465 2322 4517 in
2352 4462 2601 4518 omnibus
2648 4462 2795 4515 illum
2839 4469 3020 4531 potest
3055 4460 3316 4528 fragilitas
3346 4462 3609 4517 humana

299 4546 513 4599 minum
534 4560 639 4599 non
661 4554 772 4598 tam
802 4559 898 4599 ore
926 4560 1084 4613 quam
1107 4545 1271 4599 corde
1294 4544 1631 4599 clamandum
1665 4554 1766 4599 est.
1790 4544 1896 4614 lgi-

298 4646 397 4690 tur
416 4636 663 4690 Salvator
682 4647 882 4699 noster,
900 4636 992 4705 qui
1013 4636 1367 4705 cogitationes
1386 4636 1661 4690 hominum
1683 4650 1898 4690 sensus-

298 4743 413 4797 que
450 4737 471 4762 θ
509 4727 769 4796 pervidet,
826 4726 1049 4781 audiens
1096 4727 1314 4794 quidem
1359 4727 1509 4781 vocis
1555 4726 1895 4794 obsequium,

299 4820 469 4888 331
496 4818 691 4871 mentis
725 4826 905 4871 autem
936 4817 1227 4872 versutiam
1254 4831 1681 4885 recognoscens,
1712 4816 1805 4870 tali
1834 4817 1899 4869 il-

299 4908 420 4963 lum
452 4908 665 4985 animali
695 4917 990 4977 comparat,
1023 4908 1165 4976 quod
1189 4909 1332 4963 aliud
1358 4924 1492 4964 voce
1517 4909 1739 4975 indicet,
1754 4909 1899 4963 aliud

298 4996 551 5052 moribus
587 5006 859 5066 operetur.
897 4998 1078 5066 Vulpis
1123 4998 1267 5052 enim
1315 4998 1514 5053 latratu
1542 5001 1692 5055 canis
1736 5016 1891 5056 reso-

297 5100 418 5154 nat,
452 5090 576 5145 dolo
611 5093 854 5161 rapinam
899 5091 1100 5146 fraudis
1128 5101 1361 5147 exercet.
1414 5093 1708 5149 Tacentem
1739 5111 1888 5163 ergo,

297 5197 407 5238 nec
436 5184 747 5253 opinantem
777 5186 1015 5239 assumit.
1052 5183 1289 5238 Tacebat
1314 5185 1531 5253 quidem
1576 5187 1773 5255 lingua,
1799 5189 1895 5244 sed

374 5372 400 5399 ι
430 5361 1149 5444 βοώβῦ.[λαυιηξιιιηηαηι.
1179 5367 1348 5444 dicere
1391 5385 1658 5435 possumus
1679 5411 1693 5434 ,
1740 5387 1886 5425 nemo

298 5449 395 5503 nos
422 5436 709 5503 invasionis
723 5436 912 5503 arguit,
943 5436 1196 5490 violentia:
1216 5438 1384 5490 nullus
1406 5449 1631 5503 accusat,
1664 5448 1770 5493 etc.

374 5501 413 5578 b_
432 5501 566 5557 Cod.
591 5500 659 5554 90
681 5500 1012 5578 S._Crueis_in
1029 5503 1136 5578 Jer.
1165 5509 1479 5578 legitzquasi
1501 5527 1605 5562 non
1621 5500 1887 5563 interdum

297 5574 558 5697 majore?
604 5573 835 5641 prwdam
879 5575 1029 5628 avida
1058 5573 1409 5632 blandimenta
1457 5580 1689 5646 eliciant,
1736 5597 1890 5652 quant

358 5659 503 5695 rmen
530 5659 581 5695 a.

358 5659 581 5695 rmenta.

378 5722 401 5753 ο
432 5710 608 5769 Codd.
640 5710 708 5765 90
735 5720 789 5767 et
817 5712 884 5766 99
904 5714 960 5768 S.
993 5715 1179 5772 Crucis
1211 5720 1263 5774 in
1293 5717 1403 5774 Jer.

586 5804 861 5881 Parnoc.
907 5808 1097 5870 LVII.

1996 4555 2275 4611 comitari?
2319 4553 2497 4608 Stulta
2538 4553 2705 4621 magis
2747 4560 2830 4607 est
2868 4553 2970 4607 ista
3008 4552 3359 4623 praesumptio
3403 4553 3585 4622 potius

1997 4662 2160 4716 quam
2192 4646 2445 4714 religiosa
2492 4643 2791 4700 confessio.
2830 4642 3105 4713 Siquidem
3152 4652 3207 4698 et
3250 4641 3411 4698 Petro
3454 4659 3588 4713 apo-

1997 4738 2139 4792 stolo
2168 4738 2363 4793 dicitur
2387 4752 2417 4791 a
2445 4737 2694 4804 Domino,
2719 4752 2841 4791 cum
2866 4736 3198 4791 existimaret
3221 4751 3279 4789 se
3305 4735 3458 4804 sequi
3490 4751 3587 4805 per

1999 4830 2179 4882 omnia
2225 4829 2564 4883 Salvatorem
2618 4846 2630 4879 :
2683 4826 2796 4890 Quo
2837 4844 2927 4898 ego
2968 4827 3131 4888 vado,
3186 4842 3287 4878 non
3326 4836 3470 4895 potes
3505 4842 3585 4878 me

2002 4921 2155 4974 modo
2183 4922 2323 4992 sequi
2356 4920 2544 4991 (Joan.
2574 4937 2663 4974 xm
2688 4919 2726 4988 ).
2759 4917 2825 4972 Et
2865 4935 2986 4972 cum
3035 4916 3402 4986 pertinaciter,
3436 4932 3501 4972 ac
3527 4932 3589 4973 se

2002 5012 2070 5065 ab
2099 5026 2165 5066 eo
2189 5027 2289 5067 nec
2331 5020 2508 5066 morte
2553 5011 2758 5065 diceret
2794 5008 3175 5077 separandum,
3208 5016 3464 5078 tanquam
3499 5008 3588 5079 ja-

1998 5104 2215 5157 ctantize
2258 5102 2645 5157 condemnatus
2696 5100 2844 5154 audit
2876 5097 2898 5135 ιι
2929 5099 3070 5167 quod
3119 5108 3261 5153 esset
3302 5100 3589 5155 Dominum

2000 5192 2165 5248 tertio
2197 5201 2505 5260 negaturus.
2538 5191 2724 5258 Itaque
2764 5188 2857 5258 qui
2899 5190 3250 5259 promittebat
3297 5204 3328 5244 a
3375 5188 3593 5248 confes-

2063 5370 2087 5406 ά
2119 5369 2251 5424 Cod.
2282 5370 2347 5423 10
2371 5369 2644 5440 Laurent.,
2677 5386 2769 5436 pro
2791 5369 3041 5440 qualitate
3063 5384 3281 5440 morum.

2069 5450 2091 5510 ὲ
2122 5440 2199 5494 lla
2223 5440 2379 5496 codd.
2423 5439 2489 5491 10
2518 5438 2771 5493 Laurent.
2803 5438 2857 5493 et
2878 5438 2934 5493 S.
2958 5439 3147 5494 Crucis
3177 5440 3227 5492 in
3256 5438 3392 5507 Jer.,
3416 5443 3583 5510 perti-

1994 5509 2377 5648 delia‘ilterque
2406 5578 2525 5633 cod.
2551 5577 2607 5633 S.
2635 5576 2823 5635 Crucis
2853 5580 2903 5633 in
2934 5577 3042 5633 Jer.

2073 5661 2098 5697 κ
2139 5648 2374 5719 Uterque
2396 5649 2523 5719 (cod.
2556 5648 2613 5703 S.
2644 5649 2831 5705 Crucis
2853 5651 2904 5704 in
2933 5648 3069 5716 Jer.,
3098 5650 3372 5719 professio.

2077 5722 2099 5757 "
2140 5719 2271 5775 Cod.
2306 5718 2371 5772 10
2392 5718 2644 5774 Laurent.

3277 5809 3346 5869 17
