4054 6190
439 315 443 319 -
472 289 574 342 523

1712 283 1766 338 s.
1810 282 2055 338 imum
2095 280 2544 339 TAURINENSIS
2591 268 2606 278 ’

3633 288 3746 344 524

474 407 626 460 sione
644 403 842 458 Christi
872 416 973 457 nec
1003 410 1177 458 morte
1203 400 1410 469 divelli,
1447 400 1516 453 ab
1546 398 1707 469 382
1733 399 1849 466 ejus
1877 398 2050 452 socie-
2077 400 2130 462 Α
2155 411 2307 452 more
2327 396 2524 467 pullos,
2546 395 2641 452 sed
2669 395 2918 466 luporum
2948 409 3101 451 more
3130 409 3320 466 rapere
3348 411 3543 467 porcos
3575 417 3588 452 :
3619 403 3742 471 qui,

473 509 586 554 tate
613 497 1036 565 interrogatione
1057 494 1319 549 ancillulae
1339 499 1652 562 Separatur;
1674 499 1731 543 et
1754 489 1854 544 nisi
1884 489 2049 543 veluti

473 589 692 643 modum
721 586 1004 656 quemdam
1033 593 1305 647 statuens,
1341 583 1502 637 tertio
1527 596 1652 635 eum
1692 579 1919 636 dixisset
1945 579 2052 633 Do-

474 684 677 737 minum
707 687 1045 750 negaturum,
1076 678 1299 732 forsitan
1329 676 1520 746 saepius
1549 674 1927 742 interrogatus,
1953 670 2053 726 fre-

473 781 704 842 quenter
730 771 1062 838 denegasset.
1095 767 1233 849 Quid
1253 780 1382 836 ergo
1413 764 1770 836 respondetur
1797 764 1869 818 illi
1897 771 2052 832 petu-

476 863 640 916 lanti?
678 861 864 932 Vulpes
886 863 1060 932 foveas
1089 858 1297 924 habent,
1325 869 1372 911 et
1396 858 1621 911 volucres
1651 857 1765 910 caati
1807 855 1979 922 nidos,
2001 864 2052 908 et

475 953 521 1006 F
528 954 644 1006 ilius
657 953 876 1006 hominis
899 967 1001 1005 non
1023 948 1270 1002 habetubi
1292 956 1442 1018 caput
1460 945 1898 1018 reclinet(Mattlt.
1913 947 2046 1017 vm).

475 1045 665 1099 Videte
695 1043 780 1098 cui
822 1042 897 1097 rei
946 1041 1212 1096 subtiliter
1239 1047 1601 1109 comparetur.
1641 1036 1735 1091 Est
1778 1039 1921 1091 enim
1949 1038 2052 1091 hoc

473 1149 641 1203 genus
669 1135 914 1188 animalis
971 1131 1128 1186 fallax
1151 1175 1166 1199 ,
1197 1140 1252 1185 et
1282 1131 1482 1200 rapinis
1527 1144 1738 1199 semper
1766 1129 2050 1192 intentum,

477 1239 500 1261 ο·
531 1226 775 1295 rapinam
802 1223 986 1277 fraude
1029 1237 1311 1288 exercens,
1341 1221 1485 1290 quod
1534 1220 1667 1273 nihil
1697 1227 1889 1282 tutum,
1921 1219 2052 1271 nihil

473 1317 729 1380 otiosum,
763 1315 890 1369 nihil
921 1313 1154 1383 patiatur
1181 1327 1299 1366 esse
1324 1309 1754 1378 securum,quod
1784 1309 2052 1377 interipsa

471 1420 688 1475 quoque
712 1405 987 1459 hominum
1017 1403 1284 1456 domicilia
1323 1401 1558 1472 pnedam
1587 1400 1846 1470 requirat.
1880 1399 2052 1466 Quam

473 1496 932 1566 comparationem
981 1511 1088 1548 non
1140 1493 1315 1554 solum
1356 1503 1577 1562 propter
1606 1492 1750 1546 illam
1799 1492 2053 1562 scriptam

470 1595 623 1657 puto,
656 1585 752 1640 sed
780 1593 1003 1655 propter
1049 1585 1335 1653 plerosque
1381 1583 1546 1638 etiam
1574 1583 1930 1649 Christianos,
1960 1585 2051 1653 qui

471 1692 567 1732 ore
603 1676 821 1746 quidem
867 1675 1151 1729 Dominum
1200 1671 1544 1742 conﬁtentur,
1589 1675 1831 1728 moribus
1873 1682 2050 1729 autem

2151 487 2277 542 dum
2303 503 2400 543 suo
2431 488 2616 543 labore
2644 487 2812 557 possit
2833 487 3035 550 vivere,
3059 485 3298 541 ferarum
3324 489 3475 544 rabie
3497 491 3746 560 praedam

2149 587 2331 648 captat
2357 578 2604 632 alienam.
2639 577 2933 632 Hmreticos
2952 578 3116 632 etiam
3144 592 3334 632 omnes
3363 579 3599 635 arbitror
3616 583 3739 636 vnl-

2150 671 2308 740 pibus
2335 670 2745 740 comparandos,
2776 670 2867 738 qui
2906 685 3029 724 cum
3057 671 3111 724 in
3141 671 3304 727 domo
3348 672 3559 728 Domini
3591 675 3748 730 habi-

2152 771 2269 817 tare
2317 778 2426 816 non
2477 762 2723 832 possint,
2769 761 3147 817 conventicula
3185 762 3288 818 sibi
3316 764 3562 833 quaedam
3590 767 3745 821 velut

2154 854 2342 910 foveas
2371 863 2675 925 praeparant
2697 853 3039 917 tenebrosas,‘
3063 853 3119 907 in
3164 854 3358 924 quibus
3386 857 3746 924 pertinaciter

2153 945 2386 1000 latentes
2433 943 2749 998 insidiantur
2793 943 3082 1007 Ecclesize,
3133 951 3193 998 ut
3232 943 3278 998 si
3326 959 3431 1013 qua
3480 945 3747 1002 innocens

2153 1035 2330 1088 anima
2359 1033 2499 1088 forte
2522 1033 2867 1102 processerit,
2899 1033 3049 1088 velut
3077 1033 3280 1104 pullum
3310 1034 3522 1102 gallinae
3549 1037 3744 1091 matris

2154 1129 2502 1182 absorbeant.
2551 1124 2896 1190 Insidiantur,
2942 1126 3160 1194 inquam
3183 1167 3198 1192 ,
3235 1126 3425 1196 vulpes
3462 1125 3739 1193 Ecclesiae,

2154 1221 2257 1274 hoc
2279 1226 2381 1284 est,
2410 1218 2734 1285 evangelica:
2758 1217 2832 1270 illi
2856 1217 3070 1286 gallina:
3098 1216 3166 1272 de
3192 1233 3296 1287 qua
3327 1217 3402 1271 ait
3431 1217 3691 1273 Dominus
3721 1237 3738 1273 :

2156 1309 2363 1374 Quoties
2397 1311 2533 1364 volui
2565 1326 2879 1381 congregare
2916 1309 3058 1378 ﬁlios
3099 1319 3212 1365 tuos
3241 1311 3372 1363 sicut
3399 1311 3599 1381 gallina
3626 1311 3740 1366 col-

2153 1403 2265 1476 ligit
2291 1404 2458 1472 pullos
2485 1419 2602 1457 suos
2622 1400 2713 1456 sub
2748 1403 2862 1454 alas
2884 1417 3006 1455 suas
3029 1400 3248 1471 (Matth.
3275 1402 3436 1470 xxm)
3471 1412 3521 1454 ε.

2223 1494 2464 1548 Vitemus
2487 1507 2636 1560 ergo,
2667 1491 2878 1558 fratres,
2911 1491 3140 1546 vitemus
3183 1491 3470 1560 pestiferos
3498 1492 3739 1562 vulpium

2153 1586 2516 1642 insidiantium
2563 1584 2748 1648 dolos,
2780 1585 3012 1638 vitemus
3039 1582 3348 1638 mortiferas
3376 1585 3740 1653 nequissimo-

2158 1692 2276 1731 rum
2307 1674 2658 1729 animantium
2685 1674 2979 1742 captiones,
3005 1687 3073 1728 ne
3094 1674 3232 1728 sicut
3255 1674 3442 1743 vulpes
3468 1675 3744 1743 quondam

469 1770 708 1839 vulpium
737 1766 946 1821 fallacia
968 1766 1324 1820 div’ersantur.
1343 1765 1527 1820 Omnis
1550 1767 1693 1820 enim
1714 1766 2058 1822 Christianus
2089 1767 2134 1826 Β
2163 1783 2300 1837 quas
2321 1765 2550 1821 Samson
2600 1763 2813 1835 (Judic.
2863 1764 2972 1833 xv)
3003 1763 3092 1818 ille
3138 1763 3460 1818 fortissimus
3509 1765 3563 1819 in
3610 1780 3745 1834 agro

469 1860 560 1928 qui
591 1859 702 1912 vult
729 1873 824 1912 sua
874 1865 1096 1927 peccata
1136 1857 1334 1922 celare,
1385 1857 1472 1911 hic
1506 1857 1858 1926 spiritualiter
1879 1859 2054 1928 vulpis

471 1957 570 2002 est.
605 1948 755 2002 Sicut
783 1947 925 2001 enim
954 1946 1128 2016 vulpis
1165 1954 1388 2016 propter
1427 1946 1642 2002 fraudes
1669 1963 1794 2001 suas
1817 1947 2052 2003 latibulis

471 2043 810 2106 demoratur;
837 2041 913 2094 ita
941 2047 996 2094 et
1025 2047 1280 2110 peccator
1309 2047 1496 2093 tacens
1526 2047 1749 2108 propter
1769 2040 2050 2094 conscien-

433 2132 438 2137 ’
471 2131 600 2186 tiam
630 2145 850 2184 suorum
875 2139 1218 2199 peccatorum
1257 2127 1426 2183 foveis
1449 2127 1731 2182 delitescit.
1765 2126 1792 2166 ι)
1819 2127 1886 2182 Et
1912 2129 2052 2183 sicut

471 2222 558 2276 illa
589 2238 696 2276 non
727 2221 888 2275 audet
917 2220 1057 2275 inter
1084 2218 1290 2274 medias
1313 2218 1592 2272 hominum
1623 2219 1807 2273 turbas
1838 2233 2049 2273 morum

469 2329 690 2368 suorum
718 2321 993 2368 ostentare
1041 2309 1339 2375 fallaciam;
1386 2308 1459 2362 ita
1488 2315 1544 2362 et
1565 2308 1652 2364 hic
1682 2307 1952 2364 erubescit
1995 2309 2049 2363 in

471 2402 645 2458 media
674 2402 900 2457 ecclesia
930 2398 1358 2456 conversationis
1384 2413 1496 2454 sua:
1543 2398 1841 2468 nequitiam
1879 2396 2049 2453 confi-

472 2494 594 2548 teri.
625 2493 852 2562 Vulpem
877 2493 1035 2561 plane
1063 2490 1288 2545 dixerim
1325 2505 1540 2545 cmnem
1568 2489 1932 2546 Christianum
1957 2492 2049 2562 qui

469 2600 567 2638 suo
597 2583 878 2640 insidiatur
904 2582 1082 2638 vicino
1099 2624 1114 2648 ,
1141 2581 1233 2650 qui
1273 2581 1513 2650 quotidie
1541 2582 1729 2636 nititur
1758 2581 1890 2638 lines
1917 2583 2048 2637 alie-

469 2692 567 2730 nos
586 2675 862 2740 arrodere,
895 2671 1098 2728 fructus
1127 2671 1381 2727 invadere
1404 2713 1419 2738 ,
1469 2672 1720 2726 animalia
1759 2673 2041 2738 devorare,

469 2775 524 2820 et
550 2764 695 2836 quod
721 2772 804 2821 est
831 2763 1090 2820 familiare
1111 2762 1235 2819 huic
1265 2762 1513 2832 tempori,
1545 2777 1652 2817 non
1675 2770 1784 2816 tam
1806 2762 2040 2832 vulpium

2161 1856 2562 1911 Philistinorum
2591 1856 2750 1926 383
2789 1863 3022 1909 armatas
3067 1853 3274 1910 facibus
3323 1855 3572 1921 immisit,
3620 1871 3748 1926 qua:

2157 1948 2337 2003 omnia
2365 1947 2711 2003 combussere
2739 1947 2967 2001 ﬂammis
2995 1962 3114 2016 quae
3157 1947 3432 2014 contigere
3457 1948 3696 2016 vestigiis
3721 1965 3740 2012 ;

2156 2039 2229 2093 ita
2260 2039 2462 2094 fructus
2491 2047 2796 2093 nostrarum
2828 2048 3072 2106 segetum
3113 2053 3496 2108 perversorum
3523 2039 3744 2109 dogma-

2155 2139 2269 2186 tum
2300 2131 2484 2201 vulpes
2522 2137 2616 2184 aut
2662 2129 2976 2185 insidiarum
3023 2129 3341 2199 deceptione
3371 2131 3606 2200 capiant,
3648 2141 3746 2186 aut

2157 2219 2488 2276 ﬂammarum
2514 2219 2797 2275 adustione
2819 2228 3156 2275 consument.
3186 2219 3366 2276 Simus
3392 2235 3543 2289 ergo,
3575 2231 3633 2276 ut
3663 2223 3744 2277 le-

2155 2312 2350 2380 gimus,
2380 2319 2434 2366 et
2486 2310 2758 2380 simplices
2785 2309 2948 2382 335.
2974 2318 3033 2365 ut
3051 2311 3330 2375 columbae,
3379 2320 3435 2366 et
3479 2313 3638 2367 astuti
3682 2321 3746 2368 ut

2155 2411 2454 2473 serpentes,
2485 2410 2546 2456 ut
2573 2403 2970 2472 simplicitatem
2999 2403 3203 2458 scilicet
3231 2403 3597 2458 columbarum
3624 2419 3743 2460 ser-

2155 2493 2394 2562 pentium
2423 2499 2638 2547 tueatur
2665 2491 2881 2556 astutia,
2912 2499 2967 2545 et
2991 2492 3066 2546 ita
3094 2492 3292 2546 malum
3323 2491 3500 2548 facere
3533 2494 3742 2548 nescia-

2155 2599 2298 2650 mus,
2329 2592 2389 2638 ιιι
2413 2591 2588 2638 tamen
2623 2583 2794 2638 vitare
2821 2584 3123 2653 possimus;
3173 2599 3268 2653 per
3315 2585 3596 2639 Dominum
3639 2599 3739 2639 no-

2146 2682 2318 2726 strum
2339 2671 2524 2728 Jesum
2552 2671 2846 2739 Christum,
2878 2673 2963 2727 eui
2992 2682 3074 2728 est
3115 2673 3291 2729 honor
3321 2682 3378 2728 et
3403 2674 3594 2744 gloria,
3625 2681 3735 2729 etc.

1801 2872 2143 2934 HOMILIA
2187 2874 2405 2936 CXVI.

1237 2995 1336 3050 Ubi
1364 2993 1615 3051 Dominus
1645 2994 1854 3074 sabbato
1876 3012 2084 3050 manuni
2107 2996 2309 3054 aridam
2338 2999 2532 3050 curavit
2555 2995 2704 3068 (Luc.
2737 3015 2852 3068 cap.
2893 2999 2986 3071 vl).

1910 3109 2294 3166 ADMONITIO.

442 3216 450 3221 ’
524 3228 658 3297 ipsa
688 3225 921 3280 homiliie
945 3222 1124 3297 lectio,
1169 3223 1394 3297 cuilibet
1431 3222 1980 3297 Maximiani_eloquii
2013 3239 2130 3297 non
2154 3223 2342 3297 inscio,
2373 3224 2493 3297 quis
2519 3225 2588 3278 sit
2618 3225 2758 3297 illius
2771 3224 3356 3297 auctorhmanifestat.
3384 3227 3606 3282 Accedit
3633 3245 3734 3284 co-

469 3292 645 3354 dicum
660 3304 890 3418 quatuor
918 3293 1212 3348 auctoritas
1241 3292 1485 3347 eamdem
1513 3301 1702 3348 sancto
1723 3292 1954 3347 Maximo
1978 3294 2378 3358 asoribentium,
2397 3294 2447 3348 id
2471 3303 2552 3348 est
2581 3296 2738 3348 trium
2767 3294 2975 3349 Sanctae
3002 3293 3208 3360 Crucis,
3227 3304 3280 3349 et
3307 3299 3479 3365 quarti
3505 3297 3735 3366 Sangal-

469 3368 654 3418 lensis.
705 3383 736 3418 n
763 3362 951 3418 codice
1001 3362 1060 3417 8.
1085 3362 1273 3418 Crucis
1306 3362 1373 3416 90
1421 3371 1598 3418 exstat
1637 3377 1786 3417 num.
1813 3363 1902 3418 ‘58.
1936 3364 1988 3416 in
2011 3363 2133 3418 cod.
2177 3363 2246 3416 99
2281 3379 2428 3417 num.
2461 3362 2516 3418 8.
2547 3373 2602 3418 et
2648 3365 2700 3418 in
2728 3364 2850 3418 cod.
2883 3363 2916 3416 9
2943 3380 3089 3418 num.
3117 3364 3170 3418 ἓ.
3203 3365 3303 3418 hac
3331 3382 3450 3418 cum
3473 3366 3728 3418 uniformi

469 3368 654 3423 tensis.

705 3383 736 3419 n
763 3362 951 3419 codice
1001 3362 1060 3417 8.
1085 3362 1273 3418 Crucis
1306 3362 1373 3416 90
1421 3371 1598 3418 exstat
1637 3377 1786 3417 num.
1813 3363 1902 3426 ‘58,
1936 3364 1988 3416 in
2011 3363 2133 3418 cod.
2177 3363 2246 3416 99
2281 3379 2428 3417 num.
2461 3362 2516 3430 8,
2547 3373 2602 3418 et
2648 3365 2700 3418 in
2728 3364 2850 3419 cod.
2883 3363 2916 3416 9
2943 3380 3089 3419 num.
3117 3364 3170 3430 ἓ,
3203 3365 3303 3420 hac
3324 3362 3450 3421 cum
3473 3362 3729 3423 uniformi

439 3481 442 3483 Α
465 3437 820 3519 inscriptione
847 3432 987 3519 :‘ljbi
1015 3432 1267 3519 Domina:
1296 3432 2218 3519 sabbatgmanumaridamgcurgvit.
2245 3433 2388 3519 Idem
2409 3442 2491 3488 est
2521 3434 2706 3519 titulus
2725 3435 2856 3519 cod.
2881 3434 3243 3516 Sangallensis
3265 3453 3410 3519 Ill-util.
3439 3436 3527 3491 Η.
3557 3437 3732 3519 liene-

470 3501 654 3563 dictini
674 3503 921 3560 monachi
949 3517 1201 3572 congreg.
1234 3502 1417 3557 Sancti
1453 3501 1623 3556 Mauri
1668 3517 1772 3556 nec
1819 3501 1870 3554 in
1901 3501 2196 3570 appendice
2225 3518 2386 3557 serm.
2419 3504 2588 3558 sancti
2636 3504 2936 3571 Augustini,
2968 3520 3070 3560 nec
3098 3505 3151 3559 in
3173 3505 3487 3576 prasfatione
3511 3507 3580 3562 ad
3604 3523 3721 3562 ser-

471 3590 656 3627 mones
683 3574 853 3630 sancti
881 3573 1152 3628 Ambrosii
1180 3573 1307 3628 edit.
1342 3571 1510 3626 Paris.
1540 3569 1696 3638 1690,
1721 3571 2014 3640 quidquam
2035 3572 2237 3627 habent
2261 3571 2405 3642 quod
2434 3573 2590 3628 nobis
2618 3574 2946 3629 adversetur.

475 3698 1179 3769 Moeranum—Explicat
1207 3696 1270 3769 S_.
1293 3695 1555 3769 Maximus
1578 3696 1743 3753 locum
1772 3693 2045 3769 Evangelii
2074 3696 2120 3759 C
2151 3709 2345 3751 succus
2373 3691 2693 3750 inlunderet.
2726 3693 2845 3750 Non
2885 3697 3085 3752 mirum
3115 3704 3199 3751 est
3225 3696 3270 3750 si
3301 3696 3346 3751 is
3366 3705 3607 3751 arentem
3646 3711 3735 3751 re-

540 3771 593 3840 in
615 3788 712 3840 quo
731 3772 916 3840 legitur
941 3765 1202 3840 Christum
1226 3766 1512 3840 Dominum
1545 3783 1754 3840 curasse
1776 3765 2048 3835 quemdam

545 3835 812 3890 habentem
864 3853 1076 3890 manum
1119 3836 1364 3899 aridam;
1408 3851 1468 3888 ac
1521 3835 1695 3904 plures
1733 3835 2049 3904 interpreta-

445 3948 447 3950 -
535 3909 708 3962 tiones
751 3905 818 3958 ad
869 3905 1158 3974 Scriptura
1195 3904 1590 3974 intelligentiam
1637 3904 2047 3957 accommodatas

534 3977 761 4047 profert.

543 4149 836 4218 Diligenter
858 4162 955 4204 vos
982 4147 1214 4203 audiisse
1234 4147 1415 4215 credo,
1443 4146 1658 4217 fratres,
1688 4148 2048 4219 evangelicam

467 4243 762 4300 lectionem
789 4256 908 4312 quae
935 4255 1108 4312 nuper
1146 4241 1284 4297 lecta
1322 4249 1440 4310 est,
1472 4241 1562 4297 ubi
1607 4241 1867 4296 Dominus
1890 4240 2051 4298 Jesus

446 4331 720 4389 .Christus
739 4331 1008 4401 ingressus
1037 4331 1260 4385 sabbato
1291 4343 1638 4402 synagogam,
1669 4331 1902 4385 hominis
1947 4331 2050 4386 sibi

471 4421 723 4478 habentis
753 4437 968 4476 manum
999 4420 1200 4475 aridam
1227 4421 1488 4490 spirituali
1531 4421 1795 4476 medicina
1821 4422 2046 4488 curavit,

474 4529 581 4570 non
609 4512 869 4582 appositis
917 4511 1205 4565 herbarum
1255 4511 1462 4575 succis,
1506 4527 1616 4567 non
1654 4512 2049 4582 pigmentorum

472 4605 912 4661 medicaminibus
938 4601 1346 4671 colligatis,-sed
1377 4603 1539 4658 verbo
1561 4603 1776 4672 jubens,
1806 4615 1860 4661 et
1889 4606 1942 4660 in
1971 4606 2047 4660 ira

441 4749 444 4754 .
473 4697 790 4767 praecipiens
835 4695 1030 4751 refudit
1070 4695 1284 4763 corpori
1329 4695 1634 4751 sanitatem.
1667 4697 1778 4770 Ira,
1811 4691 2047 4768 inquam,

473 4788 613 4842 sicut
639 4788 712 4841 ait
734 4785 1092 4855 Evangelista,
1109 4785 1342 4840 restituit
1362 4785 1599 4854 vigorem
1622 4787 1876 4845 dexterze.
1900 4789 2052 4847 Unde

475 4879 819 4948 intelligimus
846 4878 1020 4947 qualis
1047 4877 1330 4932 dominicae
1357 4877 1702 4947 benignitatis
1727 4882 1797 4935 sit
1823 4883 2046 4946 sanitas,

443 4967 624 5035 _cujus
649 4969 1029 5037 indignationis
1057 4968 1179 5022 talis
1208 4977 1292 5023 est
1319 4969 1622 5037 medicina;
1652 4981 1744 5025 aut
1787 4973 2046 5043 quemad—

2150 3787 2358 3855 paravit
2381 3786 2677 3851 dexteram,
2707 3787 2798 3855 qui
2827 3795 3000 3843 totum
3033 3803 3231 3859 corpus
3258 3787 3327 3844 de
3357 3798 3380 3826 ο
3411 3789 3585 3844 arenti
3612 3789 3737 3858 pul-

2150 3892 2278 3931 vere
2305 3879 2646 3947 procreavit,
2675 3887 2732 3934 et
2765 3879 2819 3934 id
2845 3881 2996 3935 verbi
3043 3881 3271 3951 imperio
3313 3881 3548 3937 restituit
3585 3881 3734 3950 quod

2149 3968 2202 4024 in
2233 3971 2496 4040 principio
2540 3971 2748 4027 factura
2791 3973 3121 4042 operationis
3149 3973 3413 4038 instituit,
3443 3973 3593 4028 velut
3639 3987 3730 4027 au-

2149 4068 2356 4116 ctorem
2383 4078 2540 4118 suum
2578 4064 2788 4134 plasma
2813 4078 3145 4133 cognoscens
3191 4065 3506 4134 obsequitur
3535 4063 3553 4103 ί
3581 4074 3637 4120 οι
3679 4066 3731 4119 in

2151 4153 2511 4224 portiuncula,
2541 4155 2633 4211 cui
2656 4163 2827 4210 totam
2855 4171 2916 4211 se
2961 4156 3185 4212 deberet
3213 4157 3267 4212 in
3293 4171 3488 4211 massa.
3519 4155 3626 4211 Sed
3653 4156 3732 4210 vi-

2151 4243 2376 4300 deamus
2398 4259 2518 4314 quae
2543 4245 2613 4300 sit
2640 4245 2692 4298 in
2716 4244 2998 4317 Synagoga
3027 4260 3215 4300 manus
3244 4245 3423 4311 arida;
3454 4259 3573 4314 qua:
3601 4245 3734 4298 nihil

2151 4337 2366 4407 corpori
2423 4352 2523 4392 suo
2575 4337 2832 4406 prodest,
2893 4337 3109 4407 quando
3162 4337 3415 4406 operibus
3467 4336 3730 4401 siccavit,

2156 4429 2371 4499 quando
2399 4430 2562 4484 etiam
2607 4428 2839 4498 primum
2887 4429 3037 4484 arida
3080 4444 3200 4485 esse
3230 4429 3456 4498 creperit
3494 4428 3736 4496 requira—

2151 4535 2288 4574 mus.
2319 4519 2436 4574 Non
2465 4521 2608 4574 enim
2636 4521 2792 4575 unius
2819 4519 3054 4575 hominis
3103 4528 3309 4574 tantum
3341 4534 3438 4590 per
3478 4518 3732 4573 Salvato-

2151 4628 2265 4668 rem
2312 4629 2474 4668 causa
2519 4614 2740 4682 geritur,
2789 4627 2888 4668 nec
2924 4613 3082 4667 unius
3116 4612 3350 4667 hominis
3397 4610 3736 4666 imbecillitas

2151 4713 2485 4773 procuratur,
2514 4703 2607 4758 sed
2636 4705 2798 4758 totius
2844 4705 3054 4773 generis
3099 4704 3318 4758 humani
3342 4713 3368 4751 ε
3391 4704 3629 4758 salvatur
3654 4705 3740 4757 in-

2153 4791 2394 4848 firmitas.
2427 4792 2566 4846 Nulli
2595 4801 2776 4846 autem
2803 4792 3022 4846 dubium
3050 4799 3136 4847 est
3164 4792 3436 4846 dexteram
3458 4793 3543 4846 vel
3570 4792 3740 4844 totius

2151 4885 2395 4954 corporis
2422 4885 2820 4954 prmclariorem
2861 4884 3170 4954 portionem
3200 4885 3302 4939 hoc
3329 4883 3493 4940 oﬂicii
3521 4900 3735 4954 gerere,

2155 4983 2215 5030 ut
2236 4975 2426 5030 diurna
2455 4974 2708 5028 alimenta
2733 4989 2832 5028 suo
2860 4975 3075 5043 corpori
3103 4955 3495 5039 subministret,
3527 4983 3582 5030 et
3604 4992 3740 5046 pro-

474 5057 693 5110 niodum
733 5058 974 5125 placatus
1003 5059 1245 5128 prodest,
1288 5059 1376 5128 qui
1419 5060 1492 5115 ita
1539 5062 1821 5116 miseretur
1855 5064 2040 5118 iratus.
2074 5053 2127 5114 D
2155 5065 2383 5121 videntia
2413 5064 2644 5134 quadam
2669 5064 2736 5119 ad
2759 5064 3041 5119 fruendam
3073 5065 3237 5118 vitam
3273 5066 3515 5119 membra
3537 5076 3738 5120 cetera

473 5145 652 5200 Verbo
682 5147 840 5216 igitur
870 5149 1024 5218 jubet
1062 5159 1118 5205 ut
1160 5153 1332 5206 arenti
1360 5151 1596 5206 dextera:
1622 5168 1879 5207 venarum
1918 5151 1945 5191 ά
1991 5170 2050 5210 se

546 5291 572 5318 ι
610 5281 688 5360 ita
717 5279 838 5335 cod.
888 5280 978 5347 90,
1025 5294 1079 5338 et
1119 5286 1188 5340 99
1234 5285 1291 5340 8.
1323 5286 1510 5345 Crucis
1539 5287 1591 5341 in
1631 5286 1740 5341 Jer.
1763 5329 1778 5355 ,
1810 5290 2047 5360 rapinam

476 5352 677 5422 fraudis
705 5367 968 5404 exercens.

549 5420 590 5497 δ’
611 5421 686 5474 lta
720 5435 847 5473 mss.
887 5420 1042 5497 codd.
1091 5421 1146 5477 8.
1200 5424 1386 5482 Crucis
1412 5427 1464 5481 in
1487 5426 1596 5484 Jer.
1621 5428 1813 5497 smpius
1844 5429 1963 5497 cit.,
1995 5441 2050 5485 et

477 5491 543 5544 i0
571 5489 826 5560 Laurent.
854 5491 1120 5560 supplent.

550 5573 571 5599 ε
608 5559 850 5637 liter-que
878 5559 1051 5637 eoilex
1096 5561 1153 5637 S_.
1197 5563 1498 5637 Crucisrhic
1524 5566 1680 5637 linem
1705 5567 1866 5622 habet
1893 5568 2051 5637 hujus

477 5631 730 5698 homiliae,
775 5631 1222 5700 quemadmodum
1259 5641 1314 5686 et
1347 5636 1511 5707 editio
1531 5635 1865 5702 Parisiensis,
1891 5653 1920 5691 a
1946 5631 2050 5707 qua

474 5712 658 5757 erutus
700 5712 782 5758 est
821 5708 1021 5770 textus,
1065 5710 1119 5756 et
1165 5717 1196 5756 a
1242 5719 1369 5760 mss.
1399 5705 1675 5763 codicibus
1703 5705 2050 5774 emendatus;

2152 5165 2343 5228 pascat
2363 5171 2426 5212 ac
2454 5156 2674 5210 nutriat.
2699 5153 2850 5210 lianc
2878 5154 3042 5222 igitur
3093 5153 3374 5208 dexteram
3417 5155 3472 5208 in
3511 5153 3742 5210 Judaico

2160 5291 2552 5376 codexntamoen
2593 5293 2952 5363 Sangallensis
2978 5296 3091 5351 haec
3114 5309 3233 5365 qua:
3257 5304 3556 5366 sequuntur
3583 5295 3743 5351 nobis

2153 5363 2530 5432 suppeditavit.
3131 5363 3147 5365 ⁷
3340 5363 3353 5366 ’

2227 5432 2274 5516 d‘
2294 5433 2372 5488 [ta
2399 5432 2560 5488 codd.
2607 5434 2694 5499 90,
2737 5432 2806 5487 99
2837 5433 2916 5516 'S._
2943 5432 3135 5516 crucis
3162 5435 3214 5489 in
3243 5433 3380 5500 εἰει-η
3413 5443 3469 5490 et
3499 5433 3566 5488 iO
3594 5433 3736 5488 Lau-

2155 5511 2332 5586 rent?‘
2353 5519 2597 5586 venarum
2620 5520 2802 5557 succus
2821 5505 3209 5586 .infunderetur.

2233 5583 2256 5610 °
2294 5572 2461 5628 Codd.
2495 5582 2605 5628 tres
2633 5589 2758 5628 mox
2786 5572 2904 5642 cit.,
2935 5584 3218 5644 opportune

2237 5641 2254 5679 τ
2296 5643 2372 5712 lta
2402 5651 2626 5712 uterque
2657 5642 2780 5698 cod.
2813 5644 2869 5699 8.
2902 5643 3088 5699 Crucis
3111 5645 3163 5698 in
3192 5641 3302 5696 Jer.

2233 5722 2257 5761 α
2297 5711 2468 5768 Codd.
2499 5711 2555 5768 S.
2589 5712 2775 5769 Crucis
2804 5715 2858 5768 in
2879 5713 2984 5770 Jer.
3020 5723 3075 5770 et
3095 5713 3162 5768 10
3187 5712 3467 5776 Lanrent..
3497 5719 3750 5767 sanatur.
