4054 6190
271 323 374 377 525

1661 310 1940 368 HOMIIJA
1981 310 2180 368 CXVII.

3442 312 3544 369 59.6

268 433 466 504 populo
490 431 702 486 scribas
746 442 865 484 esse
908 429 1132 483 dixerim
1160 428 1243 482 vel
1270 427 1540 490 doctores,
1583 427 1673 494 qui
1704 427 1849 479 velut
1882 428 1929 485 Α
1956 423 2179 478 dextera
2202 426 2537 479 coruscabat.
2568 424 2675 479 Sed
2690 425 2980 493 videamus,
2996 441 3187 482 manus
3213 428 3310 480 ista
3335 429 3548 497 quando

267 523 577 595 praeclarior
600 520 774 591 portio
805 521 858 573 in
887 518 1275 573 Pharisaeorum
1306 532 1534 587 corpore
1565 533 1593 570 a
1626 517 1855 571 Domino

266 614 577 673 constituti,
634 611 1004 677 neglexerunt,
1050 617 1107 661 et
1154 608 1208 661 in
1257 616 1450 661 caetera
1494 608 1734 661 membra
1764 620 1860 660 sua

268 715 292 739 ι·
325 702 714 771 prophetarum
744 698 975 753 oraculis
1009 698 1283 764 saginare;
1315 698 1417 751 hoc
1446 704 1527 749 est
1575 696 1865 749 noluerunt

266 792 544 846 Christum
572 789 789 857 corpori
828 803 945 853 suo,
978 787 1272 842 secundum
1319 787 1710 855 prophetarum
1743 801 1865 840 ora-

270 882 414 945 cula,
448 880 597 934 velut
623 893 805 934 escam
831 879 952 931 vitae
971 886 1187 931 aeternae
1226 876 1523 945 porrigere,
1554 884 1714 945 atque
1743 876 1865 930 ideo

196 952 203 957 ’
269 970 520 1025 doctrina
542 983 730 1023 eorum
754 976 1005 1035 tanquam
1031 982 1222 1021 manus
1250 968 1393 1020 aruit
1423 966 1723 1031 imbecillis,
1739 966 1866 1034 quia

274 1058 483 1114 fontem
513 1057 767 1128 perennis
796 1054 822 1093 δ
848 1056 1125 1125 sapientiae
1144 1071 1253 1109 non
1273 1056 1535 1123 quaesivit.
1570 1053 1867 1123 Propterea

269 1155 512 1223 denique
535 1152 734 1206 factum
761 1158 843 1205 est
863 1158 922 1203 ut
940 1149 1093 1218 quasi
1117 1156 1395 1203 contracta
1420 1148 1640 1202 dextera
1662 1149 1868 1203 clavem

279 1257 302 1284 ε
337 1245 580 1301 scientia:
620 1250 809 1297 tenere
857 1256 963 1295 non
1010 1248 1209 1309 posset,
1258 1240 1397 1295 sicut
1447 1241 1524 1293 ait
1564 1239 1864 1296 Dominus:

283 1337 386 1392 Vae
404 1335 565 1400 vobis,
602 1333 802 1389 Scriba:
838 1342 888 1386 et
906 1331 1195 1396 Pharisaei,
1226 1333 1312 1401 qui
1335 1332 1645 1385 absconditis
1676 1333 1868 1386 clavem

271 1429 514 1482 scientia:
543 1424 692 1497 (Luc.
716 1426 814 1494 xl),
845 1431 903 1477 et
922 1423 1146 1491 reliqua.
1175 1421 1301 1476 Haec
1321 1430 1497 1476 autem
1526 1423 1689 1477 clavis
1707 1422 1868 1477 Chri-

273 1528 401 1575 stus
428 1527 512 1573 est
541 1516 831 1583 Dominus,
862 1530 969 1583 quo
1016 1514 1084 1568 ad
1108 1513 1483 1569 credulitatem
1516 1513 1637 1568 ﬁdei
1681 1522 1870 1583 pecto-

274 1625 407 1663 rum
455 1617 761 1662 nostrorum
814 1620 1008 1659 arcana
1053 1612 1387 1658 reserantur.
1429 1603 1533 1656 Ista
1579 1603 1744 1657 clavis
1771 1600 1797 1640 ἀ
1837 1619 1869 1657 a

276 1700 572 1755 Pharisazis
595 1697 852 1768 perditur,
886 1696 953 1750 ab
983 1696 1243 1766 apostolis
1282 1680 1583 1761 invenitur;
1628 1695 1768 1748 sicut
1793 1695 1869 1749 ait

276 1791 547 1846 Dominus
593 1788 753 1843 Petro
801 1806 813 1837 :
866 1786 979 1840 Tibi
1027 1785 1163 1840 dabo
1202 1786 1368 1840 claves
1413 1787 1559 1857 regni
1603 1786 1862 1842 caelorum.

283 1894 312 1921 ο
349 1882 496 1949 Ergo
538 1880 678 1933 aruit
716 1878 941 1932 dextera
985 1877 1286 1949 Synagogae
1322 1892 1533 1943 manus,
1563 1877 1875 1947 relinquens

275 1972 581 2035 Christum,
616 1971 668 2023 in
698 1968 1025 2038 principibus
1053 1969 1211 2040 385
1238 1966 1544 2022 Iudaeorum
1572 1968 1872 2023 deteriora-

276 2065 370 2119 v’it
398 2076 527 2131 ergo
562 2061 857 2132 Synagogae
903 2059 1145 2113 dextera.
1195 2057 1447 2127 Quisquis
1487 2057 1632 2112 enim
1674 2054 1876 2111 Christi

275 2153 497 2209 fontem
537 2152 741 2207 deserit
778 2149 797 2188 ί
844 2150 1153 2205 debilitatur
1178 2150 1444 2219 protinus,
1476 2150 1583 2204 imo
1620 2150 1876 2203 membris

278 2246 546 2302 omnibus
571 2243 800 2297 debilior
827 2241 1111 2310 reperitur.
1154 2238 1260 2293 Sed
1302 2240 1517 2293 invenio
1548 2238 1715 2308 ipsam
1761 2253 1877 2291 ma-

275 2351 421 2393 num
475 2333 744 2403 quondam
789 2332 1000 2387 caeteris
1043 2329 1298 2384 membris
1344 2329 1507 2383 fuisse
1562 2329 1873 2383 meliorem.

276 2427 525 2482 Sanctus
551 2426 696 2480 enim
720 2422 951 2495 Moyses,
981 2421 1088 2476 dux
1113 2420 1319 2476 Iudaici
1343 2420 1530 2491 populi
1553 2462 1569 2487 ,
1594 2420 1741 2474 velut
1768 2420 1879 2474 cla-

284 2518 411 2573 rior
438 2515 682 2585 corporis
711 2515 794 2569 sui
834 2513 1055 2568 dextera
1083 2511 1199 2578 fuit,
1232 2528 1351 2567 cum
1400 2512 1571 2578 legem
1601 2511 1876 2580 porrigen-

278 2608 422 2663 dam
452 2607 649 2661 meruit
672 2620 704 2659 a
729 2605 1018 2659 Divinitate
1032 2604 1331 2674 percipere.
1363 2601 1616 2666 Dextera,
1641 2602 1875 2671 inquam,

279 2706 413 2755 erat
460 2705 677 2752 sanctus
720 2695 952 2768 Moyses,
991 2696 1082 2764 qui
1127 2695 1265 2750 ﬁlios
1310 2694 1498 2762 Israel,
1526 2694 1673 2748 velut
1718 2709 1881 2747 manu

279 2788 521 2860 provida
548 2787 753 2842 caelesti
779 2801 975 2840 manna
1005 2785 1243 2840 nutrivit.
1276 2784 1403 2841 Haec
1442 2786 1601 2854 plane
1640 2793 1725 2840 est
1746 2784 1879 2839 dex—

281 2890 440 2947 tera,
463 2893 580 2947 quae
600 2876 845 2931 Jamnem
875 2884 929 2931 et
969 2875 1262 2930 Mambrem
1292 2889 1477 2943 magos
1517 2877 1659 2930 nivei
1701 2875 1882 2945 splen-

281 2971 447 3025 doris
495 2969 673 3024 nitore
721 2968 975 3023 convicit.
1023 2966 1103 3020 Ita
1152 2967 1295 3021 enim
1340 2967 1595 3037 scriptum
1647 2967 1814 3022 habes
1864 2984 1877 3018 :

285 3071 315 3109 ε
346 3060 485 3115 Cum
511 3058 824 3129 protulisset
842 3057 1053 3129 Moyses
1073 3057 1140 3111 de
1167 3058 1288 3112 sinu
1312 3072 1529 3111 manum
1556 3072 1728 3120 suam,
1747 3072 1883 3125 prae-

1967 514 2196 583 primum
2246 513 2393 567 arida
2432 529 2549 568 esse
2592 514 2816 583 cmperit
2844 516 2929 570 vel
2973 526 3204 571 mortua.
3254 516 3365 584 Ego
3407 518 3550 572 illam

1968 604 2197 673 primum
2225 605 2279 657 in
2308 604 2479 657 Adam
2501 606 2705 659 aruisse
2735 606 3017 673 conﬁrmo,
3044 624 3165 662 cum
3197 618 3385 662 contra
3418 610 3556 663 veti-

1967 702 2081 748 tum
2107 693 2320 748 Domini
2350 695 2646 750 interdictae
2674 698 2881 752 arboris
2905 696 2928 733 ¹¹
2961 714 3118 767 poma
3152 698 3442 768 decerpsit,
3493 717 3557 753 ac

1969 793 2095 837 tunc
2115 799 2331 838 succum
2380 784 2796 841 immortalitatis
2843 789 3038 842 amisit.
3073 787 3139 841 Et
3181 797 3306 844 tunc
3353 791 3555 844 siccata

1967 875 2363 943 quodammodo
2383 885 2487 939 est,
2513 878 2728 946 quando
2750 879 3024 934 hominem
3050 881 3116 935 ad
3147 882 3434 949 imaginem
3462 881 3559 934 Dei

1968 966 2166 1021 factum
2206 977 2429 1037 peccato
2471 984 2571 1023 suo
2611 970 2748 1023 solvi
2776 970 2903 1025 fecit
2932 973 2986 1025 in
3036 973 3335 1041 pulverem.
3376 974 3555 1042 Atque

1969 1057 2174 1111 utinam
2202 1058 2317 1112 sola
2346 1074 2537 1113 manus
2565 1069 2785 1129 peccato
2810 1070 3087 1117 teneretur
3110 1063 3375 1129 obnoxia;
3405 1063 3553 1133 quod

1969 1155 2052 1201 est
2078 1149 2310 1215 gravius,
2342 1165 2503 1205 omne
2532 1167 2727 1221 corpus
2750 1160 2926 1206 morte
2964 1152 3278 1209 damnatum
3307 1164 3407 1220 est,
3430 1171 3551 1210 cum

1970 1239 2133 1309 386
2155 1239 2377 1293 dextera
2400 1242 2572 1309 prima
2601 1243 2928 1311 peccaverit.
2960 1243 3068 1297 Nec
3088 1245 3295 1299 mireris
3314 1248 3359 1299 si
3382 1261 3553 1299 mem-

1967 1331 2127 1385 brum
2157 1331 2392 1386 dexterae
2415 1333 2469 1386 in
2496 1333 2664 1386 Adam
2695 1350 2803 1389 non
2829 1336 3025 1390 mansit
3056 1336 3322 1404 integrum
3356 1355 3369 1390 :
3403 1337 3555 1404 vigor

1968 1418 2113 1474 enim
2160 1420 2215 1473 in
2263 1420 2349 1473 illa
2388 1421 2706 1477 aeternitatis
2746 1425 2975 1478 exaruit.
3024 1425 3159 1479 Nam
3206 1426 3346 1481 sicut
3388 1425 3599 1497 Moysi-

1972 1508 2195 1564 dexlera
2222 1509 2575 1565 custodientis
2601 1512 2853 1565 mandata
2894 1513 3105 1567 Domini
3153 1515 3310 1569 niveo
3352 1514 3560 1583 fulgore

1968 1601 2321 1670 resplenduit,
2354 1602 2427 1656 ita
2465 1610 2521 1656 et
2550 1601 2680 1656 Adae
2707 1602 2933 1657 dextera
2965 1602 2979 1640 ί
3010 1606 3413 1675 praevaricantis
3459 1604 3559 1661 Dei

1966 1700 2234 1763 praecepta
2263 1692 2540 1748 mortifero
2559 1694 2764 1763 pallore
2784 1703 3061 1750 contracta
3090 1706 3190 1751 est.
3224 1697 3375 1753 lianc
3399 1700 3561 1767 igitur

1902 1788 1944 1845 Β
1972 1783 2103 1838 Adae
2130 1799 2347 1838 manum
2370 1783 2619 1839 Salvator
2654 1793 2807 1839 curat
2836 1786 2888 1839 in
2911 1801 3203 1857 synagoga,
3231 1789 3335 1844 hoc
3366 1800 3449 1844 est
3474 1799 3561 1845 to-

1976 1874 2085 1928 tius
2112 1874 2325 1943 generis
2352 1874 2574 1929 humani
2620 1875 3039 1931 imbecillitatem
3086 1894 3277 1933 sanare
3305 1879 3560 1947 festinat;

1981 1964 1995 2013 i
2036 1963 2176 2017 unde
2203 1964 2505 2018 communis
2526 1964 2600 2018 ita
2629 1973 2713 2020 est
2739 1965 3024 2020 medicina.
3069 1966 3205 2021 Dicit
3234 1969 3375 2022 enim
3400 1971 3564 2025 etiam

1977 2058 2091 2113 illi:
2126 2057 2369 2112 Extende
2414 2075 2626 2112 manum
2669 2067 2829 2125 tuam,
2862 2060 2956 2129 qui
3002 2076 3123 2114 eam
3160 2061 3318 2116 idolis
3366 2063 3558 2118 immo-

1978 2147 2141 2203 lando
2167 2149 2436 2203 contraxit
2477 2166 2489 2200 :
2533 2147 2768 2202 extende
2804 2164 3023 2203 manum
3055 2157 3220 2215 tuam,
3248 2154 3401 2220 cujus
3427 2152 3563 2207 dex-

1977 2247 2093 2293 tera
2123 2254 2310 2293 usuras
2338 2238 2650 2307 accipiendo
2686 2240 2926 2293 siccavit.
2975 2241 3114 2294 Dicit
3143 2242 3218 2295 illi
3268 2262 3280 2295 :
3331 2246 3565 2299 extende

1979 2346 2217 2398 manum,
2244 2330 2335 2400 qui
2361 2345 2459 2399 per
2485 2345 2605 2383 eam
2635 2344 2749 2384 rem
2770 2331 3135 2400 orphanorum
3156 2331 3183 2370 ¹ί
3211 2342 3267 2388 et
3287 2330 3565 2390 viduarum

1979 2421 2140 2489 gestit
2169 2418 2439 2474 invadere.
2471 2419 2580 2474 Sed
2607 2427 2662 2473 et
2692 2427 2747 2473 tu
2785 2419 2877 2489 qui
2921 2429 3078 2490 putas
3102 2438 3320 2478 manum
3366 2425 3569 2481 habere

1982 2522 2035 2569 te
2063 2528 2271 2577 sanam,
2305 2528 2437 2568 cave
2466 2528 2533 2567 ne
2563 2514 2788 2567 avaritia
2817 2514 3187 2569 contrahatur.
3220 2516 3358 2581 Quin
3390 2519 3569 2586 potius

1981 2603 2215 2658 extende
2243 2618 2364 2657 eam
2394 2618 2494 2671 pro
2517 2602 2885 2657 misericordia
2915 2602 3226 2671 frequenter
3263 2605 3333 2659 ad
3364 2622 3568 2677 paupe-

1981 2710 2116 2759 rem,
2147 2710 2248 2764 pro
2277 2694 2646 2763 hospitalitate
2694 2695 2887 2763 saepius
2938 2694 3005 2748 ad
3053 2696 3416 2765 peregrinum.
3463 2698 3571 2752 Ex-

1984 2788 2150 2843 tende
2193 2803 2311 2842 eam
2350 2803 2449 2856 pro
2479 2786 2715 2856 peccatis
2754 2801 2968 2855 semper
2995 2786 3063 2841 ad
3103 2788 3414 2854 Dominum,
3447 2798 3569 2846 esto

1982 2878 2311 2941 misericors,
2343 2885 2463 2931 esto
2496 2877 2710 2944 largus;
2743 2876 2969 2931 observa
2990 2877 3139 2946 quod
3160 2880 3235 2932 ait
3262 2879 3569 2949 propheta:

1985 2967 2072 3023 Ne
2096 2971 2166 3023 sit
2195 2984 2382 3023 manus
2408 2976 2499 3020 tua
2527 2967 2596 3021 ad
2627 2966 2984 3035 accipiendum
3010 2976 3271 3037 porrecta,
3297 2977 3346 3022 et
3366 2969 3437 3023 ad
3453 2987 3573 3026 ero-

1984 3062 2213 3133 gandum
2259 3071 2531 3117 contracta
2572 3059 2759 3131 (Eccl.
2794 3060 2899 3131 iv).
2935 3059 3026 3116 Sic
3053 3061 3199 3115 enim
3243 3076 3437 3118 manus
3483 3071 3573 3118 tua

281 3151 429 3206 clari
474 3150 724 3205 candoris
765 3149 885 3203 luce
923 3147 1188 3216 fulgebat;
1232 3157 1394 3218 atque
1437 3149 1558 3203 ideo
1599 3164 1879 3217 m380rum
1904 3152 1951 3213 C
1984 3170 2115 3210 sana
2133 3169 2251 3209 esse
2278 3154 2497 3222 poterit,
2536 3151 2553 3189 ι
2586 3147 2994 3207 si'abstineatur
3019 3152 3176 3208 malis
3200 3151 3389 3222 factis,
3417 3153 3575 3210 bonis

277 3242 585 3297 destructa:
627 3248 753 3296 sunt
791 3240 1049 3305 tenebrae,
1098 3239 1222 3309 quia
1253 3238 1423 3311 Moysi
1453 3240 1658 3295 meritis
1692 3242 1876 3295 lucens

1948 3323 1963 3337 ο
1981 3262 2113 3302 vero
2142 3245 2396 3315 operibus
2423 3242 2765 3300 extendatur.

1620 3352 1961 3415 IIOMILIA
2008 3355 2261 3416 CXVII.

1780 3450 1859 3504 De
1888 3454 2105 3506 camelo.

1748 3541 2140 3597 ADMONITIO.

373 3635 696 3716 Longiorem
723 3634 1129 3716 inscriptionem
1155 3648 1269 3716 prae
1290 3647 1352 3716 se
1375 3631 1480 3716 fert
1501 3634 1614 3688 haec
1637 3634 1855 3716 homilia
1901 3634 1952 3687 in
1984 3633 2173 3716 codice
2206 3651 2238 3716 x
2268 3632 2407 3716 Ριξξι.
2443 3634 2687 3716 xivnbibl.
2719 3632 3111 3716 Laurentianae,
3145 3634 3227 3688 his
3254 3634 3431 3689 verbis
3458 3654 3471 3689 :

292 3702 559 3775 auaritia,
600 3705 735 3775 quod
763 3702 1039 3775 plurimum
1081 3702 1383 3757 detestanda
1414 3704 1515 3767 sit,
1555 3720 1649 3775 per
1676 3704 2271 3775 camelum_signiﬁcata.
2323 3704 2480 3775 Deest
2508 3704 2595 3775 illi
2629 3719 2831 3775 nomen
2855 3705 3120 3775 auctoris;
3151 3720 3309 3775 quam
3340 3708 3583 3762 nonnulli

286 3783 496 3833 sancto
523 3771 805 3829 Ambrosio
835 3776 1157 3836 tribuerunt,
1189 3782 1248 3843 ut
1272 3781 1484 3843 veteres
1518 3771 1642 3843 ejus
1678 3788 1904 3843 operum
1934 3771 2267 3843 Parisienses
2291 3774 2544 3829 editores.
2572 3773 2641 3843 At
2667 3772 2897 3843 Maurini
2925 3771 3580 3843 Maxixno'adjudicarunt.

293 3846 501 3899 Verius
527 3844 777 3914 quidem;
809 3860 931 3914 cum
970 3843 1174 3914 saepius,
1193 3841 1391 3914 laudati
1432 3841 1650 3914 codices

1730 3840 1898 3898 auctae
1927 3840 2114 3896 Crucis
2142 3843 2195 3895 in
2236 3841 2531 3897 Jerusalem
2575 3842 2926 3897 Maximianas
2952 3845 3092 3897 inter
3115 3840 3406 3900 conciones
3446 3845 3585 3902 hanc

290 3916 468 3971 etiam
491 3909 860 3968 arinumerent.
880 3909 936 3967 In
950 3909 1139 3967 codice
1152 3912 1220 3965 90
1243 3912 1343 3966 hoc
1365 3912 1520 3967 titulo
1543 3912 1827 3982 insignitur
1842 3931 1854 3965 :
1871 3910 2067 3984 Incipit
2091 3912 2157 3965 de
2173 3929 2232 3984 eo
2252 3912 2389 3983 quod
2408 3913 2602 3966 dictum
2620 3914 2765 3966 estin
2783 3911 3086 3984 Evangelia,
3102 3914 3302 3967 dicente
3324 3913 3547 3971 Domino
3565 3933 3583 3970 :

294 3984 541 4055 Facilius
570 3993 646 4036 est
685 3986 933 4055 camelum
960 3999 1052 4052 per
1081 3984 1319 4055 [oramen
1354 3999 1481 4055 acus
1517 3984 1745 4055 intrare,
1774 3999 1932 4055 quam
1961 3982 2167 4036 divitem
2206 3982 2401 4037 intrare
2429 3984 2480 4036 in
2510 3998 2725 4054 regnum
2766 3982 3045 4050 caelorum;
3086 3991 3143 4041 et
3168 3991 3253 4040 est
3280 3984 3369 4038 50.
3400 3985 3587 4042 Codex

291 4069 438 4110 vero
468 4054 535 4107 99
557 4068 675 4107 eam
705 4053 868 4107 refert
896 4067 1043 4107 num.
1075 4051 1109 4104 4
1137 4066 1258 4106 cum
1284 4051 1439 4105 titulo
1467 4069 1479 4103 :
1512 4051 1592 4105 De
1618 4051 1834 4107 camelo.

297 4170 699 4225 ARGUIIENTUI.
722 4199 795 4208 —
814 4165 873 4219 S.
905 4165 1166 4218 Maximus
1186 4202 1198 4224 ,
1250 4162 1336 4233 qui
1377 4163 1668 4231 frequenter
1696 4172 1897 4233 contra

378 4239 615 4292 avaritia:
635 4237 811 4289 vitium
831 4236 1107 4304 peroravit,
1132 4234 1212 4286 hic
1232 4231 1413 4304 iterum
1435 4234 1715 4304 perspicuis
1745 4231 1897 4287 Chri-

374 4310 449 4363 sti
484 4306 692 4362 Domini
724 4302 1039 4359 documentis
1069 4304 1312 4356 admonet
1350 4302 1531 4355 divites
1580 4310 1634 4354 ut
1682 4312 1897 4356 caveant

374 4378 542 4431 nimio
556 4376 871 4431 terrestrium
888 4376 1180 4428 divitiarum
1194 4374 1365 4426 studio
1382 4372 1608 4426 caelestes
1629 4373 1897 4427 thesauros

378 4449 637 4501 amittere.

381 4622 528 4678 Dicit
554 4623 609 4676 in
635 4621 929 4692 Evangelia
957 4623 1214 4677 Dominus
1246 4621 1400 4679 Jesus
1429 4622 1674 4677 Christus
1699 4640 1711 4674 :
1738 4624 1901 4677 Amen

306 4716 431 4768 dico
470 4713 628 4779 vobis,
662 4714 867 4784 facilius
904 4723 979 4767 est
1021 4716 1241 4768 transire
1275 4715 1526 4769 camelum
1553 4732 1643 4785 per
1671 4716 1905 4785 foramen

308 4821 463 4869 acus,
486 4821 638 4874 quam
660 4804 867 4857 divitem
888 4803 1085 4858 intrare
1105 4806 1160 4858 in
1182 4822 1396 4876 regnum
1417 4805 1659 4860 caelorum
1687 4803 1902 4875 (Matth.

310 4894 453 4963 χιχ).
494 4894 620 4959 Quae
656 4895 919 4949 sententia
942 4910 1140 4969 vereor
1168 4912 1235 4950 ne
1258 4896 1396 4950 forte
1424 4880 1578 4950 vobis
1597 4896 1902 4961 conveniat,

310 4988 407 5054 qui
452 4975 664 5040 divitias
709 4986 889 5040 saeculi
934 4986 1092 5055 hujus
1138 4995 1230 5039 aut
1276 4986 1488 5042 habetis
1529 4996 1619 5040 aut
1647 4986 1901 5057 quaeritis.

2000 4178 2130 4218 acus
2158 4177 2440 4217 cavernam
2483 4162 2760 4230 praeterire
2803 4179 2909 4219 non
2938 4164 3178 4233 patitur:
3214 4164 3284 4218 ita
3314 4173 3370 4219 et
3397 4166 3587 4221 divites

2000 4262 2256 4310 oneratos
2298 4255 2558 4317 avaritia,
2606 4262 2663 4308 et
2705 4255 2997 4323 cupiditate
3027 4255 3278 4319 ﬁedatos,
3310 4257 3423 4325 ipsa
3464 4259 3587 4311 vitae

2000 4347 2312 4402 deformitas
2340 4346 2499 4416 387
2542 4361 2638 4415 per
2663 4353 2866 4399 arctam
2892 4346 3033 4398 viam
3064 4346 3211 4415 regni
3256 4347 3474 4401 minime
3503 4347 3588 4401 in-

2002 4440 2169 4494 troire
2212 4438 2494 4509 permittit.
2528 4437 2617 4491 Ait
2645 4437 2788 4490 enim
2838 4436 2981 4492 idem
3022 4436 3280 4491 Dominus
3308 4455 3319 4489 :
3351 4439 3508 4491 Arcta
3537 4447 3588 4491 et

2003 4539 2224 4603 angusta
2248 4534 2329 4586 via
2354 4541 2565 4602 estquae
2596 4530 2736 4583 ducit
2758 4530 2829 4583 ad
2864 4531 3018 4583 vitam
3039 4529 3250 4596 (Matth.
3277 4532 3398 4599 vn).
3427 4529 3591 4599 Igitur

2004 4623 2059 4677 in
2099 4624 2305 4678 camelo
2352 4620 2723 4677 difﬁcultatem
2773 4621 3024 4675 introitus
3070 4628 3288 4691 praestat
3335 4620 3593 4675 habitudo

2005 4714 2388 4767 membrorum.
2420 4712 2482 4766 In
2511 4713 2677 4766 divite
2706 4719 2885 4766 autem
2909 4712 3344 4781 impedimentum
3384 4711 3593 4781 magni-

1956 4876 1959 4877 ν
2006 4805 2137 4860 tudo
2188 4804 2353 4859 efﬁcit
2400 4812 2768 4874 peccatorum.
2817 4801 3019 4857 Gibbus
3065 4803 3207 4856 enim
3250 4802 3467 4872 quidam
3513 4812 3597 4857 est

2008 4895 2217 4959 animm,
2250 4900 2405 4963 turpe
2446 4892 2578 4963 quid
2624 4893 2865 4962 cogitare
2910 4892 2995 4947 vel
3042 4891 3238 4957 facere,
3291 4908 3354 4947 ac
3400 4892 3598 4946 mentis

2009 4984 2253 5052 quaedam
2276 4992 2515 5038 tortuosa
2538 4981 2871 5046 deformitas,
2897 4980 3183 5035 immundis
3206 4981 3363 5036 rebus
3386 4995 3600 5050 semper

312 5074 473 5129 Sicut
494 5076 634 5130 enim
658 5076 848 5131 cameli
877 5076 1103 5141 animal,
1132 5075 1276 5145 quod
1312 5084 1395 5131 est
1423 5085 1723 5131 tortuosum
1747 5084 1910 5145 atque
1934 5054 1989 5114 Ῑ)
2014 5075 2294 5131 intendere
2312 5117 2326 5140 ,
2359 5083 2415 5129 et
2441 5075 2508 5129 ab
2537 5072 2792 5129 Ecclesiae
2820 5080 3007 5126 sancto
3050 5071 3231 5126 limine
3259 5072 3402 5126 curis
3430 5088 3598 5127 saecu-

314 5163 586 5230 deforme,
611 5166 935 5236 perversitas
954 5166 1071 5236 ipsa
1092 5166 1336 5235 corporis
1356 5180 1453 5236 per
1476 5166 1908 5236 augustissimam

397 5332 427 5359 ι
466 5319 591 5374 Haec
610 5332 682 5372 ex
712 5316 835 5372 cod.
869 5316 938 5369 90
960 5317 1016 5369 S.
1046 5315 1233 5371 Crucis
1261 5317 1314 5370 in
1340 5316 1451 5372 Jer.

397 5390 425 5429 1³
472 5389 706 5458 Uterque
730 5385 1160 5458 cod._rS.ACruAcis
1182 5386 1369 5458 in‘Jer.

400 5473 423 5500 ε
465 5455 636 5513 lideni
662 5456 819 5511 codd.
849 5456 906 5509 S.
938 5455 1124 5510 Crucis
1152 5457 1203 5509 in
1233 5455 1343 5510 Jer.

396 5532 421 5567 ιι
464 5531 544 5583 lta
572 5544 639 5584 ex
661 5526 787 5582 cod.
811 5526 880 5581 90
907 5527 963 5580 S.
990 5526 1176 5581 Crucis
1204 5527 1257 5580 in
1283 5526 1393 5581 Jer.

401 5613 425 5638 ο
465 5598 785 5668 Supplemus
804 5598 918 5668 haec
940 5612 1017 5668 ex,
1033 5605 1260 5668 utroque
1280 5597 1399 5651 cod.
1431 5595 1488 5651 S.
1514 5594 1699 5653 Crucis
1722 5597 1775 5653 in
1794 5595 1907 5653 Jer.

401 5671 422 5710 ί
454 5666 595 5724 ϐοᾶξ
615 5668 682 5721 90
712 5666 768 5721 S.
795 5666 980 5721 Crucis
1009 5667 1060 5720 in
1084 5666 1191 5721 Jer.

402 5752 427 5790 ε
458 5740 597 5795 Cod.
625 5737 696 5794 90
723 5738 779 5794 S.
809 5737 995 5793 Crucis
1028 5738 1081 5793 in
1108 5735 1216 5793 Jer.
1248 5738 1363 5794 haec
1389 5737 1620 5808 supplet.

2010 5166 2212 5222 laribus
2232 5167 2467 5222 avocari.
2490 5163 2642 5221 Unde
2661 5163 2793 5217 mihi
2813 5162 3024 5218 videtur
3043 5163 3183 5219 hanc
3200 5164 3598 5220 deformitatem

2091 5315 2117 5352 ¹²
2150 5317 2281 5372 Cod.
2313 5315 2380 5370 10
2406 5315 2682 5373 Laurent..
2716 5330 2940 5383 pomum.

2098 5386 2114 5424 ί
2152 5386 2390 5455 Uterque
2413 5385 2533 5455 cod.
2567 5384 2621 5455 S.
2650 5383 2838 5439 Crucis
2861 5383 2911 5455 in
2931 5383 3041 5438 Jer.

2093 5458 2107 5508 i
2145 5457 2219 5510 lta
2245 5453 2367 5511 cod.
2402 5454 2469 5509 90
2498 5454 2554 5509 S.
2586 5454 2772 5509 Crucis
2801 5455 2854 5507 in
2878 5453 2988 5509 Jer.

2090 5526 2115 5565 ι
2146 5527 2220 5580 lta
2247 5542 2315 5581 ex
2342 5524 2463 5580 cod.
2490 5525 2600 5593 jam
2627 5527 2717 5579 cit.
2762 5523 2849 5597 90,
2879 5533 2933 5577 et
2960 5524 3079 5579 cod.
3112 5540 3146 5597 Χ
3168 5523 3426 5597 Laurent.
3471 5527 3601 5597 lcgi<

2019 5607 2108 5653 tur
2132 5616 2143 5650 :
2176 5598 2262 5668 qui
2289 5613 2380 5668 per
2419 5612 2535 5648 eam
2578 5613 2685 5650 rem
2715 5596 3065 5666 orphanorum
3094 5596 3455 5666 viduarumque
3478 5596 3600 5651 coit-

2018 5669 2176 5723 suesti
2189 5665 2459 5719 invadere.

2096 5736 2112 5775 ι
2150 5735 2384 5805 Uterque
2412 5734 2534 5792 cod.
2566 5736 2624 5792 S.
2654 5733 2841 5793 Crucis
2863 5737 2915 5791 in
2940 5734 3049 5791 Jer.
3077 5736 3189 5792 haec
3219 5735 3382 5791 addit.
