4054 6190
450 287 550 341 527

1697 267 1750 318 S.
1796 264 1840 318 Μ
1849 260 2038 316 AXIMI
2078 255 2526 313 TAURlNENSIS

3623 237 3725 300 528

451 395 696 466 corporis
735 390 996 462 propheta
1045 383 1392 456 spiritualitcr
1423 381 1685 441 elocutus,
1734 373 2034 430 fmditatem
2064 378 2113 439 Α
2137 352 2370 432 vinculo,
2399 375 2458 421 ut
2485 364 2669 442 venire
2697 362 2775 419 eis
2804 362 2872 419 ad
2895 361 3114 416 domum
3143 358 3356 416 Domini
3383 372 3494 415 non
3523 359 3730 413 liceret.

454 465 666 543 morum
695 484 878 556 potius
901 481 1185 541 indicasse,
1213 489 1333 530 cum
1354 471 1488 526 dicit
1512 489 1524 523 :
1549 485 1657 524 non
1677 467 1756 522 sic
1784 465 2041 536 glorietur

453 584 790 656 gibberosus,
821 576 957 630 sicut
985 579 1183 626 rectus.
1217 565 1379 634 Quasi
1409 563 1616 619 diceret
1643 579 1656 614 :
1688 574 1799 615 non
1824 559 1896 611 ita
1925 555 2042 626 glo-

459 649 631 731 rietur
659 674 913 741 peccator
943 663 1195 717 vitiorum
1231 671 1450 712 suorum
1478 651 1744 723 pravitate
1767 649 2043 710 distortus,

461 767 603 821 sicut
631 737 891 832 gloriatur
915 755 1091 823 justus
1119 747 1464 805 conscientim
1509 745 1665 798 bonae
1706 737 2049 808 simplicitate

461 830 716 912 directus.
748 846 1002 914 Quamvis
1029 842 1193 906 enim,
1224 855 1257 895 ο
1285 843 1556 908 peccator,
1587 830 1909 903 proceritate
1931 841 2052 881 cor-

463 947 612 1018 poris
652 939 888 1012 gaudeas
906 978 920 1002 ,
963 932 1207 1004 quamvis
1235 915 1572 998 scapularum
1601 932 1813 977 tuarum
1835 916 2054 987 aequali—

467 1005 580 1091 iate
619 1005 842 1092 iacteris,
886 1026 1061 1081 anima
1093 1031 1270 1077 tamen
1299 1028 1390 1074 tua
1417 1026 1631 1071 tuorum
1659 1010 1924 1082 pravitate
1955 1005 2052 1060 de-

468 1126 654 1182 formis
681 1130 783 1178 est.
817 1119 982 1172 Recte
1010 1129 1140 1184 ergo
1168 1110 1375 1166 camelo
1403 1111 1748 1175 comparatus
1771 1106 1854 1155 est
1881 1097 2053 1151 dives.

470 1215 746 1286 Siquidem
777 1211 925 1264 illum
965 1221 996 1260 a
1026 1202 1254 1259 transitu
1299 1213 1427 1254 acus
1469 1193 1712 1264 corporis
1754 1184 2058 1245 crassitudo

474 1276 710 1369 revocat,
735 1303 880 1357 hunc
902 1298 968 1352 ab
994 1297 1234 1365 ingressu
1257 1288 1512 1346 Ecclesiae
1532 1279 1844 1354 patrimonii
1863 1276 2061 1333 sollici-

474 1398 608 1454 tudo
632 1397 892 1450 detentat.
944 1387 1012 1442 Et
1056 1385 1195 1441 sicut
1237 1382 1386 1436 illum
1430 1391 1653 1448 parvum
1682 1372 1925 1428 foramen
1951 1381 2060 1423 non

473 1489 620 1559 capit
640 1491 920 1541 oneratum
948 1477 1092 1532 mole
1118 1473 1504 1534 membrorum,
1536 1468 1609 1522 ita
1635 1472 1691 1519 et
1717 1464 1860 1518 hunc
1881 1456 2065 1514 introi-

475 1552 563 1634 tus
583 1583 800 1632 sanctus
820 1587 928 1626 non
949 1565 1170 1636 suscipit
1189 1571 1466 1634 gravatum
1489 1552 2060 1616 cumuloidelictorum.

478 1668 716 1735 Uterque
744 1663 909 1718 habet
936 1657 1208 1729 propriam
1235 1653 1501 1708 sarcinam
1529 1662 1682 1704 suam
1711 1664 1722 1697 :
1754 1645 1843 1698 ille
1869 1656 2065 1698 onera-

2147 458 2266 514 Non
2292 455 2440 526 quod
2466 470 2561 511 eos
2581 454 2856 524 quidpiam
2877 453 3100 518 detinet,
3124 452 3218 506 sed
3241 451 3389 521 quod
3411 452 3484 505 ita
3503 450 3736 520 propriis

2147 551 2254 606 sint
2293 549 2501 604 actibus
2527 546 2816 617 implicati,
2847 554 2907 599 ut
2929 546 3041 615 jam
3072 543 3354 598 arbitrium
3386 541 3602 597 vivendi
3629 555 3739 596 sua:

2149 640 2433 711 potestatis
2454 639 2754 703 amiserint;
2778 643 2834 691 et
2852 636 2978 690 dum
2998 634 3414 690 sollicitudinem
3433 644 3457 673 ε
3480 633 3561 690 sui
3582 631 3740 701 patri-

2153 731 2322 787 monii
2350 729 2643 793 exhibent,
2676 727 2973 781 animarum
3014 724 3332 780 medicinam
3375 723 3593 794 penitus
3634 735 3742 774 non

2151 822 2452 892 requirunt.
2502 817 2642 885 Quid
2683 817 2835 879 mihi,
2867 831 2901 871 o
2929 814 3108 878 dives,
3137 813 3508 869 difﬁcultatem
3534 811 3562 850 ⁸
3605 817 3745 864 tem-

2155 910 2302 981 poris
2330 908 2520 977 objicis
2534 909 2559 960 ἶ)
2581 905 2721 972 Quid
2744 904 3120 960 necessitatem
3149 902 3343 957 inseris
3368 901 3747 971 repentinam?

2155 1000 2212 1056 Si
2240 1015 2336 1056 cor
2363 999 2546 1063 habes,
2579 995 2817 1066 intelligo
2855 994 2982 1064 quia
3021 993 3168 1049 omni
3207 991 3530 1047 necessitate
3575 991 3746 1060 major

2157 1090 2451 1148 necessitas
2472 1095 2557 1144 est
2576 1087 2765 1142 salutis
2788 1103 2801 1138 :
2827 1093 2883 1141 et
2901 1084 3082 1139 utilior
3102 1091 3186 1138 est
3208 1098 3370 1138 causa
3390 1082 3538 1153 prius
3560 1097 3747 1137 curare

2159 1182 2357 1247 vitam,
2393 1194 2558 1249 quam
2595 1176 2788 1248 peculii
2826 1175 3022 1230 damna
3063 1173 3291 1237 sarcire,
3333 1186 3404 1226 ne
3446 1170 3576 1225 dum
3615 1185 3744 1241 aug-

2161 1281 2404 1328 mentum
2425 1267 2732 1341 patrimonii
2766 1266 3075 1336 qumrimus,
3108 1264 3403 1319 sentiamus
3440 1263 3632 1316 anima:
3651 1261 3750 1316 de-

2163 1365 2496 1420 trimentum.
2523 1360 2630 1416 Sed
2656 1358 2794 1414 forte
2812 1357 3047 1428 judiccm
3077 1354 3291 1420 metuis,
3315 1368 3477 1422 quem
3498 1352 3550 1406 in
3571 1366 3752 1407 secre-

2167 1457 2303 1511 tario
2323 1453 2604 1523 reliquisti.
2623 1451 2752 1505 Mihi
2772 1449 2952 1516 crede,
2975 1446 3120 1518 quod
3143 1445 3314 1516 magis
3332 1444 3502 1498 Deum
3521 1443 3753 1512 judicem

2168 1555 2410 1603 metuere
2441 1555 2464 1582 ο
2494 1544 2678 1607 debes,
2707 1542 2800 1610 qui
2827 1540 2896 1596 de
2941 1539 3058 1610 ipso
3105 1553 3205 1593 suo
3247 1536 3427 1606 judice
3466 1534 3750 1604 judicabit.

2170 1637 2326 1692 Illum
2351 1650 2481 1705 ergo
2527 1633 2722 1688 metuis
2771 1631 2862 1701 qui
2909 1645 3040 1685 mox
3085 1628 3316 1698 accipiet
3368 1639 3756 1687 successorem,

413 1777 416 1780 ’
481 1770 567 1814 tus
595 1712 677 1812 est
705 1712 987 1814 carnibus,
1030 1712 1130 1801 iste
1156 1743 1420 1815 peccatis;
1451 1749 1508 1796 et
1534 1739 1673 1794 sicut
1701 1737 1791 1789 ille
1820 1732 2069 1788 inhabilis
2104 1752 2146 1811 Β
2173 1726 2462 1782 Dominum
2493 1739 2600 1780 non
2630 1721 2844 1785 metuis,
2868 1719 2953 1774 cui
2977 1733 3135 1772 nemo
3165 1715 3452 1786 aliquando
3488 1712 3759 1770 succedit?

481 1858 566 1904 est
592 1842 981 1915 angustissima:
1009 1853 1138 1891 acus
1174 1847 1448 1896 caverna),
1481 1831 1552 1883 ita
1583 1835 1638 1883 et
1676 1826 1766 1882 hic
1813 1825 2071 1878 inconve-

484 1946 638 2000 niens
667 1949 749 1996 est
788 1933 1100 1994 beatissimo
1140 1929 1238 1987 Dei
1265 1941 1462 1996 regno;
1495 1923 1594 1978 nisi
1634 1919 1778 1989 quod
1805 1917 2073 1974 camelum

481 2047 715 2104 corpore
738 2041 762 2069 ο
794 2024 1211 2098 incompositum
1257 2027 1479 2080 natura,
1521 2015 1684 2083 388
1711 2011 1856 2065 hunc
1893 2014 2074 2062 autem

484 2096 709 2197 pravum
737 2096 992 2178 voluntas
1009 2113 1192 2172 ellicit.
1219 2111 1346 2166 Haec
1373 2116 1552 2162 autem
1587 2103 1729 2167 dico,
1763 2100 1976 2163 fratres,
2008 2096 2076 2151 de

485 2187 552 2271 iis
593 2215 686 2284 qui
724 2210 754 2251 δ
804 2225 874 2266 ne
919 2204 1316 2262 festivissimam
1365 2197 1508 2252 diem
1546 2193 1604 2249 s.
1655 2189 1968 2261 Epiphaniae
2020 2187 2072 2241 in

484 2303 729 2360 Ecclesia
756 2301 1132 2371 procurarent,
1180 2286 1632 2362 patrimoniorum
1679 2295 1898 2337 suorum
1926 2291 2074 2333 com-

488 2394 714 2464 pedibus
737 2370 862 2446 sunt
887 2385 1108 2451 detenti,
1135 2390 1188 2438 et
1209 2388 1426 2436 terreno
1446 2374 1679 2445 quodam
1708 2370 1930 2440 obligati
1951 2375 2078 2422 sunt

2176 1816 2470 1873 Considera
2513 1815 2673 1884 igitur
2693 1811 2884 1882 judicii
2914 1808 3285 1863 imminentem
3313 1807 3484 1871 diem,
3530 1813 3588 1860 et
3615 1804 3762 1858 inex-

2173 1909 2507 1980 stinguibiles
2535 1907 2796 1976 gehenna:
2831 1902 3104 1965 flammas,
3154 1899 3442 1954 stridorem
3487 1894 3765 1950 horridum

2175 2001 2435 2064 dentium,
2465 1997 2810 2052 tenebrarum
2831 1993 3076 2048 ultimum
3095 1990 3410 2045 cruciatum.
3437 1986 3504 2040 Et
3525 1986 3571 2041 si
3589 1992 3768 2056 potes,

2175 2092 2362 2146 relicta
2407 2088 2669 2153 Ecclesia,
2718 2084 3064 2140 smcularibus
3109 2079 3557 2136 sollicitudinibus
3596 2077 3770 2148 impli-

2176 2197 2320 2238 care.
2368 2179 2572 2234 Vereor
2600 2177 2745 2232 enim
2775 2190 2843 2232 ne
2871 2173 3000 2228 dum
3042 2171 3231 2227 mundi
3259 2171 3472 2227 divitias
3510 2169 3771 2239 quieritis,

2175 2273 2461 2331 inveniatis
2482 2272 2663 2342 potius
2688 2268 2901 2324 divitias
2924 2273 3295 2336 peccatorum,
3325 2270 3381 2319 et
3397 2262 3633 2332 repertis
3657 2261 3773 2315 the-

2179 2366 2350 2421 sauris
2385 2363 2584 2428 sazcnli,
2615 2359 2864 2416 caelestes
2885 2357 3174 2411 thesauros
3203 2353 3486 2409 amittatis.
3521 2350 3774 2424 Explicit.

1794 2461 2137 2524 HOMILIA
2186 2456 2437 2519 CXVII.

1928 2559 2009 2614 De
2037 2558 2343 2629 margarita.

1932 2644 2323 2704 ADMONITIO.

563 2762 715 2816 Hanc
741 2757 1018 2815 homiliam
1085 2767 1358 2810 ermanam
1400 2763 1519 2805 esse
1562 2744 1858 2817 superioris
1885 2739 2124 2797 ostendit
2167 2738 2336 2808 stylus
2376 2735 2598 2790 omnino
2641 2732 2860 2796 similis,
2907 2730 3123 2798 duoque
3164 2727 3380 2784 codices
3407 2727 3464 2782 S.
3496 2726 3685 2782 Crucis
3727 2728 3780 2784 in

563 2831 790 2879 rnsalem
821 2828 889 2879 90
929 2837 983 2879 et
1008 2770 1082 2879 93
1101 2829 1491 2879 contestantur.
1534 2817 1593 2871 ln
1617 2815 1790 2879 primo
1820 2813 1939 2867 cod.
1968 2810 2153 2864 titulus
2180 2809 2252 2862 ita
2288 2821 2347 2879 se
2374 2806 2537 2879 habet
2567 2818 2714 2879 num.
2739 2803 2773 2879 ζ’)
2801 2821 2813 2854 :
2841 2800 3127 2879 Incipitae
3155 2801 3442 2879 margarita
3472 2796 3780 2879 Evangelii;

495 2831 790 2889 Jerusalem
821 2828 889 2883 90
929 2837 983 2882 et
1008 2827 1040 2881 9

1534 2796 2153 2887 lii—primoicodrti‘tulus
2180 2796 2252 2862 ita
2288 2821 2347 2887 se
2374 2806 2714 2887 lia_bet_uun_i.
2801 2821 2813 2854 :
2841 2796 3127 2887 Incipit—ode
3155 2801 3442 2887 margarita
3472 2796 3780 2887 Evangelii;

1011 2867 1082 2947 liv:
1102 2867 1293 2948 ’ἓξῖἆῦ
1315 2867 1715 2959 ’ὗξᾶἷῐμῡιῆξτξριῖ
1735 2867 1959 2954 episcopi
1982 2878 2384 2959 μεμηνέναι-μα.
2423 2873 2793 2959 .hlostric‘huic
2827 2867 3109 2952 sententiae
3136 2867 3375 2950 opponet
3415 2867 3644 2959 fortasse
3681 2867 3783 2959 ali-

493 2937 1230 3043 ξίίιίἒυξδίίῖέθιιῖζτέιὶοειιῖιιιη
1255 2960 1411 3024 1377,
1439 2937 1677 3028 b5§1"'59
1707 2968 1738 3006 a
1763 2937 1938 3043 'tergo',
1967 2937 2250 3043 Ambrosio
2289 2944 2569 3043 bomiliarn
2609 2943 3015 3043 attribpentemﬁ
3047 2937 3395 3043 inscriptione
3425 2937 3733 3043 hétjlusmodi
3761 2955 3776 2991 :

714 3038 722 3043 .
830 3040 839 3043 -
887 3037 897 3043 .
971 3034 981 3043 .
1089 3033 1121 3043 ..
1213 3033 1223 3043 .
1355 3031 1366 3041 ι
1459 3027 1471 3043 ι
1491 3029 1500 3040 ο
1599 3042 1620 3043 η
1653 3024 1857 3043 ,_--_-_'.---
1929 3037 1947 3043 -
1976 3037 2074 3043 μ-..
2105 3028 2207 3043 --ι-
2239 3035 2291 3043 -..
2321 3031 2452 3043 mu...
2481 3031 2508 3043 η
2536 3030 2561 3043 Α
2591 3029 2714 3043 ann.
2741 3029 2769 3043 Λ
2795 3028 2937 3043 ιιι-ηι-
3019 3028 3046 3043 Δ
3069 3012 3113 3043 ..ὅ
3144 3017 3192 3043 οὔ
3272 3026 3334 3043 nu
3359 3009 3376 3043 ὅ
3487 3009 3500 3043 ἱ
3545 3009 3557 3043 ἱ
3601 3015 3776 3043 Iamon

1974 3020 2208 3102 neglecta
2235 3015 2561 3102 solemnitate
2588 3012 2939 3102 apostolorum
2972 3007 3132 3102 Ρεινξ⁸
3143 3017 3192 3062 et
3219 3008 3408 3102 Ριιιιιί.⁸
3437 3007 3581 3102 13in}!
3601 3015 3784 3088 tamen

501 3076 1204 3169 i’Js'i'iiﬁo".ii{{&{iiiuii"nam?
1232 3076 1448 3155 ollircere
1476 3076 2125 3169 dicimii5,prir_no,_quiod
2151 3094 2453 3169 unumest;
2484 3076 2742 3169 secundo,
2773 3082 2898 3152 quia
2921 3079 3188 3169 imperite,
3228 3087 3284 3160 et
3311 3079 3365 3159 in
3395 3076 3636 3169 inferiori
3663 3092 3783 3157 τιξεό

498 3147 1012 3238 ille
1035 3147 1393 3241 dignoscitur;
1416 3147 2120 3241 cuin‘vomissa‘sub_sil€ntio
2149 3158 2337 3240 majori
2359 3147 2593 3241 homiliae
2613 3147 3156 3241 paILte,_eiilscribatur
3174 3163 3242 3204 ex
3265 3148 3433 3229 ipsius
3455 3147 3779 3241 corollaria}.

920 3215 1547 3316 Ξὲῖιξξιῗξῆἶιῖᾝὸιιξιὲᾖι
1568 3215 1838 3304 'éiiiigr‘eg.
1883 3231 1942 3286 S.
1999 3229 2168 3287 Mauri
2211 3215 2279 3282 ne
2321 3225 2540 3281 verbum
2594 3215 2814 3291 quidem
2861 3221 2931 3276 de
2970 3220 3077 3275 hoc
3121 3215 3369 3274 sermone
3415 3218 3466 3271 in
3513 3215 3785 3273 Ambrosii

500 3311 762 3391 operibus
795 3312 1114 3370 recudendis
1141 3311 1406 3366 fecerunt.

501 3431 664 3502 389
691 3425 1085 3502 Ancipiti-Inrita.-
1106 3451 1177 3463 ——
1200 3417 1443 3502 Quelritur
1463 3414 1741 3502 Mammas
1763 3428 1878 3465 cum
1901 3411 2088 3502 populo
2117 3411 2164 3474 C
2195 3407 2383 3461 Estote
2405 3418 2533 3472 ergo
2572 3417 2761 3457 aurum
2800 3401 3087 3471 optimum,
3127 3406 3303 3454 estote
3342 3398 3542 3453 monile
3578 3397 3788 3467 pretio-

572 3479 664 3554 3223
692 3479 825 3569 quod
858 3495 949 3548 Dei
981 3490 1186 3569 verbum
1206 3479 1398 3569 audire
1436 3479 1908 3569 negligatetraro'
1927 3479 2090 3562 eccle-

572 3552 716 3624 siam.
748 3568 1050 3646 frequentet:
1096 3558 1318 3646 Probat,
1335 3552 1645 3646 autenjD'eo
1674 3553 1926 3632 injuriarn
1950 3552 2088 3646 irro-

574 3619 944 3711 ᾇάιξέλὲὶὺἷᾳαε
983 3631 1209 3702 plurima
1234 3630 1430 3699 inferre
1467 3619 1796 3688 detrimenta,
1827 3621 1913 3692 qui
1940 3619 2090 3673 rebus

573 3702 760 3763 divinis
781 3702 1066 3776 opportuno
1091 3710 1315 3770 tempore
1335 3713 1438 3751 non
1457 3702 1623 3748 vacat.

577 3884 721 3938 Satis
748 3878 817 3933 ad
853 3873 1245 3932 correctionem
1274 3875 1507 3924 vestram
1534 3866 1768 3920 arbitror
1794 3878 1953 3934 posse
1979 3861 2094 3917 suf-

509 3977 693 4036 ﬁcere,
736 3969 928 4022 fratres
951 3961 1150 4027 dilecti,
1181 3957 1328 4030 quod
1356 3956 1628 4011 anteriore
1667 3953 1935 4008 dominica
1964 3968 2094 4024 pro-

513 4065 752 4119 feclurus
787 4057 930 4112 nulla
958 4051 1112 4108 vobis
1136 4064 1411 4106 sacrarum
1451 4045 1776 4101 Litterarum
1801 4044 2097 4114 spiritualia

513 4153 657 4207 dona
685 4147 907 4218 largitus
946 4157 1085 4208 sum,
1124 4139 1220 4197 sed
1249 4146 1456 4193 tantum
1484 4151 1581 4191 vos
1618 4136 1900 4204 increpans
1931 4143 1985 4190 et
2012 4151 2098 4189 ar-

513 4257 682 4316 guens
709 4255 808 4311 pro
845 4241 1069 4308 peccato
1112 4232 1231 4287 sine
1259 4230 1436 4298 aliqua
1475 4226 1868 4299 praedicationis
1905 4240 2100 4281 conso-

514 4338 718 4394 latione
745 4328 1062 4388 dimiserim.
1095 4325 1253 4382 Volui
1282 4323 1426 4378 enim
1453 4336 1552 4376 vos
1575 4321 1678 4376 hoc
1707 4321 1878 4389 ipsum
1899 4318 2101 4373 intelli—

514 4445 662 4501 gere,
685 4438 845 4496 quam
867 4420 1102 4491 graviter
1121 4413 1491 4487 peccaveritis,
1514 4410 1660 4482 quod
1688 4410 1868 4464 divina
1888 4409 2103 4479 eloquia

516 4520 704 4575 audire
724 4515 944 4570 minime
969 4507 1260 4565 meruistis.
1279 4505 1404 4560 Haec
1424 4504 1564 4558 enim
1587 4501 1926 4556 sacerdotum
1949 4501 2106 4555 vehe-

517 4627 670 4668 mens
695 4617 751 4664 et
777 4605 998 4676 copiosa
1025 4599 1258 4656 vindicta
1279 4604 1361 4653 est
1387 4594 1619 4666 indignis
1637 4592 1937 4663 quibusque
1964 4592 2108 4646 litte-

517 4715 697 4756 rarum
727 4694 1027 4753 caelestium
1053 4693 1391 4746 sacramenta
1414 4699 1521 4740 non
1541 4683 1787 4751 credere,
1811 4699 1928 4747 nec,
1961 4683 2103 4737 sicut

2191 3514 2330 3562 sum,
2356 3505 2413 3551 ut
2441 3496 2610 3565 possit
2637 3495 2692 3548 in
2734 3493 2884 3548 vobis
2909 3492 3198 3561 margarita
3239 3490 3531 3560 spiritualis
3559 3489 3778 3543 includi.

2192 3588 2480 3657 Margarita
2533 3585 2678 3641 enim
2727 3584 2970 3639 Christus
3017 3590 3100 3638 est
3143 3581 3423 3648 Dominus,
3475 3595 3636 3650 quam
3689 3594 3787 3634 ne-

2194 3680 2428 3749 gotiator
2473 3679 2563 3734 ille
2607 3677 2758 3732 dives
2805 3678 2858 3730 in
2906 3674 3228 3743 Evangelio,
3259 3672 3490 3729 venditis
3535 3671 3788 3726 omnibus

2198 3771 2361 3826 rebus
2392 3769 2522 3835 suis,
2554 3783 2736 3823 emere
2763 3765 3062 3831 festinavit,
3097 3772 3153 3819 et
3180 3763 3368 3818 maluit
3412 3776 3623 3826 omnes,
3652 3773 3788 3829 quas

2197 3862 2448 3925 habebat,
2479 3870 2504 3908 κ
2535 3859 2713 3914 saaculi
2741 3873 2981 3928 gemmas
3009 3858 3274 3920 amittere,
3307 3861 3512 3908 tantum
3541 3861 3603 3906 ut
3623 3865 3784 3905 unam

2198 3955 2400 4011 Christi
2444 3959 2652 4008 emeret
2692 3951 3054 4020 margaritam.
3108 3947 3261 4002 Unde
3307 3953 3362 4001 et
3408 3959 3531 4015 ego,
3571 3943 3787 4005 fratres,

2199 4063 2299 4119 pro
2320 4043 2683 4116 magnitudine
2704 4041 2851 4111 quod
2875 4039 3213 4095 admiseratis
3237 4036 3441 4103 delicti,
3466 4034 3616 4089 nolui
3638 4034 3791 4089 vobis

2201 4137 2440 4210 pandere
2478 4133 2801 4204 evangelica:
2841 4129 3150 4186 refectionis
3198 4128 3445 4198 eloquia;
3485 4125 3581 4182 sed
3623 4125 3792 4192 magis

2200 4233 2446 4302 ingerere
2467 4229 2720 4283 animosas
2750 4224 3129 4293 indignationis
3152 4221 3420 4291 injuriam,
3443 4229 3499 4276 et
3517 4219 3667 4290 prius
3691 4233 3794 4272 vos

2202 4323 2519 4380 verberibus
2544 4319 2916 4391 spiritualibus
2942 4315 3259 4382 emendare,
3290 4329 3354 4370 ac
3381 4314 3460 4369 sic
3487 4311 3793 4379 margarita:

2204 4417 2378 4472 ditare
2399 4415 2712 4469 muneribus
2737 4431 2748 4465 :
2775 4411 2955 4475 malui,
2982 4410 3220 4478 inquam,
3244 4414 3525 4477 peccatum
3550 4412 3792 4458 vestrum

2206 4505 2499 4562 incusando
2529 4505 2726 4560 acriter
2764 4503 3063 4571 increpare,
3093 4500 3254 4570 390
3279 4514 3439 4567 quam
3467 4497 3661 4552 leniter
3684 4495 3797 4550 dis-

2206 4597 2512 4653 simulando
2541 4597 2766 4651 nutrire.
2789 4593 3038 4662 Quisquis
3064 4593 3207 4646 enim
3236 4591 3454 4644 fratrem
3483 4604 3590 4644 non
3621 4587 3799 4658 arguit

2206 4696 2520 4760 peccantem
2539 4727 2553 4751 ,
2585 4683 2982 4755 quodammodo
3023 4685 3289 4738 hortatur.
3321 4680 3455 4736 Nolo
3484 4690 3663 4734 autem
3692 4695 3799 4748 pu-

527 4790 602 4845 ail
627 4788 889 4843 Dominus
907 4826 921 4851 ν
953 4782 1086 4837 dare
1123 4785 1367 4835 εεηείυω
1407 4776 1629 4832 canibus
1646 4816 1660 4843 ’
1691 4791 1869 4846 neque
1897 4789 2107 4844 marga-
2137 4787 2186 4847 ι)
2211 4781 2338 4835 tetis
2365 4779 2392 4816 ιι
2423 4778 2568 4847 quod
2596 4793 2704 4832 nou
2734 4777 2801 4832 de
2829 4791 3013 4831 amore
3040 4774 3231 4830 faciam
3257 4790 3355 4830 vos
3383 4773 3579 4843 smpius
3605 4773 3805 4827 verbe-

521 4881 656 4934 ritas
669 4877 934 4948 projicere
948 4886 1234 4945 porcorum
1249 4867 1474 4940 pedibus
1486 4867 1874 4923 conculcandas
1887 4864 2100 4936 (Matth.

523 4968 639 5036 vn).
673 4967 854 5021 Perdit
873 4966 1014 5021 enim
1037 4962 1271 5020 caelestis
1294 4959 1596 5029 margarita:
1616 4958 1840 5026 gratiam
1865 4956 2107 5025 quisquis

527 5072 648 5112 eam
677 5056 966 5111 fiedissimo
985 5053 1256 5126 peccatori
1283 5051 1300 5091 ε
1325 5051 1660 5107 circumdare
1680 5057 1922 5104 conatur.
1946 5046 2109 5102 Gem-

529 5164 614 5204 ma
645 5147 823 5212 enim,
855 5148 992 5201 sicut
1018 5147 1119 5216 ipsi
1160 5144 1340 5208 scitis,
1385 5142 1489 5196 nisi
1537 5157 1670 5196 auro
1698 5155 1807 5194 non
1835 5138 2107 5203 convenit,

531 5239 838 5307 margarita,
891 5237 1100 5292 nonnisi
1145 5234 1396 5304 pretiosis
1423 5233 1708 5290 monilibus
1738 5247 1846 5287 non
1874 5239 2106 5302 aptatur.

605 5409 626 5470 ς·
662 5395 897 5470 Uterque
926 5395 1045 5470 cod.
1071 5394 1128 5449 S.
1159 5395 1346 5470 Crucis
1375 5398 1428 5452 in
1455 5396 1564 5454 ler.
1589 5396 1822 5470 supplet.

605 5467 630 5504 ιι
664 5465 900 5536 Uterque
927 5466 1049 5520 cod.
1078 5481 1238 5536 supra
1262 5468 1356 5521 cit.

606 5548 631 5577 ε
661 5535 896 5606 Uterque
924 5537 1044 5591 cod.

605 5611 631 5646 ά
672 5605 909 5676 Uterque
938 5607 1060 5661 cod.

609 5690 631 5717 ο
665 5676 899 5747 Uterque
928 5677 1046 5732 cod.

2205 4871 2398 4925 rando.
2423 4868 2589 4922 Filius
2619 4868 2762 4922 enim
2796 4865 2808 4904 ί
2841 4866 2932 4935 qui
2959 4866 3309 4935 castigatione
3337 4864 3528 4931 dignus
3557 4871 3660 4927 est,
3683 4862 3810 4933 plus

2209 4969 2436 5026 amatur,
2466 4960 2604 5013 sicut
2633 4958 2708 5012 ait
2732 4957 3007 5027 Scriptura
3029 4963 3214 5012 sancta
3240 4974 3252 5008 :
3281 4953 3442 5025 Quem
3461 4956 3600 5008 enim
3633 4954 3811 5024 diligit

2212 5050 2468 5106 Dominus
2498 5051 2748 5120 corripit;
2780 5051 2999 5120 castigat
3035 5057 3203 5102 autem
3233 5063 3434 5102 onmem
3465 5046 3633 5116 ﬁlium
3660 5063 3816 5117 quem

2213 5144 2396 5214 recipit
2421 5135 2601 5212 (Prov'.
2626 5140 2726 5212 ιιι).
2761 5141 2929 5196 Dicite
2956 5140 3087 5194 mihi
3113 5140 3158 5194 si
3188 5155 3295 5194 non
3323 5137 3614 5192 dolendum
3648 5135 3818 5190 fuerit

2213 5237 2318 5292 hoc
2337 5242 2638 5305 peccatum,
2661 5234 2740 5289 sic
2760 5249 2857 5289 vos
2883 5233 3070 5288 salutis
3089 5240 3280 5288 vestrm
3304 5230 3654 5288 immemores
3685 5237 3815 5284 tunc

2294 5391 2313 5432 τ
2345 5391 2478 5448 Cod.
2510 5393 2631 5446 Vat.
2657 5393 2984 5447 contundere.

2291 5473 2317 5511 ε
2346 5462 2490 5517 ldem
2516 5463 2636 5517 cod.
2668 5463 2788 5517 Vat.
2815 5463 3013 5519 omittit
3040 5459 3234 5516 seculi.

2294 5532 2320 5570 ιι
2351 5533 2428 5587 lta
2457 5533 2579 5590 cod.
2609 5532 2731 5587 Vat.

2301 5603 2315 5640 ί
2350 5603 2496 5657 Idem
2527 5603 2648 5658 cod.
