4054 6190
240 335 386 390 533-

1720 333 1951 388 SERMO
1992 332 2052 385 Il.

3409 328 3535 392 535’

244 447 367 502 ﬁdei
421 454 640 505 nostrre.
692 447 886 517 quibus
932 447 984 501 in
1033 446 1414 516 congressione
1441 454 1725 502 certamus.
1760 444 1829 499 Ut
1860 450 1903 507 Α
1934 461 2122 501 omnes
2154 444 2486 501 dormientes
2522 445 2773 515 perdunt,
2797 446 3080 514 vigilantes
3107 448 3410 515 inveniunt;
3432 459 3517 504 at-

241 546 425 593 autem
475 539 558 592 his
604 538 768 592 armis
796 538 872 592 uti
904 538 956 592 iu
1005 539 1057 593 vi
1088 538 1359 593 inferenda
1388 539 1673 609 possimus,
1705 546 1831 592 ante

238 629 565 698 corporibus
587 630 785 683 nostris
805 629 912 683 vim
934 629 1327 699 quodammodo
1356 630 1633 696 faciamus,
1664 637 1718 683 ct
1738 645 1831 683 ex-

239 733 549 790 pugnemus
596 719 964 772 membrorum
1006 719 1155 781 vitia,
1205 726 1265 773 ut
1317 720 1573 774 virtutum
1611 720 1831 789 prccmia

243 824 678 878 consequamur;
721 809 870 878 prius
897 809 1039 864 enim
1070 809 1169 878 ipsi
1196 823 1426 877 regnare
1472 809 1730 864 debemus
1777 810 1832 865 in

246 900 431 966 nobis,
479 906 540 953 ut
586 911 815 965 regnum
845 900 1112 967 possimus
1139 898 1374 968 diripere
1402 898 1713 953 Salvatoris.
1746 898 1835 951 Ait

244 1002 379 1057 ergo
407 986 757 1055 Evangelium
785 1004 797 1039 :
830 985 898 1039 Et
944 989 1043 1040 vim
1072 988 1316 1057 facientes
1364 996 1389 1025 ι
1421 986 1688 1055 diripiunt.
1724 985 1832 1039 Ra-

245 1089 439 1151 ptores
464 1080 626 1147 igitur
654 1086 871 1145 sumus;
900 1088 1150 1148 raptores
1179 1087 1358 1133 autem
1402 1079 1615 1133 nonnisi
1643 1078 1671 1116 b
1702 1080 1832 1133 diri-

247 1173 404 1242 piunt
433 1170 627 1225 aliena.
654 1169 901 1238 Agnosco
925 1184 1103 1223 veram
1126 1184 1243 1223 esse
1282 1169 1603 1223 sententiam
1632 1186 1644 1220 :
1675 1166 1834 1221 Chri-

248 1271 388 1316 stum
412 1260 556 1314 enim
585 1258 825 1314 Ecclesia
847 1258 1027 1328 rapuit
1046 1257 1358 1330 Synagogze,
1383 1266 1437 1311 et
1456 1257 1643 1311 aliena:
1663 1258 1835 1324 gentis

245 1368 475 1423 regnum
500 1352 607 1406 vim
630 1350 875 1406 faciendo
908 1350 1161 1420 possedit.
1194 1350 1327 1403 Nam
1364 1348 1613 1404 Salvator
1641 1349 1837 1404 missus

248 1446 347 1500 sub
376 1445 519 1513 lege,
542 1452 701 1498 natus
729 1444 783 1496 in
814 1443 949 1511 lege,
981 1442 1212 1497 nutritus
1236 1440 1388 1511 juxta
1416 1440 1587 1509 legem
1635 1438 1833 1513 (Galat.

249 1536 343 1606 tv),
396 1536 525 1590 dum
572 1549 603 1588 a
646 1532 844 1588 Judaeis
867 1534 1170 1602 negligitur,
1202 1550 1232 1587 a
1260 1531 1521 1588 Gentibus
1543 1540 1838 1603 occupatur

252 1628 389 1698 (Act.
424 1625 569 1696 xm);
600 1634 655 1680 et
682 1625 809 1679 dum
832 1640 862 1678 a
890 1625 1259 1680 sacerdotibus
1290 1637 1310 1663 ε
1342 1624 1605 1695 perditur,
1654 1640 1683 1678 a
1712 1640 1838 1695 pec-

252 1717 533 1772 catoribus
581 1716 876 1781 invenitur;
924 1716 1065 1772 sicut
1112 1717 1226 1787 ipse
1280 1717 1355 1770 ait
1394 1734 1407 1770 :
1460 1715 1735 1771 Publicani
1787 1726 1837 1771 et

1935 554 2041 608 que
2070 537 2190 592 ideo
2218 538 2504 607 Apostolus
2527 537 2658 591 dicit
2688 556 2699 589 :
2730 537 2915 610 Surge,
2947 541 3033 609 qui
3078 540 3293 607 dormis,
3323 549 3373 593 et
3399 541 3518 595 illa-

1935 628 2153 681 minabit
2202 636 2248 680 te
2277 626 2510 681 Christus
2549 625 2765 699 (Ephes.
2796 628 2870 697 v).
2904 628 3066 682 Vides
3092 643 3221 696 ergo
3248 638 3530 683 mortuum-

1936 732 2055 772 esse
2081 718 2172 785 qui
2202 717 2274 771 ita
2302 717 2523 782 dormit,
2548 724 2605 771 ut
2630 734 2735 773 non
2763 718 3030 773 custodiat
3072 718 3433 783 Salvatorem,
3466 730 3531 775 eti

1936 809 2059 863 ideo
2107 809 2181 862 illi
2209 807 2483 874 Pharisaai,
2506 811 2654 864 velut
2684 811 2901 879 mortui,
2952 827 3059 865 non
3086 818 3379 881 potuerunt
3399 827 3545 868 ser--

1936 914 2066 953 vare
2115 900 2404 954 viventem.
2438 898 2753 969 Propterea,
2785 899 3000 969 fratres,
3030 919 3137 957 non
3165 902 3519 971 dormiamus,

1936 988 2034 1043 sed
2060 989 2336 1057 vigilemus
2360 990 2502 1043 circa
2557 990 2730 1058 ipsum
2755 991 3039 1045 Dominum
3060 1002 3304 1047 nostrum
3328 993 3517 1047 Salva-

1938 1087 2133 1142 torem,
2185 1088 2262 1143 ut,
2309 1080 2567 1149 appositis
2607 1078 2806 1147 jugiter
2859 1080 3137 1146 custodiis,
3190 1098 3348 1136 nemo
3370 1082 3518 1136 illum

1938 1170 2147 1225 auferat
2176 1171 2244 1226 de
2284 1172 2559 1241 sepultura
2585 1172 2820 1241 pectoris
2867 1174 3035 1227 nostri
3067 1190 3079 1225 :
3122 1174 3398 1238 Venerunt,
3447 1184 3519 1240 et,

1938 1260 2308 1314 dormientibus
2352 1260 2521 1323 nobis,
2578 1262 2737 1330 furati
2778 1271 3051 1315 suntcum.
3084 1261 3355 1316 Habemus
3375 1263 3519 1316 enim

1940 1351 2203 1413 inimicos,
2234 1349 2325 1417 qui
2353 1350 2621 1403 Christum
2643 1349 2710 1403 de
2731 1350 2984 1404 cordibus
3006 1351 3223 1414 nostris,
3247 1351 3292 1404 si
3322 1350 3523 1405 obdor-

1940 1439 2240 1502 mierimus,
2265 1438 2478 1493 auferre
2499 1439 2757 1492 nitantur.
2784 1438 2938 1494 Unde
2982 1440 3225 1509 pervigili
3253 1456 3379 1494 cura
3409 1455 3525 1495 ser-

1938 1543 2124 1583 vemus
2133 1543 2257 1582 eum
2271 1527 2323 1581 in
2339 1528 2584 1597 sepulcro
2598 1528 2899 1583 animarum
2917 1537 3243 1593 nostrarum,
3264 1530 3335 1583 ibi
3357 1529 3373 1567 ί
3395 1545 3523 1600 per-

1937 1619 2197 1688 quiescat,
2232 1619 2307 1673 ibi
2324 1619 2576 1684 dormiat,
2606 1619 2697 1683 ibi,
2734 1634 2855 1674 cum
2887 1620 3133 1683 voluerit,
3162 1628 3218 1674 et
3242 1629 3513 1688 resurgat.

1939 1711 2102 1780 398
2129 1708 2290 1777 Ergo,
2319 1718 2344 1756 ις
2369 1707 2583 1772 fratres,
2615 1707 2855 1762 Natalem
2883 1707 3099 1765 Domini
3127 1711 3426 1779 suscepturi
3457 1712 3525 1764 ab

252 1806 278 1846 ά
299 1818 596 1877 peccatores
616 1807 908 1878 prcecedent
932 1825 1019 1863 vos
1038 1808 1092 1861 in
1118 1826 1332 1880 regnum
1359 1810 1597 1864 caelorum
1626 1809 1837 1881 (Matth.

1944 1799 2087 1852 omni
2108 1798 2467 1854 conscientias
2493 1804 2706 1852 nostras
2730 1795 2861 1852 fasce
2887 1798 3245 1865 mandemus;
3299 1814 3524 1854 accure-

254 1901 391 1969 xxi).
429 1908 451 1936 ο
483 1898 753 1968 Raptores
798 1899 961 1967 igitur
1013 1914 1215 1954 sumus.
1248 1898 1549 1954 Mirandum
1598 1916 1705 1955 non
1735 1909 1837 1969 est,

252 1989 453 2060 quippe
471 1988 561 2058 qui
588 2003 620 2042 a
648 1987 742 2041 tali
763 1995 985 2043 auctore
1011 1988 1407 2044 descendimus.
1439 1988 1710 2059 Scriptum
1758 1998 1843 2045 est

254 2079 397 2133 enim
441 2078 510 2133 de
553 2077 861 2148 patriarcha
894 2086 1080 2133 nostro
1108 2077 1386 2147 Benjamin
1415 2097 1428 2132 :
1470 2078 1646 2148 Lupus
1673 2097 1842 2151 rapax

257 2166 472 2239 (Cenes.
517 2169 697 2240 xux);
740 2170 881 2240 rapit
901 2171 1044 2225 enim
1068 2170 1217 2239 quod
1240 2186 1393 2226 suum
1422 2188 1530 2227 non
1556 2180 1657 2227 est.
1680 2173 1757 2228 Ita
1787 2182 1844 2229 et

255 2276 353 2314 nos
378 2258 544 2313 veluti
568 2258 660 2313 filii
680 2260 892 2330 rapacis
912 2260 1021 2330 lupi
1042 2261 1339 2315 alienarum
1365 2270 1639 2331 pastorem
1661 2263 1841 2317 ovium

254 2358 443 2404 nostra
470 2349 771 2404 intentione
795 2350 1153 2419 praeripimus,
1178 2351 1317 2405 sicut
1346 2351 1462 2421 ipse
1489 2352 1618 2406 dicit
1651 2370 1662 2403 :
1714 2350 1840 2406 Non

250 2457 365 2493 sum
395 2441 585 2493 missus
615 2441 713 2493 nisi
741 2440 811 2493 ad
839 2457 953 2494 oves
976 2441 1207 2509 perditas
1228 2441 1410 2497 domus
1434 2441 1602 2497 Israel
1626 2442 1839 2513 (Matth.

252 2530 395 2597 xm).
431 2529 659 2599 Rapitur
688 2530 870 2598 itaque
895 2529 1162 2598 Christus,
1194 2546 1313 2585 cum
1344 2547 1374 2585 a
1395 2531 1591 2586 Judzeis
1617 2532 1842 2586 dimitti-

254 2630 363 2687 tur,
404 2628 462 2676 et
506 2622 573 2676 ab
618 2622 738 2675 aliis
780 2621 1122 2691 praedicatur.
1174 2621 1400 2692 Rapitur
1423 2621 1690 2691 Christus,
1721 2640 1843 2679 cum

216 2726 219 2727 ν
254 2710 523 2764 occiditur
542 2725 571 2763 a
599 2708 815 2774 Judzeis,
839 2718 893 2764 et
912 2710 1167 2780 sepelitur
1188 2726 1217 2764 a
1246 2711 1418 2766 nobis.
1450 2710 1674 2781 Rapitur
1690 2711 1845 2765 Chri-

254 2807 370 2853 stus
399 2815 430 2852 a
453 2799 792 2866 vigilantibus
820 2799 1112 2868 discipulis,
1138 2814 1168 2853 a
1198 2799 1587 2855 dormientibus
1607 2801 1846 2870 perditur

258 2887 545 2947 Pharisteis
574 2908 587 2942 :
619 2890 756 2944 sicut
782 2890 1090 2945 mentiendo
1116 2891 1274 2962 397
1308 2891 1409 2961 ipsi
1438 2891 1669 2947 confessi
1698 2900 1843 2960 sunt,

256 2980 382 3033 dum
417 2980 693 3035 custodias
713 2988 979 3050 ponerent
998 2982 1304 3051 sepultum,
1332 2990 1457 3052 post
1488 2983 1845 3038 resurrectio-

258 3085 379 3123 nem
404 3070 617 3123 Domini
641 3070 880 3125 dicentes
910 3088 923 3123 :
960 3069 1094 3134 Quia
1125 3072 1361 3142 discipuli
1382 3072 1493 3144 ejus
1514 3082 1662 3127 nocte
1697 3090 1845 3128 vene-

1940 1906 2060 1944 mus
2076 1905 2185 1945 non
2213 1889 2401 1945 sericis
2430 1890 2688 1955 vestibus,
2718 1888 2814 1944 sed
2838 1889 3094 1959 operibus
3122 1890 3394 1960 pretiosis.
3420 1888 3527 1945 Ve-

1940 1983 2193 2039 stimenta
2215 1983 2361 2038 enim
2388 1981 2557 2037 nitida
2581 1982 2824 2038 membra
2853 1983 3071 2053 operire
3097 1990 3344 2053 possunt,
3396 1998 3527 2038 con-

1940 2075 2223 2131 scientiam
2269 2090 2469 2131 ornare
2498 2090 2607 2129 non
2649 2080 2906 2143 possunt;
2960 2074 3063 2130 nisi
3110 2075 3256 2144 quod
3308 2073 3529 2142 majoris

1940 2167 2278 2222 verecundiae
2306 2174 2389 2221 est
2434 2166 2659 2220 nitidum
2684 2166 2944 2222 membris
2970 2167 3239 2233 incedere,
3271 2174 3326 2221 et
3354 2166 3527 2235 pollu-

1940 2267 2051 2313 tum
2102 2258 2347 2313 sensibus
2398 2256 2697 2311 ambulare.
2746 2255 3024 2313 lnterioris
3083 2257 3244 2324 igitur
3296 2258 3528 2311 hominis

1942 2352 2089 2421 prius
2135 2366 2391 2405 ornemus
2438 2347 2707 2414 affectum,
2760 2356 2821 2403 ut
2867 2348 3153 2423 exterioris
3198 2363 3414 2417 quoque
3458 2350 3527 2403 sit

1943 2443 2170 2497 amictus
2198 2449 2454 2506 ornatus,
2499 2440 2808 2510 spirituales
2862 2441 3100 2496 maculas
3139 2440 3441 2506 abluamus,
3467 2449 3528 2496 ut

1943 2517 1996 2585 in
2047 2532 2202 2587 nobis
2244 2530 2483 2586 carnalia
2526 2529 2763 2599 fulgeant
2801 2532 3138 2585 vestimenta.
3170 2529 3195 2568 ιι
3224 2532 3334 2592 Ubi
3383 2533 3533 2587 enim

1944 2622 2228 2677 tenebrosa
2261 2621 2596 2675 conscientia
2618 2629 2720 2685 est,
2745 2626 2915 2675 totum
2956 2636 3152 2690 corpus
3186 2621 3200 2658 ί
3235 2622 3529 2677 subobscu-

1942 2726 2062 2765 rum
2090 2718 2190 2765 est.
2223 2707 2498 2765 Habemus
2526 2718 2705 2764 autem
2749 2726 2857 2779 quo
2906 2710 3246 2764 conscientiae
3292 2711 3537 2765 maculas

1946 2804 2258 2864 abluamus;
2290 2803 2429 2857 sicut
2454 2804 2715 2870 scriptum
2743 2809 2826 2856 est
2854 2819 2866 2853 :
2897 2800 3030 2855 Date
3051 2801 3444 2872 elemosynam,
3479 2810 3531 2857 et

1948 2894 2125 2948 omnia
2151 2892 2345 2946 munda
2370 2901 2489 2946 sunt
2515 2891 2653 2945 vobis
2675 2890 2825 2961 (Luc.
2852 2890 2965 2961 xx).
2998 2891 3206 2945 Bonum
3231 2892 3533 2963 eleemosy-

1950 2985 2377 3048 nmmaudatum,
2406 2998 2504 3052 per
2544 2982 2688 3051 quod
2727 2981 2974 3036 manibus
3006 2996 3314 3051 operamur,
3367 2982 3535 3039 corde

1948 3075 2298 3140 mundamur;
2351 3082 2638 3144 prmstante
2684 3073 2911 3129 Domino
2937 3080 3124 3129 nostro
3144 3072 3271 3128 Jesu
3295 3072 3541 3141 Christo,

259 3171 398 3225 runt,
440 3170 492 3214 et
534 3163 692 3232 furati
744 3170 864 3214 sunt
892 3178 1025 3226 eum,
1054 3160 1198 3215 nobis
1227 3162 1596 3216 dormientibus
1628 3162 1843 3235 (Matth.
1875 3170 1921 3233 ί]
1950 3169 2043 3237 qui
2082 3182 2205 3221 cum
2258 3165 2421 3220 Patre
2475 3175 2530 3221 et
2578 3165 2782 3235 Spiritu
2820 3172 3007 3223 sancto
3035 3166 3165 3221 vivit
3192 3174 3249 3223 et
3268 3167 3533 3235 regnatin

262 3254 473 3322 xxvtn).
508 3252 657 3308 Unde
704 3253 1018 3323 spiritaliter
1063 3255 1410 3325 intelligimus
1431 3256 1555 3327 quia
1577 3255 1849 3311 Christum

1954 3256 2146 3311 secula
2175 3255 2513 3311 saeculorum.
2540 3255 2728 3309 Amen.

1696 3371 1965 3433 SERMO
2008 3372 2088 3433 ll.

1326 3468 1640 3524 Deduobus
1668 3472 1721 3523 in
1762 3470 1893 3525 lecto
1922 3487 2026 3525 uno
2057 3468 2272 3536 (Matth.
2307 3469 2476 3535 xxiv).

1708 3559 2096 3615 ADMONITIO.

336 3652 408 3708 Ut
453 3651 651 3716 ordini,
682 3666 841 3721 quem
894 3652 950 3706 in
999 3650 1351 3721 disponendis
1377 3651 1612 3707 homiliis
1640 3652 2035 3714 constituimus,
2084 3666 2395 3707 sermonum
2439 3650 2608 3721 series
2660 3649 3045 3719 conformetur,
3096 3650 3428 3721 orationibus
3479 3651 3534 3721 in

264 3722 442 3777 Natali
473 3719 805 3777 Domini'hie
847 3736 1028 3791 sermo
1056 3719 1141 3775 est
1184 3720 1563 3791 praeferendus,
1618 3721 1694 3775 De
1738 3730 1958 3777 auctore
2010 3721 2127 3790 ejus
2175 3729 2363 3791 sancto
2401 3720 2654 3791 Maximo,
2684 3728 2745 3791 ut
2789 3721 3013 3791 legbnus
3060 3720 3121 3791 in,
3158 3720 3344 3791 codi_ce
3382 3719 3538 3791 Vati:-

264 3809 403 3847 cano
436 3791 598 3857 1267,
626 3804 745 3860 pag.
780 3791 864 3854 15,
898 3790 1038 3845 unde
1068 3799 1151 3845 est
1175 3788 1500 3860 exscriptus,
1532 3790 1767 3845 dubitari
1796 3792 2010 3860 nequit;
2040 3788 2163 3845 cum
2192 3790 2252 3860 S.
2282 3792 2507 3845 antistes
2534 3788 2878 3860 Taurinensis
2916 3789 2984 3844 de
3029 3790 3219 3845 eadem
3263 3788 3538 3860 Evangelii

300 3862 530 3916 arabola
578 3858 747 3928 egerit
775 3861 829 3915 in
858 3860 1079 3914 homilia
1108 3859 1267 3929 hujus
1301 3858 1638 3915 collectionis
1679 3858 1931 3915 secunda.
1964 3860 2201 3914 Titulum
2230 3859 2311 3913 De
2337 3860 2568 3914 Adventu
2598 3858 2838 3928 Domini,
2864 3860 2955 3929 qui
2982 3860 3075 3915 illo
3105 3861 3158 3913 in
3209 3859 3395 3913 codice
3444 3860 3539 3929 ha-

300 3878 530 3916 annona
578 3878 747 3928 egerit
775 3878 829 3915 ιιι
860 3878 1079 3914 nomina
1109 3878 1267 3929 nujus
1301 3878 1638 3915 correctionis
1679 3878 1931 3915 secunda.
1965 3878 2201 3914 niuium
2230 3878 2311 3913 ue
2337 3878 2568 3914 navenm
2598 3878 2838 3928 υοηιιηι,
2864 3878 2955 3929 qui
2982 3878 3075 3915 ιιιο
3105 3878 3158 3913 ιιι
3209 3878 3395 3913 conice
3445 3878 3532 3912 na-

264 3878 447 3996 Bctur,
479 3930 785 3999 rejecimus,
828 3946 947 3985 cum
993 3946 1060 3984 eo
1098 3930 1203 3999 loci
1228 3930 1460 3984 diximus
1488 3945 1557 3984 ex
1603 3929 1933 3995 Mabillonio,
1982 3938 2039 3985 et
2089 3929 2383 3984 Muratorio
2426 3930 2592 3983 multo
2638 3930 2808 3999 serius
2835 3931 3043 3998 quinto,
3075 3937 3131 3999 et
3156 3937 3308 3983 sexto
3336 3928 3532 3983 saeculo

265 3997 552 4056 invectum
573 4016 693 4055 esse
738 4001 791 4055 in
837 3999 1149 4055 Ecclesiam.
1182 3998 1369 4053 Exstat
1395 4014 1571 4054 sermo
1616 4000 1668 4053 in
1716 4000 1885 4054 tribus
1912 4000 2030 4058 aliis
2069 3999 2367 4064 codicibus,
2398 4000 2455 4053 in
2481 3999 2745 4053 Vaticano
2774 3997 2993 4066 Reginae
3032 3997 3156 4065 125,
3196 4006 3254 4053 et
3279 3999 3565 4053 Vaticano

269 4069 523 4141 Palatino
554 4069 709 4135 l276,
756 4085 964 4125 necnon
996 4070 1063 4141 ing
1080 4068 1423 4141 vallicellano
1461 4086 1496 4123 ιι
1527 4068 1823 4141 Augustino
1869 4071 2181 4141 inscriptus,
2238 4077 2297 4123 ut
2349 4069 2403 4122 in
2442 4068 2563 4123 cod.
2604 4067 2646 4120 E
2688 4085 2743 4123 ιιι
2782 4068 3175 4141 Modoetiensi._
3215 4067 3322 4123 Sed
3369 4068 3541 4141 Bene-

267 4139 456 4196 dictini
506 4140 757 4195 monachi
806 4154 990 4208 congr.
1032 4139 1090 4194 S.
1134 4137 1304 4191 Mauri
1346 4138 1487 4192 inter
1537 4137 1953 4205 Augustinianos
1994 4137 2274 4194 sermones
2319 4152 2426 4191 non
2467 4146 2839 4207 susceperunt,
2870 4154 2971 4193 nec
3018 4138 3135 4207 ejus
3164 4139 3216 4192 in
3244 4137 3538 4209 appendice

266 4212 651 4266 meminerunt.

268 4302 660 4357 ABGUIIENTUI.
688 4334 760 4343 ——
790 4300 913 4354 Tria
941 4315 1051 4354 esse
1080 4298 1140 4354 S.
1173 4298 1433 4353 Maximus
1458 4298 1636 4352 scribit
1664 4314 1853 4369 genera
1882 4304 1934 4364 ι)
1958 4313 2157 4369 genera
2183 4298 2462 4355 hominum
2490 4297 2578 4351 hic
2619 4297 2868 4351 videntur
2893 4297 3198 4365 significari.
3234 4296 3407 4352 Unum
3445 4314 3537 4351 eo-

332 4372 755 4426 Clm'slianorum
786 4388 803 4423 :
836 4371 965 4424 alios
994 4385 1105 4422 esse
1143 4370 1199 4423 in
1226 4370 1349 4433 otio,
1398 4370 1531 4423 alios
1577 4370 1633 4422 in
1675 4370 1853 4422 seaculi

333 4442 581 4512 negotiis,
612 4442 744 4494 alios
774 4439 882 4494 Deo
922 4439 1241 4512 ministrare.
1259 4434 1343 4491 Ea:
1357 4438 1444 4512 his
1468 4438 1630 4512 tribus
1651 4438 1851 4512 generi:

334 4508 437 4564 bu's
464 4526 626 4563 unum
664 4512 876 4572 assumi,
901 4518 949 4562 et
968 4525 1125 4561 unum
1149 4508 1367 4579 relinqui
1390 4525 1408 4562 :
1438 4509 1631 4579 assumi
1656 4508 1745 4561 eos
1768 4508 1853 4579 qui

334 4590 669 4651 permanent,
700 4580 919 4651 relinqui
948 4594 1059 4651 eos_
1071 4579 1157 4651 qui
1185 4578 1396 4651 eadunt.
1427 4578 1508 4630 Ad
1538 4579 1637 4651 tria
1668 4592 1856 4649 genera

334 4646 455 4722 qua:
480 4658 831 4715 assumuntur,
846 4646 996 4715 'Noe,
1018 4646 1206 4700 Daniel
1223 4656 1272 4701 et
1289 4646 1388 4701 Job
1417 4646 1694 4719 pertinere.

337 4766 446 4832 Qui
470 4772 600 4819 sunt
624 4764 679 4817 in
707 4763 795 4816 illa
824 4768 984 4817 nocte
1014 4759 1124 4815 duo
1156 4760 1209 4814 in
1239 4761 1400 4827 lecto,
1425 4769 1479 4815 et
1501 4760 1618 4815 dua:
1645 4759 1855 4841 molenj

271 4867 352 4912 tes
380 4858 437 4910 in
466 4871 653 4918 unum,
686 4862 741 4909 et
767 4854 873 4908 duo
901 4854 955 4907 in
985 4864 1137 4920 agro,
1165 4852 1231 4907 de
1259 4852 1453 4921 quibus
1482 4852 1731 4907 omnibus
1771 4850 1855 4905 hi-

272 4950 354 5005 nis
375 4948 574 5017 singuli
605 4952 967 5013 assumentur,
998 4954 1054 4999 et
1079 4944 1274 5013 singuli
1302 4943 1706 5013 relinqu’entur?
1735 4942 1858 4997 Tria

341 5122 365 5149 ι
393 5110 456 5165 In
488 5108 621 5163 edit.
638 5106 783 5171 C01,,
806 5106 1057 5175 diripiunt
1085 5104 1235 5159 illud.
1268 5102 1437 5159 Codd.
1464 5101 1644 5159 Casin.
1676 5110 1731 5155 et
1757 5100 1857 5155 Ur-

271 5182 476 5244 bcvet.,
517 5177 825 5248 diripiebant
854 5176 1004 5248 illud.

340 5251 367 5291 δ
399 5250 546 5307 Edit.
574 5244 717 5314 ObL,
749 5246 921 5300 aliena
948 5244 1216 5314 diripiunt.

343 5332 365 5359 ε
396 5318 571 5374 Codd.
612 5308 894 5379 Urbevet.,
938 5308 1093 5369 hasi'l.
1144 5310 1360 5367 Mediol.
1410 5319 1467 5367 et
1499 5310 1666 5366 Mont.
1694 5308 1857 5373 Oliv.,

272 5390 568 5533 "afﬁgit;
587 5457 782 5525 legitur
811 5456 877 5533 in_
889 5453 1018 5509 edit.
1042 5452 1230 5533 Colon.
1256 5458 1310 5533 et
1329 5450 1450 5533 cod.
1480 5449 1676 5505 Montis
1694 5449 1854 5533 Oliv.,

274 5530 551 5583 Publicani
598 5520 964 5581 et'meretrices
993 5523 1279 5594 praecedent
1307 5537 1391 5574 vos
1418 5522 1472 5575 in
1502 5536 1659 5590 regno
1704 5520 1859 5575 cmlo-

269 5617 466 5721 Π’ἶῖἰιπι
495 5666 616 5722 cod.
645 5664 898 5720 Urbcvet.
926 5671 979 5718 et
998 5661 1149 5716 hasil.
1183 5660 1392 5715 Mediol.
1425 5667 1546 5729 post
1591 5658 1678 5713 illa
1700 5658 1861 5712 verba

282 5755 499 5812 regnum
523 5737 767 5793 calorum
793 5733 1165 5791 desiderantur
1186 5732 1394 5801 reliqua
1420 5744 1587 5799 usque
1617 5729 1683 5786 ad
1712 5729 1859 5784 haec:

1954 4408 2074 4448 rum
2100 4393 2192 4461 qui
2218 4392 2387 4448 otium
2428 4397 2481 4445 et
2508 4389 2742 4458 quietem
2770 4391 2783 4438 t
2827 4388 3075 4458 diligunt,
3108 4403 3279 4455 neque
3306 4388 3537 4456 negotiis

1960 4485 2322 4549 saecularibus,
2364 4497 2538 4552 neque
2587 4481 2816 4550 negotiis
2853 4480 3230 4536 ecclesiasticis
3268 4480 3534 4549 occupati,

1958 4593 2079 4647 qua:
2108 4577 2321 4631 illorum
2350 4576 2502 4646 quies
2529 4575 2653 4629 lecti
2683 4575 2900 4629 nomine
2922 4573 3214 4641 significata
3244 4580 3345 4627 est.
3388 4570 3537 4625 Alte-

1955 4683 2075 4723 rum
2101 4682 2291 4722 eorum
2320 4666 2411 4734 qui
2451 4666 2503 4719 in
2530 4665 2772 4734 plebibus
2795 4664 3075 4719 constituti
3098 4671 3357 4729 reguntur
3385 4676 3413 4714 a
3443 4660 3539 4714 do-

1958 4758 2217 4821 ctoribus,
2248 4766 2468 4825 agentes
2497 4772 2560 4810 ea
2594 4771 2713 4824 quae
2752 4764 2875 4810 sunt
2912 4754 3067 4823 hujus
3092 4753 3289 4817 szeculi,
3322 4766 3457 4820 quos
3483 4758 3563 4805 et'

1958 4849 2275 4904 feminarum
2297 4848 2512 4901 nomine
2534 4845 2870 4914 significavit,
2894 4845 3019 4912 quia
3041 4842 3299 4908 consiliis,
3323 4850 3381 4897 ut
3402 4842 3534 4906 dixi,

1961 4942 2258 5012 peritorum
2287 4939 2399 5006 regi
2420 4936 2635 5006 expedit
2663 4937 2759 4990 eis.
2787 4935 2853 4988 Et
2873 4934 3135 4989 molentes
3160 4932 3294 4989 dixit
3319 4942 3547 5003 propter

1963 5097 2368 5206 Ergojratres,
2403 5091 2649 5173 Natalem
2679 5088 2893 5144 Domini
2919 5089 3223 5160 suscepturi,
3255 5097 3361 5144 etc.

2090 5166 2129 5206 [εἴ
2170 5166 2208 5206 it
2257 5164 2394 5206 Cnlu
2423 5171 2664 5206 ηιιιρηιιι-

2087 5162 2230 5219 Edit.
2257 5164 2397 5227 Co|.,
2423 5162 2665 5233 quiescat.

2037 5248 2061 5283 κ
2085 5235 2184 5290 Hic
2209 5234 2366 5288 finem
2386 5226 2558 5286 habet
2584 5244 2763 5285 sermo
2792 5229 2845 5283 in
2866 5228 2987 5284 cod.
3009 5226 3190 5283 Casin.

2034 5305 2059 5342 ι*
2090 5304 2223 5359 Cod.
2251 5302 2498 5358 Urbevet.
2533 5300 2702 5366 addit,
2734 5298 2885 5353 Nihil
2906 5306 3074 5353 autem
3102 5298 3308 5368 prodest
3347 5298 3543 5368 fulgere

1963 5374 2203 5437 vestibus,
2234 5383 2282 5426 et
2320 5371 2528 5425 sordere
2554 5371 2788 5439 flagitiis.
2821 5369 2896 5423 Ita
2924 5368 3044 5425 cod.
3075 5369 3228 5424 basil.
3266 5368 3539 5439 imp._Me-

1964 5446 2115 5508 diol.,
2153 5436 2207 5498 et
2246 5443 2373 5498 edit.
2408 5436 2574 5493 Maur’.
2622 5436 2907 5507 Ambrosii,
2954 5453 3165 5494 necnon
3206 5436 3347 5493 cod.
3372 5436 3533 5489 Mont.

1965 5516 2102 5569 Oliv.

2048 5585 2057 5621 ί
2096 5584 2235 5639 idem
2266 5580 2385 5636 cod.
2420 5578 2584 5632 Mont.
2609 5578 2771 5644 Oliv.,
2802 5578 3068 5634 obscurum
3095 5587 3184 5631 est.

2044 5656 2055 5703 i
2089 5652 2217 5711 Cod.
2253 5649 2507 5705 Valliccll.
2537 5664 2592 5714 tt,
2626 5650 2863 5720 eligunh-
