4054 6190
500 300 610 356 555

1698 293 1753 349 S.
1796 291 2036 347 MAXIMI
2075 291 2524 348 TAURINENSIS

3656 296 3756 356 536

502 418 876 491 temporalium
922 417 1262 488 negotiorum
1310 417 1498 472 orbem
1554 422 1715 482 atque
1767 412 2070 468 circuitum.
2101 411 2149 470 A
2179 412 2417 466 virorum
2443 417 2754 468 sanctorum
2792 425 2930 481 quos
2973 410 3121 467 solos
3159 410 3470 492 liberandos
3511 410 3759 472 Ezechiel

499 512 645 577 Quas
666 521 846 569 tamen
867 511 924 565 in
945 526 1054 566 uno
1078 509 1343 564 molentes
1369 506 1522 569 dixit,
1546 505 1601 558 in
1621 511 1879 574 quantum
1905 501 1973 556 de
1995 502 2077 570 ip-

499 606 578 662 sis
601 604 762 658 rebus
801 610 856 658 et
900 602 1131 670 negotiis
1167 601 1277 655 suis
1312 600 1556 668 prmbent
1595 597 1778 652 usibus
1803 594 2073 650 Ecclesiae.

496 696 741 750 Tertium
785 709 976 748 eorum
1004 693 1095 761 qui
1125 699 1423 761 operantur
1457 689 1510 742 in
1542 687 1799 744 Ecclesia:
1838 687 2079 739 ministe—

499 783 604 847 rio,
638 792 891 850 tanquam
931 782 983 835 in
1008 795 1138 848 agro
1168 780 1295 846 Dei;
1325 779 1393 834 de
1421 794 1527 848 qua
1554 777 1667 846 agri
1695 777 1903 832 cultura
1932 775 2079 844 Apo-

498 875 669 928 stolus
700 873 952 941 loquitur.
982 871 1039 926 In
1063 873 1145 926 his
1173 885 1302 940 ergo
1323 871 1495 924 tribus
1521 870 1776 939 operibus
1799 869 1922 923 bina
1954 875 2081 921 sunt

503 974 526 1001 "
551 980 738 1020 rursus
776 977 974 1030 genera
1004 963 1281 1018 hominum
1308 962 1364 1016 in
1386 961 1627 1027 singulis,
1658 967 1713 1014 et
1741 973 1840 1029 pro
1879 957 2082 1013 robore

471 1070 715 1111 suarum
761 1055 955 1108 virium
1002 1055 1395 1109 discernuntur.
1427 1052 1562 1106 Cum
1591 1051 1734 1105 enitn
1781 1064 1970 1106 omnes
2013 1047 2080 1102 ad

499 1146 757 1202 Ecclesia:
787 1147 1030 1200 membra
1050 1133 1323 1215 pertinere
1345 1144 1648 1207 videantur,
1669 1141 1988 1196 adveniente
2009 1149 2084 1194 ta-

501 1252 625 1292 men
651 1237 949 1290 tcntatione
971 1235 1357 1297 tribulationis;
1377 1235 1540 1304 399
1560 1241 1617 1288 et
1636 1249 1700 1288 ex
1724 1233 1826 1286 illis
1843 1233 1934 1300 qui
1958 1240 2084 1286 sunt

503 1325 558 1378 in
600 1326 736 1391 otio,
768 1334 823 1379 et
850 1340 917 1380 ex
945 1326 1048 1380 illis
1069 1326 1161 1395 qui
1200 1333 1325 1380 sunt
1351 1325 1407 1378 in
1434 1324 1664 1392 negotiis
1706 1324 1906 1391 saeculi,
1933 1331 1988 1378 et
2015 1339 2084 1378 ex

504 1416 609 1470 illis
651 1417 740 1484 qui
779 1417 890 1472 Deo
930 1417 1268 1484 ministrant,
1307 1416 1361 1468 in
1399 1413 1639 1469 Ecclesia
1677 1414 1839 1484 aliqui
1877 1429 2086 1484 perma-

502 1515 655 1571 nent,
683 1508 848 1574 aliqui
875 1507 1090 1562 cadunt.
1110 1507 1224 1572 ,Qui
1254 1514 1573 1575 permanent
1598 1515 1961 1574 assumuntur,
1991 1507 2082 1575 qui

501 1595 701 1650 cadunt
743 1597 1136 1664 relinquuntur.
1169 1595 1312 1663 Ergo
1351 1612 1490 1652 unus
1518 1606 1840 1663 assumetur,
1863 1607 1918 1652 et
1948 1613 2085 1652 unus

501 1685 859 1755 relinquetur.
882 1686 1000 1741 Non
1026 1687 1181 1756 quasi
1201 1687 1270 1742 de
1293 1687 1502 1742 duobus
1521 1689 1830 1745 hominibus
1855 1691 2081 1751 dictum.

2181 503 2448 572 propheta
2492 502 2792 570 denuntiat,
2845 501 2978 569 Noe,
3023 502 3211 556 Daniel
3257 511 3311 556 et
3362 502 3483 556 Job.
3538 504 3759 560 Videtur

2179 594 2321 648 enim
2343 593 2448 648 hoc
2469 593 2741 662 pertinere
2769 592 2839 646 ad
2867 609 2962 648 eos
2981 609 3079 662 per
3103 607 3239 663 quos
3267 591 3510 648 Ecclesia
3533 597 3756 663 regitur,

2179 685 2319 739 sicut
2345 699 2442 754 per
2459 685 2606 738 illum
2629 685 2780 754 aquis
2799 699 2925 738 arca
2947 683 3241 752 gubernata
3260 692 3363 748 est,
3392 701 3514 754 qua:
3537 684 3757 755 ﬁguram

2179 776 2423 845 gestabat
2459 775 2730 831 Ecclesiar.
2762 775 2949 829 Daniel
2991 775 3155 845 400
3193 785 3394 841 autem,
3429 779 3558 846 quia
3599 780 3759 847 elegit

2180 868 2424 922 caelibem
2460 869 2646 931 vitam,
2679 867 2732 921 id
2759 873 2842 921 est
2879 866 3093 937 nuptias
3121 875 3364 922 terrenas
3400 873 3756 940 contempsit;

2181 969 2264 1026 ut,
2292 961 2430 1014 sicut
2456 959 2586 1014 dicit
2613 959 2927 1030 Apostolus,
2965 960 3082 1014 sine
3123 960 3490 1016 sollicitudine
3532 963 3757 1026 viveret,

2181 1055 2422 1122 cogitans
2449 1068 2568 1122 qua:
2607 1061 2732 1108 sunt
2774 1052 2887 1118 Dei,
2930 1067 3101 1120 genus
3142 1068 3333 1108 eorum
3377 1053 3643 1122 significat
3672 1056 3762 1123 qui

2181 1152 2307 1200 sunt
2327 1145 2381 1198 in
2402 1145 2537 1210 otio,
2564 1143 2658 1198 sed
2680 1151 2861 1198 tamen
2882 1141 3159 1198 fortissimi
3178 1144 3230 1198 in
3253 1146 3683 1213 tempestatibus,
3707 1155 3765 1199 ut

2181 1237 2392 1307 possint
2410 1235 2627 1289 assumi.
2656 1233 2758 1289 Job
2779 1241 2980 1302 autem,
3002 1234 3132 1303 quia
3147 1241 3203 1288 et
3229 1249 3455 1288 uxorem
3479 1235 3690 1302 habuit,
3709 1245 3763 1290 et

2184 1326 2340 1392 lilios,
2373 1334 2427 1380 et
2454 1325 2660 1394 amplas
2687 1331 3024 1378 terrenarum
3071 1339 3252 1378 rerum
3283 1325 3487 1394 c0pias,
3520 1325 3588 1379 ad
3634 1325 3762 1379 illud

2182 1431 2350 1486 genus
2376 1417 2613 1487 pertinet
2640 1415 2726 1470 cui
2754 1413 3129 1468 molendinnm
3173 1414 3490 1483 deputatum
3527 1425 3638 1480 est,
3670 1417 3761 1470 sed

2185 1520 2368 1565 tamen
2395 1519 2453 1564 ut
2480 1509 2586 1562 sint
2614 1507 2894 1562 fortissimi
2914 1506 2967 1559 in
2997 1517 3018 1544 ο
3044 1505 3468 1576 tempestatibus,
3500 1507 3641 1561 sicut
3666 1506 3762 1561 fuit

2185 1602 2294 1656 ille.
2329 1601 2447 1656 Non
2476 1600 2633 1653 aliter
2660 1597 2858 1653 assumi
2902 1604 3176 1665 poterunt.
3209 1596 3317 1650 Nec
3345 1604 3478 1666 puto
3503 1597 3608 1650 alia
3647 1613 3762 1653 esse

2185 1705 2383 1758 genera
2411 1689 2690 1744 hominum
2734 1687 2927 1756 quibus
2971 1682 2997 1721 ά
3046 1694 3263 1740 constat
3305 1685 3574 1753 Ecclesia,
3604 1702 3762 1756 quam

502 1778 600 1833 sed
653 1778 724 1833 de
769 1780 980 1835 duobus
1027 1781 1314 1847 generibus
1361 1781 1706 1836 aﬂ'ectionum
1753 1784 1809 1837 in
1860 1784 2084 1852 singulis
2115 1777 2158 1836 Β
2187 1783 2287 1836 ista
2313 1781 2416 1835 tria
2445 1778 2701 1834 habentia
2737 1777 2892 1832 binas
2919 1773 3267 1842 differentias,
3302 1786 3527 1846 prepter
3555 1792 3764 1833 assum-

501 1871 789 1939 generibus
828 1870 854 1908 b
902 1871 1060 1926 trium
1099 1869 1462 1926 aﬂectionum.
1514 1871 1573 1927 In
1619 1873 1709 1927 illa
1752 1883 1913 1928 nocte
1953 1887 2083 1940 ergo

500 1959 656 2026 dixit,
689 1960 742 2014 in
772 1960 862 2014 illa
902 1961 1273 2018 tribulatione.
1305 1961 1387 2016 Ad
1426 1962 1541 2032 ipsa
1579 1963 1682 2018 tria
1723 1976 1922 2032 genera
1963 1979 2084 2032 qua:

503 2059 850 2106 assumuntur
871 2052 1111 2114 arbitror
1133 2054 1406 2123 pertinere
1427 2055 1589 2109 etiam
1611 2053 1716 2109 tria
1744 2055 1834 2109 illa
1862 2057 2080 2112 nomina

2192 1875 2434 1944 ptionem
2462 1878 2518 1926 et
2544 1869 2913 1932 relictionem,
2955 1867 3202 1936 quamvis
3232 1868 3285 1922 in
3326 1868 3549 1936 singulis
3587 1870 3764 1924 multae

2189 1964 2488 2020 studiorum
2534 1961 2981 2027 voluntatumque
3027 1957 3369 2012 diversitates
3421 1958 3489 2012 ad
3533 1975 3761 2016 concor-

2188 2056 2331 2110 diam
2356 2053 2726 2120 unitatemque
2753 2056 3139 2107 concurrentes
3161 2056 3387 2119 possunt
3413 2049 3659 2106 inveniri.

1922 2148 2191 2210 SERMO
2231 2148 2342 2210 Ill.

1797 2246 1877 2301 De
1897 2250 2165 2303 nativitate
2183 2247 2396 2303 Domini
2423 2244 2470 2298 I.

1912 2337 2302 2392 ADMONITIO.

578 2427 691 2509 Etsi
721 2431 1220 2510 tertius'hicsert‘no
1245 2428 1614 2510 eserinonibus
1635 2431 1952 2510 diversorum
1976 2429 2217 2510 Patrum,
2239 2433 2464 2510 magcime
2484 2447 2602 2510 vero
2626 2428 2923 2497 Augustini,
2943 2427 3252 2495 compilatus
3280 2427 3766 2510 dqctissin‘iis‘hlau-

501 2497 632 2554 riuis
657 2498 709 2552 in
738 2499 868 2552 edit.
913 2499 1081 2557 Paris.
1113 2498 1160 2554 0
1235 2538 1248 2552 .
1281 2499 1338 2552 S.
1364 2500 1611 2554 Ambros.
1648 2507 1781 2554 tom.
1812 2499 1858 2566 l,
1884 2513 2005 2568 pag.
2038 2499 2166 2569 594,
2196 2496 2285 2554 an.
2320 2500 2456 2554 1690
2487 2496 2760 2561 videatur,
2794 2513 2892 2550 nos
2921 2508 3098 2550 tamen
3131 2513 3295 2551 unum
3325 2496 3486 2551 fuisse
3509 2497 3565 2550 S.
3598 2497 3767 2551 Maxi-

502 2583 648 2621 mutn
678 2566 794 2621 eius
822 2577 1119 2621 auctorem.
1151 2515 1375 2621 Egenter
1402 2567 1613 2621 defendi
1642 2585 1802 2621 nosse
1829 2578 2068 2621 veterum
2109 2571 2354 2621 codicum
2403 2585 2630 2621 numero
2669 2568 3056 2621 existimamus.
3087 2565 3207 2620 Jam
3251 2583 3381 2621 vero
3421 2565 3767 2621 nrtcseferunt

502 2583 648 2622 mum
678 2566 794 2635 ejus
822 2577 1119 2636 auctorem,
1151 2566 1375 2622 ﬁdenter
1402 2567 1613 2622 defendi

503 2637 904 2706 iuscriptionem
934 2637 1238 2706 hujusmodi
1273 2656 1284 2689 :
1319 2637 1501 2691 Sermo
1531 2636 1590 2691 S.

1679 2585 1802 2624 osse
1829 2565 2068 2623 veterum
2109 2565 2354 2626 codicum
2403 2585 2630 2630 numero
2669 2568 3056 2624 existimamus.
3087 2565 3207 2620 Jam
3251 2583 3381 2622 vero

1687 2640 1847 2692 aximi
1872 2639 2111 2710 episcopi
2127 2640 2261 2693 unde
2289 2658 2469 2702 supra,
2496 2637 3018 2710 codiccsVaticanus
3046 2635 3187 2710 .822
3213 2651 3332 2710 pag.
3365 2635 3456 2710 ξύ,
3486 2636 3769 2710 S.__Crucis

3421 2565 3770 2634 prmseferunt

504 2707 556 2760 in
582 2704 877 2762 Jerusalem
909 2706 977 2760 99
1006 2704 1168 2762 serm.
1201 2707 1290 2777 12ἱ
1316 2707 1693 2763 Vallicellanus
1720 2725 1772 2762 νι
1801 2704 1920 2777 pag.
1956 2704 2380 2772 56,'Casineusis
2421 2710 2520 2762 106
2548 2722 2669 2776 pag.
2703 2705 2805 2758 122
2825 2722 2853 2759 a
2883 2714 3054 2777 tergo,
3086 2704 3339 2760 Lucensis
3354 2706 3533 2777 _8l,_et
3555 2707 3767 2777 Neapo-

503 2777 893 2847 litanussancti
919 2777 1142 2832 Joannis
1171 2777 1234 2830 ad
1261 2776 1665 2831 Carbonariam.
1691 2774 2093 2844 Quit—“Nonne
2123 2779 2402 2847 Augustini
2431 2774 2724 2847 sententias
2748 2776 2920 2847 sequi,
2952 2785 3006 2829 et
3047 2791 3318 2846 exponere
3347 2774 3404 2830 S.
3433 2774 3770 2832 Maximo'fas

506 2847 640 2919 luit?_
667 2845 723 2900 id
753 2848 1106 2919 diciqquidem
1135 2847 1202 2900 de
1230 2847 1471 2919 Maximo
1494 2857 1687 2919 potest,
1729 2849 1820 2916 qui
1848 2848 2120 2919 posterior
2146 2845 2304 2908 artato
2350 2849 2643 2919 Augustino
2672 2845 2769 2919 iuit
2790 2846 2902 2919 ;_Ade
2938 2845 3222 2919 Ambrosio
3247 2855 3445 2919 autem,
3471 2861 3634 2914 quem
3665 2848 3772 2919 Auf

503 2917 745 2981 gustinus
775 2916 992 2982 audivit,
1027 2933 1132 2970 non
1163 2924 1359 2985 potest.
1393 2916 1570 2970 Nihilo
1600 2927 1778 2970 tamen
1801 2919 1978 2971 minus
2006 2916 2150 2974 idem
2178 2934 2356 2972 sermo
2396 2919 2449 2974 in
2487 2917 2544 2972 S.
2573 2916 2842 2972 Ambrosii
2869 2916 3211 2974 sermonibus
3236 2917 3539 2972 collocatus
3563 2932 3714 2972 nunt.
3739 2917 3772 2972 Δ

502 2985 761 3040 cernitur.

505 3076 896 3129 AltGUMI-SNTUII.
944 3108 1015 3147 -έ
1061 3074 1342 3147 Multiplici
1386 3077 1732 3146 explicatione
1775 3095 1807 3147 α
1851 3077 2088 3132 Maximo
2115 3079 2159 3140 C
2192 3079 2333 3147 Ergo
2363 3079 2414 3136 in
2439 3077 2716 3134 nativitate
2742 3076 2949 3132 Domini
2978 3073 3190 3147 proﬁcit
3209 3076 3342 3131 dies.
3367 3077 3483 3132 Non
3507 3079 3698 3132 mirum
3726 3078 3770 3132 si

574 3152 895 3216 erornantur
932 3146 1024 3198 illa
1052 3145 1270 3200 Joannis
1292 3145 1543 3216 Baptista:
1569 3147 1721 3200 verba
1746 3146 1810 3200 de
1833 3147 2038 3204 Christo
2067 3165 2086 3202 :

574 3213 726 3288 illum
757 3223 974 3288 oportet
1001 3230 1270 3288 crescere,
1314 3213 1404 3288 me
1442 3224 1634 3288 autem
1674 3217 1875 3288 minui;
1929 3235 2091 3288 eaque

575 3286 799 3360 perfecte
823 3287 876 3338 in
901 3283 1092 3339 Christi
1112 3285 1324 3339 Domini
1339 3286 1605 3340 nativitate
1625 3287 1906 3357 adimpleta
1930 3283 2090 3360 fuisse

575 3355 1016 3410 demonstrantur.

575 3529 777 3586 Verum
797 3539 880 3586 est
903 3531 1046 3600 quod
1069 3531 1146 3585 ait
1172 3530 1228 3586 S.
1251 3529 1486 3588 Joannes
1508 3531 1747 3603 Baptista
1774 3533 1842 3588 de
1860 3533 2090 3590 Domino

504 3623 808 3686 Salvatore,
846 3621 1028 3678 dicens
1060 3641 1073 3676 :
1107 3621 1262 3677 Illum
1293 3631 1492 3689 oportet
1520 3641 1764 3690 crescere,
1803 3641 1886 3678 me
1920 3635 2091 3679 autem

507 3715 669 3770 minui
694 3715 876 3787 (Joan.
900 3730 975 3780 ιιι,
1007 3713 1116 3784 50).
1141 3713 1416 3784 Siquidem
1444 3715 1549 3770 hoc
1573 3716 1803 3785 primum
1827 3716 1987 3773 etiam
2017 3718 2093 3786 ip-

507 3801 582 3857 sis
611 3804 942 3874 temporibus
967 3813 991 3841 ο
1015 3804 1365 3874 approbatur.
1393 3803 1532 3860 Ecce
1555 3806 1696 3859 enim
1726 3807 1778 3859 in
1811 3807 2093 3872 nativitate

507 3890 706 3948 ChriSti
734 3892 851 3946 dies
895 3893 1109 3956 crescit,
1139 3900 1196 3948 et
1237 3891 1458 3946 Joannis
1495 3895 1777 3949 nativitate
1804 3895 2086 3951 decrescit.

507 3979 604 4035 Illo
633 3982 842 4034 oriente
870 3981 961 4034 lux
989 3981 1218 4050 prolicit,
1250 3982 1354 4036 hoc
1381 3990 1637 4037 nascente
1664 3983 1938 4040 minuitur.
1969 3986 2087 4057 Ipsa

509 4071 652 4124 enim
674 4070 1068 4141 quodammodo
1087 4078 1331 4141 tempora
1353 4071 1662 4127 famulantia
1684 4075 1924 4144 partibus
1943 4077 2051 4134 suis
2073 4097 2085 4130 :

509 4176 630 4216 cum
670 4161 1048 4216 detrimentum
1090 4162 1310 4227 faciunt,
1354 4179 1544 4217 servus
1583 4164 1847 4232 gignitur;
1901 4165 1920 4204 ί
1966 4183 2090 4223 cum

509 4261 686 4310 autem
710 4253 966 4308 Dominus
989 4255 1242 4320 nascitur,
1265 4265 1666 4328 consequuntur
1684 4267 2084 4326 augumcntum.

515 4344 821 4400 Profectum
851 4346 1009 4416 plane
1059 4348 1259 4404 faciunt
1297 4349 1415 4406 dies
1455 4367 1573 4406 cum
1603 4352 1788 4408 mundi
1839 4351 2089 4412 Salvator

2192 3167 2405 3240 prolicit
2431 3168 2546 3222 dies
2575 3168 2626 3222 in
2653 3183 2760 3238 qua
2788 3183 2960 3222 novus
2981 3166 3200 3236 justitia:
3229 3166 3324 3223 Sol
3355 3177 3623 3224 coruscat.
3655 3168 3769 3223 Non

2191 3261 2385 3315 mirum
2424 3260 2469 3314 si
2496 3258 2710 3329 prolicit
2737 3259 2850 3314 dies
2889 3255 2917 3295 ιι
2959 3273 3119 3327 quam
3167 3259 3596 3330 splendidissima
3631 3259 3648 3298 ί
3682 3261 3770 3315 lux

2190 3352 2435 3407 veritatis
2469 3352 2750 3406 illuminat.
2783 3351 2872 3404 Ait
2899 3352 3042 3405 enim
3088 3353 3413 3420 evangelista
3460 3352 3528 3407 de
3554 3352 3766 3408 Christo

2192 3442 2420 3496 Domino
2453 3459 2466 3494 :
2498 3440 2648 3494 Erat.
2670 3442 2762 3496 lux
2788 3458 2906 3495 vero
2946 3458 3060 3512 qua:
3089 3443 3347 3496 illuminat
3370 3459 3574 3497 onmem
3603 3445 3765 3498 homi-

2191 3549 2308 3585 nem
2338 3531 2519 3598 (Joan.
2568 3532 2628 3600 ι).
2661 3531 2848 3600 lgitur,
2885 3531 2929 3585 si
2979 3543 3098 3586 erat
3144 3532 3235 3586 lux
3291 3548 3416 3586 vera
3469 3548 3591 3602 qua:
3651 3534 3768 3588 illu-

2191 3622 2362 3675 minat
2413 3636 2628 3676 omnem
2685 3621 2987 3686 hominem,
3029 3625 3046 3672 t
3083 3637 3179 3676 cur
3213 3621 3372 3695 501
3421 3637 3530 3677 non
3577 3624 3769 3678 illumi-

2193 3720 2346 3768 naret
2390 3712 2685 3767 mundum?
2727 3713 2904 3780 Atque
2951 3712 3071 3766 ideo
3125 3711 3242 3766 dies
3279 3727 3396 3781 qua:
3445 3713 3620 3770 lucem
3670 3716 3766 3768 hu-

2193 3821 2354 3862 mano
2397 3805 2579 3874 generi
2611 3804 2845 3876 peperit,
2871 3805 3018 3894 prius
3055 3806 3170 3875 ipsa
3203 3806 3382 3868 eidem
3409 3807 3541 3862 lucis
3569 3806 3770 3876 fulgore

2191 3893 2557 3963 resplenduit,
2603 3903 2659 3948 et
2702 3893 2960 3949 conclusa
3000 3894 3111 3963 jam
3157 3897 3330 3966 spatia
3383 3913 3478 3951 sua
3535 3899 3767 3952 noctium

2189 3987 2464 4052 tenebris,
2525 3986 2810 4042 dominicae
2862 3988 2994 4048 lucis
3043 3990 3218 4044 nitore
3271 3989 3542 4048 discussit.
3597 3993 3767 4049 Occu-

2190 4086 2414 4148 paverat
2442 4081 2586 4134 enim
2610 4087 2781 4136 totam
2809 4081 2948 4137 diem
2998 4083 3236 4136 noctium
3266 4083 3567 4153 longitudo,
3597 4086 3694 4140 nisi
3719 4087 3770 4140 in

2193 4169 2304 4239 ipsa
2334 4169 2440 4224 diei
2469 4171 2732 4225 brevitate
2776 4169 2800 4207 ι
2842 4171 3188 4240 ρτςιξΐιιιείεδθι
3235 4173 3498 4229 adventus
3534 4174 3651 4243 ejus
3680 4177 3770 4247 qui

2191 4267 2313 4314 ortu
2341 4275 2438 4317 suo
2467 4261 2684 4315 humani
2713 4262 2926 4329 generis
2951 4271 3297 4331 peccatorum
3329 4265 3577 4321 tenebras
3599 4266 3771 4322 discu-

2191 4353 2301 4406 tit:
2348 4353 2420 4406 ita
2461 4361 2517 4407 et
2556 4353 2662 4408 diei
2705 4354 3002 4409 nativitatis
3047 4371 3158 4410 sum
3194 4358 3479 4426 caligiuum
3525 4360 3770 4414 tenebras

510 4437 700 4503 oritur,
731 4436 995 4491 defectum
1023 4438 1222 4507 patitur
1250 4454 1371 4494 cum
1393 4441 1610 4496 ultimus
1636 4442 1897 4510 propheta
1926 4455 2091 4510 genc-
2122 4445 2169 4504 D
2194 4446 2509 4516 amputavit,
2535 4455 2592 4502 et
2628 4464 2736 4505 uno
2762 4449 3063 4521 eodemque
3095 4461 3218 4507 ortu
3250 4453 3424 4509 lucem
3454 4456 3654 4524 pariter
3689 4457 3770 4510 in-

510 4536 677 4582 ratur.
711 4525 978 4596 Scriptum
1008 4535 1091 4582 est
1118 4529 1258 4584 enim
1294 4546 1305 4581 :
1345 4528 1452 4584 Lex
1478 4540 1526 4584 et
1547 4532 1808 4600 praphetw
1841 4549 1998 4603 usque
2025 4534 2095 4589 ad

510 4618 766 4676 Joannem
798 4616 949 4688 (Luc.
983 4617 1114 4686 xvx).
1147 4618 1323 4686 Atque
1354 4619 1475 4674 ideo
1503 4635 1726 4676 necesse
1761 4631 1879 4676 erat
1906 4630 1967 4677 ut
1993 4624 2092 4682 ob-

512 4719 819 4768 scuraretur
848 4709 981 4778 legis
1008 4709 1332 4776 observatio,
1359 4720 1382 4758 8
1407 4711 1495 4766 ubi
1521 4713 1786 4776 evocatio,
1810 4714 1899 4768 ubi
1924 4713 2096 4769 Evan-

512 4803 634 4870 gelii
664 4803 836 4870 gratia
864 4801 1192 4870 refulgebat;
1225 4811 1280 4858 et
1306 4811 1543 4858 cessaret
1569 4805 1852 4874 prophetia
1886 4804 2094 4862 Veteris

513 4890 862 4961 Tcstamenti,
892 4909 1016 4949 cum
1044 4893 1182 4956 Novi
1205 4893 1533 4948 Testamenti
1560 4895 1730 4963 gloria
1749 4899 2088 4954 succedebat.

587 5015 610 5040 ⁸
634 5006 766 5060 Cod.
788 5007 960 5062 Vatic.
989 5005 1160 5059 Palat.
1189 5005 1388 5058 omittit
1415 5021 1613 5060 rursus.

587 5075 613 5112 ιι
643 5074 1113 5150 Cod.__Vat.__Reg._
1128 5074 1248 5150 125,
1271 5077 1325 5128 in
1354 5077 1570 5150 singulis
1593 5078 1860 5148 generibus
1887 5081 2092 5150 profes-

514 5146 737 5222 sionum.
768 5143 902 5198 Cod.
929 5145 1048 5198 Vat.
1081 5144 1250 5200 Palat.
1282 5156 1338 5200 et
1381 5143 1565 5202 Vallic.
1593 5143 1654 5212 ii,
1695 5149 1850 5201 trium
1887 5143 2095 5222 profes-

514 5231 732 5268 stonum.

589 5295 610 5322 ε
643 5279 777 5338 Cod.
807 5282 1093 5346 Vallicell.,
1121 5285 1177 5336 in
1206 5286 1590 5340 tentationibus.

587 5351 616 5392 δ
643 5353 779 5408 Cod.
810 5352 932 5406 Vat.
971 5350 1164 5416 Palat,
1197 5365 1410 5408 constet.

589 5436 611 5498 ς
634 5421 957 5498 godd._Va_t_.
1157 5430 1213 5476 et
1235 5424 1520 5498 Vallicell.,
1547 5427 1872 5498 approbatur.

591 5493 610 5532 ί
635 5491 769 5547 Cod.
810 5491 1092 5555 Vallicell.,
1123 5508 1238 5544 cum
1265 5493 1403 5548 Deus
1433 5491 1681 5552 nascitur.

585 5573 610 5610 ε
642 5562 772 5616 Cod.
801 5561 1060 5616 Vallicell.
1093 5562 1292 5615 omittit
1322 5579 1484 5620 voces
1511 5568 1597 5621 ubi
1626 5570 1873 5624 evocatio.

588 5632 612 5670 ¹ι
647 5631 888 5705 Sttpplct
907 5632 1034 5705 cod.
1063 5629 1234 5705 _99‘S.
1265 5631 1452 5705 Crucis
1494 5637 1546 5689 in
1587 5636 1728 5705 Jer.;
1761 5637 2091 5705 concordant

515 5702 683 5762 Codd.
714 5697 834 5758 vat.
865 5701 1020 5767 ηεξ,
1049 5700 1228 5756 Casin.
1253 5711 1307 5755 et
1328 5701 1584 5760 Valliccll.

2199 4537 2318 4591 tulit
2356 4545 2410 4591 et
2449 4538 2789 4606 hominibus,
2820 4547 2875 4594 et
2909 4541 3115 4605 diebus.
3153 4541 3302 4598 Unde
3337 4560 3444 4600 non
3473 4554 3556 4600 est
3581 4547 3768 4601 mirum

2195 4626 2238 4679 si
2267 4627 2462 4681 crescit
2487 4627 2603 4682 dies
2631 4643 2749 4696 qua:
2773 4630 2986 4697 gemino
3024 4630 3036 4668 ¹
3074 4631 3295 4700 fulgoris
3315 4636 3599 4704 splendore
3623 4639 3774 4692 vcsti-
3866 4665 3885 4678 ο

2197 4725 2298 4770 tur.
2319 4717 2426 4772 Sed
2449 4718 2725 4778 videamus
2745 4719 2920 4776 adhuc
2947 4724 3220 4792 quomodo
3247 4725 3504 4782 Dominus
3530 4728 3776 4785 Salvator

2193 4815 2424 4876 crescat,
2469 4808 2704 4866 Joannes
2749 4810 2988 4881 Baptista
3037 4814 3328 4872 decrescat.
3373 4829 3410 4854 ιο
3454 4819 3694 4875 Diximus
3721 4823 3772 4877 in

2193 4901 2560 4970 superioribus
2585 4903 2728 4973 quod
2755 4905 2968 4973 quidem
2989 4905 3224 4964 Joannes
3251 4909 3475 4978 ﬁguram
3497 4913 3628 4982 legis
3646 4930 3774 4984 pro.

2279 5010 2292 5047 ί
2325 5010 2460 5066 Cod.
2485 5013 2771 5079 Vallicell.,
2795 5017 2885 5070 lux
2914 5020 3142 5074 veritatis
3161 5021 3482 5077 illuminavit.
3516 5023 3601 5078 Ita
3629 5045 3777 5081 evan-

2200 5081 2398 5204 gelida.
2414 5083 2477 5136 de
2498 5081 2703 5169 Christo
2733 5090 2827 5154 ait,
2851 5096 2953 5142 etc.
2979 5089 3112 5170 Cod.
3137 5089 3192 5144 S.
3216 5090 3371 5148 Joan.
3402 5094 3468 5146 ad
3496 5094 3728 5152 Carbon.
3757 5117 3770 5150 :

2235 5161 2286 5202 ta
2313 5169 2450 5204 enim
2469 5156 2779 5204 evanaelism
2807 5157 2872 5204 de
2897 5157 3098 5204 Christo
3133 5159 3352 5204 Dmm’nn
3383 5167 3456 5204 ηδε
3491 5182 3502 5192 -
3538 5164 3666 5204 Ρνηι
3689 5170 3770 5204 1...-

2235 5161 2286 5202 ta
2313 5153 2450 5206 enim
2469 5156 2779 5224 evangelista
2807 5157 2872 5209 de
2897 5157 3098 5216 Christo
3129 5159 3352 5216 Domino
3382 5167 3456 5217 ait
3485 5182 3502 5220 ε
3535 5164 3666 5219 Erat
3687 5170 3774 5221 lux

2199 5238 2335 5302 vera,
2369 5232 2474 5278 etc.
2505 5222 2565 5277 Si
2585 5222 2854 5302 ergouerat
2889 5228 2978 5284 lux
3014 5246 3128 5300 qua!
3168 5233 3425 5286 illuminat
3451 5252 3656 5292 omnem
3680 5243 3772 5292 ho-

2200 5296 2410 5368 minem,
2438 5309 2529 5346 cur
2555 5296 2658 5368 non
2679 5296 2996 5368 illuminant
3019 5296 3066 5351 et
3096 5303 3384 5355 mundum?

2271 5362 2285 5440 ι
2324 5362 2479 5440 lilern
2498 5363 2616 5440 cod.
2646 5367 2752 5440 qui
2765 5377 3031 5440 supra,Aet
3059 5372 3362 5440 superiores
3390 5389 3599 5430 omnes.

2269 5438 2291 5468 ⁸
2332 5431 2502 5515 Codd.
2537 5431 2906 5515 Vati—1:267‘et
2935 5431 3139 5515 Casin.;
3171 5438 3515 5515 106,:Christi
3544 5447 3767 5515 refulsit.

2195 5503 2665 5584 set‘ucl‘tventusqui
2695 5507 2831 5584 sicut
2852 5517 3087 5584 ohrtttsuo
3113 5503 3324 5565 humani
3354 5516 3576 5584 generis,
3599 5503 3704 5572 etc.

2273 5571 2554 5667 ξ
2579 5571 2732 5634 Joan.
2765 5575 2836 5634 ad
2863 5575 3121 5667 Cat‘bom,
3144 5584 3343 5652 gemino
3354 5571 3668 5653 vspleudoris
3684 5571 3779 5658 [ιιι.

2195 5661 2317 5714 gare
2345 5653 2572 5714 uestitur.

2268 5723 2304 5748 ιη
2346 5711 2529 5774 Codex
2556 5713 2733 5772 Casin.
2766 5715 2910 5772 addit
2941 5718 3021 5774 Si.
