4054 6190
239 334 338 391 537

1691 337 1922 394 SEKHO
1958 340 2043 395 iV.

3402 354 3505 415 538

235 452 628 522 phetarumque
648 451 909 519 gestavit;
941 466 1159 507 necesse
1180 460 1297 506 erat
1325 465 1453 519 ergo
1481 462 1541 506 ut
1567 453 1820 509 deficeret
1847 460 1897 516 Α
1925 456 1999 510 illi
2032 456 2281 512 universa
2311 458 2655 516 lamulantor.
2690 462 2820 517 Cum
2852 473 3029 520 autem
3064 466 3297 524 Joannes
3317 476 3500 529 conci-

232 545 344 607 lex,
391 542 681 611 Evangelio
728 551 1063 608 coruscante,
1087 552 1143 599 et
1187 545 1521 599 minueretur
1565 544 1819 601 Judaicus

233 636 488 705 populus,
520 635 719 707 populo
762 634 1068 690 Christiano
1097 644 1370 704 surgente.
1397 636 1526 702 Quis
1553 638 1695 691 enim
1722 636 1823 690 du-

234 727 374 781 bitat
402 726 469 781 de
499 728 778 781 uativitate
807 726 1018 781 Domini
1050 727 1349 799 Syuagogtc
1394 745 1511 784 esse
1539 732 1818 784 conventi-

233 819 353 873 cula
384 825 607 872 vacuata
626 857 638 880 ,
676 818 877 885 plebcs’
898 820 1279 887 multiplicatas
1313 818 1593 887 Ecclesiae,
1632 828 1687 875 ct
1715 821 1819 874 mi-

232 922 350 961 rum
396 907 450 959 in
497 907 712 960 modum
743 907 982 974 quotidie
1028 906 1297 962 Christum
1345 925 1441 979 per
1485 908 1819 966 Christianos

229 1012 356 1051 suos
384 1013 649 1064 crescere,
681 996 941 1052 Joannem
971 998 1136 1053 minui
1180 1016 1277 1069 per
1302 998 1545 1064 Judmos;
1579 1017 1676 1055 nos
1705 1000 1816 1056 diei

227 1089 486 1143 dominici
509 1088 791 1158 splendore
822 1089 1042 1157 fulgere,
1075 1091 1194 1145 illos
1223 1090 1550 1146 obscuritate
1579 1095 1816 1148 noctium

228 1179 514 1233 laborare?
539 1180 649 1235 Nox
682 1180 824 1235 enim
853 1196 1015 1250 super
1041 1179 1251 1236 Judasos
1272 1182 1669 1251 quodammodo
1697 1201 1816 1239 ma-

222 1269 313 1339 jor
339 1271 603 1336 incubuit,
651 1286 715 1325 ex
747 1286 856 1340 quo
885 1271 1138 1326 dixerunt
1176 1272 1244 1325 de
1294 1288 1423 1327 nece
1474 1272 1767 1328 Salvatoris
1798 1291 1811 1327 :

225 1361 464 1432 Sanguis
511 1371 538 1398 ι
592 1362 743 1432 hujus
795 1380 948 1433 super
991 1379 1087 1417 nos
1137 1372 1188 1417 et
1223 1380 1377 1433 super
1417 1364 1555 1433 ﬁlios
1612 1372 1813 1418 nostros

226 1451 444 1517 (Matth.
469 1454 655 1522 xxvu).
686 1453 974 1523 Maioribus
994 1456 1151 1524 plane
1172 1464 1297 1510 sunt
1319 1456 1553 1511 noctium
1578 1455 1815 1510 tenebris

223 1544 518 1609 obscurati,
538 1560 600 1598 ex
619 1560 725 1614 quo
746 1548 923 1601 conati
954 1556 1078 1601 sunt
1100 1547 1243 1602 diem
1272 1548 1515 1601 veritatis
1542 1548 1811 1602 occidere.

221 1633 336 1689 Hoc
385 1643 569 1688 autem
600 1636 742 1705 quod
770 1637 1015 1703 dicimus,
1046 1647 1104 1692 ut
1131 1639 1312 1693 verius
1360 1638 1660 1708 approbare
1687 1652 1815 1707 pos-

220 1726 411 1792 simus,
461 1727 736 1795 utriusque
778 1729 1111 1784 nativitatem
1164 1731 1397 1785 breviter
1450 1745 1809 1799 exponamus.

220 1905 422 1972 angeli.
466 1915 712 1975 pastores
742 1911 1078 1978 pervigilant,
1120 1913 1259 1979 magi
1317 1913 1626 1976 adveniunt,
1658 1914 1811 1968 stella

218 1997 494 2066 praecedit,
520 2008 575 2053 et
596 2009 787 2055 cuncta
814 2018 933 2071 quae
962 2012 1087 2055 sunt
1116 2003 1168 2056 in
1200 2003 1350 2057 caelis
1389 2004 1656 2073 terrisque
1688 2004 1811 2074 pul-

218 2085 487 2142 cherrima
537 2089 637 2158 ipsi
669 2089 897 2145 Domino
926 2090 1256 2146 deferuntur.
1302 2093 1625 2149 Deferuntur
1664 2096 1807 2149 enim

216 2176 288 2232 illi
312 2178 488 2246 gloria
534 2196 633 2249 per
659 2182 899 2248 angelos,
950 2182 1165 2236 claritas
1203 2198 1301 2252 per
1345 2185 1587 2251 stellam,
1619 2185 1808 2253 religio

214 2284 309 2339 per
329 2284 545 2339 magos,
576 2272 891 2340 simplicitas
932 2288 1030 2343 per
1050 2282 1329 2343 pastores;
1379 2283 1435 2329 et
1481 2274 1623 2344 quod
1669 2274 1809 2343 apud

215 2360 385 2429 ipsum
411 2362 587 2416 solum
613 2362 793 2418 futura
820 2374 1001 2419 essent
1029 2365 1143 2420 hazc
1173 2366 1351 2421 omnia
1369 2409 1383 2433 ,
1412 2366 1536 2420 ideo
1564 2366 1807 2419 nascenti

1923 553 2086 629 pitur,
2112 553 2398 608 Zacharias
2427 557 2770 627 obmutescit,
2796 561 3049 615 solemnis
3071 566 3387 619 conticescit
3416 584 3502 621 sa-

1922 646 2133 710 cerdos,
2192 646 2464 702 Elisabcth
2518 660 2690 723 mater
2726 653 3071 709 absconditur
3110 656 3165 721 l';
3198 659 3502 726 significans

1921 743 2044 803 post
2074 744 2251 789 ortum
2283 753 2437 791 suum
2461 740 2591 806 legis
2620 742 2917 808 silentium,
2943 747 3283 801 amissionem
3320 764 3500 803 sacer-

1920 824 2079 891 dotii,
2129 827 2361 881 latebras
2401 828 2715 899 Synagogae.
2776 833 3000 887 Dubium
3051 847 3227 890 autem
3266 854 3371 891 non
3416 846 3499 892 est

1924 927 1948 954 ο
1971 918 2111 985 quod
2124 918 2357 973 Joannes
2384 929 2539 973 natus
2556 919 2972 991 Phariswisjusti
2982 927 3104 979 tiam
3127 928 3256 995 legis
3273 929 3497 983 abstule—
3576 990 3591 1002 ,

1916 1006 2006 1071 rit,
2038 1005 2063 1043 ἀ
2095 1008 2235 1077 quod
2256 1017 2550 1078 conceptus
2577 1013 2716 1079 patri
2747 1014 2965 1067 abstulit
2993 1018 3136 1070 vocis
3158 1020 3493 1088 obsequium.

1916 1097 2124 1152 Crescit
2145 1099 2303 1166 igitur
2330 1099 2587 1155 Dominus
2613 1117 2846 1171 semper,
2878 1104 3110 1160 Joannes
3142 1108 3372 1177 Baptista
3397 1110 3495 1163 mi-

1916 1189 2115 1242 nuitur.
2149 1189 2264 1242 Non
2290 1190 2410 1245 ideo
2427 1192 2684 1247 minuitur
2709 1194 2851 1261 quod
2881 1197 3083 1250 meritis
3113 1198 3306 1267 aliquid
3336 1201 3494 1253 dero-

1916 1286 2090 1346 getur,
2123 1280 2237 1344 sed,
2271 1282 2523 1349 quoniam
2551 1294 2573 1320 ε
2605 1282 2854 1337 Salvator
2882 1285 2965 1338 his
2985 1289 3222 1354 quotidie
3251 1306 3495 1342 accumu-

1914 1369 2083 1433 latur,
2114 1371 2282 1436 gloria
2324 1372 2463 1425 illius
2507 1374 2682 1427 minor
2722 1376 2834 1428 licri
2870 1376 3099 1431 videtur.
3132 1378 3371 1432 Lucerna
3402 1381 3495 1434 dc-

1914 1460 2076 1529 nique
2106 1472 2328 1516 vocatur
2347 1463 2603 1529 Joannes,
2634 1466 2846 1520 dicente
2868 1467 3095 1523 Domino
3129 1489 3140 1522 :
3180 1469 3198 1507 ΐ
3234 1470 3354 1539 Ipse
3382 1480 3495 1525 erat

1912 1551 2121 1604 lucerna
2151 1553 2336 1605 ardens
2370 1553 2559 1623 (Joan.
2593 1554 2669 1623 v).
2702 1554 2959 1610 LllC:‘l‘n{B
2989 1559 3147 1625 igitur
3173 1562 3495 1615 obscuratur

1913 1643 2113 1709 lumen,
2165 1660 2286 1699 cum
2336 1645 2517 1699 radius
2564 1647 2693 1701 solis
2752 1646 2997 1717 effulget;
3041 1662 3094 1703 et
3134 1652 3491 1708 defectionem

1912 1736 2197 1803 quamdam
2229 1736 2486 1805 lampadis
2532 1754 2639 1791 sum
2666 1740 2884 1807 patitur,
2936 1757 3055 1795 cum
3086 1744 3326 1799 clarioris
3359 1746 3492 1801 lucis

120 1804 139 1821 ’
219 1812 359 1869 Ecce
388 1816 557 1880 enim,
590 1833 710 1871 cum
751 1818 911 1890 402
959 1822 1197 1875 nascitur
1235 1821 1501 1885 Christus,
1532 1822 1802 1874 exsultant
1837 1824 1877 1882 Β
1905 1825 2191 1901 splendore
2213 1836 2516 1895 superatur.
2550 1827 2679 1893 Quis
2708 1830 2848 1882 enim
2866 1832 3080 1900 sapiens
3108 1834 3380 1888 lucernam
3403 1852 3491 1890 rc-

1916 1916 2095 1985 quirat
2116 1916 2167 1969 in
2196 1917 2356 1971 sole?
2385 1916 2499 1971 Non
2530 1918 2744 1986 quidem
2771 1922 3143 1989 exstinguitur,
3177 1925 3268 1977 sed
3301 1941 3491 1980 neces-

1910 2007 2051 2061 saria
2082 2023 2191 2061 non
2223 2007 2452 2062 habetur
2485 2026 2496 2060 :
2532 2008 2634 2062 hoc
2663 2018 2747 2063 cst
2767 2053 2780 2070 .
2829 2012 2949 2079 quis
2978 2012 3042 2064 ad
3072 2012 3290 2067 Joannis
3320 2017 3492 2084 pmni-

1911 2100 2091 2152 tentitr.
2120 2099 2440 2167 baptismum
2466 2101 2665 2167 veniat,
2689 2118 2809 2155 cum
2848 2103 3017 2170 possit
3054 2102 3348 2158 Salvatoris
3395 2106 3491 2159 ba-

1908 2189 2107 2257 ptismo
2128 2188 2363 2241 salvari?
2384 2188 2499 2241 Non
2530 2189 2743 2258 quidem
2773 2190 2897 2244 illud
2930 2192 3366 2259 reprehenditur;
3391 2194 3486 2248 sed

1910 2278 2011 2330 hoc
2040 2277 2208 2343 magis
2229 2276 2358 2330 utile
2387 2284 2441 2329 et
2472 2278 2833 2331 necessarium
2866 2288 2891 2325 ε
2922 2278 3155 2347 videtur,
3184 2283 3305 2349 quia
3340 2284 3389 2336 in
3421 2300 3485 2337 eo

1910 2368 2155 2422 remissio
2176 2376 2519 2437 peccatorum
2545 2369 2813 2424 tribuitur.

1644 2479 1911 2540 SERMO
1956 2480 2066 2540 IV.

1551 2578 1629 2633 De
1653 2581 1831 2634 eodem
1859 2582 2024 2633 natali
2052 2580 2138 2637 II.

1645 2670 2037 2726 ADMONITIO.

274 2764 442 2839 403
480 2762 635 2839 Quod
684 2768 931 2839 monachi
959 2765 1017 2821 8.
1048 2766 1219 2839 Mauri
1245 2768 1348 2839 hoc
1373 2768 1439 2821 de
1467 2782 1715 2839 sermone
1743 2766 2109 2839 conjectantes
2139 2768 2341 2839 opinati
2372 2776 2512 2839 sunt,
2546 2782 2575 2821 a
2606 2767 2838 2839 Maximo
2866 2770 3044 2839 potius
3072 2785 3235 2837 quam
3264 2771 3330 2825 ab
3358 2773 3484 2824 Am-

210 2833 387 2889 brosio
412 2835 694 2913 prodiisse.
730 2838 888 2913 trium
912 2837 1472 2913 priestantissimortim
1504 2833 1749 2913 codicum
1781 2833 2120 2913 auctoritate,
2167 2833 2519 2913 dictionisque
2559 2833 2905 2913 similitudine
2935 2833 3329 2913 conﬁrmamus.
3364 2841 3483 2913 l’ri-

210 2920 321 2959 mus
342 2905 519 2975 codex
541 2915 624 2975 est
646 2904 987 2960 Tanrinenéis
1014 2922 1134 2960 cum
1165 2907 1514 2975 inscriptione
1548 2926 1558 2958 :
1597 2907 1723 2959 Item
1751 2916 1798 2958 et
1824 2905 1888 2958 de
1918 2904 2207 2959 Nativitate
2246 2904 2455 2960 Domin'i
2486 2908 2697 2961 homilia
2741 2907 2835 2961 III
2851 2928 2867 2972 ;
2903 2910 3166 2963 secundus
3210 2919 3263 2963 et
3298 2912 3483 2963 tertius

208 2984 324 3028 sunt
352 2973 572 3030 codices
592 2973 660 3027 90
681 2984 734 3028 et
761 2975 827 3027 99
854 2976 910 3030 S.
934 2977 1120 3030 Crucis
1150 2977 1201 3030 in
1226 2973 1522 3031 Jerusalem
1552 2996 1563 3029 :
1601 2977 1677 3029 De
1705 2976 1879 3029 natale
1911 2975 2120 3030 Domini
2150 2978 2313 3030 nostri
2359 2976 2667 3031 Saluatoris.
2700 2976 2911 3045 Optime
2951 2980 3110 3033 iidem
3156 2979 3499 3039 Benetlit-tini

208 3045 458 3117 monachi
485 3045 724 3117 editores
749 3061 912 3099 serm.
944 3046 999 3117 S.
1027 3046 1275 3101 Ambros.
1312 3062 1456 3101 nunt.
1491 3047 1541 3110 6,
1576 3061 1693 3117 pag.
1727 3046 1833 3117 597
1851 3046 1979 3099 edit.
2014 3046 2181 3100 Paris.
2218 3046 2374 3101 1690.
2408 3063 2710 3101 sermonem
2761 3048 2812 3101 in
2856 3051 2958 3103 hoc
2987 3051 3251 3117 puceipue
3274 3050 3481 3103 versari

209 3113 410 3195 dixere,
443 3116 578 3195 quod
594 3116 912 3195 dicina-talis
942 3116 1154 3195 Domini
1177 3118 1255 3171 sol
1284 3135 1440 3195 novus
1468 3113 1747 3195 dicebatur,
1780 3116 1845 3195 id.
1858 3126 1933 3168 est
1962 3133 2132 3195 noqu
2149 3133 2337 3195 annus,
2370 3118 2789 3195 quandoquidcnt
2826 3119 2888 3195 ab
2934 3113 3001 3172 ea
3025 3121 3106 3195 die
3130 3113 3296 3195 (unum
3318 3138 3481 3195 quou-

207 3184 322 3265 dam
349 3184 654 3265 incipiebat.
689 3184 885 3265 Scribit
914 3187 1573 3265 charissimusAlexauder
1599 3184 1803 3265 Politus
1833 3186 1889 3265 in
1916 3186 2057 3265 notis
2084 3184 2447 3265 Martyrologii
2474 3184 2700 3265 [inmani
2727 3187 2953 3265 addiem
2985 3189 3191 3265 calend.
3225 3184 3482 3265 Januarii2

207 3255 628 3309 vetustissimum
655 3256 893 3309 omnium
922 3256 1381 3376 Marbtlvrologium,
1410 3256 1720 3326 Hieronymi
1749 3271 1815 3376 Br

209 3323 415 3376 initium
444 3340 680 3376 sumere.
711 3333 767 3376 ct
794 3326 994 3376 Adonis
1076 3327 1456 3376 artvrologium
1486 3342 1517 3376 a
1546 3326 1723 3376 viailia
1796 3340 1815 3376 ε

1796 3324 2037 3377 ominica:
2066 3324 2379 3377 nativitatis.
2416 3325 2491 3378 Ex
2522 3326 2601 3377 his
2629 3326 2881 3389 cognosci
2904 3335 3099 3394 potest,
3127 3327 3177 3379 in
3216 3330 3485 3383 nonnullis

209 3323 423 3396 initium
444 3340 680 3390 sumere,
711 3333 767 3378 ct
794 3326 994 3380 Adonis
1023 3323 1457 3396 Martyrologium
1486 3342 1517 3379 a
1546 3323 1723 3393 vigilia

1816 3255 2048 3335 csbyteri
2076 3256 2294 3335 nomine
2320 3256 2629 3335 insignitum
2650 3294 2663 3314 ,
2712 3271 2738 3307 a
2767 3257 3075 3335 dic-natalis
3102 3258 3310 3335 Domini
3358 3260 3483 3335 anni

206 3390 459 3449 Ecclesiis
490 3411 686 3449 novum
715 3410 913 3449 annum
944 3412 974 3449 a
1003 3396 1089 3450 die
1117 3390 1559 3450 natalisvDomiui
1605 3390 1920 3462 incoepisse;
1946 3409 2087 3457 cum,
2135 3401 2194 3446 ut
2224 3394 2394 3462 inquit
2423 3394 2687 3447 Maximus
2717 3390 2922 3457 noster,
2956 3396 3155 3448 oriente
3186 3396 3477 3463 Salvatore,

208 3480 302 3516 non
331 3470 502 3519 solum
523 3466 735 3517 humani
754 3466 953 3535 generis
974 3466 1135 3533 salus,
1162 3468 1253 3519 sed
1280 3468 1434 3519 etiam
1455 3467 1579 3519 solis
1600 3467 1761 3535 ipsius
1790 3464 2001 3516 claritas
2028 3465 2315 3517 innovatur.

208 3575 701 3647 Aacuussruut—
728 3577 996 3633 Solnovus
1034 3595 1124 3632 cur
1155 3579 1443 3647 appelletur
1473 3577 1681 3632 Domini
1710 3595 1799 3631 na-
1823 3577 1868 3637 C
1902 3576 2044 3630 diem
2076 3577 2235 3629 alicui
2291 3578 2549 3647 temporis
2601 3577 2831 3633 ollicium
2870 3580 3210 3645 ministravit,
3255 3597 3349 3634 cur
3376 3597 3482 3633 non

274 3648 392 3700 talis
421 3648 549 3699 dies.
578 3646 757 3700 Novus
782 3658 878 3711 est,
904 3658 1129 3701 etvetus.

1240 3648 1295 3701 id
1322 3650 1458 3702 inter
1497 3650 1675 3702 mundi
1703 3664 1791 3701 so-

269 3716 366 3770 lem
397 3726 447 3770 et
474 3717 652 3771 Solem
691 3717 954 3771 Christum
980 3719 1202 3772 intersit.
1753 3718 1761 3726 ’

269 3850 420 3905 Bene
464 3850 863 3919 quodammodo
916 3859 1161 3907 sanctum
1212 3851 1353 3907 hunc
1404 3851 1546 3906 diem
1602 3849 1793 3904 natalis

206 3940 415 3995 Domini
444 3942 612 3997 solem
638 3958 835 3997 novum
860 3943 1048 4010 vulgus
1078 3944 1331 4015 appellat,
1366 3954 1420 3998 et
1449 3950 1595 3996 tanta
1626 3941 1680 3995 id
1710 3943 1792 3995 sui

205 4032 526 4086 auctoritate
552 4030 856 4095 confirmat,
883 4040 940 4085 ut
979 4031 1146 4087 Judaai
1177 4033 1337 4085 etiam
1367 4041 1529 4100 atque
1568 4032 1794 4099 gentiles

205 4122 254 4176 in
276 4124 377 4178 bac
403 4138 538 4177 voce
568 4122 927 4177 consentiant.
960 4122 1117 4191 Quod
1146 4124 1375 4177 libenter
1403 4122 1556 4176 nobis
1584 4122 1790 4191 ample-

204 4218 451 4272 ctendum
494 4225 597 4282 est,
620 4217 745 4287 quia
772 4218 983 4273 oriente
1015 4217 1317 4279 Salvatore,
1346 4232 1456 4270 non
1485 4214 1656 4268 solum
1688 4215 1789 4266 hu-

203 4310 339 4363 mani
369 4308 587 4377 generis
630 4308 795 4371 salus,
828 4309 921 4363 sed
969 4309 1130 4363 etiam
1175 4307 1305 4362 solis
1360 4306 1526 4376 ipsius
1576 4304 1791 4359 claritas

202 4400 502 4454 innovatur.
523 4399 676 4453 Sicut
704 4400 779 4453 ait
806 4400 1095 4469 Apostolus
1127 4417 1140 4450 :
1177 4397 1242 4451 Ut
1270 4414 1361 4467 per
1387 4398 1557 4467 ipsum
1585 4402 1787 4449 restau-

202 4500 333 4544 raret
381 4491 577 4555 omnia,
606 4491 711 4543 sive
733 4505 845 4559 qua:
873 4490 927 4541 in
953 4488 1114 4551 caelis,
1146 4490 1249 4542 sive
1278 4504 1391 4557 qua:
1420 4487 1479 4539 in
1507 4495 1643 4539 terra
1672 4495 1791 4539 sunt

201 4580 416 4651 (Ephes.
445 4581 507 4650 ι).
541 4580 599 4635 Si
628 4582 771 4634 enim
822 4580 1141 4633 obscuratur
1168 4581 1246 4635 sol
1277 4596 1397 4634 cum
1428 4577 1671 4633 Christus
1695 4592 1787 4646 pa-

201 4671 343 4733 titur,
382 4687 604 4725 necesse
632 4679 715 4724 est
745 4670 892 4724 illum
914 4670 1243 4739 splendidius
1269 4670 1638 4723 solitorlucere
1666 4682 1789 4720 cum

199 4763 453 4815 nascitur.
481 4761 547 4814 Et
572 4762 615 4815 si
660 4761 856 4814 Judteis
884 4769 1115 4816 mortem
1146 4760 1492 4831 operantibus
1538 4756 1566 4794 ιι
1604 4755 1789 4811 effudit

200 4853 465 4918 tenebras,
500 4868 597 4907 cur
630 4869 738 4907 non
776 4851 960 4908 Maria:
996 4852 1315 4923 parturienti
1343 4852 1506 4905 vitam
1537 4848 1789 4905 exhibeat

1897 3666 2199 3730 credamus,
2230 3667 2373 3735 quod
2406 3668 2485 3721 sol
2516 3683 2728 3737 quoque
2759 3670 3036 3723 nocturnis
3064 3670 3212 3724 horis
3241 3669 3484 3737 aliquan-

1894 3758 2062 3810 tulum
2095 3756 2327 3809 adventu
2351 3758 2643 3811 maturiore
2664 3757 3035 3827 decerpserit?
3062 3757 3135 3811 Ex
3162 3774 3227 3813 e0
3255 3759 3484 3826 denique

1892 3846 2091 3902 factum
2122 3856 2282 3917 puto,
2317 3855 2376 3900 ut
2404 3864 2511 3901 nox
2562 3848 2930 3917 decresceret,
2961 3850 3085 3904 dum
3134 3851 3215 3903 sol
3260 3849 3484 3905 festinus

1894 3939 1963 3993 ob
1989 3938 2268 3992 dominiczc
2285 3938 2581 3991 nativitatis
2607 3938 2922 4006 obsequium
2940 3952 3062 3993 ante
3084 3940 3284 3994 mundo
3308 3940 3481 3995 lucem

1892 4029 2137 4097 protulit,
2173 4045 2335 4098 quam
2366 4044 2473 4082 nox
2496 4044 2714 4083 cursum
2738 4028 2819 4082 sui
2851 4030 3105 4099 temporis
3140 4047 3483 4085 consumma-

1892 4129 1995 4175 ret.
2037 4121 2175 4186 Quin
2207 4122 2387 4190 potius
2414 4122 2580 4190 ipsam
2628 4128 2842 4175 noctem
2875 4122 3039 4176 fuisse
3062 4139 3168 4175 non
3209 4123 3350 4185 dico,
3386 4138 3484 4178 nec

1893 4212 2093 4282 aliquid
2128 4212 2470 4266 obscuritatis
2499 4211 2772 4273 habuisse,
2804 4211 2855 4263 in
2901 4226 3001 4278 qua
3034 4221 3277 4279 pastores
3305 4213 3483 4280 pervi-

1896 4304 2083 4372 gilant,
2110 4304 2383 4357 exsultant
2405 4302 2599 4369 angeli,
2625 4310 2765 4354 astra
2797 4300 3123 4354 deserviunt.
3158 4301 3266 4353 Nec
3296 4302 3480 4354 mirari

1891 4395 2153 4449 debemus
2173 4393 2315 4463 quod
2346 4394 2399 4446 in
2422 4392 2700 4445 nativitate
2728 4391 2924 4446 Christi
2957 4407 3092 4445 nova
3123 4392 3300 4443 omnia
3343 4390 3477 4444 facta

1893 4485 2029 4550 sint,
2056 4501 2177 4540 cum
2207 4500 2406 4539 novum
2432 4484 2533 4538 hoc
2564 4484 2735 4552 ipsum
2778 4480 2938 4535 fuerit
2965 4480 3107 4551 quod
3136 4480 3285 4545 virgo
3316 4495 3479 4549 pepe-

1890 4579 1980 4632 rit.
2010 4578 2070 4631 Si
2099 4584 2276 4630 autem
2300 4584 2499 4644 praeter
2527 4575 2740 4629 solitum
2773 4572 2934 4642 [ιοὶι
2963 4572 3213 4625 nativitas
3250 4570 3473 4632 exstitit,

1892 4675 1947 4721 et
1973 4674 2173 4736 przeter
2199 4664 2414 4720 solitum
2437 4664 2693 4731 obsequia
2716 4671 2838 4717 sunt
2867 4662 3041 4716 delata
3060 4701 3074 4724 ,
3106 4674 3233 4726 ergo
3267 4659 3477 4712 oriente

1891 4759 2121 4813 Domino
2166 4766 2416 4827 pastores
2466 4756 2799 4825 pervigilant,
2851 4754 3119 4807 exsultant
3156 4751 3351 4819 angeli,
3394 4750 3476 4803 sol

1890 4847 2229 4916 obsequitur,
2275 4845 2429 4899 stella
2478 4843 2783 4899 famulatur.
2815 4842 2882 4894 Et
2926 4841 3142 4909 quidem
3189 4840 3361 4906 angeli
3390 4840 3476 4894 vel

196 4942 533 4999 claritatem?
564 4943 671 4996 Aut
698 4959 806 4997 non
843 4942 857 4981 ί
888 4942 1156 4998 credimus
1178 4940 1320 5011 quod
1352 4948 1603 4995 nascente
1625 4938 1781 4993 Chri-
1813 4971 1862 5030 Β
1886 4946 2131 5012 pastores
2193 4935 2387 5005 gaudia
2453 4950 2546 4989 sua
2615 4948 2747 4988 voce
2800 4932 2887 4986 vel
2950 4930 3288 5030 sermonibus
3349 4946 3477 5030 pro-

196 5036 291 5086 sto‘
304 5035 389 5089 sol
418 5036 485 5089 ad
514 5036 833 5104 obsequium
861 5035 1089 5089 lucidior
1110 5034 1416 5097 advenerit,
1440 5048 1561 5087 cum
1594 5046 1779 5098 magos

195 5125 267 5178 ad
290 5127 545 5183 indicium
576 5127 775 5181 clarior
804 5126 959 5181 stella
1006 5125 1378 5195 praecesserit?
1417 5123 1478 5176 Et
1527 5124 1569 5177 si
1623 5122 1777 5175 stella

266 5283 293 5344 ξ·
330 5272 466 5328 Cod.
491 5274 779 5339 Vallicell.,
806 5273 1037 5344 Sanguis
1060 5273 1192 5344 ejus.

263 5342 292 5381 δ
331 5344 465 5397 Cod.
489 5344 547 5399 S.
590 5344 745 5399 Joan.
777 5344 841 5398 ad
871 5340 1106 5397 Carboni.
1155 5342 1282 5409 legit
1312 5340 1573 5394 Elisabeth
1614 5350 1781 5395 mater

188 5413 545 5468 absconditur.
582 5414 925 5485 Signiﬁcatur
952 5423 1065 5480 post
1114 5421 1282 5485 ortum
1311 5411 1503 5464 Christi
1532 5412 1657 5482 legis
1703 5412 1779 5465 si-

190 5485 428 5547 lentium,
457 5483 673 5539 amissio
702 5483 996 5546 sacerdotii,
1027 5483 1227 5536 latebra
1254 5497 1549 5552 synagogw.

267 5566 290 5624 εἴ
333 5553 506 5624 Codd.
540 5555 720 5609 Casin.
752 5564 807 5607 et
828 5553 1111 5624 Vallicell.,
1144 5555 1261 5624 quin
1289 5552 1535 5606 Joannes.

266 5622 288 5660 ‘
318 5623 636 5695 Codthat.
668 5624 802 5677 l267
825 5634 878 5677 et
906 5622 1185 5686 Vallicel|.,
1221 5624 1615 5695 quigconceptus.

268 5704 291 5731 ε
334 5694 466 5748 Cod.
491 5694 780 5759 Vallicell.,
811 5695 927 5758 sed,
952 5696 1195 5764 quoniam
1229 5690 1515 5764 Saluatoris
1557 5690 1783 5764 quotidie

194 5764 552 5823 “cumulatur
579 5765 763 5836 gloria,
809 5762 1163 5819 illius‘minor
1201 5764 1316 5833 ﬁeri
1348 5763 1544 5815 videtur
1586 5762 1776 5832 gratia.

1886 5036 2215 5097 sequuntur;
2273 5024 2541 5079 elementa
2575 5031 2754 5077 autem
2795 5021 2896 5074 ista
2948 5019 3138 5086 gaudia
3183 5035 3299 5081 sua,
3350 5020 3475 5087 quia

1885 5134 2024 5174 voce
2070 5134 2179 5173 non
2216 5123 2500 5186 poterant,
2536 5110 2712 5168 ofﬁcio
2759 5117 3146 5179 protestantur.
3186 5107 3279 5163 Sol
3316 5109 3477 5177 igitur

1881 5268 2018 5324 Cod.
2042 5270 2097 5324 S.
2129 5268 2284 5323 Joan.
2326 5267 2392 5321 ad
2424 5265 2654 5321 Carbon.
2685 5262 2875 5318 eadem
2921 5258 3113 5325 habet;
3148 5259 3199 5312 in
3251 5256 3473 5325 reliquis

1886 5342 2139 5394 convenit
2169 5339 2360 5393 textui.

1963 5409 1981 5447 ί
2012 5409 2180 5463 Codd.
2206 5408 2274 5460 99
2302 5417 2358 5461 et
2386 5404 2675 5468 Vallicell.,
2700 5402 2955 5460 Illeerat,
2981 5408 3087 5453 etc.

1959 5488 1984 5525 ε
2014 5478 2148 5534 Cod.
2181 5476 2249 5530 99
2288 5476 2345 5530 8.
2376 5475 2561 5529 Crucis
2590 5476 2640 5528 in
2664 5464 2796 5537 Lien,
2835 5468 3281 5543 judicatur._ltem
3313 5464 3469 5520 codd.

1887 5547 2067 5602 Casin.
2100 5559 2154 5602 et
2184 5546 2466 5611 Vallicell.,
2499 5546 2638 5614 apud
2668 5559 2805 5614 quos
2824 5539 2909 5596 hic
2938 5539 3230 5614 absolvitur
3258 5550 3471 5600 sermo;

1887 5560 2067 5602 casm.
2100 5560 2154 5602 et
2189 5560 2466 5611 vamcett.,
2499 5560 2638 5614 apud
2707 5560 2803 5598 uos
2824 5560 2909 5596 mc
2938 5560 3230 5593 aDSOI'Vlllﬂ'
3258 5560 3283 5591 δ

1880 5619 2179 5689 judicatur;
2196 5619 2279 5689 ita
2310 5616 2472 5670 etiam
2484 5560 2749 5689 codequ.
2778 5611 2932 5689 Jpan.
2964 5608 3031 5663 ad
3054 5607 3285 5663 Carbon.

1957 5686 1983 5724 δ
2012 5688 2152 5741 Edit.
2184 5685 2399 5747 Colon.,
2433 5684 2656 5753 offundit
2685 5681 2935 5739 tenebras.

1964 5759 1977 5795 ί
2009 5758 2144 5813 Ead.
2178 5756 2333 5822 edit.,
2358 5756 2651 5809 credamus.
