4054 6190
528 334 634 392 559

1750 324 1806 378 S.
1849 317 2091 375 MAXIM]
2131 316 2579 373 TAURINENSIS

3691 313 3812 368 540

526 451 724 518 pmter
751 440 1192 500 consuetudinem
1247 439 1300 494 in
1345 438 1450 494 hac
1477 435 1766 493 festivitate
1812 432 2108 488 matutinus
2140 436 2176 488 Α
2209 436 2318 491 est,
2352 428 2438 483 hic
2485 428 2709 482 Creator
2743 444 2754 478 :
2788 433 2966 481 tamen
2997 424 3166 518 istum
3195 422 3379 478 mundi
3413 423 3584 478 solem
3614 425 3813 518 prius-

527 538 735 601 illuxit;
775 549 876 588 nec
914 534 1108 586 mirum
1142 549 1154 583 :
1203 530 1248 585 si
1296 529 1436 584 enim
1467 527 1533 582 ad
1581 527 1706 581 Jesu
1733 525 1876 578 Nave
1906 525 2112 578 oratio-

527 643 652 682 nem
699 625 905 678 deﬁxus
951 622 1099 677 stetit
1155 621 1208 674 in
1264 618 1372 682 die,
1418 635 1514 674 cur
1552 633 1658 672 non
1704 615 1774 670 ad
1813 616 1940 670 Jesu
1968 613 2114 668 Chri-

527 718 598 772 sti
629 716 962 770 nativitatem
1009 712 1234 767 festinus
1260 715 1605 780 promoveret
1634 709 1689 761 in
1721 707 1980 762 noctem?
2007 704 2111 760 So-

528 809 634 863 lem
661 807 822 874 igitur
852 820 1047 859 novum
1071 804 1211 858 hanc
1235 802 1378 856 diem
1405 801 1596 868 vulgus
1617 799 1871 869 appellat,
1913 805 1968 851 et
1989 812 2114 852 cum

529 897 661 952 dicit
717 911 935 956 novum,
988 895 1173 962 utique
1219 899 1273 946 et
1324 899 1562 945 veterem
1601 904 1720 943 esse
1758 888 2110 942 demonstrat.

530 986 783 1041 Veterem
813 993 994 1038 autem
1025 983 1250 1038 dixerim
1280 980 1438 1050 hujus
1465 979 1651 1034 mundi
1678 980 1865 1043 solem,
1897 979 1988 1048 qui
2015 978 2115 1033 de-

530 1075 821 1129 lectionem
852 1074 1071 1143 patitur,
1100 1072 1192 1140 qui
1221 1071 1520 1156 parietibus
1548 1069 1871 1132 excluditur,
1897 1069 1988 1137 qui
2016 1083 2115 1122 nu-

536 1166 696 1221 bibus
718 1167 1058 1221 obscuratur.
1071 1164 1320 1219 Veterem
1334 1163 1566 1217 dixerim
1586 1162 1776 1227 solem,
1789 1160 2116 1229 quivanitati

532 1255 795 1322 subjacet,
813 1257 903 1323 qui
925 1256 1321 1324 correptionem
1337 1253 1546 1318 metuit,
1563 1253 1654 1321 qui
1670 1251 1931 1320 judicium
1946 1251 2114 1321 perti-

533 1346 745 1400 mescit.
761 1345 1033 1414 Scriptum
1055 1353 1136 1400 est
1152 1347 1293 1400 enim
1315 1363 1327 1397 :
1345 1344 1440 1400 Sol
1459 1352 1777 1398 convertetur
1790 1345 1844 1396 in
1859 1343 2112 1408 tenebras,

534 1443 582 1488 et
603 1435 725 1488 luna
743 1437 795 1488 in
811 1436 1113 1507 sanguinem
1137 1435 1292 1506 (Jocl.
1311 1452 1372 1503 ιι,
1395 1434 1483 1500 3i;
1502 1435 1618 1488 Act.
1632 1451 1688 1499 u,
1711 1432 1824 1504 20).
1842 1433 2112 1499 Veterem,

535 1524 1006 1594 inquam,dixerim
1017 1524 1109 1594 qui
1124 1525 1416 1580 sceleribus
1429 1524 1652 1578 interest
1663 1523 1959 1586 hominum,
1974 1522 2118 1577 adul-

533 1614 671 1668 teria
683 1629 790 1668 non
802 1614 1368 1681 refugit,homicidium
1385 1630 1490 1668 non
1502 1613 1814 1678 declinat,et
1824 1629 1944 1668 cum
1957 1627 2116 1668 omne

535 1718 705 1774 genus
735 1705 1014 1759 hominum
1035 1706 1170 1760 nolit
1197 1721 1316 1760 esse
1345 1705 1600 1771 medium,
1622 1721 1746 1760 eum
1769 1705 1986 1774 aliquod
2012 1705 2116 1760 cri-

2215 533 2376 588 quam
2399 520 2624 584 oriatur,
2649 518 2824 572 adhuc
2845 524 2970 572 ante
2997 515 3173 570 lucem
3205 525 3429 584 propter
3457 515 3818 570 necessarios

2215 626 2346 664 usus
2375 611 2651 664 hominum
2679 609 2817 664 solet
2856 609 3075 663 lucerna
3111 604 3438 676 praecedere.
3486 603 3664 660 [labet
3709 620 3818 658 an-

2215 707 2324 756 tem
2347 708 2402 754 et
2421 701 2663 755 Christus
2688 700 2769 754 sol
2793 700 3071 753 lucernam
3090 711 3264 761 suam,
3282 711 3402 764 quae
3423 695 3540 764 ejus
3567 711 3822 766 praeces-

2214 792 2286 846 sit
2307 791 2593 845 adventum
2618 806 2631 842 :
2660 791 2798 845 sicut
2817 789 2948 844 dicit
2976 787 3245 857 Propheta
3270 805 3282 839 :
3309 785 3502 840 Paravi
3527 788 3821 842 lucernam

2217 883 2418 936 Christo
2444 896 2556 936 meo
2578 879 2749 950 (Psal.
2767 876 3047 948 cxxxvm).
3078 876 3208 942 Quae
3237 882 3416 930 autem
3447 876 3549 930 ista
3577 876 3822 930 lucerna

2215 971 2305 1040 sit,
2335 971 2570 1028 ostendit
2598 970 2754 1025 nobis
2796 970 3074 1034 Dominus,
3104 968 3288 1023 dicens
3328 967 3397 1021 de
3443 966 3655 1021 Joanne
3705 967 3820 1020 Ba-

2213 1063 2376 1132 ptista
2408 1080 2420 1114 :
2455 1061 2553 1115 Ille
2580 1070 2690 1115 erat
2714 1061 2924 1114 lucerna
2953 1058 3142 1112 ardens
3164 1056 3344 1123 (Joan.
3371 1055 3446 1124 v).
3475 1055 3596 1125 Ipse
3618 1065 3820 1111 autem

2215 1152 2470 1216 Joannes,
2502 1160 2560 1205 ut
2582 1149 2892 1220 praecedens
2920 1149 3154 1204 lucernae
3183 1148 3361 1202 lumen
3391 1147 3645 1215 exiguum
3682 1148 3768 1201 ait
3802 1165 3818 1200 :

2216 1243 2353 1296 Ecce
2379 1244 2516 1296 venit
2539 1249 2656 1312 post
2683 1258 2765 1294 me
2791 1241 2937 1311 cujus
2970 1256 3076 1293 non
3103 1256 3216 1292 sum
3244 1238 3430 1309 dignus
3457 1238 3655 1292 solvere
3687 1254 3820 1291 cor-

2216 1335 2401 1404 rigiam
2421 1331 2886 1385 calceamentorum
2904 1332 3014 1401 ejus
3038 1346 3055 1383 :
3076 1331 3185 1398 ipse
3199 1345 3285 1383 vos
3306 1327 3587 1399 baptizabit
3607 1330 3665 1381 in
3693 1327 3825 1398 Spic

2216 1425 2318 1477 ritu
2339 1430 2519 1477 sancto
2547 1429 2596 1475 et
2623 1422 2744 1492 igne
2771 1419 2948 1492 (Joan.
2982 1418 3084 1486 in).
3109 1419 3278 1472 Simul
3306 1418 3470 1472 etiam
3495 1418 3822 1486 intelligens

2215 1513 2396 1568 lumen
2443 1527 2601 1567 suum
2637 1511 2768 1566 solis
2813 1510 2979 1565 radiis
3023 1509 3409 1574 oiluscandum,
3463 1509 3630 1580 ⁸06
3679 1516 3820 1565 ante

2222 1613 2244 1640 ο
2263 1603 2504 1672 pnedicit
2524 1601 2674 1656 illum
2702 1620 2714 1653 :
2743 1601 2899 1655 Illum
2919 1609 3116 1670 oportet
3138 1615 3382 1666 crescere,
3405 1615 3487 1653 me
3512 1609 3695 1653 autem
3712 1603 3818 1654 mi-

2217 1694 2306 1746 nui
2338 1691 2505 1764 (Ibid.
2527 1691 2570 1763 ).
2602 1692 2751 1747 Sicut
2788 1692 2933 1746 enim
2977 1691 3210 1745 lucernas
3254 1690 3470 1745 claritas
3507 1689 3824 1746 destruitur

537 1813 658 1852 men
681 1797 998 1862 admittitur,
1021 1797 1110 1851 hic
1131 1798 1278 1852 solus
1303 1798 1353 1852 in
1375 1797 1582 1852 cunctis
1606 1797 1932 1852 facinoribus
1948 1807 1973 1834 ⁸
1995 1805 2119 1852 stet.

2227 1785 2354 1840 solis
2382 1783 2637 1850 adventu,
2669 1783 2742 1838 ita
2773 1792 2828 1838 et
2855 1783 3076 1838 Joannis
3104 1782 3435 1853 pcenitentite
3475 1783 3824 1853 baptismum

535 1883 680 1954 Ergo
699 1885 822 1955 quia
846 1885 988 1940 hunc
1016 1892 1253 1940 veterem
1281 1901 1400 1941 esse
1428 1885 1769 1943 manifestum
1796 1895 1898 1953 est,
1922 1903 2120 1942 novum

537 1991 699 2045 quem
748 1977 848 2031 nisi
885 1976 1154 2032 Christum
1205 1976 1488 2031 Dominum
1530 1977 1852 2047 reperimus,
1899 1977 1966 2032 de
2013 1993 2122 2049 quo

536 2068 797 2138 scriptum
813 2076 897 2122 est
915 2086 927 2120 :
954 2066 1162 2122 Orietur
1177 2067 1318 2121 vobis
1333 2067 1410 2122 sol
1425 2068 1648 2140 justitite
1663 2067 1924 2138 (Malach.
1939 2084 2010 2134 1v,
2032 2067 2090 2140 ‘2)
2105 2086 2120 2135 ;

537 2159 606 2213 de
634 2175 742 2228 quo
771 2160 935 2214 etiam
957 2175 1025 2214 ex
1054 2175 1281 2229 persona
1313 2168 1662 2230 peccatorum
1681 2160 1810 2215 dicit
1832 2162 2118 2231 propheta:

540 2249 638 2305 Sol
665 2265 769 2303 non
811 2259 888 2304 est
927 2260 1072 2304 ortus
1116 2249 1296 2315 nobis,
1323 2260 1372 2304 et
1410 2251 1633 2321 justitite
1661 2250 1832 2304 lumen
1861 2267 1967 2304 non
1995 2251 2125 2305 luxit

539 2339 689 2394 nobis
719 2339 872 2410 (Sap.
900 2356 956 2407 v,
984 2339 1060 2410 6).
1088 2339 1186 2394 Hic
1212 2339 1355 2394 enim
1381 2340 1484 2408 sol,
1514 2355 1635 2394 cum
1663 2339 1862 2395 diaboli
1894 2341 2128 2397 tenebris

541 2431 824 2485 universus
868 2431 1098 2486 mundus
1147 2439 1231 2485 est
1278 2445 1591 2500 oppressus,
1621 2437 1677 2484 et
1715 2431 1887 2499 caligo
1925 2431 2126 2486 referta

543 2525 858 2582 criminibus
886 2527 1140 2580 sacculum
1186 2525 1506 2595 possideret,
1552 2524 1799 2592 dignatus
1830 2534 1911 2580 est
1940 2526 2127 2582 ultimo

545 2626 808 2686 tempore,
840 2616 945 2671 hoc
972 2623 1054 2670 est
1085 2616 1426 2669 incumbente
1462 2615 1574 2683 jam
1606 2623 1784 2679 nocte,
1813 2625 1991 2670 ortum
2018 2634 2128 2673 sum

545 2709 840 2764 nativitatis
869 2707 1166 2763 infundere.
1188 2707 1369 2761 Primo
1395 2707 1610 2778 quidem
1640 2717 1766 2764 ante
1795 2709 1992 2773 lucem,
2023 2711 2129 2765 hoc

542 2810 649 2870 est,
677 2801 836 2873 hos
865 2809 1153 2870 antequam
1199 2801 1524 2855 illuminaret
1565 2799 1785 2870 justiti-.e
1829 2800 1954 2864 Sol,
1985 2801 2132 2854 velut

547 2893 872 2946 matutinum
901 2891 1172 2960 quoddam
1202 2892 1587 2960 prophetarum
1626 2891 1771 2944 misit
1805 2891 2083 2946 oraculum
2112 2909 2125 2945 :

546 2980 816 3036 Mittebam
845 2982 1119 3052 praphetas
1143 2999 1280 3036 meos
1309 2989 1428 3034 ante
1449 2982 1610 3035 lucem
1635 2981 1765 3052 (Jer.
1789 2981 1917 3052 vn);
1944 2991 2137 3052 postea

546 3086 678 3125 vero
709 3071 822 3140 ipse
850 3087 973 3124 cum
1002 3071 1112 3126 suis
1139 3070 1325 3132 radiis,
1357 3071 1461 3125 hoc
1487 3079 1571 3127 est
1596 3088 1720 3127 eum
1759 3073 2128 3143 apostolorum

2221 1877 2636 1946 superveniente
2661 1875 2860 1932 Christi
2886 1876 3060 1945 gratia
3087 1884 3374 1932 vacuatum
3400 1877 3827 1932 est.Videamus

2223 1967 2384 2036 igitur
2411 1967 2518 2034 hic,
2548 1968 2632 2024 sol
2661 1975 2846 2024 noster
2874 1983 3044 2024 novus
3070 1982 3179 2037 quo
3207 1967 3356 2023 fonte
3380 1977 3658 2024 nascatur.
3692 1969 3828 2024 Sie-

2221 2068 2282 2115 ut
2311 2069 2395 2116 est
2422 2076 2610 2116 verum
2650 2058 2763 2116 Deo
2809 2061 2982 2116 oritur
3016 2068 3258 2116 auctore.
3291 2061 3309 2092 ¹
3339 2061 3646 2116 Divinitatis
3688 2075 3828 2129 ergo

2222 2158 2306 2206 est
2332 2150 2525 2216 Filius;
2549 2151 2862 2216 divinitatis,
2888 2151 3130 2219 inquam,
3161 2151 3486 2220 incorrupta:
3505 2192 3522 2218 ,
3555 2151 3824 2219 integrat,

2225 2240 2458 2295 illibatte.
2477 2239 2721 2307 Intelligo
2734 2239 2894 2310 plane
2914 2239 3257 2310 mysterium;
3275 2239 3397 2294 ideo
3419 2240 3562 2294 enim
3585 2239 3829 2294 fecunda

2225 2331 2474 2384 nativitas
2506 2344 2604 2399 per
2632 2329 3027 2384 immaculatam
3078 2329 3322 2395 Mariam,
3371 2330 3496 2398 quia
3536 2331 3701 2399 prior
3730 2346 3830 2401 per

2227 2422 2559 2477 divinitatem
2587 2421 2905 2476 constiterat
2932 2421 3135 2476 illibata
3169 2439 3181 2474 :
3215 2421 3368 2490 cujus
3390 2423 3539 2492 prior
3561 2423 3830 2476 nativitas

2225 2515 2458 2583 gloriosa
2480 2514 2705 2579 exstitit,
2732 2513 2850 2582 ejus
2886 2513 3120 2569 secunda
3167 2514 3560 2574 contumeliosa
3590 2529 3711 2568 non
3742 2515 3831 2569 tie.

2225 2613 2331 2660 ret.
2355 2603 2469 2660 Hoc
2496 2615 2601 2673 est,
2631 2613 2692 2658 ut
2713 2604 3169 2673 quemadmodum
3196 2606 3347 2674 virgo
3376 2606 3523 2659 illum
3561 2605 3832 2660 divinitas

2227 2694 2502 2763 ediderat,
2532 2697 2606 2749 ita
2637 2703 2691 2750 et
2719 2695 2870 2763 virgo
2893 2694 3056 2748 Maria
3087 2705 3388 2760 generaret.
3413 2696 3627 2751 Habere
3655 2698 3830 2751 etiam

2230 2787 2371 2856 apud
2413 2786 2659 2840 homines
2698 2794 2907 2855 patrem
2958 2785 3242 2851 scribitur;
3293 2786 3432 2841 sicut
3474 2787 3713 2853 legimus
3775 2788 3831 2842 in

2229 2875 2522 2944 Evangelio
2543 2876 2848 2930 dicentibus
2889 2875 3171 2931 Pharismis
3205 2895 3216 2928 :
3247 2875 3439 2930 Nonne
3466 2877 3548 2930 hic
3576 2888 3655 2931 est
3684 2879 3834 2947 ﬁlius

2229 2965 2424 3036 Ioseph
2453 2964 2607 3037 fabri,
2638 2974 2688 3018 et
2735 2974 2904 3019 mater
2930 2966 3042 3036 ejus
3087 2965 3266 3020 Maria
3297 2965 3517 3035 (Matth.
3561 2971 3730 3035 xm)?
3772 2969 3832 3023 In

2233 3059 2336 3113 hoc
2358 3072 2574 3128 quoque
2602 3057 2824 3112 adverte
2852 3058 3184 3129 mysterium.
3220 3058 3398 3113 Faber
3434 3066 3592 3128 pater
3620 3058 3834 3114 dicitur

547 3162 756 3230 fulgore
783 3163 1137 3231 resplenduii,
1169 3163 1245 3218 ac‘
1262 3171 1466 3218 tantam
1496 3164 1682 3220 mundi
1719 3166 2002 3234 caliginem
2032 3181 2129 3221 ve-
2154 3146 2198 3206 C
2231 3151 2493 3206 Christus.
2519 3149 2587 3202 Et
2603 3150 2759 3218 plane
2781 3149 2931 3204 faber
2954 3149 3114 3205 Pater
3128 3151 3290 3218 Deus,
3320 3152 3410 3219 qui
3433 3153 3601 3208 totius
3627 3155 3832 3208 mundi

547 3251 726 3307 ritatis
754 3253 874 3307 luce
911 3253 1180 3320 discussit,
1229 3263 1290 3309 ut
1342 3256 1396 3310 in
1427 3257 1628 3312 diaboli
1667 3259 1919 3328 tenebras
1959 3258 2135 3313 nullus

551 3342 869 3399 offenderet.
902 3343 1002 3400 Hic
1029 3352 1113 3400 est
1151 3346 1312 3414 igitur
1353 3347 1434 3402 sol
1464 3363 1636 3404 novus
1661 3350 1752 3419 qui
1780 3350 2015 3405 claustra
2040 3365 2136 3420 pe-

548 3440 747 3499 netrat,
776 3433 983 3488 inferna
1003 3445 1230 3500 reserat,
1263 3437 1426 3492 corda
1460 3439 1707 3494 rimatur.
1734 3439 1832 3495 Hic
1858 3456 2031 3496 novus
2055 3448 2138 3496 est

549 3523 632 3578 sol
653 3523 742 3592 qui
766 3524 954 3594 spiritu
985 3541 1083 3581 suo
1102 3525 1338 3582 vivificat
1365 3537 1595 3596 mortua,
1618 3539 1870 3600 corrupta
1896 3539 2132 3600 reparat,

549 3613 776 3669 suscitat
789 3614 900 3683 jam
929 3615 1213 3682 defuncta;
1235 3617 1321 3672 vel
1350 3618 1441 3686 qui
1469 3619 1650 3673 calore
1676 3634 1774 3674 suo
1802 3629 1995 3689 purgat
2019 3636 2137 3676 sor-

553 3703 698 3771 dida,
729 3706 907 3761 exurit
929 3695 1112 3771 fluida,
1146 3707 1400 3778 decoquit
1440 3710 1652 3765 vitiosa.
1701 3710 1850 3780 Ipse,
1897 3710 2151 3781 inquam,-

553 3803 639 3849 est
682 3797 776 3864 qui
813 3797 867 3850 in
906 3797 1114 3851 cunctis
1154 3799 1362 3852 actibus
1408 3799 1606 3854 nostris
1650 3801 1903 3869 perspicit
1957 3801 2135 3855 omnia

553 3901 720 3953 opera
749 3894 929 3939 nostra
947 3926 961 3950 ,
985 3893 1171 3939 etnon
1200 3893 1310 3939 tam
1350 3888 1674 3941 condemnat
1708 3890 1934 3943 crimina
1974 3905 2136 3958 quam

554 3971 827 4026 emendat.
860 3971 958 4026 llic
978 3973 1137 4041 plane
1167 3982 1250 4027 est
1275 3974 1357 4028 sol
1379 3973 1557 4042 justus
1586 3983 1641 4029 et
1667 3977 1882 4044 sapiens
1910 3978 2000 4045 qui
2029 3993 2137 4032 non

556 4061 674 4115 sine
701 4061 1044 4130 discretione,
1074 4063 1228 4116 sicuti
1257 4063 1284 4102 ι’
1331 4064 1483 4119 istius
1519 4065 1703 4120 mundi
1733 4068 1832 4133 sol,
1876 4068 2033 4123 bouis
2073 4083 2137 4123 ac

558 4151 715 4205 malis
745 4153 1138 4221 circumfertur,
1163 4155 1257 4222 sed
1286 4155 1430 4225 quod
1446 4156 1647 4226 judicio
1668 4158 1910 4212 veritatis
1951 4168 2138 4215 sancto

557 4241 753 4307 elucet,
786 4242 986 4297 occidit
1015 4246 1308 4311 peccatori.
1341 4245 1455 4300 Hoc
1475 4255 1654 4301 autem
1683 4247 1824 4302 inter
1851 4258 2138 4318 utrumque

555 4329 784 4385 interest
827 4333 1018 4403 solem,
1049 4337 1193 4403 quod
1242 4337 1330 4391 ille
1361 4339 1722 4408 corruptionis
1768 4341 2010 4394 minister
2034 4349 2134 4406 est,

555 4419 645 4476 hic
672 4423 988 4479 aeternitatis
1030 4435 1111 4479 est
1145 4425 1430 4483 Dominus:
1455 4430 1600 4498 quod
1638 4430 1728 4484 ille
1764 4431 1907 4486 circa
1939 4439 2135 4485 terram

2235 3257 2400 3312 opera
2433 3241 2726 3295 fabricatus
2753 3248 2862 3307 est;
2893 3247 2975 3295 est
3003 3241 3162 3310 plane
3190 3242 3362 3307 faber,
3393 3243 3486 3298 sed
3513 3244 3608 3314 qui
3661 3245 3723 3300 in
3753 3246 3834 3300 di-

2232 3334 2378 3389 luvio
2420 3333 2534 3388 Noe
2581 3349 2762 3388 arcam
2791 3330 2818 3370 ἀ
2849 3333 3116 3388 fabricare
3163 3333 3449 3404 disposuit.
3497 3335 3701 3402 Faber,
3750 3339 3835 3392 in-

2232 3441 2413 3495 quam,
2445 3431 2528 3480 est
2555 3425 2645 3493 qui
2677 3423 2947 3480 ordinavit
2975 3423 3148 3497 Moysi
3178 3426 3579 3481 tabernaculum
3597 3467 3612 3492 ,
3637 3443 3836 3484 arcam

2235 3517 2538 3572 testamenti
2568 3516 2818 3580 instituit,
2849 3516 3108 3586 templum
3138 3517 3445 3572 Salomonis
3491 3519 3673 3573 erexit
3701 3537 3718 3585 ;
3753 3519 3834 3574 fa-

2234 3609 2388 3662 brum
2411 3607 2658 3672 dixerim,
2689 3605 2781 3675 qui
2813 3615 3021 3662 mentes
3048 3606 3250 3676 rigidas
3277 3608 3503 3678 expolit,
3531 3610 3833 3678 cogitatio-

2235 3711 2332 3754 nes
2376 3697 2635 3767 superbas
2688 3696 2913 3763 recidit,
2955 3697 3176 3751 humilia
3221 3696 3359 3752 facta
3401 3700 3676 3755 sublimat.
3731 3701 3834 3757 llic

2237 3789 2398 3843 etiam
2429 3787 2583 3842 faber
2607 3787 2749 3843 circa
2797 3788 3020 3842 arbores
3048 3804 3216 3844 curvo
3259 3789 3429 3850 utitur
3467 3790 3832 3861 ferramento,

2234 3883 2375 3938 sicut
2395 3882 2446 3934 in
2478 3879 2766 3947 Evangelio
2794 3878 3040 3946 legimus,
3077 3879 3289 3934 dicente
3315 3879 3558 3935 Joanne:
3588 3881 3722 3937 lam
3750 3901 3837 3938 se-

2236 3975 2369 4028 curis
2398 3973 2466 4025 ad
2497 3982 2520 4008 °
2551 3971 2776 4025 radicem
2804 3968 3046 4023 arborum
3095 3971 3263 4040 posita
3309 3981 3404 4025 est.
3440 3969 3624 4026 Omnis
3669 3975 3835 4028 arbor

2237 4083 2339 4121 non
2369 4065 2566 4137 faciens
2613 4065 2835 4134 fructum
2888 4065 3072 4117 bonum
3121 4065 3404 4132 excidatur,
3459 4075 3508 4119 et
3547 4068 3604 4118 in
3654 4068 3835 4137 ignem

2239 4159 2463 4211 mittetur
2503 4154 2725 4226 (illati/2.
2755 4170 2842 4219 ut;
2875 4153 2997 4206 Luc.
3031 4154 3161 4224 m);‘
3187 4164 3246 4208 ut
3285 4156 3443 4210 utiles
3487 4157 3732 4211 caelestis
3753 4157 3835 4212 fa-

2239 4249 2402 4302 brica!
2427 4246 2647 4299 arbores
2668 4245 2718 4296 in
2750 4242 2929 4298 futuro
2967 4252 3288 4315 componat,
3320 4245 3678 4301 intructuosas
3701 4263 3836 4302 vero

2240 4337 2451 4393 evulsas
2476 4335 2727 4390 radicitus
2757 4333 3090 4404 ﬂammarum
3118 4345 3396 4390 consumat
3423 4337 3692 4392 incendio.
3720 4337 3835 4392 Ex-

2241 4429 2406 4499 plicit.

2000 4517 2267 4592 SERMO
2311 4520 2362 4578 Υ
2375 4562 2388 4576 .

1865 4621 1945 4674 De
1971 4623 2148 4676 eodem
2175 4621 2356 4675 natali‘
2371 4619 2433 4674 II
2438 4619 2468 4673 Ι
2476 4658 2489 4673 .

1985 4709 2378 4766 ADMONlTlO.

629 4795 785 4917 i107
827 4795 1008 4866 Longe
1036 4797 1218 4866 plures
1242 4799 1514 4854 orationes
1567 4800 1635 4855 de
1672 4801 1951 4859 nativitate
1995 4803 2224 4868 Domini,
2256 4819 2418 4871 quam
2466 4802 2516 4855 in
2571 4798 2757 4856 codice
2786 4797 3105 4852 Taurinensi
3155 4798 3503 4853 continentur
3527 4838 3542 4862 ,
3575 4797 3839 4854 habuisse

702 4867 952 4917 aximum.
987 4884 1053 4917 ex
1093 4883 1159 4917 eo
1188 4877 1398 4917 constat
1437 4869 1580 4917 aliud
1627 4871 1678 4917 in
1705 4873 1894 4917 nndnm
1944 4889 2199 4917 ηιπηρι-ιις
2250 4888 2431 4917 parum
2464 4871 2532 4917 35
2555 4872 2842 4917 adtmtatns
2880 4869 3197 4917 reperiatur.
3231 4866 3446 4917 Partem
3474 4883 3667 4917 earum
3696 4869 3839 4917 inter

558 4864 615 4938 _S.
651 4864 962 4938 Maximum,
987 4864 1053 4921 ex
1093 4883 1159 4922 eo
1188 4877 1398 4924 constat
1437 4869 1580 4938 quod
1626 4871 1680 4926 in
1705 4873 1897 4927 eodem
1944 4864 2220 4928 numerus
2250 4864 2434 4927 e'arum
2464 4871 2532 4925 55
2555 4872 2842 4925 adnotatus
2880 4869 3197 4938 reperiatur.
3231 4866 3446 4922 Partem
3474 4883 3667 4922 earum
3695 4869 3842 4923 inter

561 4934 806 4990 homilias
834 4937 1124 5003 edidimus;
1157 4948 1365 5007 partem
1394 4934 1550 4992 aliam
1581 4940 1720 4996 hanc
1748 4943 1800 4995 in
1831 4944 2059 4998 classem
2082 4943 2442 5005 traduximus;
2469 4942 2564 4996 reli
2608 4955 2688 4994 uae
2708 4934 2960 5009 dispersaé
2988 4945 3133 5002 sunt,
3162 4939 3246 4991 vel
3275 4939 3343 4991 ab
3363 4939 3687 5004 antiquitate
3709 4955 3842 4992 con-

563 5012 802 5062 sumptae.
837 5005 932 5061 Hic
969 5023 1147 5062 sermo
1176 5009 1242 5062 ab
1273 5009 1462 5062 eodem
1489 5011 1677 5062 codice
1706 5011 2024 5062 Taurinensi
2056 5022 2365 5062 recensetur
2396 5027 2538 5062 num.
2569 4956 2615 5062 (Ξ
2645 5010 2747 5062 hoc
2773 5009 2929 5062 titulo
2959 5026 2972 5060 :
2999 5007 3131 5062 Item
3161 5009 3292 5061 etde
3323 5009 3593 5061 nativitate
3617 5007 3842 5062 Domini

563 5012 802 5070 sumptm.
837 5005 932 5061 Hic
969 5005 1242 5063 sermo'ab
1273 5009 1462 5065 eodem
1489 5011 1677 5065 codice
1706 5011 2025 5067 Taurinensi
2056 5022 2365 5069 recensetur
2396 5027 2538 5066 num.

2645 5010 2747 5063 hoc
2773 5007 2929 5064 titulo
2959 5026 2972 5060 :
2999 5007 3131 5062 Item
3161 5017 3209 5060 et
3231 5009 3292 5061 de
3323 5009 3593 5061 nativitate
3617 5007 3842 5062 Domini

563 5070 773 5150 homilia
796 5072 825 5125 Ι
840 5074 901 5150 γλ
932 5075 1162 5150 Maximo
1192 5077 1538 5150 conﬁrmatur
1559 5082 1868 5150 testimOnio
1890 5081 2090 5137 codicis
2119 5082 2186 5138 99
2208 5081 2262 5136 S.
2295 5083 2481 5137 Crucis
2524 5081 2576 5134 in
2602 5079 2710 5134 Jer.
2755 5095 2902 5133 num.
2946 5078 3030 5150 Ψ,
3063 5077 3532 5150 ςμξιιεᾼερίεωρὴθ
3547 5086 3666 5150 _est_
3700 5095 3712 5150 ξ
3761 5077 3844 5150 De

565 5142 831 5194 nativitate
858 5142 1070 5199 Domini
1111 5148 1420 5214 Saluatoris,
1451 5157 1505 5204 et
1552 5148 1754 5204 codicis
1782 5150 2080 5206 Bobiensis.
2113 5152 2448 5208 Benedictini
2476 5151 2723 5207 monachi
2773 5163 2959 5217 congr.
2983 5142 3040 5202 S.
3073 5142 3244 5202 Mauri
3277 5142 3351 5202 'in'
3367 5142 3496 5202 edit.
3544 5143 3844 5201 Parisiensi

640 5258 664 5318 ξι
694 5248 830 5318 Ead.
860 5252 1015 5318 edit.,
1038 5264 1158 5309 stat.

638 5317 665 5355 ι)
690 5317 820 5403 _Ead.
845 5320 982 5403 edit.
1009 5324 1134 5392 legit
1145 5330 1318 5397 justus
1348 5329 1526 5384 mundi
1545 5332 1642 5397 sol,
1666 5330 1762 5386 sed
1789 5333 1958 5400 male;
1991 5335 2143 5390 codi-

565 5403 659 5442 ces
690 5389 869 5456 legunt
895 5392 1060 5446 istius.

641 5502 656 5532 ¹
699 5502 796 5586 llic
821 5512 1035 5586 sanctus
1061 5506 1403 5586 doctorusus
1431 5522 1514 5568 est
1535 5516 1702 5586 verbo
1733 5517 2004 5572 abstracto
2047 5533 2145 5586 pro

566 5580 820 5656 concreto
849 5573 1019 5656 Deus;
1051 5592 1116 5630 ac
1155 5578 1197 5632 si
1229 5577 1492 5656 dixisset:
1528 5583 1628 5656 Dei
1673 5602 1792 5656 ergo
1820 5597 1894 5641 est
1940 5573 2141 5652 Filius,

567 5643 706 5696 sicut
735 5642 868 5697 infra
897 5644 1029 5721 dicit
1051 5663 1063 5699 :
1096 5657 1172 5721 est
1210 5649 1364 5721 plane
1391 5653 1536 5721 faber
1567 5642 1896 5710 PaterHDeus
1915 5699 1929 5721 ,
1961 5642 2142 5711 habita

566 5723 779 5768 attenta:
793 5716 1153 5784 generationis
1180 5716 1407 5774 ratione.
1438 5721 1588 5788 Apud
1615 5716 1946 5782 Psalmislam
1979 5727 2142 5783 habe-

2172 5263 2223 5323 D

2325 5275 2345 5333 ς
2374 5264 2510 5319 Cod.
2544 5280 2673 5318 vero
2702 5262 2770 5316 99
2797 5262 2966 5333 ejusd.
2995 5262 3050 5333 S.
3082 5261 3268 5316 Crucis
3311 5261 3365 5315 in
3400 5259 3532 5333 Jer.,
3568 5260 3841 5333 prwcedr't.

2323 5332 2347 5370 ⁴¹
2378 5334 2509 5389 Cod.
2535 5333 2602 5386 99
2630 5333 2686 5389 8.
2716 5329 2904 5388 Crucis
2931 5333 2983 5386 in
3011 5332 3143 5398 Jer.,
3173 5347 3349 5384 arcam
3377 5329 3669 5400 fabricavit.

2326 5414 2348 5442 ε
2371 5403 2506 5459 Cod.
2538 5404 2606 5456 99
2627 5403 2682 5457 S.
2709 5403 2894 5458 Crucis
2915 5403 2968 5456 in
2996 5401 3132 5471 Jer.,
3171 5401 3240 5454 ad
3267 5399 3468 5454 radices
3497 5399 3762 5453 arborum.

2253 5535 2371 5589 mus
2399 5519 2710 5589 praedictum
2751 5519 2818 5574 de
2847 5517 3106 5589 Christo:
3141 5514 3390 5589 Dominus
3430 5515 3578 5589 dixit
3594 5515 3668 5589 ad
3709 5528 3798 5589 me
3821 5527 3839 5563 :

2247 5582 2417 5643 Filius
2471 5607 2616 5661 meus
2661 5607 2747 5661 es_
2775 5599 3000 5661 tui‘ego
3047 5587 3196 5661 hodie
3233 5587 3384 5661 genui
3425 5594 3474 5638 te
3513 5583 3684 5661 (Paul.
3718 5597 3758 5636 tt
3785 5582 3841 5661 )3

2245 5674 2406 5728 quem
2440 5659 2653 5782 2liocum
2715 5659 2773 5714 S.
2841 5655 3100 5712 Maximus
3164 5655 3474 5712 doetissime
3546 5655 3845 5709 illustravit

2247 5745 2406 5784 serm.
2515 5769 2527 5783 .
