4054 6190
244 329 331 385 5M
1706 328 1935 387 SERMO
1972 334 2035 390 Υ.

241 442 361 511 Opp.
393 436 450 511 Sp.
485 435 730 511 Ambros.
773 448 899 511 ann.

3395 350 3497 411 5i!

1107 434 1879 530 hunesern'igc‘i‘nejmsuperiori
1927 459 2357 530 praeposuerunt,
2388 464 2674 530 monentes
2706 468 2913 528 partem
2944 464 3061 530 ejus
3090 478 3158 519 ex
3187 464 3490 522 Comment.

240 504 389 594 ip'sius
411 507 676 594 Ambrogii
690 504 1366 594 _i}t__l;u§a[I{Alit{-y{_uugu-
1384 505 1483 594 ἧς),
1516 504 1853 590 ᾱθξυηὶρωηι
1865 504 2020 594 _es'se_.
2037 504 2177 594 :Sed_
2190 504 2913 594 aisataa‘s‘a‘asaizﬁaa's"
2928 504 3158 589 Ma}:
3176 504 3493 591 ἑὲῖιῖἷῖεἶὲἓί

238 574 426 659 ctereul
454 576 838 659 plusjiflfimo
861 590 1048 659 quamm
1064 574 1361 659 ᾼξιῴνοεὶρ
1374 579 1663 659 convenire
1674 574 1968 659 noverint,
2002 588 2123 659 ideo
2152 574 3489 659 rasit‘sﬁh'ifiiiéie'éﬁs'f°aiiiiéi'i'ii"

237 642 1128 743 adjudicirmhltii-hi‘lnaoutep‘i.
1138 642 1972 743 leiu-timdem,‘quod
1995 642 2779 743 s.nnaxi.ﬁu;'j'{i}iinsidii;

236 716 403 775 sacras
442 717 747 785 Scripturas
776 716 846 768 sit
874 716 1282 784 interpretatus;
1310 716 1422 785 jam
1444 716 1673 775 diximus
1702 716 2030 789 poStériores
2054 726 2244 785 Patres
2271 748 2301 785 a
2329 716 2629 802 majoribus
2635 716 3148 811 ‘Biii'ifi'éc'é'ﬁiés‘éi

234 830 707 914 neglegam—7
733 825 1251 914 Cantusdangeloru‘m
1279 826 1333 880 in
1356 828 1623 914 nptivitate
1653 829 1803 912 σξη-ξ·
1828 840 1873 897 Α
1904 840 2208 905 pastoribus
2235 852 2359 897 sunt
2400 845 2561 901 lzetati
2579 889 2592 913 ,
2635 852 2900 906 excelsam
2946 870 3076 909 vero
3106 856 3216 912 Deo
3245 857 3486 914 dicentes

292 901 352 954 sti
378 908 430 951 et
457 898 567 951 Deo
598 894 841 950 honorem
871 894 1202 963 repraésentat
1228 898 1282 949 in
1308 898 1467 963 caelis,
1495 909 1544 951 et
1574 899 1799 953 homini-

291 971 378 1022 lms
397 984 577 1039 pacem
593 975 870 1037 praesentat
888 968 943 1019 in
967 966 1132 1039 terris.
1154 965 1213 1018 Μ
1216 965 1566 1029 onstrabatur,
1600 986 1801 1039 gregem

290 1035 407 1093 esse
420 1035 682 1108 populum,
707 1044 906 1108 noctem
935 1035 1198 1099 saxulum,
1220 1046 1453 1105 pastores
1479 1035 1793 1092 sacerdotes.

293 1056 394 1093 esse
420 1056 484 1108 ρο
525 1056 682 1101 utam,
707 1056 906 1088 ηοειεηι
935 1056 1198 1099 swcutum,

293 1110 447 1163 Recte
473 1056 528 1161 ᾗ
536 1108 649 1159 aria
671 1105 842 1159 velleri
871 1115 1219 1174 comparatur.

289 1201 398 1268 Qua
428 1200 600 1269 gratia
644 1199 731 1253 vel
759 1197 952 1266 quibus
981 1197 1225 1252 laudibus
1258 1198 1402 1253 hunc
1432 1198 1574 1254 diem
1603 1199 1799 1255 natalis

226 1290 469 1347 dominici
499 1287 849 1359 przedicemus
875 1301 1094 1355 prorsus
1135 1287 1344 1355 ignoro.
1373 1287 1431 1341 lu
1463 1296 1611 1342 tanta
1652 1289 1796 1343 enim

223 1383 499 1438 festivitate
528 1381 594 1435 ad
640 1377 1087 1447 magnilicandum
1116 1378 1286 1433 Deum
1312 1379 1545 1434 humana
1582 1381 1796 1449 loquela

222 1491 316 1529 non
360 1471 583 1528 suﬁicit.
620 1471 753 1525 Nam
785 1470 828 1524 si
874 1477 1001 1524 tunc
1045 1485 1167 1523 cum
1197 1471 1517 1525 nascebatur
1552 1469 1797 1526 Christus

221 1565 521 1634 angelorum
551 1577 683 1617 voce
721 1560 967 1615 laudatus
996 1569 1098 1625 est,
1125 1575 1228 1629 qua
1258 1576 1399 1615 nunc
1425 1561 1656 1615 humana
1678 1562 1794 1615 lau-

219 1657 411 1713 dandus
444 1663 526 1710 est
562 1668 717 1717 voce,
740 1667 859 1707 cum
880 1652 1108 1719 regnat?
1127 1650 1539 1720 Supergreditur
1557 1652 1699 1706 enim
1729 1652 1793 1706 il-

216 1748 307 1803 lius
332 1744 595 1815 temporis
610 1742 951 1797 festivitatem
972 1749 1156 1795 nostra
1171 1740 1481 1795 solemnitas
1499 1758 1512 1805 ;
1529 1741 1791 1809 siquidem

215 1850 327 1896 tunc
344 1844 668 1909 stupuerunt
689 1836 764 1889 illi
784 1843 991 1889 tantum
1020 1840 1326 1888 nascentem
1356 1833 1659 1901 Dominum,
1692 1850 1793 1890 nos

214 1934 348 1989 illum
376 1930 703 2001 suscipimus
730 1934 1063 1989 nascentem,
1092 1932 1459 1992 resurgentem
1490 1926 1711 1995 pariter,
1736 1934 1792 1983 et

212 2034 540 2093 regnantem.
571 2020 747 2075 Tanto
796 2019 957 2087 igitur
982 2016 1258 2071 fecundior
1286 2016 1521 2071 laudatio
1550 2032 1669 2071 esse
1696 2018 1792 2073 de-

211 2118 293 2172 bet
335 2115 498 2183 hujus
525 2112 805 2183 temporis,
849 2118 1050 2181 quanto
1096 2117 1220 2163 sunt
1266 2109 1468 2179 majora
1506 2110 1782 2165 miracula.

1900 928 2146 996 gloriam.
2178 932 2311 987 Nam
2339 936 2526 993 vicinis
2558 941 2952 1008 quodammodo
2983 953 3037 999 et
3076 946 3276 1015 junctis
3303 950 3485 1003 choris

1900 1017 1995 1072 Dei
2031 1021 2256 1088 gloriam
2292 1027 2731 1094 praedicaverunt.
2770 1031 2921 1088 Unde
2963 1043 3016 1089 et
3064 1037 3223 1091 credo
3264 1039 3484 1093 eosdem

1899 1112 2119 1178 angelos
2140 1114 2193 1167 in
2223 1115 2460 1184 ejusdem
2491 1116 2515 1155 ά
2541 1120 2751 1175 Domini
2776 1122 3063 1181 festivitate
3095 1128 3255 1181 simili
3284 1129 3482 1184 lmtitiaa

1898 1202 2179 1257 nobiscum
2204 1206 2475 1262 vicinitate
2491 1211 2742 1277 gaudere.
2762 1213 2914 1281 Nam,
2947 1217 3036 1285 qui
3057 1219 3233 1273 solent
3261 1228 3483 1289 propter

1896 1290 2092 1347 Christi
2123 1303 2299 1350 ortum
2331 1298 2529 1366 alloqui
2559 1310 2829 1370 pastores,
2874 1321 2979 1360 non
3012 1316 3235 1376 possunt
3262 1317 3483 1378 propter

1896 1382 2134 1450 ejusdem
2163 1387 2359 1442 Christi
2407 1392 2660 1457 gaudium
2696 1411 2802 1449 non
2845 1397 3116 1466 inquirere
3152 1400 3479 1456 sacerdotes.

1895 1471 2167 1541 Siquidem
2198 1485 2253 1530 et
2292 1480 2435 1546 quod
2485 1489 2611 1535 tunc
2638 1484 2703 1537 ad
2734 1485 2854 1539 illos
2881 1502 3042 1556 super
3076 1503 3291 1557 gregem
3321 1506 3479 1545 suum

1893 1565 2099 1631 vigilias
2153 1567 2500 1626 observantes
2552 1582 2710 1627 nocte
2748 1575 3066 1645 intempesta
3110 1579 3272 1633 locuti
3321 1589 3474 1648 sunt,

1892 1654 2048 1723 hujus
2071 1660 2326 1727 temporis
2347 1662 2662 1732 mysterium
2685 1664 3056 1732 designabant.
3073 1668 3207 1722 Nam
3229 1670 3320 1724 illo
3337 1671 3477 1726 facto

1894 1743 1999 1799 hoc
2019 1747 2206 1816 utique
2233 1754 2667 1819 monstrabatur,
2711 1767 2925 1822 gregem
2954 1759 3229 1826 populum,
3262 1769 3476 1816 noctem

1891 1838 2169 1904 saiculum,
2212 1840 2394 1912 ωε,
2444 1845 2752 1901 sacerdotes
2789 1861 2906 1901 esse
2928 1857 3200 1917 pastores,
3247 1852 3338 1919 qui
3362 1852 3476 1920 jugi

1860 1942 2055 1999 super
2079 1930 2289 2000 plebem
2341 1933 2701 1990 sollicitudine
2740 1937 3020 2005 vigilantes
3066 1947 3288 2009 propter
3322 1940 3475 1995 Chri-

1890 2027 2052 2086 stum,
2085 2022 2152 2076 ab
2181 2024 2383 2091 angelis
2412 2026 2631 2081 minime
2658 2026 2992 2082 deseruntur.
3020 2029 3285 2085 Hodierna
3316 2032 3473 2100 igitur

1890 2109 1979 2164 die
2005 2112 2296 2167 secundum
2327 2130 2544 2170 carnem
2574 2125 2730 2171 natus
2757 2126 2839 2172 est
2866 2118 3120 2173 Dominus
3148 2120 3219 2173 ita
3242 2130 3469 2183 secreto,

212 2208 305 2264 Sed
331 2206 589 2277 quoniam
636 2202 848 2273 dignam
894 2201 1328 2272 praidicationem
1369 2202 1625 2255 exhibere
1676 2218 1784 2256 non
1815 2196 1864 2256 B
1890 2199 1962 2253 ita
1992 2201 2224 2267 silentio,
2258 2212 2315 2257 ut
2343 2212 2520 2259 ortum
2537 2206 2651 2275 ejus
2680 2208 2928 2269 saeculum
2945 2211 3156 2278 penitus
3176 2212 3468 2278 ignoraret.

210 2307 373 2371 potest
401 2298 640 2351 humana
671 2295 948 2363 fragilitas,
979 2292 1045 2347 ad
1068 2293 1377 2361 angelorum
1401 2309 1500 2347 nos
1518 2295 1783 2362 przeconia

209 2389 554 2446 conferamus.
587 2385 655 2439 Et
682 2385 807 2454 quia
833 2384 1025 2439 merito
1055 2399 1149 2438 eos
1170 2383 1500 2452 aequiparare
1529 2399 1633 2437 non
1656 2399 1784 2452 pos-

208 2499 395 2553 sumus,
456 2482 743 2539 devotione
771 2478 1119 2542 comitemur;
1150 2476 1251 2530 hoc
1280 2484 1363 2529 est
1405 2476 1457 2528 in
1487 2490 1549 2528 ea
1578 2474 1782 2529 festivi—

207 2584 320 2640 tate,
342 2575 540 2631 eadem
555 2589 659 2643 qua
677 2572 749 2626 illi
774 2571 974 2633 laetitia,
1001 2585 1098 2623 nos
1117 2568 1381 2624 sententia
1402 2568 1783 2637 persultemus,

205 2667 436 2723 dicentes
466 2684 477 2718 :
508 2664 688 2719 Gloria
714 2665 770 2716 in
810 2662 1028 2716 excelsis
1057 2660 1189 2725 Deo,
1219 2668 1268 2714 et
1296 2661 1350 2713 in
1382 2668 1520 2713 terra
1548 2676 1654 2730 pax
1690 2660 1783 2714 ho-

206 2757 405 2812 minibus
450 2755 601 2809 bona:
646 2754 922 2809 voluntatis
971 2750 1131 2823 (Luc.
1160 2750 1251 2819 ιι).
1309 2749 1474 2818 Digna
1520 2749 1678 2819 plane
1728 2758 1785 2804 et

207 2846 327 2917 iusta
353 2846 645 2911 sententia,
670 2859 787 2913 qua:
815 2842 871 2897 in
916 2842 1195 2895 nativitate
1220 2839 1418 2894 Christi
1447 2846 1502 2895 et
1540 2840 1652 2895 Deo
1679 2841 1781 2896 ho-

207 2953 376 2992 norem
424 2941 785 3007 repraasentat
831 2934 883 2987 in
932 2932 1101 2997 cmlis,
1146 2938 1201 2985 et
1251 2931 1558 2986 hominibus
1590 2946 1781 3001 pacem

206 3036 479 3099 prtesentat
511 3028 564 3081 in
599 3027 773 3081 terris.
807 3024 944 3079 Ante
966 3022 1261 3077 Salvatoris
1288 3023 1431 3077 enim
1474 3031 1652 3077 ortum
1680 3038 1781 3078 nec

206 3120 424 3175 celestis
450 3118 813 3174 reverentiam
835 3116 1175 3179 deserebant,
1194 3129 1293 3169 nec
1309 3122 1523 3170 terrena
1538 3114 1777 3183 requiem

204 3209 554 3279 possidebant.
587 3208 750 3278 408
768 3205 876 3261 Sed
898 3206 1095 3271 videte,
1113 3203 1238 3273 quid
1266 3204 1409 3259 dicat
1429 3204 1540 3274 ipsa
1562 3212 1778 3258 senten-

204 3300 266 3352 tia
291 3319 302 3352 :
326 3300 442 3354 Pax
472 3299 765 3353 hominibus
794 3298 942 3351 bona:
980 3297 1279 3351 voluntatis.
1309 3295 1426 3350 Non
1475 3295 1527 3365 in
1551 3296 1775 3363 quibus-

209 3404 399 3457 cunque
422 3387 765 3453 hominibus,
797 3387 890 3442 sed
916 3388 1071 3442 bona:
1099 3386 1387 3441 voluntatis
1435 3386 1772 3452 hominibus;

202 3488 254 3533 ut
278 3481 543 3548 intelligas
567 3495 755 3550 pacem
784 3478 984 3546 Christi
1013 3495 1120 3533 non
1148 3478 1313 3533 debiti
1342 3493 1478 3543 esse,
1522 3477 1617 3533 sed
1653 3492 1771 3533 me-

1889 2290 2157 2358 lgnoravit
2177 2294 2318 2348 enim
2341 2297 2611 2362 saeculum,
2636 2299 2759 2367 quia
2791 2308 2845 2353 et
2874 2310 3026 2354 extra
3048 2304 3468 2358 °eonscientiam

1886 2385 2054 2453 patris
2083 2396 2392 2457 conceptus,
2425 2396 2480 2443 et
2532 2397 2685 2444 extra
2739 2400 2943 2447 natum
2997 2393 3237 2448 ordinem
3289 2403 3466 2449 natus.

1885 2473 2017 2529 Nam
2058 2475 2259 2547 Ioseph
2307 2488 2627 2550 conceptum
2677 2485 2912 2554 suscepit
2959 2484 3122 2539 lilium
3153 2501 3311 2555 quem
3362 2503 3468 2543 non

1884 2567 2098 2633 genuit;
2134 2567 2302 2623 Maria
2330 2578 2542 2639 partum
2573 2573 2738 2628 edidit
2776 2589 2937 2643 quem
2989 2590 3148 2630 sexus
3176 2586 3468 2631 consuetu-

1883 2655 2007 2711 dine
2036 2673 2143 2712 non
2204 2660 2424 2713 creavit.
2470 2659 2560 2716 Sic
2599 2663 2759 2729 igitur
2787 2673 2942 2718 natus
2971 2674 3051 2719 est
3092 2665 3371 2733 Dominus,
3412 2673 3467 2721 ut

1883 2756 2061 2801 ortum
2108 2749 2223 2818 ejus
2270 2765 2429 2806 nemo
2474 2750 2709 2807 futurum
2739 2755 3128 2825 suspicaretur,
3163 2771 3321 2810 nemo
3350 2772 3468 2811 ore-

1883 2839 2055 2906 deret,
2101 2840 2122 2878 τ
2172 2857 2332 2897 nemo
2378 2844 2621 2898 sentiret.
2671 2832 3130 2911 Quemadmodum
3186 2847 3466 2901 crederent

1881 2932 1987 2987 hoc
2015 2933 2271 3001 futurum,
2310 2935 2455 3003 quod
2482 2944 2833 3007 posteaquam
2881 2936 3078 2992 factum
3127 2948 3226 3003 est,
3271 2938 3466 2993 factum

1882 3038 2003 3080 esse
2024 3024 2114 3077 vix
2146 3024 2412 3080 credunt?
2440 3026 2573 3079 Nam
2601 3027 2744 3097 quod
2774 3028 2845 3081 ita
2894 3028 3126 3083 latenter
3155 3035 3209 3083 et
3254 3036 3467 3083 secreto

1881 3112 2131 3169 Salvator
2150 3114 2503 3171 descensurus
2529 3125 2672 3172 esset
2701 3118 2754 3172 in
2784 3118 3054 3187 Virginem
3071 3120 3183 3189 jam
3213 3129 3334 3174 ante
3364 3120 3467 3173 Da-

1878 3204 1967 3259 vid
1989 3206 2250 3275 propheta
2280 3215 2505 3262 testatus
2526 3216 2607 3262 est
2635 3208 2818 3263 dicens
2843 3227 2856 3262 :
2895 3210 3177 3265 Descendet
3193 3214 3323 3265 sicut
3350 3211 3467 3281 plu-

1877 3292 1959 3346 via
1980 3294 2035 3345 in
2062 3292 2219 3347 vellus
2252 3294 2422 3364 (Psal.
2456 3294 2626 3364 uxr).
2652 3295 2790 3362 Quid
2825 3299 2968 3352 enim
3006 3308 3113 3352 tam
3148 3300 3366 3355 silenter
3411 3309 3467 3356 et

1878 3384 1996 3439 sine
2046 3385 2273 3469 strepit}:
2303 3385 2362 3439 lit
2388 3402 2550 3456 quam
2579 3403 2701 3442 cum
2747 3389 2919 3444 imber
2946 3391 2998 3444 in
3028 3392 3162 3445 lana:
3188 3393 3356 3449 vellus
3384 3393 3465 3446 in-

1878 3474 2153 3532 funditur?
2177 3476 2383 3532 Nullius
2423 3494 2580 3534 aures
2600 3494 2734 3535 sono
2772 3483 3039 3547 verberat,
3068 3481 3230 3553 510
3267 3484 3465 3539 nullius

201 3571 303 3635 riti;
333 3589 437 3627 non
479 3572 627 3627 enim
654 3586 773 3625 eam
801 3581 1040 3626 meretur
1067 3570 1325 3635 conditio,
1360 3570 1454 3625 sed
1504 3571 1769 3625 voluntas.
1800 3552 1847 3616 C
1878 3581 2074 3637 corpus
2117 3568 2345 3623 humore
2374 3578 2397 3616 8
2427 3569 2849 3638 repercussionis
2895 3552 3169 3640 aspergit;
3209 3573 3299 3626 sed
3348 3575 3464 3628 sine

200 3672 222 3698 ι
249 3663 388 3719 llanc
415 3675 670 3735 pastores
692 3679 755 3717 ea
777 3672 935 3719 nocte
962 3678 1067 3732 qua
1090 3672 1345 3718 nascente
1364 3664 1592 3719 Domino
1614 3680 1777 3734 super

199 3768 391 3823 gregem
419 3772 581 3811 suum
600 3755 803 3823 vigilias
831 3755 1187 3810 observabant
1213 3770 1323 3824 pra:
1340 3755 1587 3809 omnibus
1615 3756 1773 3825 primi

196 3845 487 3900 audierunt.
536 3845 638 3914 lpsi
665 3844 958 3899 Salvatoris
1003 3852 1180 3899 ortum
1224 3846 1381 3915 primi
1428 3854 1554 3900 ante
1583 3861 1772 3901 omnes

197 3934 442 4004 homines,
478 3936 509 3975 δ
533 3936 902 3991 intimantibus
928 3946 950 3974 ε
982 3936 1205 4004 angelis,
1238 3944 1623 4003 cognoverunt.
1658 3935 1771 3990 An-

194 4028 284 4095 geli
312 4030 456 4085 enim
493 4044 601 4083 non
625 4028 856 4096 regibus,
891 4044 998 4083 non
1030 4027 1319 4096 judicibus,
1342 4028 1437 4082 sed
1466 4029 1771 4083 hominibus

194 4124 463 4178 msticanis
474 4122 660 4178 saeculi
676 4121 1098 4191 redemptionem
1120 4120 1269 4190 prius
1294 4121 1765 4174 annuntiaverunt.

196 4209 291 4267 Nec
318 4214 517 4268 mirum
545 4213 591 4268 si
620 4211 819 4267 Christi
845 4212 1071 4281 gratiam
1111 4218 1236 4264 ante
1264 4212 1424 4263 sciret
1466 4210 1769 4264 innocentia

194 4319 339 4374 quam
368 4315 646 4377 potestas;
671 4313 727 4360 et
772 4305 918 4374 prius
947 4310 1297 4371 cognosceret
1327 4302 1604 4356 veritatem
1634 4303 1765 4355 sim-

191 4395 299 4464 plex
320 4399 604 4453 rusticatio
631 4412 792 4466 quam
837 4395 1065 4465 superba
1094 4392 1408 4448 nominatio.
1437 4392 1591 4458 Quod
1624 4393 1765 4447 enim

191 4495 551 4554 cognoverunt
578 4494 840 4556 pastores,
867 4484 1134 4554 principes
1161 4496 1499 4550 cognoscere.
1515 4483 1769 4553 nequive-

187 4586 333 4643 runt;
382 4579 529 4633 unde
581 4586 637 4632 et
691 4578 880 4631 beatus
925 4575 1216 4646 Apostolus
1255 4575 1372 4628 ait:
1430 4572 1591 4638 Quem
1620 4592 1768 4630 nemo

190 4669 472 4739 principum
520 4668 695 4723 seculi
725 4667 877 4736 hujus
901 4666 1138 4736 cognovit
1167 4663 1233 4736 (I
1263 4664 1382 4719 Cor.
1414 4664 1514 4735 ιι),
1546 4673 1603 4719 et
1638 4665 1766 4720 reli-

1882 3659 2252 3727 inquietudine
2281 3660 2537 3724 omnium,
2565 3668 2735 3713 totum
2761 3661 2989 3715 imbrem
3021 3678 3117 3731 per
3144 3663 3463 3732 multiplices

1877 3750 2103 3806 ellusum
2132 3759 2314 3820 partes
2342 3758 2458 3805 toto
2487 3766 2717 3820 corpore
2746 3751 2798 3805 in
2830 3766 2888 3805 se
2928 3752 3108 3816 trahit,
3135 3753 3290 3807 unius
3316 3768 3464 3808 mea-

1874 3849 1961 3899 tus
1983 3843 2271 3899 scissuram
2303 3842 2569 3906 nesciens,
2591 3842 2759 3896 solida
2777 3843 3000 3898 mollitie
3018 3844 3199 3912 plures
3220 3844 3463 3914 prmbens

1874 3944 2112 3999 meatus;
2144 3943 2199 3988 et
2226 3935 2371 4002 quod
2399 3935 2640 3988 clausum
2662 3935 2870 3990 videtur
2894 3952 2991 4005 per
3009 3936 3351 4001 densitatem,
3382 3946 3463 3991 est

1873 4028 2114 4099 patulum
2155 4043 2252 4097 per
2281 4028 2614 4082 tenuitatem.
2644 4027 2812 4083 Recte
2858 4043 2988 4096 ergo
3017 4027 3043 4064 ιι
3086 4029 3255 4083 Maria
3276 4030 3462 4084 velleri

1874 4126 2238 4188 comparatur,
2260 4134 2377 4187 qua:
2406 4120 2479 4173 ita
2507 4120 2755 4187 concepit
2776 4119 3077 4187 Dominum,
3110 4129 3167 4175 ut
3197 4131 3311 4175 toto
3338 4138 3460 4176 eum

1872 4210 2113 4265 hauriret
2134 4224 2380 4279 corpore,
2412 4224 2514 4263 nec
2550 4211 2562 4245 ι
2591 4208 2708 4276 ejus
2734 4209 3076 4263 disclssnram
3107 4213 3348 4280 corporis
3376 4228 3462 4281 pa—

1875 4309 2106 4367 teretur;
2139 4301 2233 4355 sed
2262 4308 2405 4355 esset
2457 4301 2635 4355 mollis
2682 4302 2749 4355 ad
2806 4301 3150 4368 obsequium.
3198 4303 3364 4355 solida
3394 4302 3461 4357 ad

1874 4397 2304 4451 sanctimoniam.
2331 4395 2517 4461 Recte,
2565 4395 2801 4463 inquam,
2834 4393 2998 4447 Maria
3028 4395 3215 4447 velleri
3238 4409 3460 4463 compa-

1875 4493 2048 4553 ratur,
2092 4485 2159 4540 de
2189 4485 2343 4554 cujus
2392 4486 2569 4541 fructu
2620 4485 2875 4540 salutaria
2904 4484 3116 4555 populis
3141 4485 3459 4538 vestimenta

1875 4584 2150 4633 texuntur.
2178 4577 2361 4632 Vellus
2389 4577 2547 4647 plane
2569 4584 2653 4630 est
2678 4574 2866 4641 Maria,
2896 4574 3159 4643 siquidem
3205 4575 3271 4629 de
3310 4574 3458 4627 molli

1876 4672 1995 4726 sinu
2025 4670 2140 4740 ejus
2157 4670 2339 4738 Agnus
2367 4684 2614 4738 egressus
2643 4677 2745 4733 est,
2767 4668 2858 4737 qui
2886 4675 2940 4721 et
2969 4667 3083 4736 ipse
3112 4667 3297 4720 matris
3322 4665 3457 4719 lani-

188 4769 300 4825 qua.
329 4759 479 4831 Ergo
520 4761 575 4815 in
618 4760 899 4814 nativitate
947 4758 1158 4813 Domini
1186 4758 1359 4827 angeli
1406 4759 1611 4828 pariter
1646 4773 1769 4814 cum
1798 4753 1846 4814 Ι)
1874 4763 2033 4824 ciem,
2063 4761 2167 4815 hoc
2186 4768 2270 4814 est
2313 4776 2530 4815 carnem
2563 4762 2578 4811 i
2615 4769 2869 4831 portans,
2909 4758 3057 4813 molli
3108 4758 3301 4812 vellere
3328 4772 3456 4811 cun-

248 4925 275 4955 ⁸
302 4920 438 4975 Cod.
472 4920 543 4973 99
570 4918 626 4973 S.
657 4916 843 4975 Crucis
888 4918 941 4972 in
982 4918 1091 4972 Jer.
1118 4918 1246 4986 legit
1277 4934 1290 4969 ε
1337 4917 1454 4970 Hac
1497 4935 1619 4989 ergo
1646 4935 1766 4973 voce

183 4994 547 5062 prwsultarunt
577 4992 751 5062 angeli
772 4992 825 5043 in
852 4989 942 5041 illa
978 4997 1144 5052 nocte,
1176 4998 1239 5062 et_
1264 4997 1517 5062 pastores,
1546 5006 1763 5043 nascen-

184 5058 274 5117 tem
301 5061 591 5115 Dominum
617 5058 770 5130 super
790 5076 991 5179 grzgem
1020 5075 1167 5111 suum
1190 5058 1394 5121 vigilias
1416 5059 1760 5126 observantes,

184 5133 323 5179 primi
354 5147 471 5179 nm?
506 5132 741 5179 omnibus
795 5130 848 5179 di
888 5132 1103 5179 icerant.
1137 5126 1274 5179 Cod.
1316 5128 1437 5179 Vat.
1482 5129 1595 5179 cil..
1645 5128 1760 5179 Hac

180 5133 323 5198 primi
352 5147 471 5199 prce
506 5126 741 5183 omnibus
790 5126 1103 5181 didicerunt.
1137 5126 1274 5199 Cod.
1316 5128 1437 5182 Vat.
1482 5129 1595 5192 cit.,
1645 5128 1762 5185 Hac

177 5216 291 5271 ergo
318 5198 444 5254 vace
488 5204 854 5269 prazsultaruut
901 5198 1077 5269 angeli
1118 5200 1171 5251 in
1207 5198 1301 5250 illa
1340 5210 1506 5268 nocte,
1542 5216 1644 5269 qua
1668 5218 1764 5269 pa-

149 5279 602 5395 iuobnltl'cftllccod.
628 5338 697 5391 99
717 5338 773 5393 S.
799 5338 983 5393 Crucis
1012 5338 1066 5393 in
1087 5337 1219 5402 Jer.,
1244 5340 1618 5393 nuntiantibus.

244 5421 267 5448 ε
297 5409 440 5463 Cod.
470 5409 614 5475 Vat.,
642 5409 752 5479 Ipsi
780 5412 916 5462 enim
938 5409 1091 5478 primi
1130 5418 1299 5462 ortum
1330 5410 1617 5464 Salvatoris
1644 5420 1766 5464 ante

176 5496 350 5533 omnes
371 5481 606 5533 homines
635 5480 989 5533 nuntiantibus
1016 5480 1213 5549 angelis
1227 5489 1587 5549 cognoverunt.
1616 5479 1765 5533 Unde

177 5552 360 5604 mirum
381 5566 497 5602 non
526 5560 601 5602 est
625 5550 761 5621 quod
782 5550 1179 5619 redemptionem
1199 5552 1374 5603 saeculi
1394 5559 1513 5621 ante
1534 5559 1764 5618 pastores

174 5622 346 5673 swculi
388 5618 698 5672 meruerunt
743 5622 893 5687 scire,
940 5618 1092 5690 quam
1136 5622 1412 5689 principes.
1458 5618 1579 5672 Non
1629 5621 1767 5672 enim

174 5694 341 5758 angeli
399 5692 840 5742 annuntiaverunt
876 5689 1119 5759 gregibus,
1167 5706 1271 5744 non
1322 5691 1621 5759 judicibns,
1676 5690 1767 5743 sed

177 5759 476 5813 hcnzinibus
528 5761 819 5813 rusticanis.
862 5758 987 5815 Non
1030 5777 1151 5833 ergo
1189 5760 1295 5822 jam
1324 5758 1623 5814 mirandum
1660 5771 1768 5823 est,

1869 4922 1915 4974 si
1968 4918 2159 4974 Christi
2207 4919 2430 4992 gratiam
2494 4929 2615 4974 ante
2657 4922 2791 4975 scire
2854 4918 3095 4974 meruerit
3158 4917 3453 4971 innocentia

1866 4999 2441 5133 ψὲηδοῗίῗϐἦθῐιίρθηη
2460 5064 2514 5115 in
2542 5062 2769 5133 ejusdem
2798 5060 3068 5133 festivitate
3095 5056 3254 5111 simili
3283 5056 3455 5111 nobis-

1864 5148 1980 5185 cum
2008 5131 2189 5185 lcetitia
2218 5132 2458 5200 gaudere.

1940 5213 1963 5239 υ
2002 5201 2137 5255 Cod.
2172 5199 2314 5269 van,
2355 5203 2473 5269 quia
2494 5210 2543 5256 et
2581 5210 2731 5255 extra
2772 5199 3006 5254 ordinem
3036 5206 3237 5251 natura:
3271 5215 3453 5252 concev

1940 5219 1963 5239 υ
2002 5219 2137 5255 ιλοα.
2179 5219 2314 5269 vat.,
2424 5220 2473 5256 ta
2494 5219 2543 5256 et
2581 5219 2731 5255 extra
2772 5219 3006 5254 ormnem
3036 5219 3237 5251 numne
3271 5219 3352 5251 cor

1863 5219 2634 5343 ptusaNamJosepzususcepit
2658 5273 2843 5343 ﬁlium,
2873 5285 3020 5343 quem
3040 5284 3142 5323 non
3163 5270 3352 5338 genuit.

1944 5342 1961 5379 ί
2004 5341 2061 5395 ln
2092 5342 2214 5397 cod.
2240 5339 2384 5405 Vat.,
2408 5339 2726 5395 omittuntur
2748 5341 2837 5393 illa
2863 5339 3047 5393 verba.

1942 5422 1966 5459 Β
2004 5410 2137 5466 Cod.
2165 5410 2233 5463 99
2256 5408 2313 5464 S.
2337 5410 2520 5465 Crucis
2540 5412 2593 5465 in
2612 5410 2747 5477 Jer.,
2780 5411 2990 5463 humore
3017 5408 3301 5479 repercussi
3322 5409 3454 5461 roris

1870 5483 2116 5536 asaerait.

1933 5500 2174 5607 ἰζωέέὶίὼ
2208 5552 2276 5605 99
2319 5550 2373 5605 S.
2413 5549 2600 5605 Crucis
2646 5551 2698 5604 in
2745 5549 2852 5607 Jer.
2898 5558 2953 5605 et
2980 5548 3188 5616 Vatic.,
3226 5546 3452 5600 Mariam

1871 5623 2044 5677 velleri
2074 5638 2449 5690 comparamus.

1950 5692 1961 5729 ί
2007 5692 2139 5746 Cod.
2167 5688 2311 5761 Vrat“
2345 5708 2435 5761 nec
2458 5692 2688 5761 ejusdem
2717 5692 2997 5745 scissuram
3019 5688 3267 5755 corporis.

1950 5766 1961 5812 i
2009 5762 2142 5815 Cod.
2179 5760 2297 5815 Vat.
2332 5759 2494 5821 ίίὶϐἹζ
2523 5762 2615 5816 hoc
2642 5772 2717 5816 est
2746 5776 2951 5816 carnem
2972 5767 3196 5827 gestans.
