4054 6190
542 319 656 376 ⁵43
1580 360 1600 376 ,
1769 312 1825 369 S.
1868 306 2108 365 MAXIM]
2148 305 2592 364 TAURINENSIS
3735 316 3845 374 5“

538 443 761 491 ciorum
779 433 958 504 aperit
976 430 1196 487 vulnera
1213 431 1578 499 peccatorum.
1595 420 1766 476 Omne
1790 422 1932 475 enim
1949 420 2157 490 peccati
2185 427 2235 485 Α
2263 419 2443 486 guine,
2474 427 2530 474 et
2559 427 2616 474 ut
2647 420 2933 476 sanitatem
2979 422 3229 493 recipiat,
3275 423 3472 481 Christi
3523 427 3847 485 indumento

560 527 753 582 vulnus
773 524 970 580 Christi
1000 523 1122 576 lana
1159 517 1501 582 suffunditur,
1528 512 1725 570 Christi
1773 511 1987 567 fovetur
2024 526 2148 566 san—
2199 572 2201 574 η
2251 511 2499 566 vestitur.

1982 623 2252 685 SERMO
2294 623 2402 684 Vl.

1877 721 1956 777 De
1995 721 2226 775 colendis
2258 721 2524 777 Januarii.

1990 809 2384 868 ADMONITIO.

634 917 874 972 Vidimus
902 914 1024 968 alibi
1071 912 1130 968 S.
1161 911 1448 966 Maximum
1475 910 1542 982 de
1571 906 1811 982 calendis
1847 904 2114 982 ianuariis
2151 898 2752 982 homiliam_habuisse,
2802 909 2857 956 et
2882 901 3011 971 quid
3040 904 3238 982 titulus
3251 905 3316 962 de
3342 907 3613 982 calendis,
3657 922 3750 967 aut
3792 917 3846 970 in

565 970 805 1045 colendis
830 984 1067 1040 Januarii
1099 985 1380 1053 importet,
1399 978 1812 1053 exploravimus.
1854 975 2014 1053 Idem,
2037 970 2543 1053 argumentumnhoc
2576 971 2629 1053 in
2660 970 2914 1053 sermone
2929 975 3180 1053 proponit
3206 975 3263 1030 S.
3293 979 3516 1034 antistes
3543 970 3846 1053 Taurinen-

566 1040 767 1121 iisiis
795 1040 1193 1125 superstitiosos
1243 1040 1504 1125 homines
1530 1048 1673 1125 diem
1713 1047 1860 1125 illam
1887 1045 2023 1125 sicut
2046 1042 2272 1124 gentiles
2294 1040 2474 1125 ξζηρὶίε
2501 1040 2638 1125 Ῑυάῖὲ
2674 1040 3400 1125 ῑτθηξίξβῐξῑθένειὶεέηιςῖιηθτ
3417 1052 3682 1125 ,εκθείιιην
3719 1056 3844 1108 ﬂ"!-

566 1110 779 1195 lamque
809 1110 891 1179 his
912 1132 1116 1195 partem
1142 1136 1278 1176 cum
1294 1120 1404 1195 Deo
1421 1119 1698 1195 habituros
1713 1116 2012 1195 minitatur,
2037 1110 2274 1195 gui‘cum
2293 1110 2578 1195 idolorum,
2595 1111 2716 1195 hoc
2731 1118 2812 1195 est
2839 1111 3056 1195 diaboli,
3075 1115 3389 1195 cultoribus,
3415 1110 3848 1195 intemperantia;

566 1181 1166 1263 vanitatique'deditis‘,
1187 1190 1593 1263 consociantur.
1629 1185 1918 1263 Ex_tribus
1955 1181 2231 1263 codicibus
2259 1191 2464 1263 magna;
2490 1181 2830 1263 auctoritatis
2849 1181 2993 1263 hanc
3017 1185 3319 1263 orationem
3335 1186 3404 1263 .S.
3437 1181 3670 1245 Μεχίὶηο
3691 1193 3845 1250 dere-

568 1249 790 1321 rendam
812 1249 1110 1318 censemus.
1141 1259 1346 1314 Primus
1373 1267 1454 1313 est
1498 1256 1668 1326 codex
1712 1253 2085 1326 Taurinensis,
2135 1250 2238 1326 ubi
2275 1249 2524 1326 homilias
2551 1249 2635 1326 dnen
2649 1250 2927 1326 nnativitate
2957 1252 3168 1326 Domini
3198 1257 3462 1326 sequitur,
3490 1275 3612 1313 cum
3645 1249 3844 1319 titulo:

572 1317 940 1389 iiéﬁ’ﬁsaum
978 1333 1030 1384 in
1062 1331 1291 1401 colendis
1312 1327 1575 1401 Januarii,
1609 1324 1821 1401 duoque
1850 1323 1938 1401 alii
1968 1329 2099 1401 sunt
2121 1317 2453 1401 co'dicesn9t),
2485 1326 2542 1399 et
2570 1317 2638 1370 98
2667 1317 2944 1401 S._Crucis
2974 1322 3028 1376 in
3055 1317 3377 1401 Jerusalem,
3406 1317 3459 1401 in
3484 1337 3717 1399 utroque
3745 1317 3848 1390 hac

571 1387 786 1475 prielixa
833 1401 1213 1475 inscriptione:
1252 1397 1441 1466 Incipit
1487 1396 1549 1447 de
1587 1387 1814 1475 colendis
1840 1391 2146 1475 _Januarii.‘
2170 1387 2500 1475 Benedictini
2538 1389 2798 1475 monachi
2833 1405 3093 1470 .congreg.
3126 1392 3183 1447 S.
3213 1387 3391 1475 Mauri
3410 1397 3550 1475 inter
3569 1387 3849 1460 sermones

576 1457 961 1528 litibrosianos
998 1457 1059 1524 et
1107 1472 1249 1541 hunc
1292 1457 1618 1541 receperunt
1643 1477 1810 1541 _num.
1840 1462 1890 1527 7,
1921 1457 2370 1541 quemadmodum
2392 1458 2519 1511 olim
2549 1458 2744 1539 factum
2772 1458 2935 1541 fuisse
2957 1457 3270 1529 noverant;
3301 1466 3394 1541 sed
3423 1468 3701 1541 sapienter
3728 1457 3847 1526 md;

573 1550 838 1604 nuerunt,
887 1556 994 1593 non
1040 1554 1161 1592 eum
1212 1537 1365 1590 facile
1410 1529 1694 1587 Ambrosio
1743 1529 2144 1604 concedendum
2212 1541 2365 1591 esse;
2396 1542 2517 1604 cum
2548 1529 2608 1604 in
2646 1529 3022 1604 concionibus,
3068 1545 3187 1604 quae
3227 1529 3523 1592 certissim};
3552 1537 3609 1592 S,
3639 1541 3848 1597 ἀοριοτε

573 1596 949 1680 admittuntur,
975 1622 1229 1680 ntizqtiajn
1259 1605 1512 1680 adversus
1532 1603 1938 1680 superstitiones
1954 1599 2354 1680 pravitatesquc
2377 1596 2727 1680 colendarum
2749 1596 3122 1680 ianuariarum
3151 1603 3392 1659 invectus
3422 1606 3621 1680 fuerit;
3645 1626 3711 1664 ex
3741 1596 3848 1680 quo

577 1681 728 1745 argui
760 1664 956 1747 poterit
1001 1664 1302 1730 Mediolano
1351 1689 1461 1747 eas_
1483 1664 1615 1740 jam'
1643 1664 2172 1747 eliminatas'friisse.
2217 1664 2566 1747 Nihilnigitur
2612 1667 2982 1747 obstatnquin‘
3007 1670 3150 1726 hunc
3193 1689 3495 1747 sermonem
3527 1664 3848 1738 S.'Maxiino

575 1733 956 1817 atli'udieemus.
987 1747 1126 1812 Quin
1154 1747 1261 1798 imo
1289 1733 1572 1812 perspicua
1594 1741 1719 1812 styli
1741 1739 1856 1807 ejus
1882 1737 2172 1793 similitudo
2201 1733 2437 1790 ostendit
2461 1749 2745 1804 perperam
2769 1733 2887 1792 aliis
2913 1737 3072 1794 fuisse
3101 1743 3435 1798 attributum.

577 1859 1061 1930 Aacuuenrpu._—
1088 1851 1322 1930 Cratfiter
1365 1848 1455 1930 S._
1479 1848 1742 1930 Maximus
1780 1849 2004 1930 queritur
2036 1846 2157 1930 _ple-
2192 1851 2236 1908 Β
2262 1842 2448 1912 ligiose
2492 1844 2844 1914 Epiphaniam
2890 1848 3102 1906 Domini
3147 1870 3458 1924 procurare,
3487 1861 3579 1930 qui
3604 1860 3726 1917 Jani
3754 1880 3846 1920 ca-

650 1941 835 1995 rosque
855 1925 1035 1995 ﬁdeles
1063 1923 1402 1995 gentilium“
1431 1921 1574 1995 feriis
1603 1917 1835 1995 dedisse;
1864 1917 2161 1995 quod-lano

650 1985 876 2056 homini,
908 1993 1044 2046 unde
1063 1985 1292 2044 calendar:
1313 1985 1586 2060 Januario:
1607 1985 1955 2060 appellantur,
1980 1985 2168 2060 detule-

651 2065 755 2117 rint
779 2062 1076 2116 Divinitatis
1105 2061 1418 2130 obsequium,
1462 2057 1585 2113 Non
1615 2057 1779 2130 solum
1803 2067 1972 2130 autem
2002 2057 2168 2126 genti-

651 2135 775 2187 lium
805 2134 878 2184 ait
919 2132 1177 2185 consortia
1228 2127 1437 2182 uitanda
1484 2145 1613 2192 esse,
1647 2129 1736 2181 sed
1757 2137 1803 2181 et
1831 2127 2164 2190 Judazorum;

652 2219 868 2273 quorum
886 2203 1045 2256 etiam
1058 2199 1417 2272 confabulatio
1447 2210 1522 2252 est
1547 2215 1737 2268 magna
1758 2198 1992 2267 pollutio.

655 2327 752 2388 Est
793 2332 923 2388 mihi
979 2331 1256 2410 adversus.
1283 2329 1570 2400 plerosque
1619 2336 1857 2383 vestrum
1882 2368 1896 2391 ,
1948 2324 2167 2390 fratres,

587 2423 805 2493 querela
836 2438 941 2476 non
970 2421 1212 2484 modica;
1241 2418 1307 2473 de
1341 2419 1404 2472 iis
1432 2419 1622 2487 loquor
1649 2417 1740 2485 qui
1771 2415 2046 2469 nobiscum
2072 2430 2170 2467 na-

589 2514 752 2567 talem
779 2512 990 2565 Domini
1018 2511 1354 2565 celebrantes
1391 2509 1668 2575 gentilium
1698 2523 1757 2560 se
1784 2505 1930 2560 feriis
1957 2505 2175 2560 dedide-

593 2610 748 2667 runt,
777 2611 832 2656 et
861 2609 982 2670 post
1011 2600 1138 2654 illud
1178 2599 1400 2654 eteleste
1438 2598 1740 2653 convivium
1782 2595 2176 2666 superstitionis

592 2692 692 2746 sibi
741 2690 1023 2761 prandium
1069 2697 1468 2758 pnepararunt;
1528 2695 1587 2741 ut
1624 2687 1715 2756 qui
1759 2693 1885 2741 ante
1925 2684 2175 2739 lzetiflcati

593 2782 806 2837 fuerazrt
851 2782 1172 2847 sanctitate,
1229 2779 1622 2833 inebriarentur
1681 2784 1870 2846 postea
1916 2776 2175 2843 vanitate,

596 2877 904 2940 ignorantes
933 2873 1077 2942 quod
1123 2870 1213 2941 qui
1259 2871 1375 2924 vult
1414 2884 1636 2937 regnare
1676 2885 1796 2923 cum
1833 2867 2045 2922 Christo
2071 2884 2180 2922 non

596 2966 766 3035 possit
792 2964 1021 3030 gaudere
1049 2979 1171 3016 cum
1200 2963 1396 3016 saeculo
1415 3001 1428 3024 ,
1474 2969 1529 3015 ct
1555 2962 1644 3029 qui
1678 2960 1792 3014 vult
1828 2960 2064 3014 invenire
2088 2959 2176 3028 ju-

597 3054 801 3108 stitiam
842 3053 1038 3107 debeat
1077 3052 1345 3106 declinare
1392 3051 1674 3104 luxuriam.
1711 3036 1836 3104 'Alia
1867 3051 2006 3104 enim
2043 3050 2179 3104 ratio

597 3151 684 3197 est
709 3143 834 3196 vita:
852 3151 1088 3207 :eteruze,
1115 3142 1216 3194 alia
1245 3139 1550 3210 desperatio
1579 3141 1809 3194 lasciviae
1840 3141 2176 3210 temporalis:

2268 1933 2452 1988 lendas
2478 1944 2736 2004 quantum
2766 1937 2820 1991 in
2859 1941 3013 1996 vobis
3039 1951 3120 1998 est
3155 1943 3500 2004 devotissime
3527 1951 3850 2009 celebratis?

2284 2027 2298 2057 ²
2329 2024 2493 2081 Janus
2522 2029 2665 2081 enim
2689 2029 2850 2084 homo
2881 2030 2976 2084 fuit
3006 2033 3160 2089 unius
3181 2036 3432 2092 conditor
3459 2039 3714 2107 civitatis,
3741 2060 3854 2112 qua:

2267 2118 2565 2174 laniculum
2608 2132 2967 2194 nuncupatur,
3019 2126 3072 2179 in
3113 2127 3266 2196 cujus
3313 2129 3519 2185 honore
3547 2147 3580 2185 a
3608 2137 3852 2202 gentibus

2270 2215 2504 2269 calendm
2532 2225 2658 2270 sunt
2697 2216 2961 2273 Januaria:
2998 2231 3348 2292 nuncupataa;
3382 2225 3523 2280 unde
3563 2227 3654 2295 qui
3683 2229 3854 2282 calen-

2272 2304 2368 2359 das
2397 2303 2676 2361 Januarias
2706 2308 2834 2362 colit
2879 2318 3101 2379 peccat,
3133 2313 3384 2380 quoniam
3413 2314 3619 2369 homini
3649 2325 3854 2373 mortuo

2271 2398 2443 2454 defert
2471 2400 2765 2457 divinitatis
2796 2403 3130 2472 obsequium.
3162 2405 3290 2460 Inde
3327 2414 3408 2461 est
3436 2408 3584 2476 quod
3613 2410 3688 2462 ait
3718 2409 3854 2479 Apo-

2275 2490 2473 2545 stolus:
2508 2489 2630 2544 Dies
2659 2490 2962 2558 observatis,
2993 2502 3042 2546 et
3068 2510 3297 2560 menses,
3327 2506 3374 2549 et
3403 2505 3634 2566 tempora
3652 2536 3667 2558 ,
3690 2507 3739 2551 et
3766 2516 3854 2552 an-

2277 2595 2400 2645 nos;
2443 2582 2594 2634 timeo
2635 2598 2696 2634 ne
2742 2582 2854 2635 sine
2895 2598 3051 2636 causa
3092 2582 3431 2638 laboraverim
3468 2587 3521 2639 in
3551 2587 3693 2640 vobis
3724 2587 3852 2656 (Cal.

2279 2674 2370 2743 iv).
2413 2672 2575 2744 412
2614 2671 2932 2728 Observavit
2963 2675 3104 2728 enim
3139 2674 3282 2729 diem
3313 2685 3366 2730 et
3393 2692 3633 2731 mensem
3662 2679 3751 2746 qui
3781 2679 3855 2731 his

2286 2762 2477 2819 diebus
2507 2772 2599 2816 aut
2626 2779 2735 2816 non
2761 2762 3044 2832 jejunavit,
3075 2771 3168 2818 aut
3193 2763 3261 2817 ad
3289 2763 3582 2819 Ecclesiam
3613 2783 3719 2820 non
3746 2783 3856 2836 pro-

2279 2858 2461 2912 cessit.
2489 2855 2809 2910 Observavit
2836 2857 2976 2911 diem
3001 2857 3091 2927 qui
3120 2857 3368 2924 hesterna
3397 2858 3482 2912 die
3513 2874 3621 2911 non
3649 2873 3857 2927 proces-

2280 2948 2350 3002 sit
2370 2947 2436 3001 ad
2467 2946 2768 3012 ecclesiam,
2805 2949 3064 3015 processit
3085 2947 3150 3000 ad
3173 2963 3436 3017 campum.
3461 2945 3625 3014 Ergo,
3659 2946 3857 3011 fratres,

2282 3039 2428 3094 omni
2457 3038 2636 3093 studio
2674 3038 2950 3108 gentilium
2981 3037 3326 3092 festivitatem
3358 3046 3412 3090 et
3442 3036 3600 3090 ferias
3634 3036 3858 3091 decline-

2283 3145 2423 3194 mus,
2457 3137 2516 3183 ut
2543 3128 2756 3198 quando
2786 3128 2862 3182 illi
2890 3128 3174 3197 epulantur
3201 3133 3256 3180 et
3285 3126 3387 3179 lacti
3411 3133 3564 3194 sunt,
3605 3141 3747 3180 nunc
3771 3140 3859 3178 nos

599 3233 667 3287 ad
697 3234 836 3287 illam
867 3233 1064 3286 virtute
1104 3231 1429 3296 ascenditur,
1464 3231 1531 3284 ad
1567 3232 1723 3285 istam
1757 3232 2056 3301 perditione
2084 3231 2180 3286 de-
2209 3212 2253 3274 Ο
2285 3227 2452 3281 simus
2480 3225 2644 3280 sobrii
2671 3264 2687 3289 ,
2733 3231 2893 3293 atque
2917 3223 3123 3291 jejuni,
3173 3237 3280 3291 quo
3309 3220 3608 3287 intelligant
3637 3217 3859 3272 lzctitiam

600 3324 906 3389 scenditur;
939 3332 1099 3392 atque
1129 3324 1269 3390 ideo,
1296 3323 1522 3392 quivult
1549 3321 1708 3394 411
1737 3337 1855 3377 esse
1879 3323 2179 3377 divinorum

602 3415 872 3487 particeps
897 3455 911 3479 ,
946 3431 1052 3468 non
1098 3414 1295 3468 debeat
1333 3429 1454 3468 esse
1498 3415 1678 3468 socius
1707 3413 1990 3467 idolordm.
2049 3413 2182 3469 ldoli

604 3507 749 3561 enim
796 3505 976 3574 portio
1013 3512 1094 3559 est
1141 3505 1405 3558 inebriare
1451 3505 1577 3559 vino
1627 3512 1896 3569 mentem,
1939 3513 2182 3560 ventrem

604 3594 728 3649 cibo
757 3593 1062 3648 distendere
1087 3636 1102 3661 ,
1144 3593 1516 3649 saltationibus
1543 3593 1781 3647 membra
1825 3600 2106 3662 torquere,
2131 3603 2188 3650 et

605 3687 678 3741 ita
704 3687 883 3756 pravis
911 3686 1116 3740 actibus
1138 3686 1424 3755 occupari,
1454 3691 1513 3738 ut
1541 3685 1747 3753 cogaris
1773 3686 2018 3754 ignorare
2043 3686 2186 3755 quod

605 3777 745 3832 Deus
765 3787 864 3832 est.
885 3776 1029 3832 Unde
1050 3785 1264 3831 sanctus
1286 3776 1577 3847 Apostolus
1590 3777 1702 3831 htcc
1717 3775 2014 3847 praevidens
2026 3778 2183 3832 dicit:

608 3865 736 3929 Qua:
761 3868 926 3936 portio
935 3869 1154 3936 justitia:
1169 3855 1282 3919 cum
1304 3869 1570 3934 iniquitate
1584 3869 1606 3918 Ζ)
1619 3875 1704 3919 aut
1725 3884 1838 3937 qua:
1853 3869 2072 3920 societas
2087 3867 2186 3920 luci

608 3973 723 4010 cum
751 3956 1010 4009 tenebris?
1035 3958 1260 4026 Autquaz
1277 3974 1397 4026 pars
1416 3957 1558 4026 ﬁdeli
1581 3973 1692 4009 cum
1709 3957 1942 4026 inﬁdeli?
1972 3956 2072 4019 Qui
2091 3975 2185 4011 au—

611 4056 714 4100 tent
742 4063 1017 4101 consensus
1035 4047 1218 4117 templo
1235 4046 1330 4100 Dei
1351 4064 1464 4100 cum
1487 4047 1640 4101 idolis
1655 4047 1706 4116 (1
1716 4047 1738 4100 ι
1759 4046 1875 4101 Cor.
1901 4048 1975 4119 γι)
1991 4051 2013 4101 ?
2027 4048 2186 4118 Ergo,

612 4137 658 4191 si
693 4153 789 4191 nos
817 4152 998 4191 sumus
1027 4138 1279 4220 templu.m
1307 4138 1420 4202 Dei,
1454 4154 1550 4192 cur
1569 4138 1622 4192 in
1648 4139 1846 4208 templo
1874 4139 1968 4194 Dei
1997 4140 2190 4195 colitur

613 4225 874 4279 festivitas
902 4225 1203 4280 idolorum?
1240 4225 1350 4281 Cur
1372 4227 1462 4280 ubi
1483 4225 1726 4280 Christus
1749 4228 1968 4293 habitat,
1995 4229 2085 4298 qui
2108 4235 2192 4282 est

614 4316 974 4381 abstinentia,
1031 4316 1421 4386 temperantia,
1468 4317 1720 4382 castitas,
1779 4317 2045 4371 inducitur
2096 4332 2188 4370 eo-

614 4410 899 4475 messatio,
949 4410 1182 4463 ebrietas
1233 4417 1394 4477 atque
1431 4408 1686 4462 lascivia?
1725 4408 1860 4462 Dicit
1900 4407 2185 4462 Salvator:

2283 3335 2432 3374 suam
2460 3327 2644 3373 nostra
2677 3315 2995 3370 abstinentia
3032 3311 3395 3368 condemnari.
3429 3309 3543 3365 Non
3574 3309 3746 3364 solum
3767 3323 3858 3361 au-

2283 3419 2390 3464 tem
2421 3409 2718 3478 gentilium,
2747 3406 2841 3461 sed
2865 3413 2919 3460 et
2945 3403 3251 3459 Iudaeorum
3281 3401 3552 3457 consortia
3580 3399 3750 3451 vitare
3779 3397 3859 3450 de-

2286 3507 2507 3569 bemus,
2537 3517 2764 3572 quorum
2800 3501 2962 3556 etiam
2991 3496 3351 3555 confabulatio
3380 3501 3462 3548 est
3489 3505 3679 3559 magna
3703 3488 3860 3558 pollw

2290 3597 2386 3651 tio.
2417 3595 2484 3648 lli
2505 3593 2704 3648 etenim
2739 3600 2857 3646 arte
2893 3590 3125 3660 quadam
3162 3587 3432 3641 insinuant
3453 3598 3513 3638 se
3542 3578 3854 3636 hominibus,

2288 3694 2479 3748 domos
2500 3695 2811 3760 penetrant,
2842 3685 3211 3754 ingrediuntur
3238 3679 3488 3751 praetoria
3507 3715 3523 3738 ,
3555 3689 3707 3729 aures
3724 3671 3863 3741 judi-

2284 3798 2406 3837 cum
2436 3789 2490 3835 et
2517 3779 2756 3850 publicas
2775 3777 3106 3845 inquietant,
3144 3783 3200 3829 et
3228 3772 3351 3827 ideo
3385 3769 3554 3838 magis
3579 3764 3860 3836 pnevalcnt

2287 3891 2396 3945 quo
2425 3876 2594 3944 magis
2637 3879 2764 3928 sunt
2791 3868 3145 3939 impudentes.
3195 3863 3309 3917 Hoc
3347 3869 3528 3944 autem
3556 3871 3656 3910 non
3679 3869 3860 3908 recens

2289 3969 2340 4022 in
2392 3968 2558 4036 ipsis,
2609 3965 2705 4020 sed
2755 3965 3108 4018 inveteratum
3139 3966 3195 4012 et
3226 3953 3486 4023 originale
3531 3950 3741 4034 malum’
3757 3957 3854 4001 est.

2289 4056 2420 4110 Nam
2450 4057 2577 4110 olim
2601 4055 2710 4123 jam
2740 4060 2795 4106 et
2822 4050 3105 4104 Dominum
3133 4047 3470 4102 Salvatorem
3512 4041 3646 4095 intra
3674 4047 3857 4107 praeto-

2290 4146 2425 4200 rium
2457 4144 2721 4214 persecuti
2743 4150 2896 4204 sunt,
2942 4148 2997 4194 et
3035 4137 3274 4208 przesidis
3302 4149 3423 4188 eum
3445 4129 3643 4200 judicio
3667 4125 3857 4181 condc-

2292 4243 2559 4290 mnarunt.
2613 4234 2670 4287 ln
2706 4231 2958 4302 praetorio
2996 4244 3125 4298 ergo
3155 4242 3186 4279 a
3213 4223 3410 4279 Judmis
3441 4216 3737 4274 innocentia
3765 4230 3856 4282 op-

2292 4326 2572 4397 primitur,
2618 4332 2882 4380 secretum
2923 4321 3198 4391 proditur,
3240 4315 3431 4383 religio
3460 4312 3850 4367 condemnatur.

2292 4414 2424 4468 Cum
2455 4414 2595 4468 enim
2625 4414 2867 4468 Christus
2895 4410 3176 4474 occiditur,
3212 4405 3388 4461 omnis
3418 4403 3468 4458 in
3501 4418 3566 4457 eo
3591 4401 3783 4455 veritas
3807 4408 3859 4451 et

615 4501 783 4565 Nemo
811 4513 973 4574 potest
1020 4502 1214 4556 duobus
1256 4502 1476 4554 dominis
1520 4503 1734 4565 servire,
1774 4502 1868 4555 hoc
1909 4511 1984 4555 est
2013 4501 2121 4554 Deo
2144 4511 2192 4555 et
2224 4571 2256 4574 _
2289 4505 2498 4573 justitia
2545 4505 2952 4566 condemnatur,
2999 4500 3252 4570 quoniam
3298 4497 3412 4566 ipse
3439 4503 3520 4548 est
3550 4490 3855 4549 innocentia,

618 4571 920 4652 mammona:
948 4592 1160 4663 (Matth.
1192 4592 1288 4661 vr).
1321 4589 1599 4657 Quomodo
1651 4591 1812 4659 igitur
1864 4592 2086 4661 potestis
2110 4607 2194 4646 re-
2223 4571 2270 4628 D
2293 4571 2504 4666 religio,
2538 4596 2818 4663 sanctitas,
2850 4603 3008 4663 atque
3037 4588 3368 4663 mysterium.
3404 4588 3592 4640 Amen.
3629 4580 3857 4652 Explicit.

2011 4775 2276 4838 SERMO
2318 4778 2453 4839 VII.

1918 4875 1993 4928 De
2013 4875 2095 4928 die
2121 4876 2182 4930 S.
2219 4874 2551 4946 Epiphaniae.

2048 4964 2440 5018 ADMONITIO.

693 5054 926 5112 Joannes
954 5055 1260 5111 Dominicus
1286 5053 1557 5108 Valarsius
1582 5051 1694 5107 sive
1714 5053 1857 5121 quod
1885 5051 2098 5107 codices
2127 5069 2255 5109 mss.
2280 5070 2388 5110 non
2415 5053 2764 5118 consuluerit,
2789 5053 2903 5108 sive
2924 5067 3112 5121 parum
3133 5049 3294 5106 studii
3317 5050 3370 5103 in
3397 5049 3557 5103 rebus
3585 5045 3643 5102 S.
3670 5038 3865 5140 Maximi

699 5187 714 5218 ⁸
755 5185 1108 5255 Locumhunc
1127 5186 1351 5255 sumpsit
1363 5184 1633 5255 Maximus
1647 5199 1713 5237 ex
1731 5184 1820 5238 lib.
1840 5199 1932 5255 vni
1956 5181 2198 5250 ZEneid.,

625 5270 769 5308 vers.
800 5251 926 5316 555,
949 5253 1040 5306 ubi
1068 5251 1316 5324 Virgilius
1355 5253 1549 5310 Ianum
1591 5253 1716 5308 facit
1748 5253 2081 5324 conditorem
2113 5269 2205 5324 ur-

626 5325 710 5380 bis
739 5325 791 5377 in
813 5330 1012 5394 monte
1039 5321 1188 5378 trans
1229 5324 1495 5386 Tiberim,
1532 5324 1630 5394 qui
1669 5322 1836 5394 modo
1861 5324 2021 5376 etiam
2052 5321 2201 5394 lani-

629 5394 780 5448 culus
843 5392 1172 5462 appellatur,
1221 5392 1674 5460 quemadmodum
1723 5392 1964 5448 Saturno
2019 5392 2204 5445 tribuit

629 5461 917 5532 :edilicium
938 5461 1156 5515 alterius
1185 5463 1414 5518 civitatis
1449 5465 1500 5518 in
1528 5463 1978 5532 parteopposita,
2012 5476 2204 5532 nempe

631 5533 685 5590 lu
715 5531 1000 5601 Capitolio,
1029 5538 1314 5600 antequam
1343 5532 1509 5588 Roma
1528 5530 1895 5592 conderetur:

726 5660 816 5724 [lic
834 5661 931 5710 duo
951 5665 1190 5724 praeterea
1212 5660 1430 5722 disjectis
1450 5663 1622 5724 Oppida
1641 5649 1798 5712 muris

723 5722 994 5785 Reliquias.
1015 5730 1340 5782 veterumtlue
1364 5722 1502 5773 vides
1520 5722 1836 5775 monumenta
1860 5726 2072 5776 virorum

2397 5185 2531 5234 Hanc
2553 5185 2709 5234 Janus
2735 5188 2895 5244 pater,
2917 5183 3042 5244 hanc
3063 5183 3303 5244 Saturnus
3320 5181 3536 5231 condidit
3554 5179 3743 5239 urbem,

2402 5246 2674 5296 Ianiculum
2697 5243 2828 5306 huic,
2853 5245 2924 5293 illi
2948 5243 3106 5294 fuerat
3129 5243 3354 5294 Saturnia
3379 5255 3579 5291 nomen.

2305 5368 2422 5423 Jani
2460 5368 2648 5437 urbem
2689 5367 2891 5423 Plinius
2919 5368 3012 5422 lib.
3042 5385 3120 5435 ιιι,
3157 5383 3276 5437 cap.
3309 5365 3360 5429 5,
3393 5365 3682 5437 Antipolim
3703 5363 3865 5436 vocat,

2306 5437 2452 5506 quod
2496 5436 2802 5508 Saturniam
2824 5507 2829 5508 ί
2853 5455 2919 5493 ex
2963 5432 3239 5508 opposito'
3257 5432 3569 5503 respiceret.
3594 5432 3866 5508 Saturnia.

2308 5493 2497 5630 inquiri,
2524 5506 2610 5560 ubi
2638 5525 2774 5561 nunc
2807 5507 2971 5562 Roma
2999 5493 3110 5570 est;
3140 5493 3429 5576 Antipolis,
3467 5505 3602 5577 quod
3630 5493 3867 5574 nuncia-

2308 5579 2425 5630 nicu
2448 5594 2534 5630 um
2559 5577 2614 5630 in
2644 5587 2788 5630 parte
2833 5578 3030 5630 Romae.
3085 5578 3204 5630 Vid.
3240 5577 3414 5630 Pitis..
3445 5584 3575 5630 tom.
3606 5573 3627 5626 l
3656 5568 3867 5622 Leucon

2307 5568 2534 5631 niéul'um
2559 5577 2614 5631 in
2644 5587 2788 5646 parte
2833 5578 3030 5632 Romae.
3085 5568 3204 5632 Viti.
3240 5568 3575 5644 Pitis.,'toln.
3606 5573 3627 5626 l
3656 5568 3833 5646 Dextro

2307 5648 2545 5768 antiqtziit.
2581 5639 2769 5714 nm,-
2818 5655 2874 5703 et
2911 5647 3223 5704 Nardinium
3262 5639 3437 5701 'Roma
3474 5655 3640 5711 vetus,
3669 5639 3750 5694 lib.
3776 5647 3868 5696 νυν

2309 5731 2428 5768 can.
2532 5755 2544 5768 .

2309 5731 2428 5787 cap.
2462 5731 2544 5768 ιι.
