4054 6190
532 303 633 358 547

1736 295 1792 351 S.
1835 292 2077 349 MAXIM]
2119 294 2565 355 TAURINENSIS

3704 303 3816 361 558

530 418 1007 472 Ancuusmuu.-—
1026 409 1279 475 Christus,
1319 420 1374 484 ut
1414 409 1576 484 bonus
1621 406 1887 484 magister,
1913 408 2110 484 doc_t_ri-
2142 416 2187 470 Α
2216 411 2332 463 sinu
2363 409 2540 464 Patris
2578 410 2756 481 (Joan.
2791 411 2851 481 ι).
2888 411 3140 468 Libenter
3169 427 3298 484 ergo
3320 415 3345 452 δ
3370 415 3426 470 in
3454 416 3574 470 sinu
3605 431 3820 476 sancto.

601 504 722 539 nam
754 502 902 540 suam
942 499 1044 537 non
1093 491 1199 534 tam
1233 479 1394 558 verbis
1434 477 1713 530 insinuavit
1743 493 1895 544 quam
1919 477 2114 558 actibus

599 558 860 616 exercuit;
887 562 1038 606 natus
1063 550 1374 615 hominibus,
1403 556 1611 601 renatus
1640 555 1714 599 est
1737 550 2077 600 sacramentis
2098 564 2116 612 ,'

598 627 666 679 ibi
694 627 836 680 sinus
866 624 1055 676 Christi
1077 629 1180 685 est,
1215 618 1302 671 ubi
1321 616 1670 671 habitaculum
1697 623 1772 669 est
1798 616 2056 670 virtutum.

601 784 921 852 Evangelica
949 781 1230 849 Scriptura
1275 779 1480 841 refert,
1529 777 1668 832 sicut
1712 777 1910 831 lectum
1946 792 2119 847 nuper

530 880 847 944 audivimus,
891 877 1174 931 Dominum
1215 874 1282 928 ad
1327 872 1616 927 Iordanem
1662 870 1916 940 baptismi
1955 885 2116 925 causa

527 972 741 1026 venisse
761 1015 774 1037 ,
801 979 856 1024 et
886 969 939 1022 in
961 968 1156 1023 eodem
1185 965 1402 1020 ﬂumine
1431 963 1698 1034 mysteriis
1722 977 1781 1016 se
1810 961 2117 1016 ccelestibus

527 1065 833 1122 consecrari
871 1063 1128 1118 voluisse.
1181 1059 1333 1126 Quod
1364 1057 1547 1111 mirari
1574 1071 1681 1109 non
1705 1054 1989 1119 debemus,
2021 1069 2117 1108 cur

525 1159 631 1211 hoc
671 1153 1005 1224 baptismatis
1044 1151 1211 1222 ipsius
1241 1149 1502 1204 Dominus
1533 1156 1588 1202 et
1617 1147 1869 1216 magister
1905 1145 2112 1210 fecerit,

525 1250 650 1317 quia
683 1249 796 1317 ipse
821 1248 898 1301 ait
926 1265 938 1299 :
991 1244 1091 1309 Qui
1137 1245 1350 1316 fecerit,
1381 1253 1430 1296 et
1451 1243 1710 1307 docuerit,
1739 1243 1998 1295 maximus
2027 1259 2116 1296 vo-

524 1337 723 1390 cabitur
765 1338 821 1390 in
870 1352 1026 1406 regno
1073 1335 1316 1387 ccelorum
1359 1331 1572 1402 (Matth.
1596 1331 1674 1400 v).
1725 1330 1925 1385 Facere
1955 1330 2116 1400 igitur

524 1426 672 1495 prius
693 1425 893 1491 voluit,
923 1423 1068 1491 quod
1103 1421 1402 1476 faciendum
1428 1421 1676 1475 omnibus
1704 1421 2022 1490 imperabat,
2057 1430 2114 1475 ut

523 1519 696 1572 bonus
724 1515 983 1583 magister
1013 1512 1315 1567 doctrinam
1346 1527 1498 1565 suam
1529 1527 1636 1565 non
1668 1521 1778 1565 tam
1819 1512 1999 1567 verbis
2025 1513 2112 1566 in-

521 1607 760 1661 sinuaret
805 1619 966 1673 quam
1014 1603 1223 1658 actibus
1269 1611 1579 1668 exerceret,
1631 1610 1687 1656 et
1725 1602 1792 1656 ad
1821 1604 1982 1657 linem
2013 1618 2112 1657 nos

507 1697 674 1767 'gestn
698 1697 899 1767 pariter
923 1694 1267 1750 conﬁrmaret
1293 1702 1346 1747 et
1375 1709 1554 1747 sensu.
1589 1693 1700 1748 Hoc
1729 1702 1907 1748 autem
1939 1703 2107 1750 totum

2221 515 2342 554 rum
2365 501 2650 571 requiescit
2671 502 2948 571 Dominus,
2979 503 3120 558 unde
3141 512 3196 559 et
3213 503 3436 560 Joannis
3465 511 3820 579 evangelista:

2218 589 2424 655 sinum,
2457 598 2518 643 ut
2560 591 2612 645 in
2651 606 2718 646 eo
2757 594 3126 658 accumberet,
3171 594 3401 649 libenter
3425 597 3606 667 elegit.
3651 600 3818 658 Sinus

2219 694 2349 748 ergo
2377 682 2428 736 in
2454 697 2562 750 quo
2590 681 2834 738 Christus
2856 685 3166 754 requiescit,
3201 703 3307 741 non
3336 694 3581 758 corporis
3604 697 3818 760 gremio

2219 781 2568 843 praeparatur,
2614 790 2720 828 non
2769 776 3210 830 vestimentorum
3251 777 3547 835 ambitione
3585 798 3817 853 compo-

2218 864 2383 929 nitur,
2423 863 2518 918 sed
2543 864 2840 920 cmlestium
2878 867 3137 922 virtutum
3167 869 3454 938 colligitur.
3487 871 3620 926 Nam
3651 875 3816 930 Chri-

2218 954 2287 1008 sti
2335 954 2483 1009 sinus
2528 963 2648 1008 erat
2696 955 2748 1010 in
2793 954 2999 1012 Joanne
3045 960 3376 1028 evangelista
3408 962 3568 1028 ﬁdes,
3611 965 3666 1018 in
3697 967 3815 1024 Deo

2219 1041 2380 1098 Patre
2403 1044 2653 1100 divinitas
2671 1085 2686 1110 ,
2731 1046 2784 1100 in
2815 1047 2982 1102 Maria
3009 1056 3180 1104 matre
3209 1051 3508 1118 virginitas.
3562 1055 3635 1110 lbi
3659 1058 3815 1114 sinus

2217 1135 2416 1190 Christi
2445 1145 2556 1201 est,
2596 1139 2684 1192 ubi
2729 1139 3090 1196 habitaculum
3117 1151 3202 1198 est
3229 1145 3508 1200 virtutum.
3543 1149 3618 1204 lbi
3649 1153 3814 1206 recli-

2219 1235 2311 1280 nat
2355 1236 2517 1298 caput
2559 1246 2747 1295 suum,
2793 1233 2882 1286 ubi
2911 1231 3242 1288 domicilium
3275 1238 3572 1293 caelestium
3603 1243 3814 1299 invenit

2216 1328 2625 1389 pneceptorum.
2676 1321 2810 1376 Nam
2842 1323 2964 1378 ideo
2997 1327 3373 1392 peccatoribus
3408 1340 3464 1384 et
3501 1332 3814 1392 inﬁdelibus

2215 1405 2381 1462 dicit:
2434 1407 2624 1479 Vulpes
2663 1413 2832 1480 foveas
2877 1411 3088 1482 habent,
3133 1424 3186 1468 et
3221 1417 3448 1472 volucres
3489 1423 3602 1475 caeli
3629 1425 3810 1490 nidos,

2213 1495 2383 1551 Filius
2421 1509 2590 1554 autem
2629 1501 2852 1556 hominis
2891 1519 2995 1558 non
3038 1504 3190 1558 habet
3234 1508 3322 1560 ubi
3353 1521 3509 1576 caput
3541 1523 3564 1550 ο
3590 1516 3813 1570 reclinet

2215 1587 2366 1660 (Luc.
2398 1590 2495 1659 ιι).
2546 1592 2712 1659 Igitur
2756 1593 3016 1650 Dominus
3057 1595 3212 1652 Jesus
3240 1599 3400 1655 hodie
3427 1604 3575 1657 venit
3602 1607 3670 1659 ad
3713 1609 3812 1664 ba—

2212 1679 2495 1748 ptismum,
2528 1690 2583 1734 et
2609 1689 2806 1751 cerpns
2832 1699 2986 1738 suum
3015 1695 3260 1742 sanctum
3288 1691 3460 1744 voluit
3479 1708 3616 1763 aqua
3647 1696 3807 1754 dilui.

521 1785 782 1841 hodierna
811 1785 897 1839 die
935 1790 1142 1853 gestum
1171 1797 1290 1837 esse
1327 1781 1666 1836 manifestum
1695 1791 1797 1836 est.
1850 1783 2005 1849 Quod
2034 1785 2106 1838 ita
2139 1784 2183 1843 Β
2213 1769 2366 1825 Dicet
2403 1769 2629 1827 fortasse
2674 1773 2884 1842 ³¹ίί1¹¹ί⁵⁶
2926 1774 3028 1842 ρίτί
3073 1788 3290 1834 “nam
3333 1790 3445 1845 33"
3495 1801 3593 1840 cur
3635 1788 3812 1846 "01"“

520 1890 710 1930 verum
739 1890 859 1930 esse
883 1915 898 1941 ,
950 1875 1062 1944 ipsa
1086 1887 1371 1943 possumus
1399 1872 1652 1941 colligere
1679 1874 1907 1928 ratione.
1950 1874 2108 1930 Ratio

520 1968 664 2022 enim
711 1967 881 2035 exigit
931 1975 990 2019 ut
1035 1973 1160 2035 post
1182 1963 1323 2018 diem
1349 1964 1542 2019 natalis
1566 1964 1842 2034 dominici,
1866 1967 1994 2021 licet
2022 1969 2108 2022 in-

521 2059 800 2129 terpositis
827 2057 1002 2122 annis,
1035 2057 1229 2111 eodem
1258 2064 1437 2111 tamen
1467 2065 1730 2127 tempore,
1762 2059 1878 2114 haec
1904 2059 2110 2115 festivi-

519 2158 602 2205 tas
629 2157 966 2219 sequeretur,
1003 2163 1164 2218 quam
1202 2155 1260 2203 et
1296 2147 1468 2218 ipsam
1507 2147 1852 2204 festivitatem
1874 2151 2107 2206 natalem

517 2240 894 2311 appellandam
924 2246 1074 2310 puto.
1109 2237 1262 2294 Tunc
1287 2240 1430 2294 enim
1457 2247 1615 2294 natus
1637 2239 1974 2306 hominibus,
2005 2240 2108 2296 bo-

517 2330 606 2386 die
633 2339 856 2386 renatus
883 2338 969 2385 est
996 2318 1379 2397 sacramentis;
1413 2337 1539 2386 tunc
1565 2345 1664 2401 per
1691 2331 1953 2402 virginem
1986 2331 2107 2388 edi—

517 2429 625 2490 tus,
654 2421 816 2476 hodie
843 2436 941 2491 per
967 2422 1281 2494 mysterium
1310 2431 1617 2493 generatus.
1657 2422 1736 2478 Ita
1763 2425 1907 2479 enim
1926 2424 2110 2495 dispo-

516 2512 627 2565 suit
675 2511 962 2576 Dominus,
1015 2527 1124 2565 non
1171 2512 1334 2581 longe
1375 2512 1516 2567 inter
1559 2528 1620 2568 se
1660 2514 1938 2570 hominum
1979 2524 2108 2571 vota

515 2601 745 2665 distare,
778 2610 836 2654 ut
864 2616 971 2655 uno
997 2608 1241 2671 tempore
1259 2644 1272 2666 ,
1304 2618 1464 2672 quem
1492 2604 1732 2672 genitum
1761 2607 2107 2675 gratulaban-

521 2700 610 2746 tur
636 2692 688 2746 in
715 2691 905 2759 terris,
953 2691 1346 2748 sanctiﬁcatum
1395 2693 1708 2750 laetarentur
1747 2697 1800 2751 in
1829 2698 2017 2764 caelis;
2049 2706 2110 2752 ut

515 2783 606 2853 qui
635 2793 850 2852 partum
881 2783 1123 2853 virginis,
1145 2784 1350 2854 angelis
1373 2786 1836 2853 annuntiantibus,
1865 2788 2108 2858 posside-
2147 2805 2150 2810 ·

516 2873 648 2928 bant
671 2873 766 2927 Dei
794 2872 990 2927 Filium
1015 2915 1030 2941 ,
1055 2873 1209 2929 caelis
1253 2875 1574 2930 testantibus
1601 2877 1918 2944 retinerent,
1942 2880 2108 2934 certi-

517 2975 620 3030 que
656 2973 840 3018 essent
884 2965 1128 3019 homines
1157 2966 1281 3034 quia
1316 2967 1430 3036 ipse
1452 2975 1596 3022 esset
1624 2967 1789 3024 Filius
1819 2969 1913 3025 Dei
1942 2985 2107 3040 quem

517 3049 663 3122 virgo
716 3061 1040 3122 pepererat,
1090 3053 1352 3109 Divinitas
1398 3057 1740 3124 agnoscebat.
1792 3059 1928 3114 Novi
1963 3062 2106 3116 enim

2211 1861 2513 1932 baptizari?
2533 1862 2668 1918 Audi
2695 1879 2826 1934 ergo
2850 1884 2863 1918 :
2896 1866 3023 1922 ideo
3041 1867 3346 1940 baptizatur
3372 1872 3617 1930 Christus
3636 1917 3654 1942 ,
3685 1895 3806 1934 non

2212 1962 2273 2008 ut
2293 1954 2660 2010 sanctiﬁcetur
2689 1956 2759 2011 ab
2786 1958 2968 2026 aquis,
3006 1960 3102 2014 sed
3129 1971 3188 2014 ut
3219 1962 3334 2033 ipse
3358 1980 3528 2033 aquas
3553 1971 3814 2024 sanctiﬁ-

2210 2052 2317 2109 cet,
2349 2053 2405 2100 et
2430 2045 2802 2115 puriﬁcatione
2831 2049 2913 2102 sui
2943 2049 3191 2119 puriﬁcet
3223 2051 3418 2109 ﬂuenta
3449 2073 3569 2126 qua:
3604 2062 3812 2130 tangit.

2214 2131 2564 2191 Consecratio
2592 2137 2736 2192 enim
2765 2137 2962 2194 Christi
2990 2145 3330 2200 consecratio
3358 2146 3532 2216 major
3569 2158 3653 2204 est
3685 2153 3814 2207 ele-

2210 2229 2400 2283 menti.
2431 2230 2564 2284 Cum
2590 2230 2750 2302 517
2781 2232 2923 2287 e‘nim
2962 2232 3212 2290 Salvator
3247 2237 3498 2303 abluitur,
3526 2240 3638 2310 jam
3675 2253 3814 2302 tunc

2209 2318 2266 2373 in
2293 2326 2536 2374 nostrum
2571 2320 2896 2391 baptismum
2934 2330 3048 2378 tota
3091 2340 3229 2394 aqua
3268 2328 3573 2396 mundatur,
3615 2341 3669 2387 et
3697 2350 3813 2403 pu-

2209 2405 2450 2464 riﬁcatur
2475 2407 2598 2465 fons
2614 2451 2628 2476 ,
2655 2418 2714 2464 ut
2744 2413 3013 2468 secuturis
3036 2415 3380 2484 postmodum
3409 2421 3623 2489 populis
3649 2422 3814 2478 lava-

2209 2499 2289 2554 cri
2329 2500 2503 2569 gratia
2544 2501 2898 2558 ministretur.
2957 2501 3220 2561 Prmcedit
3261 2521 3390 2577 ergo
3431 2508 3676 2567 Christus
3699 2526 3814 2584 per

2214 2589 2561 2659 baptismum,
2592 2598 2652 2645 ut
2689 2591 2984 2648 Christiani
3031 2603 3154 2664 post
3189 2611 3310 2650 eum
3340 2596 3672 2657 conﬁdenter
3694 2617 3814 2672 po-

2207 2681 2322 2750 puli
2364 2680 2781 2750 subsequantur.
2811 2679 2838 2718 ἀ
2868 2682 3110 2752 Intellige
3155 2699 3285 2756 ergo
3324 2690 3656 2758 mysterium.
3719 2691 3812 2749 Ita

2208 2769 2353 2824 enim
2377 2779 2399 2806 ε
2417 2776 2473 2824 et
2492 2771 2745 2826 columna
2774 2771 2911 2842 ignis
2932 2775 3206 2841 prazcessit
3230 2790 3329 2846 per
3350 2781 3506 2833 mare
3532 2778 3809 2852 Rubrum,

2208 2867 2270 2915 ut
2310 2860 2637 2932 intrepidum
2684 2863 2790 2918 iter
2834 2863 3000 2921 Israel
3047 2865 3140 2920 ﬁlii
3180 2865 3200 2905 τ
3239 2870 3716 2940 subsequerentur,
3750 2882 3813 2937 et

2209 2951 2323 3022 ipsa
2359 2954 2511 3023 prius
2553 2969 2652 3024 per
2696 2971 2863 3024 aquas
2884 2967 2910 3004 ε
2936 2971 3119 3026 gressa
3167 2967 3278 3025 est,
3316 2958 3344 2998 ιι
3372 2969 3432 3016 ut
3457 2964 3814 3022 venientibus

2209 3053 2332 3114 post
2371 3061 2430 3101 se
2456 3046 2639 3102 viandi
2680 3050 2931 3104 semitam
2967 3060 3316 3120 prazpararet.
3373 3053 3530 3120 Quod
3573 3057 3808 3124 factum,

515 3151 700 3211 partus
738 3157 877 3197 nova
906 3143 1070 3214 416
1096 3152 1373 3199 merentur
1418 3145 1697 3215 obsequia.
1747 3147 1824 3203 lbi
1867 3165 1988 3204 cum
2027 3165 2108 3205 se-

2215 3134 2355 3190 sicut
2381 3135 2673 3207 Apostolus
2695 3140 2826 3196 dicit
2853 3139 2908 3214 (I
2935 3141 3056 3197 Cor.
3087 3141 3144 3211 ι)
3162 3183 3179 3210 ,
3205 3146 3517 3216 mysterium
3546 3134 3811 3218 baptismi

515 3230 743 3288 cundum
789 3235 1063 3289 hominem
1096 3235 1359 3304 nascitur,
1401 3246 1577 3290 mater
1623 3251 1748 3291 eum
1776 3238 1942 3294 Maria
1984 3241 2104 3296 sinu

513 3323 882 3380 circumlovet.
914 3323 1016 3381 llic
1042 3340 1166 3380 cum
1185 3325 1481 3382 secundum
1506 3330 1823 3400 mysterium
1848 3333 2102 3403 gignitur,

517 3413 680 3469 Pater
707 3431 828 3470 eum
864 3416 1006 3472 Deus
1042 3430 1180 3471 voce
1219 3417 1616 3487 complectitur.
1647 3421 1738 3474 Ait
1763 3422 1946 3476 enim:
1998 3423 2103 3478 Hic

513 3515 590 3559 est
621 3517 643 3542 ⁸
675 3505 809 3560 enim
832 3505 1000 3562 Filius
1022 3523 1184 3571 meus,
1209 3508 1262 3560 in
1292 3524 1390 3579 quo
1413 3508 1539 3562 bene
1566 3511 1854 3580 comptacui
1881 3511 2096 3582 (Matth.

512 3599 612 3667 in).
646 3594 814 3650 Mater
842 3613 972 3668 ergo
992 3597 1171 3668 partui
1206 3596 1354 3651 molli
1385 3597 1656 3652 blanditur
1683 3600 1910 3668 gremio,
1940 3599 2102 3656 Pater

512 3686 650 3742 Filio
675 3687 766 3756 pio
794 3689 1101 3743 testimonio
1129 3687 1438 3743 famulatur.
1481 3687 1674 3756 Mater,
1711 3690 1948 3759 inquam,
1975 3706 2100 3746 eum

509 3777 844 3832 adorandum
877 3779 1044 3847 magis
1087 3778 1310 3847 ingerit,
1357 3777 1518 3833 Pater
1543 3779 1827 3834 colendum
1855 3781 2102 3850 gentibus

512 3867 841 3921 manifestat.
899 3866 1030 3921 Sinu
1071 3868 1232 3935 igitur
1273 3868 1540 3921 retinetur
1590 3884 1621 3922 a
1665 3877 1840 3924 matre
1864 3885 1984 3925 cum
2013 3887 2101 3926 na-

508 3959 698 4022 scitur,
729 3956 826 4011 sed
856 3955 1017 4010 Pater
1049 3957 1098 4010 ei
1127 3957 1275 4011 sinus
1302 3957 1384 4011 sui
1413 3955 1583 4012 fotum
1608 3959 1808 4029 jugiter
1834 3961 2097 4016 submini-

509 4057 664 4102 strat.
711 4047 956 4116 Legimus
993 4047 1139 4100 enim
1183 4064 1306 4103 eum
1345 4049 1461 4104 sine
1497 4049 1891 4108 intermissione
1913 4053 1965 4106 in
1995 4051 2098 4107 Pa-

512 4140 608 4194 tris
638 4139 844 4207 gremio
867 4139 1230 4208 quiescentem
1246 4177 1260 4203 ,
1284 4139 1497 4196 dicente
1516 4139 1859 4211 Evangelista
1883 4161 1895 4196 :
1929 4142 2096 4199 Deum

506 4249 655 4287 uento
684 4231 808 4286 vidit
840 4248 1097 4300 unquam,
1129 4233 1229 4286 nisi
1259 4233 1550 4305 unigenitus
1577 4234 1781 4306 Filius,
1825 4239 1910 4309 qui
1939 4249 2014 4292 est
2041 4241 2096 4293 in

2209 3230 2340 3299 fuit,
2384 3231 2476 3287 ubi
2520 3233 2770 3288 homines
2797 3233 2962 3305 418
2984 3235 3155 3290 nubes
3181 3237 3474 3306 operiebat,
3507 3239 3644 3292 unda
3669 3255 3813 3309 pore

2210 3323 2377 3380 tabat.
2419 3322 2524 3379 Sed
2543 3325 2659 3379 haec
2678 3325 2858 3379 omnia
2878 3333 3131 3395 operatus
3158 3335 3242 3381 est
3265 3326 3510 3384 Christus
3537 3329 3812 3389 Dominus

2210 3412 2353 3469 idem
2398 3415 2492 3484 qui
2516 3423 2571 3469 et
2599 3415 2789 3481 modo,
2842 3417 2966 3486 qui,
2994 3417 3133 3472 sicut
3171 3424 3299 3472 tunc
3327 3433 3426 3489 per
3471 3435 3618 3475 mare
3655 3419 3810 3480 ﬁlios

2206 3503 2370 3559 Israel
2392 3505 2444 3558 in
2473 3505 2722 3560 columna
2765 3506 2902 3576 ignis
2942 3507 3250 3576 praecessit,
3274 3507 3384 3576 jam
3414 3518 3545 3564 tunc
3571 3525 3668 3578 per
3693 3511 3807 3566 ba-

2207 3594 2458 3664 ptismum
2505 3595 2842 3650 Christianos
2887 3597 3116 3666 populos
3154 3598 3207 3652 in
3248 3597 3491 3668 corpOris
3517 3601 3598 3654 sui
3636 3602 3806 3658 colu-

2204 3699 2328 3737 mna
2356 3686 2648 3754 pmcessit.
2689 3685 2805 3756 Ipsa
2823 3727 2838 3752 ,
2873 3687 3112 3757 inquam,
3143 3696 3228 3743 est
3253 3689 3645 3760 columnaque
3661 3701 3808 3750 tunc

2200 3784 2523 3844 sequentum
2561 3777 2730 3831 oculis
2766 3777 2946 3832 lumen
2973 3779 3250 3848 praestitit,
3277 3780 3438 3836 modo
3467 3781 3640 3836 lucem
3669 3798 3809 3839 cre-

2200 3867 2443 3923 dentium
2485 3870 2744 3926 cordibus
2781 3871 3174 3927 subministrat.
3229 3873 3382 3930 Tunc
3426 3877 3478 3930 in
3524 3874 3537 3913 ί
3573 3875 3809 3935 ﬂuentis

2199 3959 2460 4015 undarum
2500 3961 2752 4016 solilavit
2789 3961 3067 4027 semitam;
3115 3963 3280 4020 modo
3328 3967 3382 4020 in
3423 3968 3634 4023 lavacro
3661 3967 3808 4027 ﬁdei

2197 4051 2422 4120 vestigia
2478 4052 2799 4107 corroborat
2841 4071 2854 4105 :
2903 4069 3003 4124 per
3045 4069 3209 4124 quam
3263 4055 3420 4110 ﬁdem
3446 4098 3458 4122 ,
3508 4059 3644 4114 sicut
3695 4061 3806 4118 ﬁlii

2198 4143 2401 4208 Israel,
2463 4145 2552 4215 qui
2596 4145 2892 4215 intrepidus
2952 4147 3342 4217 ambulaverit,
3385 4159 3804 4221 persecutorem

2199 4237 2490 4309 Egyptum
2521 4255 2627 4293 non
2651 4240 2878 4295 timebit.

1934 4347 2203 4411 SERMO
2246 4349 2361 4408 IX.

1809 4445 1888 4500 De
1917 4446 1976 4502 S.
2002 4447 2300 4519 Epiphania
2332 4447 2451 4502 III.

1954 4539 2343 4595 ADMONITIO.

574 4631 730 4710 llune
758 4630 998 4710 a_primis
1025 4627 1322 4710 editoribus
1343 4627 1626 4709 Ambrosio
1655 4631 1948 4710 ascriptum
1979 4646 2282 4710 sermonem
2303 4670 2316 4695 ,
2340 4630 2595 4710 Erasmus
2622 4631 2679 4688 S.
2712 4633 2945 4710 Magimo
2968 4646 3256 4710 acceptum
3286 4657 3405 4698 esse
3443 4643 3804 4703 referendum

501 4701 677 4756 duxit.
709 4700 835 4784 Inde
857 4714 986 4784 vero
1017 4699 1264 4754 monachi
1285 4700 1714 4784 congregationis
1740 4699 2174 4784 Benegiet‘inze's.
2199 4701 2510 4784 Mauricum
2539 4705 2590 4756 in
2609 4705 2889 4784 qppendice
2908 4708 2977 4784 ad
2997 4708 3060 4784 ξε
3084 4699 3344 4784 Ambrosii
3358 4730 3533 4784 opera,
3557 4699 3798 4784 mum—8‘,

501 4787 712 4855 rursum
755 4769 1024 4850 edendum
1066 4777 1358 4855 curassent.
1399 4769 1502 4850 hoc
1545 4771 1701 4851 titulo
1726 4789 1737 4823 :
1762 4769 1842 4824 De
1863 4771 1922 4826 S.
1951 4771 2337 4855 Epiphania],
2370 4769 2701 4855 tuncomulto
2731 4789 2851 4855 esse
2901 4777 3127 4834 similius
3171 4783 3284 4855 veri
3328 4769 3799 4855 animadvertunt:

501 4856 626 4895 eum
658 4840 891 4916 Maximo
915 4839 1094 4909 potius
1121 4854 1280 4906 quam
1300 4839 1466 4916 alteri
1496 4841 1740 4916 cuiquam
1772 4857 1889 4895 esse
1916 4839 2338 4916 attribuendum.
2373 4843 2449 4916 Ac
2475 4844 2518 4916 si
2554 4844 3068 4916 styli_veterumque
3094 4850 3338 4906 codicum
3369 4853 3608 4907 habenda
3639 4839 3803 4913 ratio

503 4921 605 4992 est,
631 4911 874 4965 habenda
904 4925 1034 4992 vero
1065 4917 1146 4962 est
1171 4909 1423 4970 maxima,
1457 4909 1820 4992 continendum
1851 4913 1972 4975 erit,
2000 4912 2209 4992 restitui
2240 4913 2459 4966 omnino
2483 4909 2652 4992 ipsum
2685 4909 3005 4992 Taurinensi
3032 4929 3220 4974 nostro
3251 4922 3476 4977 antistiti
3499 4909 3797 4992 oportere:

502 4977 580 5030 Ac
608 4981 674 5031 de
693 4981 832 5060 ston
860 4981 1074 5060 quidem
1105 4994 1212 5033 non
1241 4987 1322 5034 est
1345 4993 1442 5033 cur
1462 4980 1894 5060 disputemhcttm
1923 4981 2260 5050 perspicuum
2293 4997 2412 5036 esse
2431 4977 2633 5060 cuique
2660 4985 2959 5060 possit,qui
2986 4988 3130 5060 hunc
3150 5006 3270 5044 cum
3293 4977 3801 5060 genuinis'Manimi

498 5049 835 5131 sermonibus
862 5049 1242 5131 conterretnon
1261 5049 1632 5131 gravatum-De
1652 5049 1937 5131 codicibus
1957 5049 2188 5131 non_est
2215 5068 2311 5106 cur
2335 5053 2516 5131 multis
2544 5049 2678 5131 esse
2716 5049 3097 5131 disputandum
3145 5049 3350 5128 putem.
3406 5061 3592 5131 Itaque
3621 5049 3802 5131 agam

499 5115 768 5170 brevibus.
800 5118 857 5171 In
881 5120 1004 5173 eod.
1041 5119 1176 5173 1267
1200 5115 1475 5175 Vaticana:
1504 5120 1840 5176 bibliothecae
1879 5129 2056 5177 exstat
2076 5121 2165 5178 hic
2191 5137 2369 5177 sermo
2388 5165 2404 5191 ,
2428 5125 2586 5193 eique
2633 5126 2750 5180 bzec
2774 5115 2857 5180 est
2901 5126 3120 5197 praaﬁxa
3146 5115 3449 5201 'inscriptio
3483 5115 3803 5203 :‘Ejus‘deni

573 5253 598 5281 ⁸
638 5243 768 5298 Cod.
803 5245 924 5299 Vat.
951 5247 1127 5300 omitit
1153 5249 1310 5302 enim.

572 5312 600 5350 ι’
639 5314 769 5368 Cod.
805 5313 950 5381 Vat.,
983 5313 1222 5370 Libenter
1242 5335 1363 5390 ergo
1387 5319 1602 5389 quiescit
1626 5317 1877 5373 Dominus
1897 5320 1952 5373 in
1967 5321 2083 5374 sinu

500 5391 1110 5540 ‘"'E“§3"si."ia,2216.
1141 5456 1227 5538 αρε
1248 5467 1612 5540 mnuum.
1654 5528 1684 5540 _.

569 5520 603 5606 ᾖ
627 5523 794 5578 Codd.
846 5523 914 5576 99
941 5523 999 5579 S.
1029 5523 1218 5580 Crucis
1245 5520 1433 5583 in'Jer.
1467 5538 1522 5584 et
1568 5528 1739 5583 Valic.
1786 5526 1954 5598 1276,
1981 5527 2076 5582 In-

496 5594 771 5749 ωξῗίριη
793 5665 913 5749 cod:
935 5664 1366 5749 _Va‘t’:,ninnsign.is
1386 5669 1635 5749 columna
1663 5671 1946 5749 prfecessit.

575 5738 592 5775 τ
624 5734 789 5795 Iidem
814 5735 970 5795 codd.
995 5734 1063 5792 99
1089 5735 1144 5792 S.
1178 5734 1364 5793 Crucis
1384 5738 1438 5794 in
1463 5739 1596 5808 «ιω-η
1638 5734 1694 5798 et
1722 5740 1867 5808 Vat.,
1895 5757 2072 5814 seque-

2117 5262 2167 5323 ι)
2194 5259 2388 5323 rentur.

2269 5331 2294 5401 ξ
2465 5319 2550 5401 9ρῆ
2643 5324 2831 5380 Crucis
2860 5327 2914 5381 in
2941 5327 3077 5396 Jer.,
3100 5347 3307 5401 egressa
3325 5342 3419 5386 est.

2190 5461 2535 5516 ministraret;

2268 5533 2283 5568 ί
2317 5531 2482 5610 Codd.
2516 5532 2584 5610 99
2608 5533 2666 5588 S.
2707 5532 2894 5610 Crucis
2942 5537 3154 5610 inHJer.
3193 5551 3249 5596 et
3295 5541 3361 5596 10
3411 5542 3698 5610 Lanrent.,
3735 5549 3798 5603 in

2183 5602 2611 5682 fluctibus;__cod._
2641 5605 2908 5682 vero_Vat.
2942 5607 3108 5675 1276,
3142 5611 3284 5666 Tunc
3306 5614 3368 5666 de
3406 5614 3644 5682 [lucibus
3682 5602 3795 5672 ius;

2183 5673 2368 5727 darum
2395 5674 2632 5730 solidavit
2661 5677 2929 5744 semitam;
2961 5673 3136 5738 nostra
3169 5683 3224 5736 in
3255 5673 3479 5738 lavacro.

2266 5388 2453 5472 hCod.
2488 5392 2555 5445 10
2585 5392 2839 5450 Laurent.
2863 5439 2878 5466 ,
2922 5388 2979 5452 ut
3032 5388 3204 5455 lumven
3258 5405 3571 5472 sequentium
3612 5409 3799 5463 oculis
3871 5467 3890 5472 _
