4054 6190
196 289 303 350 διε)

1634 277 1862 333 SERMO
1900 278 1984 332 ιχ.

3362 286 3469 341 550

192 390 333 469 stlide
360 401 539 453 supra.
568 385 1167 469 l-sna‘utenrundesupra
1197 399 1279 444 est
1302 390 1601 469 Maximus,_
1620 392 1706 446 cui
1735 407 2014 469 sermones
2043 394 2131 469 qui
2169 391 2477 469 prmccdunt
2504 393 2722 463 ascripti
2736 402 2894 469 sunt.
2927 393 2982 469 lu
3013 393 3200 469 codice
3229 394 3470 469 Palatino

193 454 369 509 Vatic.
407 471 554 538 num.
581 454 740 538 1357,
830 458 966 538 idem
993 454 1688 538 habetur_serltio_cunt’_hac
1711 462 2002 538 epigraplie
2028 454 2470 538 {De-Epiphania
2492 506 2507 529 ,
2529 454 2695 538 seruio
2727 462 2786 517 S.
2820 462 2873 515 Μ
2881 465 3045 538 minii
3064 466 3308 538 episcopi.
3336 464 3471 538 Iluic

191 525 734 599 consonantcodices
755 526 1099 599 Taurinensm
1118 570 1130 594 ,
1157 530 1382 583 abbatis:
1411 530 1468 583 S.
1502 525 1782 593 Dalmatii,
1808 525 2194 586 Lambacensis
2214 525 2233 593 ζ
2253 525 2307 584 et
2361 525 2742 599 nonagesimus
2771 548 2944 587 nonus
2971 533 3027 587 S.
3081 525 3266 587 Crucis
3297 535 3347 588 in
3376 535 3468 588 Je-

192 595 453 672 rusalem.
486 594 671 662 Itaque
698 595 976 651 Ceillerius
1006 600 1057 650 in
1079 608 1273 672 quarto
1296 615 1359 672 ac
1378 601 1589 672 decimo
1612 611 1742 654 tom.
1769 599 1972 654 Histor.
2005 603 2261 672 generalis
2290 594 2557 656 auctorum
2577 643 2591 669 ,
2615 612 2717 655 etc.
2742 640 2756 665 ,
2787 605 2916 657 satis
2945 612 3195 657 constare
3217 602 3468 670 affirmat,

192 663 339 717 hunc
368 664 544 733 ipsum
575 680 877 721 sermonem
908 663 1262 736 perscriptum
1290 668 1451 726 fuisse
1481 686 1513 723 a
1540 670 1790 724 Maximo.

190 801 591 884 Anguusurpu.
619 833 691 843 —-—
717 802 1020 884 Epiphania
1041 802 1239 884 erce,
1288 804 1783 884 L_atine_appa§.lio.
1815 808 1865 866 Α
1892 804 2011 867 dati,
2045 818 2202 873 quem
2252 813 2643 872 pcrspexerunt
2681 806 2880 870 oculis,
2909 805 3259 874 palpaverunt
3294 809 3470 861 mani-

265 872 413 925 Tunc
437 874 659 943 primum
684 872 843 943 signis
870 874 1184 927 credentium
1212 875 1448 928 cordibus
1481 872 1616 927 Deus
1634 873 1787 927 Citri-

261 953 377 995 stus
405 944 885 1011 illuxit;.apparens
912 961 1015 997 non
1037 954 1144 996 tam
1165 945 1328 998 oculis
1357 944 1621 997 hominum
1638 960 1790 1010 quant

263 1012 447 1065 saluti.
478 1011 702 1083 Mutatio
735 1030 882 1083 aqua?
932 1014 987 1066 in
1036 1014 1225 1077 vinum,
1259 1030 1503 1083 magnum
1534 1014 1686 1081 plane
1712 1015 1788 1065 si-

262 1098 448 1151 gnum,
474 1082 541 1133 ad
563 1082 659 1134 Dei
682 1082 992 1154 credendam
1033 1084 1290 1151 suﬂiciens
1331 1082 1673 1153 ntajestutem,
1717 1092 1793 1134 at-

264 1167 366 1221 que
394 1152 789 1204 resurrectionis
816 1152 1115 1221 mysterium
1141 1154 1432 1206 continens.

264 1242 661 1298 Exsultandum
684 1252 766 1297 est
793 1245 970 1311 nobis,
994 1243 1188 1299 fratres
1217 1244 1505 1309 carissimi,
1527 1244 1672 1312 quod
1706 1261 1793 1298 va-

195 1338 260 1390 tis
293 1336 496 1390 nostris
519 1343 645 1389 vota
668 1336 997 1403 succedunt,
1029 1345 1084 1390 et
1111 1337 1319 1404 gaudiis
1360 1337 1554 1405 gaudia
1605 1353 1793 1392 cumu-

196 1429 399 1482 lantur.
428 1426 571 1482 Ecce
592 1426 733 1481 enim
765 1428 939 1482 adhuc
958 1428 1154 1482 natalis
1175 1428 1430 1483 dominici
1450 1430 1792 1483 solemnitate

195 1518 365 1573 corda
396 1526 581 1571 nostra
614 1526 639 1555 ⁸
662 1518 982 1586 persultant,
1016 1526 1072 1572 et
1094 1518 1205 1585 jam
1258 1519 1551 1575 festivitate
1579 1519 1636 1573 S.
1667 1519 1793 1588 Epi-

196 1608 417 1678 phania:
445 1608 758 1676 gloriamur.
790 1607 1004 1662 Gratias
1034 1608 1196 1677 igitur
1223 1624 1383 1677 agere
1402 1610 1660 1664 debemus
1683 1610 1791 1663 Do—

197 1702 370 1765 mino,
404 1701 497 1771 qui
524 1715 624 1754 nos
652 1699 965 1769 frequenter
990 1699 1189 1767 visitat,
1210 1708 1264 1754 et
1293 1716 1435 1769 szepe
1464 1700 1716 1767 lmtilicat,
1738 1707 1794 1754 et

198 1793 479 1863 copiosius
508 1793 751 1861 requirit,
780 1798 838 1844 ut
868 1792 1205 1847 numerosius
1252 1792 1555 1846 henedicat.
1589 1791 1791 1857 Quam-

196 1884 275 1937 vis
309 1883 476 1950 igitur
504 1882 719 1951 gentilis
744 1884 761 1950 (
788 1882 913 1935 licet
936 1882 1105 1951 vane)
1138 1896 1425 1936 numerosa
1445 1881 1793 1937 solemnitate

197 1974 418 2028 laetetur
470 1982 695 2041 propter
737 1971 1109 2026 diversitatem
1160 1970 1499 2026 dominorum
1550 1985 1788 2035 suorum,

199 2076 387 2120 tamen
412 2065 594 2134 plures
613 2064 767 2118 nobis
806 2062 1124 2118 festivitates
1176 2070 1395 2133 praestat
1448 2062 1605 2117 unius
1626 2060 1655 2100 δ
1684 2062 1791 2116 diei

198 2156 461 2220 visitatio,
487 2170 647 2224 quam
676 2154 781 2209 illis
811 2154 1102 2208 multorum
1123 2152 1507 2208 daemoniorum
1534 2153 1793 2222 supersti-
1823 2182 1871 2241 Β

200 2247 343 2301 tiosa
370 2245 737 2314 praesumptio.
767 2243 902 2298 Nam
949 2244 1088 2299 sicut
1115 2260 1210 2299 eos
1248 2243 1475 2298 veritate
1518 2242 1794 2311 religionis

200 2336 475 2390 vincimus
483 2352 503 2413 ξ
536 2336 612 2388 ita
633 2341 881 2388 votorum
932 2348 1157 2388 numero
1202 2349 1537 2402 superamus.
1568 2331 1797 2403 Epipha-

202 2427 306 2480 niae
334 2439 468 2493 ergo
492 2424 655 2479 hodie
681 2439 1037 2494 procuramus
1082 2423 1292 2492 gaudia.
1334 2422 1552 2487 Quaerat
1579 2422 1794 2491 aliquis,

202 2516 336 2585 quid
366 2516 757 2584 interpretetur
781 2514 883 2568 hoc
911 2514 1156 2580 verbum,
1185 2513 1391 2568 scilicet
1413 2513 1538 2581 quia
1558 2511 1795 2582 Epipha-

202 2608 291 2661 nia
320 2606 530 2667 Grzcce,
557 2604 748 2659 Latine
775 2604 973 2659 dicitur
998 2615 1018 2642 ο
1043 2604 1332 2673 apparitio.
1357 2602 1497 2672 Ergo
1525 2605 1649 2673 quia
1672 2613 1798 2659 tunc

203 2698 446 2767 primum
476 2697 725 2766 apparuit
754 2695 1005 2750 Salvator
1033 2693 1057 2731 ἀ
1085 2696 1138 2749 in
1160 2694 1358 2749 mundo
1376 2734 1391 2758 ,
1424 2695 1538 2765 ipsa
1568 2695 1683 2750 dies
1705 2710 1803 2750 eo-

204 2787 329 2843 dem
363 2786 628 2841 vocabulo
678 2784 976 2855 Epiphania
1022 2793 1330 2854 nuncupata
1377 2793 1478 2839 est.
1520 2784 1800 2851 Quomodo

203 2890 394 2935 autem
426 2878 762 2949 apparuerit,
791 2879 1161 2947 requiramus;
1195 2892 1302 2931 non
1327 2876 1471 2945 quod
1515 2878 1567 2930 in
1599 2876 1800 2932 mundo

205 2982 335 3025 ante
363 2986 477 3024 non
501 2967 681 3031 fuerit,
710 2983 829 3021 cum
854 2967 1082 3021 mundus
1124 2981 1223 3036 per
1251 2967 1427 3036 ipsum
1479 2966 1653 3021 factus
1700 2967 1797 3033 sit;
1828 3016 1833 3021 .

204 3060 298 3113 sed
330 3057 483 3128 quod
516 3066 641 3111 tunc
672 3057 905 3126 primum
953 3055 1119 3122 signis
1156 3064 1317 3123 atque
1360 3056 1632 3112 miraculis
1685 3070 1803 3110 cre-

118 3194 121 3197 .
206 3148 459 3204 dentium
487 3148 738 3203 cordibus
756 3148 895 3202 Deus
921 3147 1166 3201 Christus
1192 3148 1447 3213 illuxerit,
1479 3156 1534 3201 et
1552 3148 1607 3201 in
1655 3156 1804 3201 tene—

207 3244 405 3296 brosae
435 3241 795 3296 conscientias
825 3240 1100 3295 hominum
1133 3221 1158 3275 έ
1189 3239 1311 3292 tidei
1358 3239 1611 3307 splendor
1652 3238 1807 3291 adve-

208 3333 374 3386 nerit.
411 3331 577 3401 5.19
602 3329 734 3385 Cum
763 3330 922 3397 igitur
952 3329 1092 3383 Deus
1118 3330 1317 3397 ubique
1346 3329 1448 3396 sit,
1474 3337 1529 3383 et
1557 3318 1805 3382 universa

208 3422 525 3490 possideat,
557 3430 809 3490 tanquam
839 3435 945 3473 non
978 3420 1121 3474 visus
1173 3427 1337 3473 antea
1387 3416 1698 3487 apparuisse
1725 3416 1807 3469 di-

1892 892 2011 957 bus,
2044 892 2313 962 hodieque
2340 908 2445 946 non
2469 894 2704 948 videant.
2741 895 3096 963 Requiramus
3140 897 3299 963 igitur
3326 898 3473 967 quod

1892 983 2100 1049 signum
2129 992 2384 1051 operatus
2410 983 2479 1036 sit
2504 991 2561 1036 ut
2591 983 2924 1037 divinitatem
2954 1000 3106 1038 suam
3137 986 3345 1053 populis
3372 986 3471 1039 tle-

1894 1073 2145 1127 clararet.
2180 1073 2385 1126 Dicitur
2415 1072 2519 1127 hoc
2547 1074 2778 1142 primum
2809 1074 2997 1128 fecisse
3043 1076 3380 1139 miraculum,
3415 1084 3472 1128 ut

1893 1176 2087 1230 aquam
2108 1170 2341 1215 mutaret
2370 1163 2420 1216 in
2449 1165 2650 1216 vinum.
2677 1162 2923 1231 Magnum
2946 1165 3105 1232 plane
3146 1164 3353 1232 signum
3376 1207 3390 1230 ,
3417 1172 3476 1219 et

1893 1249 1959 1303 ad
1982 1250 2077 1303 Dei
2104 1250 2426 1305 credendam
2472 1251 2742 1307 sufﬁciens
2790 1253 3145 1321 majestatem.
3179 1256 3307 1318 Quis
3327 1256 3473 1308 enim

1893 1354 2001 1392 non
2040 1339 2265 1392 miretur
2303 1341 2357 1392 in
2404 1340 2576 1407 aliud,
2607 1358 2770 1410 quam
2826 1352 3012 1407 erant,
3043 1345 3308 1398 elementa
3356 1360 3476 1399 esse

1895 1428 2193 1482 translata?
2236 1428 2404 1483 Nemo
2428 1429 2570 1483 enim
2602 1439 2780 1499 potest
2826 1441 3036 1487 mutare
3076 1441 3350 1496 naturam,
3375 1434 3478 1488 nisi

1894 1519 1985 1586 qui
2005 1517 2262 1572 Dominus
2288 1528 2371 1573 est
2400 1527 2623 1573 naturm.
2657 1520 2996 1575 Credendum
3043 1531 3126 1577 est
3150 1522 3261 1590 jam
3284 1539 3351 1577 ex
3372 1525 3478 1579 hoc

1895 1610 2177 1663 mortalem
2200 1611 2469 1663 hominem
2492 1610 2543 1663 in
2562 1611 3018 1665 immortalitatem
3032 1627 3190 1681 posse
3212 1614 3472 1678 converti,

1894 1700 2109 1770 quando
2149 1701 2267 1755 vilis
2295 1701 2592 1755 substantia
2645 1701 2699 1754 in
2751 1701 3040 1770 pretiosam
3095 1710 3177 1755 est
3217 1717 3477 1756 conversa

1895 1789 2265 1843 substantiam.
2324 1789 2460 1844 Nolo
2490 1791 2664 1856 enim,
2713 1790 2947 1857 auditor,
3002 1792 3216 1845 nomina
3265 1799 3474 1845 tantum

1896 1882 2192 1951 perspicias
2215 1882 2323 1935 vini
2349 1891 2403 1936 et
2430 1897 2613 1950 aquae;
2644 1882 2738 1936 sed
2766 1883 2811 1936 si
2838 1882 2919 1937 vis
2950 1879 2974 1917 ιι
3001 1884 3297 1952 potentiam
3327 1898 3477 1937 com-

1894 1971 2128 2041 probare
2145 2012 2160 2036 ,
2188 1972 2438 2026 virtutem
2468 1987 2649 2026 rerum
2672 1972 2873 2040 aspice.
2900 1971 3073 2025 Tanto
3102 1972 3244 2025 enim
3273 1971 3376 2025 hoc
3399 1971 3480 2024 al-

1895 2062 2001 2116 tius
2040 2062 2219 2117 nescio
2249 2062 2376 2132 quid
2416 2061 2837 2115 demonstratur.
2887 2060 3019 2113 Nam
3049 2076 3171 2114 cum
3223 2059 3481 2113 Dominus

1896 2166 2091 2221 aquam
2112 2152 2274 2205 vertit
2294 2152 2348 2204 in
2375 2151 2577 2216 vinum,
2605 2166 2713 2204 non
2736 2158 2943 2203 tantum
2973 2150 3078 2203 hoc
3106 2156 3384 2219 operatur,
3409 2163 3478 2203 ne

1895 2243 2349 2297 discumbentibus
2375 2242 2515 2296 desit
2549 2240 2563 2277 ί
2599 2241 2862 2306 ebrietas,
2910 2240 3003 2295 sed
3033 2250 3091 2295 ut
3135 2240 3479 2295 credentibus

1899 2336 1914 2384 ι
1949 2332 2111 2404 420
2155 2332 2391 2387 abundet
2437 2331 2731 2386 :eternitas.
2787 2330 3060 2399 Siquidem
3091 2337 3377 2399 propterea
3427 2330 3481 2383 in

1895 2425 2150 2479 mundum
2171 2425 2318 2480 venit
2345 2423 2590 2479 Christus
2605 2465 2621 2489 ,
2654 2441 2762 2479 non
2782 2432 2842 2479 ut
2863 2424 3209 2479 convivarum
3263 2423 3482 2478 cellaria

1896 2526 2229 2586 procuraret,
2257 2516 2352 2570 sed
2382 2523 2439 2570 ut
2460 2516 2621 2570 saluti
2642 2516 2919 2569 hominum
2947 2514 3277 2584 provideret,
3308 2528 3408 2567 nec
3422 2521 3482 2566 ut

1899 2608 2119 2679 hydrias
2140 2608 2442 2662 substantia
2465 2607 2594 2662 boni
2620 2606 2804 2661 odoris
2826 2605 3106 2675 impleret,
3136 2604 3231 2659 sed
3260 2611 3320 2658 ut
3367 2605 3484 2658 ani-

1898 2719 2015 2758 mas
2057 2702 2229 2772 gratia
2270 2702 2441 2756 sancti
2488 2700 2719 2770 Spiritus
2748 2700 3017 2769 irrigaret.
3070 2696 3230 2765 Ergo,
3263 2712 3384 2751 cum
3414 2711 3479 2751 ex

1900 2796 1989 2849 illa
2034 2795 2127 2850 vili
2176 2810 2315 2864 aqua
2362 2794 2474 2847 vini
2516 2792 2705 2862 optimi
2749 2804 2998 2860 saporem
3048 2788 3217 2842 voluit
3268 2778 3485 2855 gustare

1901 2882 1928 2921 ιι
1949 2884 2196 2948 conviva,
2222 2883 2392 2950 magis
2419 2881 2589 2937 voluit
2607 2896 2675 2936 ex
2702 2880 2804 2934 hac
2833 2879 2921 2933 vili
2951 2893 3110 2931 carne
3134 2876 3482 2930 resurrectio-

1903 2974 1986 3029 nis
2010 2973 2245 3030 cmlestis
2268 2972 2585 3042 sapientiam
2619 2979 2834 3039 gustare
2869 2969 3168 3023 credentes.
3220 2965 3351 3020 Nam
3382 2968 3487 3022 hoc

1916 3065 1934 3103 ι
1960 3068 2171 3135 signum
2194 3073 2367 3119 totum
2381 3064 2565 3131 utique
2585 3058 2991 3116 resurrectionis
3017 3056 3327 3128 mysterium
3357 3070 3490 3110 coa-

1906 3158 2059 3211 tinet.
2088 3158 2241 3225 Aqua
2271 3155 2413 3209 enim
2444 3154 2578 3215 vilis,
2612 3162 2652 3188 ω
2681 3152 2890 3219 pallens
2921 3158 2976 3203 et
3003 3148 3195 3215 frigida
3225 3148 3276 3201 in
3305 3148 3488 3202 vinum

1904 3262 2079 3309 versa,
2110 3246 2316 3299 scilicet
2344 3244 2662 3312 pretiosum,
2693 3250 2720 3277 ³³
2750 3241 2972 3294 rubrum
3000 3240 3085 3293 vel
3111 3240 3351 3305 ignitum,
3386 3239 3491 3294 hoc

1906 3332 2174 3401 significat
2201 3332 2436 3386 hominis
2459 3330 2817 3385 substantiam
2842 3328 3151 3383 conditione
3180 3328 3358 3392 vilem,
3387 3329 3491 3381 im-

1908 3424 2198 3479 becillitate
2223 3422 2534 3492 pallentem,
2558 3428 2735 3474 morte
2766 3428 2789 3455 °
2821 3418 3103 3486 frigentem
3150 3418 3202 3471 in
3251 3433 3491 3472 resurre-

210 3514 375 3567 citur.
412 3510 867 3579 Apparuitautem
889 3523 994 3562 non
1017 3516 1126 3561 tam
1150 3509 1320 3562 oculis
1348 3507 1624 3561 hominum
1643 3521 1805 3576 quam
1833 3533 1878 3595 ρ
1911 3516 2104 3571 cuoms
2124 3514 2348 3583 gloriam
2378 3510 2809 3569 commutandam
2830 3548 2844 3573 ,
2875 3524 2995 3578 quae
3045 3516 3129 3562 est
3181 3508 3484 3561 aeternitate

210 3605 397 3659 saluti.
433 3602 565 3655 Nam
596 3609 649 3656 et
677 3601 720 3655 si
749 3600 897 3670 prius
917 3606 1075 3654 natus
1095 3614 1163 3654 ex
1186 3598 1405 3668 Virgine
1424 3599 1593 3654 oculis
1618 3614 1808 3654 carna-

210 3693 354 3749 libus
385 3691 701 3755 videbatur;
731 3700 907 3744 tamen
960 3705 1070 3745 non
1125 3689 1447 3759 apparebat,
1504 3689 1809 3758 ‘quoniam

213 3785 485 3839 virtutem
512 3782 627 3850 ejus
647 3782 820 3836 adhuc
841 3779 964 3836 fidei
1012 3781 1158 3836 acies
1187 3780 1485 3849 ignorabat.
1539 3778 1691 3835 Unde
1718 3778 1811 3836 Ju-

217 3876 355 3930 dazis
387 3891 489 3945 per
516 3875 832 3945 prophetam
886 3874 1120 3931 dicitur:
1162 3873 1405 3928 Videntes
1454 3873 1713 3938 videbitis,
1760 3883 1811 3928 et

209 3981 316 4019 non
346 3962 586 4018 videbitis
617 3963 778 4033 (Isai.
821 3963 928 4035 γι).
960 3962 1077 4019 Hoc
1121 3972 1204 4019 est
1246 3962 1616 4031 Salvatorem',
1647 3978 1808 4033 quem

209 4062 509 4110 cernerent
537 4054 708 4109 oculis
734 4053 1128 4124 corporalibus,
1158 4054 1426 4123 spirituali
1471 4054 1671 4108 lumine
1699 4070 1807 4109 non

213 4146 493 4201 viderent.
527 4143 720 4200 Postea
772 4146 915 4200 enim
960 4161 1124 4215 quam
1170 4154 1195 4191 ις
1242 4144 1628 4198 humanitatem
1656 4160 1809 4199 suam

213 4239 566 4294 mirabilibus
615 4239 931 4302 declaravit,
960 4236 1210 4292 humanis
1256 4236 1526 4291 mentibus
1557 4244 1810 4305 tanquam

213 4345 398 4384 novus
420 4332 476 4383 et
502 4330 810 4399 inopinatus
860 4344 1125 4398 apparens
1143 4370 1159 4395 ,
1189 4327 1375 4383 oculos
1400 4328 1659 4396 quosdam
1686 4343 1808 4382 cor—

214 4416 297 4473 dis
328 4417 553 4487 infudit,
580 4428 640 4471 ut
666 4426 1016 4484 cognosceret
1044 4432 1254 4483 sensus,
1284 4431 1442 4484 quem
1483 4432 1590 4470 non
1612 4432 1811 4485 cogno-

213 4508 295 4561 vit
324 4518 601 4578 aspectus.
636 4507 788 4562 Unde
820 4505 876 4560 ﬁt
906 4514 963 4560 ut
985 4522 1081 4560 nos
1109 4507 1376 4560 Christum
1410 4505 1690 4559 Dominum
1720 4522 1816 4574 per

213 4595 408 4663 ﬁdem,
439 4614 599 4669 quem
622 4613 891 4666 nunquam
923 4596 1150 4651 vidimus
1172 4635 1187 4662 ,
1220 4596 1685 4665 contemplemur:
1711 4594 1805 4649 Ju-

1914 3604 2183 3675 protiosa,
2237 3602 2408 3670 gratia
2484 3600 2759 3664 colorata,
2813 3598 3001 3667 spiritu
3078 3596 3495 3653 immortalitatis

1914 3695 2098 3762 ignita.
2122 3692 2237 3748 Hoc
2265 3692 2426 3760 igitur
2465 3701 2492 3739 ρ
2538 3689 2757 3757 dignum
2804 3697 2889 3744 est
2933 3688 3182 3750 credere,
3208 3686 3493 3742 Dominum

1914 3784 2127 3854 operari
2158 3783 2409 3846 voluisse,
2442 3788 2502 3835 ut
2527 3795 2625 3851 per
2643 3780 2748 3835 hoc
2774 3786 3049 3834 terrenum
3088 3778 3316 3847 signum,
3348 3776 3495 3835 futu-

1914 3891 2035 3931 rum
2058 3875 2170 3945 jam
2197 3882 2327 3930 tunc
2354 3889 2384 3927 a
2412 3872 2744 3943 sapientibus
2764 3871 2982 3926 cmleste
3006 3871 3318 3941 mysterium
3344 3871 3495 3927 vide-

1915 3976 2082 4021 retur.
2128 3963 2264 4019 Nam
2305 3964 2351 4018 si
2383 3962 2627 4017 mirabile
2675 3970 2759 4017 est
2803 3960 2988 4030 utique
3022 3975 3143 4030 qua:
3186 3959 3494 4015 defecerant

1854 4110 1861 4114 .
1911 4056 2169 4111 conviviis
2194 4055 2318 4108 vina
2338 4054 2651 4123 supplesse,
2690 4060 2893 4120 quanto
2943 4058 3027 4105 est
3073 4050 3368 4104 mirabilius
3413 4051 3495 4104 vi-

1912 4156 2045 4211 tam,
2074 4160 2193 4214 quae
2215 4152 2297 4199 est
2341 4144 2600 4198 exhausta
2619 4182 2633 4207 ,
2659 4142 2966 4213 hominibus
3012 4140 3330 4209 reparasse?
3353 4139 3419 4192 Et
3446 4140 3491 4193 si

1912 4234 2207 4304 gloriosum
2244 4240 2326 4288 est
2354 4246 2547 4301 aquam
2597 4231 2650 4283 in
2692 4230 2884 4283 vinum
2912 4236 3156 4292 mutare,
3188 4236 3390 4296 quanto
3416 4236 3497 4283 est

1912 4324 2198 4393 gloriosius
2226 4329 2442 4391 peccata
2471 4321 2523 4373 in
2548 4317 2812 4388 justitiam
2831 4323 3169 4371 commutare
3189 4354 3203 4379 ,
3235 4323 3290 4369 et
3316 4329 3496 4367 mores

1915 4415 2094 4484 potius
2124 4422 2448 4481 temperare,
2477 4425 2637 4478 quam
2660 4407 2886 4478 pocula?
2913 4405 3100 4460 Audeo
3156 4404 3336 4459 dicere
3379 4404 3496 4457 illas

1920 4505 2155 4576 hydrias,
2185 4519 2291 4557 non
2307 4501 2479 4557 solum
2506 4499 2580 4555 illi
2606 4498 2871 4563 convivio,
2897 4497 2989 4578 sed
3021 4497 3268 4551 universo
3297 4494 3497 4548 mundo

1916 4596 2212 4665 pretiosam
2256 4594 2401 4648 illam
2456 4593 2761 4647 ministrare
2806 4589 3192 4653 substantiam,
3225 4586 3325 4641 nisi
3355 4587 3495 4656 quod

291 4854 319 4881 ⁸
351 4842 492 4898 Cod.
520 4841 587 4894 99
609 4841 665 4897 S.
688 4841 873 4898 Crucis
918 4842 973 4897 in
1009 4840 1141 4909 Jer.,
1174 4841 1334 4896 corda
1384 4849 1561 4895 nostra
1600 4840 1816 4909 prazsul-
1844 4842 1896 4903 D
1921 4854 2018 4909 pro
2050 4839 2316 4909 satietate;
2350 4835 2615 4909 inhmretls
2635 4830 2924 4909 Evangelia
2952 4827 3113 4909 ,[οειξιἒ
3160 4842 3278 4909 cap.
3315 4844 3385 4909 ῃ..
3407 4828 3497 4882 ulli

216 4925 363 4980 tant,
394 4914 572 4975 etiam,
599 4921 704 4966 etc.

290 4984 320 5022 ι’
348 4983 489 5038 ϐοά.
526 4982 590 5034 l0
620 4981 898 5045 Laurent.,
930 4990 1136 5049 prwstat
1156 4981 1306 5033 unius
1336 4979 1547 5034 Domini
1570 4980 1814 5047 visitatio,

212 5070 387 5124 quam
419 5052 551 5133 .illis
594 5052 870 5105 multorum
924 5051 1212 5105 daemonum
1283 5050 1637 5120 superstitiosa
1681 5066 1819 5119 pra:-

210 5132 679 5269 w?,(:}tg:id._yat.
712 5189 850 5269 1:267
882 5198 937 5243 et
983 5188 1106 5242 Vat.
1128 5188 1329 5269 "Palat.
1366 5186 1521 5256 19.57,
1552 5205 1815 5259 apparere.

289 5262 319 5299 ἀ
356 5260 501 5315 Cod.
534 5260 678 5326 Vat.,
713 5260 953 5314 Salvator
977 5258 1174 5312 mundi.

298 5346 325 5369 ε
355 5329 499 5383 Cod.
535 5330 653 5384 Vat.
685 5327 878 5396 Palat.,
905 5330 1034 5397 ﬁdes
1064 5327 1374 5398 splendoris.

302 5402 323 5439 τ
364 5399 508 5455 Cod.
532 5399 654 5455 Vat.
687 5398 881 5465 Palat.,
903 5401 1043 5469 quia.

296 5482 328 5519 ε
354 5469 498 5524 Cod.
529 5470 596 5523 10
620 5470 871 5524 Laurent.
902 5465 955 5523 et
980 5467 1048 5520 99
1075 5466 1131 5523 S.
1167 5466 1354 5523 Crucis
1386 5466 1440 5521 in
1486 5465 1597 5521 Jer.
1644 5466 1827 5536 legunt

210 5541 587 5598 divinitatem.
932 5556 937 5557 ’

298 5614 326 5649 ιι
358 5611 501 5665 Cod.
533 5610 655 5665 Vat.
684 5609 875 5675 Palat.,
913 5608 1199 5663 Saluatoris
1218 5608 1519 5677 potentiam.

303 5682 324 5721 ί
362 5680 602 5736 Sanctus
629 5674 908 5751 Maximus,
933 5679 1021 5736 hic
1050 5674 1328 5749 usurpavit
1348 5691 1536 5734 vocem
1564 5674 1825 5731 ebrietatis

1940 4910 2117 4974 egitur
2142 4908 2209 4962 de
2237 4897 2475 4960 convivis
2507 4923 2518 4956 :
2550 4904 2619 4956 Et
2662 4897 3061 4955 cum—inebriati
3082 4897 3307 4969 fuerint,
3336 4898 3389 4952 id
3420 4910 3496 4952 es:

1918 4988 2231 5129 fieri“
2253 5042 2319 5099 99
2347 5043 2556 5100 Sancta:
2580 5041 2764 5097 Crucis
2808 5040 2862 5094 in
2903 5036 3195 5092 Jerusalem
3215 5076 3230 5101 ,
3258 5035 3325 5087 sit
3352 5044 3501 5089 teter-

1922 5126 2213 5268 mlfsCodd.
2249 5186 2314 5239 10
2343 5184 2594 5239 Laurent.
2626 5190 2681 5237 et
2723 5179 2844 5233 Vat.
2875 5177 3042 5241 i267,
3086 5175 3245 5229 voluit
3293 5182 3500 5243 gustare

1925 5272 2219 5379 ω’ῗίῗὲἕῖι.
2251 5326 2366 5387 cit.,
2399 5324 2538 5376 Nam
2560 5323 2652 5375 hoc
2680 5319 2827 5390 signo
2851 5325 3010 5372 totum
3057 5316 3230 5385 utique
3274 5326 3501 5367 resurre-

1926 5395 2110 5449 ctionis
2140 5396 2444 5464 mysterium
2464 5393 2769 5464 continetur.

1997 5476 2036 5501 ιη
2065 5456 2213 5518 Cod:
2230 5463 2297 5516 99
2325 5463 2379 5516 S.
2409 5461 2596 5516 Crucis
2624 5461 2675 5513 in
2705 5457 2839 5525 Jer.,
2862 5456 3079 5525 pallida.

1999 5543 2023 5569 η
2057 5534 2202 5589 [dem
2232 5533 2353 5587 cod.
2379 5532 2446 5584 99
2475 5530 2530 5585 S.
2564 5529 2748 5583 Crucis
2772 5528 2823 5580 in
2853 5525 2987 5591 Jer.,
3018 5525 3249 5579 rubeam.

2003 5613 2027 5639 ο
2054 5603 2185 5657 Cod.
2214 5602 2333 5655 Vat.
2368 5600 2563 5666 Palat.,
2592 5600 2965 5670 frigescentem.

2002 5684 2028 5723 ιν
2058 5674 2190 5728 Cod.
2222 5670 2338 5727 Vat.
2375 5661 2569 5736 Palat.,
2592 5661 2715 5723 Ἠόε
2737 5668 2896 5735 igitur
2921 5667 3110 5719 dictum
3163 5673 3238 5717 est
3275 5661 3498 5717 credere.
