4054 6190
547 262 663 348 ssi

1782 280 1841 337 8.
1881 275 2126 335 MAXIM]
2165 271 2612 332 TAURINENSIS

3740 272 3856 329 55!

548 403 704 458 nobis
733 398 927 457 melius
973 397 1373 454 administrant.
1423 393 1652 449 Constat
1694 393 1841 448 enim
1893 406 1960 447 ex
2012 390 2147 460 ipsis
2176 394 2223 455 Α
2251 389 2381 443 lutis
2399 388 2680 458 accipere;
2710 392 2784 451 et,
2813 386 2859 440 si
2884 384 2989 442 dici
3015 384 3096 441 fas
3122 393 3229 451 est,
3259 383 3398 455 apud
3420 384 3543 441 illos
3570 396 3855 457 pertraw

522 495 773 561 ,vasculis
803 494 922 548 illos
941 491 1185 546 hausisse
1203 489 1560 547 ebrietatem;
1592 502 1692 543 nos
1721 484 1941 541 haurire
1977 483 2139 553 justi-

548 584 696 638 tiam.
728 583 854 638 Illos
876 580 1181 652 percepisse
1203 579 1311 635 vini
1340 579 1617 650 poculum,
1649 592 1750 633 nos
1773 575 2000 631 calicem
2048 589 2139 628 sa-

2251 479 2358 535 isse
2396 478 2539 547 quod
2567 478 2846 542 biberant,
2883 476 3025 548 apud
3054 472 3155 534 nos
3178 491 3312 532 vero
3339 490 3663 548 permanere
3695 479 3849 551 quod

2246 570 2579 640 sumpsimus
2603 577 2651 623 ι.

1855 744 1858 747 λ
2004 679 2271 743 SERMO
2313 678 2398 739 X.

1858 779 1939 833 De
1981 777 2042 834 S.
2080 777 2375 848 Epiphania
2404 775 2509 830 IV.

2000 864 2397 922 ADMONlTlO.

617 971 776 1053 ἀει
805 968 883 1052 .ln
925 966 1196 1053 nonnullis
1238 980 1367 1020 mss.
1410 963 1562 1045 libris
1580 961 1924 1053 JAuggstiAno,
1956 960 2157 1053 maliis
2182 957 2617 1053 kAmbros‘ignh‘ie
2645 975 2860 1053 quoque
2884 977 3067 1053 sermo
3092 961 3387 1053 attributps
3414 963 3649 1046 legitur;
3678 980 3841 1053 quem

522 1028 776 1096 ’Μιιῖἦῶ
804 1040 857 1093 in
887 1037 1240 1109 appendicem
1267 1050 1445 1109 serm.
1457 1028 1804 1109 ejusdein'SL
1808 1030 2102 1109 augustini
2116 1028 2217 1109 sub
2245 1044 2389 1109 pum.
2422 1028 2524 1109 157
2554 1028 2925 1109 traduxerunt.
2944 1032 3176 1109 Anobis
3203 1028 3526 1109 S._Maxi_uio
3556 1028 3843 1109 ascribitur

547 1095 671 1167 cum
695 1095 1047 1180 scriptoribus
1074 1106 1303 1163 duorum
1327 1095 1571 1162 codicum
1601 1101 1668 1156 90
1694 1110 1749 1156 et
1773 1096 1842 1153 99
1863 1095 1920 1154 S'.
1947 1100 2128 1154 Crucis

547 1182 748 1236 Besutii
776 1179 1116 1239 sententiam,
1148 1191 1307 1230 nemo
1335 1174 1580 1243 dubitare
1616 1179 1817 1243 potesk
1847 1169 2053 1243 incod.
2086 1168 2128 1221 9t

2246 1095 2554 1162 Ierusalem,
2584 1100 2651 1155 de
2680 1116 2908 1170 quorum
2939 1101 3063 1170 ﬁde,
3089 1110 3211 1172 post
3237 1103 3521 1159 clarissimi
3550 1106 3842 1166 cardinalis

2250 1168 2518 1243 tutissimo
2546 1177 2630 1225 est
2656 1186 2845 1243 sermo
2864 1170 2961 1243 41ζ
2983 1180 3040 1226 et
3073 1173 3126 1227 in
3164 1174 3336 1228 altero
3364 1172 3433 1227 99
3462 1190 3628 1229 serm.
3661 1175 3750 1242 51,
3786 1179 3837 1231 in

547 1207 748 1236 Desunt
776 1207 1116 1239 δῠιιισιιιιιιιιι,
1148 1207 1307 1230 ussqu
1335 1207 1580 1227 uuusuuu
1619 1207 1815 1243 γυιυυι.
1847 1207 1903 1223 ιιι
1933 1207 2053 1225 υυυ.
2090 1207 2153 1221 υν
2191 1207 2517 1223 νν-υιιοοηυυ
2546 1207 2630 1225 νου
2657 1207 2733 1225 θυι
2748 1207 2836 1225 ιιιυ
2864 1207 2951 1237 τι,
2984 1207 3040 1226 ul:
3074 1207 3126 1227 ιιι
3164 1207 3336 1228 αιιῠιυ
3366 1207 3432 1227 νυ
3463 1207 3628 1229 δῦιιιι.
3661 1207 3750 1242 υι,
3786 1207 3837 1231 ιιι

546 1267 656 1321 quo
698 1250 759 1303 51
808 1248 1001 1321 titulus
1033 1255 1117 1301 est
1155 1241 1471 1321 huiusmodi
1488 1262 1518 1321 Ξ
1541 1242 1620 1296 De
1648 1243 1732 1321 die
1768 1239 2202 1321 Etpip'ltanioru‘m,
2244 1248 2297 1321 et
2334 1237 2397 1320 de
2442 1237 2744 1321 Evangelia,
2793 1242 2881 1295 ubi
2924 1241 3182 1321 Dominus
3229 1244 3524 1314 baptizatus
3554 1253 3661 1321 ρει,
3694 1255 3744 1299 et
3772 1249 3839 1301 de

584 1321 748 1374 salmo
778 1335 956 1374 xxvm.
983 1317 1040 1371 lu
1068 1307 1257 1387 codice
1284 1323 1472 1387 autem
1485 1307 1827 1387 Sangallensi
1845 1328 1858 1362 :
1873 1307 2070 1387 'De_die
2093 1307 2527 1387 Epipltaniorum.
2562 1307 2617 1364 Si
2646 1311 2768 1379 quis
2790 1326 2921 1366 vero
2946 1311 3091 1368 hunc
3107 1307 3418 1387 sermonem
3439 1307 3687 1387 conferat
3709 1331 3839 1387 eum

584 1338 748 1374 satnto
778 1338 956 1374 XXVIII.
983 1338 1040 1371 ιιι
1068 1338 1257 1371 (3011108
1284 1338 1464 1369 autem
1486 1338 1820 1383 vulgantium
1845 1338 1858 1362 .
1889 1338 1970 1364 uc
1987 1338 2069 1363 ut:
2093 1338 2527 1377 Dpsyuuusururu.
2562 1338 2617 1364 οι
2646 1338 2768 1379 qut:
2797 1338 2921 1366 νυιυ
2947 1338 3091 1368 nunc
3107 1338 3418 1369 scnuuucut
3439 1338 3687 1369 conterat.
3709 1338 3839 1372 cum

547 1338 781 1444 bomiliis
807 1387 865 1443 S.
889 1387 1105 1441 Maximi
1130 1386 1198 1441 de
1216 1385 1405 1440 eodem
1431 1381 1747 1454 Epiphania:
1768 1380 2024 1451 mysterio
2051 1377 2349 1450 agentibus.
2379 1379 2522 1434 idem
2552 1389 2989 1449 argumentorum
3019 1398 3205 1453 genus,
3233 1384 3595 1455 eamdemque
3618 1384 3839 1443 dicendi

544 1460 811 1513 rationem
841 1457 1094 1512 inveniet.

548 1550 940 1623 ABGUMENTUM.
965 1580 1037 1590 -—
1057 1543 1568 1623 Christus_Salvator
1599 1550 1913 1623 eo_tempor‘e
1933 1555 2126 1623 cogno-
2159 1542 2205 1602 Β
2232 1537 2378 1592 enim
2407 1535 2504 1592 Dei
2554 1536 2721 1593 Filius
2748 1538 2815 1593 ad
2853 1537 3117 1594 Joannem
3144 1558 3157 1593 :
3192 1539 3321 1595 Sine
3359 1543 3548 1607 modo;
3596 1543 3672 1597 sic
3694 1545 3836 1599 enim

618 1621 801 1691 scitur;
829 1635 925 1691 quo
971 1634 1002 1670 a
1048 1615 1251 1691 Joanne
1296 1617 1350 1691 in
1390 1614 1623 1691 Jordane
1660 1612 1986 1691 baptizatur;
2021 1618 2069 1662 ct
2098 1624 2131 1661 a

617 1689 728 1743 Deo
753 1680 921 1742 Filius
944 1686 1256 1757 appellatur.
1304 1683 1370 1739 In
1391 1684 1527 1754 psal.
1562 1680 1735 1736 xxvnt
1769 1680 1960 1735 Christi
1994 1693 2134 1750 pra:-

621 1760 815 1812 dictum
844 1757 1099 1828 baptisma
1120 1756 1238 1825 fuit.

621 1912 744 1966 Dies
783 1908 1206 1980 Epiphaniorum
1263 1904 1452 1961 Graeco
1492 1904 1715 1973 nomine
1761 1904 1839 1959 sic
1885 1913 2129 1957 vocatur.

547 2001 702 2069 Quod
733 2001 877 2055 enim
921 2012 1021 2052 nos
1066 1996 1458 2066 apparitionem
1492 1994 1573 2049 vel
1604 1992 1971 2049 Ostensionem
1997 1991 2133 2046 dici-

548 2108 688 2154 mus,
711 2090 739 2130 δ
766 2091 817 2145 id
844 2088 1015 2145 ϐιωθὶ
1044 2086 1398 2158 Epiphaniam
1419 2092 1635 2140 vocant.
1667 2082 1782 2138 Hoc
1809 2092 1988 2137 autem
2013 2082 2135 2137 ideo

553 2195 575 2223 ε
598 2183 825 2238 dicimus
848 2223 863 2248 ,
910 2181 1036 2249 quia
1080 2178 1242 2233 hodie
1288 2177 1550 2232 Dominus
1587 2183 1774 2229 noster
1807 2183 1861 2228 et
1888 2171 2139 2227 Salvator

549 2272 843 2345 apparuitd
877 2270 1175 2327 secundum
1214 2284 1431 2325 carnem
1470 2268 1522 2321 in
1569 2265 1744 2320 terris.
1795 2261 1946 2319 Licet
1990 2264 2133 2318 enim

548 2366 677 2421 olim
722 2374 880 2417 natus
928 2371 1072 2417 esset
1111 2378 1181 2416 ex
1225 2359 1423 2424 Maria,
1473 2366 1529 2413 et
1579 2357 1795 2425 triginta
1823 2366 2133 2409 cannornm

549 2454 820 2525 explesset
847 2461 1094 2519 mtatcm;
1135 2460 1314 2506 tamen
1358 2449 1708 2517 ignorabatur
1737 2464 1766 2501 a
1795 2445 2015 2501 mundo.
2060 2443 2136 2499 Eo

550 2552 792 2613 tempore
829 2544 1079 2611 cognitus
1120 2550 1238 2605 est,
1287 2556 1395 2610 quo
1423 2540 1490 2594 ad
1526 2540 1789 2595 Joannem
1813 2538 2132 2609 Baptistam,

549 2642 607 2709 ut
639 2635 693 2688 in
722 2633 955 2689 Jordanc
983 2633 1366 2703 baptizaretur,
1400 2630 1614 2686 advenit
1638 2647 1652 2683 :
1685 2639 1741 2685 et
1765 2646 1872 2684 vox
1900 2629 1968 2685 de
1997 2630 2136 2685 caelo

546 2722 722 2779 Patris
757 2723 1055 2779 intonantis
1091 2722 1273 2777 audita
1309 2730 1427 2777 est:
1470 2720 1573 2775 Hic
1606 2730 1681 2776 est
1707 2720 1876 2776 Filius
1896 2737 2039 2775 meus
2062 2722 2139 2774 di-

543 2817 726 2884 lectus,
746 2818 804 2871 in
821 2833 921 2888 quo
950 2816 1076 2870 mihi
1096 2816 1111 2853 τ
1133 2814 1258 2869 bene
1283 2814 1569 2886 complacui
1592 2813 1803 2886 (Matth.
1837 2812 1935 2884 ιιι).
1960 2811 2133 2880 Quem

2244 1640 2445 1701 oportet
2468 1648 2562 1686 nos
2601 1631 2886 1703 adimplere
2924 1650 3125 1687 omnem
3166 1633 3427 1704 justitiam
3463 1634 3679 1706 (Matth.
3724 1635 3830 1705 ιιι).

2234 1720 2521 1793 Sequitur:
2556 1722 2811 1779 Dominus
2832 1734 2868 1761 ιη
2892 1727 3178 1796 majestatis
3201 1727 3450 1791 intonuit;
3479 1728 3695 1796 quando
3724 1726 3835 1783 Pa-

2235 1828 2319 1866 ter
2343 1812 2480 1867 Filio
2514 1814 2878 1869 testimonium
2915 1815 3148 1870 reddidit
3169 1815 3392 1871 dicens:
3424 1815 3528 1871 Hic
3554 1828 3633 1873 est
3660 1818 3707 1872 Ρ
3710 1821 3834 1876 ilius

2234 1919 2376 1956 meus
2415 1903 2632 1958 dilectus
2655 1945 2670 1971 ,
2719 1905 2774 1958 in
2813 1922 2912 1977 quo
2947 1905 3073 1960 mihi
3101 1907 3410 1978 complacui.
3472 1907 3589 1963 Vox
3616 1907 3838 1966 Domini

2233 1994 2605 2065 confringentis
2620 1994 2800 2049 cedros
2824 1994 2994 2067 (Psal.
3017 1996 3227 2067 xxviii).
3249 1996 3559 2068 Baptizatus
3578 2008 3665 2056 est
3683 2001 3837 2057 enim

2233 2084 2479 2142 Christus
2503 2126 2520 2152 ,
2570 2095 2625 2142 ct
2666 2088 2835 2144 erecti
2881 2088 3034 2159 prius
3072 2095 3235 2157 atque
3263 2090 3519 2145 sublimes
3547 2089 3838 2149 daemones

2231 2186 2570 2231 corruerunt.
2594 2174 2826 2231 Succidit
2844 2195 2931 2232 eos
2955 2176 3206 2233 Dominus
3230 2181 3377 2250 quasi
3408 2180 3589 2235 cedros
3615 2179 3832 2248 Libani,

2233 2275 2283 2319 et
2309 2268 2609 2321 comminuit
2634 2284 2720 2322 eos
2751 2278 2994 2340 tanquam
3024 2269 3209 2324 vitulos
3240 2268 3453 2340 (Ibid.).
3502 2271 3837 2340 Fragmenta

2234 2357 2488 2411 arborum
2516 2356 2803 2425 ventilans,
2827 2366 2882 2413 θι
2910 2358 3146 2414 calcibus
3167 2359 3363 2429 stirpes
3392 2359 3444 2414 in
3472 2359 3681 2416 diversa
3711 2362 3836 2420 dis-

2234 2460 2482 2517 pergens.
2530 2456 2557 2484 ιι
2598 2446 2641 2501 Ε
2682 2449 2954 2505 contrario
2990 2449 3059 2505 de
3106 2448 3387 2506 Salvatore
3419 2451 3547 2520 quid
3581 2452 3837 2508 dicitur!

2235 2537 2305 2591 Et
2325 2538 2540 2594 dilectus
2567 2556 2728 2607 meus,
2759 2542 2892 2595 sicut
2913 2542 3056 2613 ﬁlius
3082 2544 3408 2597 unieornium
3439 2543 3649 2616 (lbid.).
3678 2545 3835 2602 Dile-

2234 2637 2354 2685 ctus
2412 2627 2671 2686 Dominus
2715 2641 2900 2688 noster
2947 2640 3110 2702 atque
3155 2633 3404 2688 Salvator
3433 2642 3457 2671 ο
3491 2634 3658 2691 Filius
3705 2636 3833 2702 Dei.

2233 2721 2570 2777 unieornium
2594 2763 2609 2787 ,
2659 2720 2798 2777 ﬁlius
2841 2724 3015 2778 crucis
3051 2722 3119 2778 de
3167 2739 3274 2794 quo
3302 2724 3497 2780 dicitur
3526 2725 3578 2780 iu
3609 2727 3836 2784 cantico

2234 2813 2449 2870 Abacuc
2473 2833 2485 2868 :
2513 2813 2720 2870 Cornua
2752 2817 2808 2870 in
2838 2816 3076 2871 manibus
3110 2818 3242 2887 ejus,
3274 2816 3343 2872 ibi
3378 2819 3646 2874 abscondit
3669 2821 3836 2892 [orti-

543 2907 706 2964 Pater
732 2908 800 2964 de
828 2908 978 2964 cmlis
998 2922 1132 2964 voce
1160 2915 1571 2972 monstraverat,
1601 2907 1746 2960 hunc
1770 2904 2000 2975 Spiritus
2018 2919 2137 2959 san-
2160 2901 2203 2963 C
2238 2904 2464 2958 tudinem
2501 2922 2650 2959 suam
2682 2903 2913 2977 (Habac.
2945 2905 3044 2977 ιιι).
3098 2904 3391 2977 Postquam
3430 2924 3560 2979 ergo
3596 2910 3837 2968 dilectus

536 3008 662 3060 ctus
687 3009 712 3048 Β
735 3014 914 3065 verus,
941 2998 1096 3069 quasi
1120 2998 1173 3052 in
1197 2996 1520 3062 columbam,
1553 3004 1607 3051 et
1626 3010 1788 3066 super
1809 3001 1971 3066 caput
1992 2994 2133 3049 illius
2234 2995 2336 3051 iste
2364 2995 2651 3051 cruciﬁxus
2682 3004 2785 3064 est,
2814 2994 3092 3067 impletum
3123 3008 3208 3052 est
3232 2996 3380 3063 illud,
3412 2998 3559 3067 quod
3582 3011 3607 3048 ι)
3636 3001 3837 3069 sequi-

538 3091 735 3148 sedens
763 3098 908 3147 tactu
929 3089 958 3128 ιι
980 3091 1150 3146 voluit
1177 3090 1548 3165 demonstrare
1570 3130 1585 3154 ,
1617 3104 1686 3144 ne
1723 3088 1844 3158 quis
1871 3088 2006 3143 alius
2038 3087 2132 3143 Dei
2233 3096 2320 3143 tur
2366 3089 2419 3143 in
2462 3089 2670 3158 psalmo
2697 3106 2709 3141 :
2752 3086 2867 3142 Vox
2904 3086 3119 3143 Domini
3155 3089 3512 3144 intercidentis
3554 3092 3836 3161 [tantumne

538 3181 706 3240 Filius
756 3190 1038 3254 putaretur
1084 3197 1152 3237 ex
1207 3181 1428 3252 populo.
1488 3180 1628 3248 Quid
1674 3181 1777 3236 hac
1825 3181 2131 3235 humilitate
2231 3179 2366 3251 ignis
2391 3179 2561 3249 (Psal.
2595 3178 2805 3248 xxvni).
2847 3178 2944 3233 illo
2965 3179 3108 3233 enim
3131 3179 3432 3249 baptizata,
3475 3190 3531 3236 et
3567 3182 3835 3238 universo
3912 3178 3925 3189 ’

538 3274 858 3330 sublimius?
897 3274 1034 3342 Quid
1071 3274 1175 3330 hac
1216 3274 1424 3328 vilitate
1451 3273 1726 3327 nobilius?
1754 3272 2068 3343 Baptizatur
2096 3288 2127 3327 a
2230 3270 2451 3336 mundo,
2483 3269 2699 3325 Christo
2721 3269 2955 3334 lavante,
2984 3270 3261 3337 mundalo,
3280 3271 3538 3339 gehenntc
3560 3272 3695 3340 ignis
3724 3288 3827 3328 c1-

533 3380 712 3431 servo,
742 3372 798 3420 et
825 3379 857 3418 a
900 3362 1013 3420 Deo
1055 3363 1222 3418 Filius
1261 3362 1579 3434 appellatur.
1638 3361 1785 3417 Inter
1810 3358 2143 3432 publicanos"
2226 3365 2452 3419 stinctus
2480 3370 2584 3418 est.
2606 3362 2767 3434 423
2804 3360 2920 3417 νοτε
2950 3360 3164 3416 Domini
3195 3363 3530 3418 concutientis
3561 3365 3834 3419 desertum

532 3462 592 3511 et
636 3456 949 3511 meretrices
994 3461 1049 3509 et
1093 3464 1410 3523 peccatores
1446 3451 1515 3506 ad
1561 3452 1836 3505 lavacrum
1861 3451 2039 3518 venit,
2072 3459 2129 3506 et
2227 3453 2249 3526 (
2271 3452 2470 3520 Ibid.).
2531 3455 2751 3509 Deserta
2813 3451 2911 3507 fuit
2969 3451 3240 3519 Ecclesia,
3301 3468 3421 3524 qua:
3477 3454 3627 3524 prius
3677 3453 3832 3514 ﬁlios

534 3546 774 3601 sanctior
811 3552 896 3602 est
932 3544 1272 3615 baptizatore
1310 3558 1429 3598 suo.
1470 3540 1485 3579 ί
1518 3541 1833 3611 Baptizatur
1862 3557 1893 3596 a
1916 3539 2126 3599 Joanne
2227 3562 2332 3601 non
2362 3546 2613 3601 habebat.
2657 3544 2738 3600 Ad
2766 3545 3202 3616 praedicationem
3232 3545 3433 3602 Christi
3461 3547 3670 3602 deserta
3717 3547 3833 3603 ista

533 3639 589 3693 in
634 3654 839 3703 carne;
881 3637 976 3694 sed
1014 3637 1130 3707 ipse
1157 3635 1418 3693 Joannem
1447 3635 1500 3689 in
1527 3634 1719 3704 spiritu
1742 3636 1905 3690 lavat.
1937 3633 2122 3705 Aquae,
2223 3646 2494 3695 commota
2524 3644 2645 3702 est,
2685 3644 2743 3691 et
2788 3636 3091 3706 parturivit,
3130 3644 3185 3692 et
3221 3646 3348 3692 nata
3396 3645 3481 3692 est
3509 3637 3563 3692 in
3591 3653 3699 3692 una
3731 3644 3832 3695 die

530 3745 650 3797 qua:
689 3737 884 3784 caetera
913 3727 1173 3782 unmdare
1209 3733 1637 3794 consueverant,
1678 3725 1908 3782 Domino
1937 3736 2123 3784 nostro
2224 3740 2249 3778 η
2270 3742 2402 3796 gens
2427 3736 2557 3782 tota.
2585 3726 2757 3782 Simul
2779 3727 2890 3793 illa,
2913 3742 3034 3798 qua:
3059 3733 3217 3782 antea
3240 3726 3516 3783 dicebatur
3539 3726 3832 3787 desertum

529 3820 774 3885 lavante,
814 3819 979 3890 5.22
1002 3818 1273 3872 mundatae
1309 3825 1454 3872 sunt.
1506 3816 1756 3872 Iordanis
1785 3818 1998 3888 ﬂuvius,
2029 3821 2119 3891 qui
2216 3817 2428 3884 Cadcs,
2463 3819 2565 3875 hoc
2609 3827 2693 3874 est
2737 3818 3047 3886 desertum,
3103 3817 3369 3887 siquidem
3406 3835 3514 3874 non
3552 3818 3831 3875 habuerat

528 3923 597 3964 eo
626 3917 870 3976 tempore
894 3947 909 3973 ,
954 3906 1172 3975 quando
1219 3905 1477 3975 populum
1522 3904 1689 3959 israel
1726 3908 1740 3957 l
1789 3908 1940 3962 duxit
1965 3908 2121 3964 Jesus
2219 3909 2582 3977 sanctitatem,
2610 3908 2773 3978 etrapit
2801 3923 2994 3978 parere
3023 3923 3234 3975 cervos,
3265 3916 3321 3964 et
3347 3917 3654 3964 sanctorum
3682 3926 3832 3965 suo-

528 3999 694 4064 Nave,
727 4008 782 4054 et
809 3999 877 4055 ad
920 4008 1119 4054 terram
1160 3998 1538 4069 promissionis
1558 3998 1796 4067 induxit,
1821 4000 1997 4057 fuerat
2023 4018 2120 4058 ex-
2217 4015 2335 4055 rum
2364 4000 2613 4055 emittere
2652 4014 2876 4070 greges,
2916 4001 3009 4071 qui
3038 4010 3317 4072 serpentes
3341 4002 3393 4057 in
3423 4003 3579 4058 terris
3603 4000 3831 4058 interﬁ-

525 4090 795 4157 siccalus;
820 4105 963 4145 nunc
993 4088 1140 4154 totis,
1165 4089 1210 4143 si
1234 4088 1518 4160 potuisset,
1548 4089 1707 4146 undis
1733 4089 1760 4128 ιι
1789 4092 1960 4148 voluit
1986 4109 2118 4149 con-
2214 4090 2389 4155 ciunt,
2416 4090 2507 4159 qui
2539 4106 2747 4146 venena
2776 4100 3171 4157 contemnunt,
3216 4093 3411 4164 quibus
3455 4094 3829 4149 discurrenti-

524 4182 755 4252 gregari,
787 4190 847 4237 ut
875 4180 1086 4236 Domini
1114 4196 1312 4252 corpus
1340 4181 1649 4251 attingeret.
1680 4183 1698 4220 ι
1720 4182 1992 4252 Iordanis,
2027 4185 2111 4240 in-
2214 4181 2345 4247 bus,
2390 4190 2445 4236 et
2470 4181 2523 4236 in
2561 4189 2676 4235 toto
2712 4181 2845 4237 orbe
2871 4181 3069 4236 Christi
3095 4180 3444 4252 Evangelinm
3473 4182 3829 4254 praedicanti-

522 4273 679 4342 quit,
726 4289 958 4328 reuersus
1010 4281 1087 4327 est
1131 4280 1412 4327 retrorsum
1460 4271 1633 4342 (Psal.
1666 4271 1845 4344 eam).
1896 4274 2109 4345 Videte,
2140 4259 2188 4319 Ῑ)
2214 4273 2314 4328 bus
2342 4274 2395 4327 in
2420 4272 2604 4343 templo
2630 4271 2740 4341 ejus
2783 4289 2959 4326 omnes
2993 4271 3166 4325 dicent
3203 4274 3424 4343 gloriam
3458 4271 3566 4327 Deo
3589 4271 3823 4344 (Hist).

523 4362 752 4425 fratres,
792 4362 1064 4433 quomodo
1100 4361 1152 4417 id
1181 4361 1328 4432 quod
1366 4362 1423 4417 in
1461 4361 1754 4431 Evangelio
1779 4364 1977 4420 lectum
2006 4375 2105 4433 est,
2217 4363 2506 4432 Sequitur:
2542 4360 2797 4417 Dominus
2834 4361 3083 4416 diluvium
3122 4361 3416 4416 inhabitare
3433 4364 3578 4434 facit.
3608 4359 3824 4419 Consi—

521 4452 577 4507 in
622 4453 884 4522 vigesimo
931 4460 1125 4509 octavo
1158 4453 1369 4522 psalmo
1418 4451 1578 4508 fuerit
1603 4462 1729 4509 ante
1757 4456 2107 4524 praedictum:
2217 4454 2465 4509 deremus
2487 4461 2659 4507 totum
2679 4453 2884 4518 orbem,
2901 4452 3250 4522 respiciamus
3266 4452 3520 4507 barbaras
3533 4451 3821 4518 nationes,

528 4542 646 4599 Vos:
692 4541 907 4598 Domini
944 4558 1099 4612 super
1126 4559 1292 4615 aquas
1327 4541 1498 4613 (Psal.
1532 4545 1742 4614 xxvm).
1772 4543 2010 4602 Locutus
2029 4555 2114 4603 est
2221 4546 2529 4601 Romanum
2557 4559 2775 4615 quoque
2805 4554 2828 4582 τ
2864 4545 3153 4601 lustremus
3180 4544 3490 4616 imperium,
3518 4544 3729 4614 ubique
3762 4546 3824 4603 in

2283 4673 2310 4713 ¹ί
2342 4673 2728 4745 Uterque_c_o_d.
2761 4672 2818 4728 S.
2844 4671 3036 4745 (Crucis
3065 4673 3117 4727 in
3147 4672 3258 4728 Jer.
3277 4714 3293 4739 ,
3328 4674 3573 4729 voluerat.
3614 4671 3821 4731 Codex

2210 4753 2393 4815 autem
2425 4742 2548 4799 Vat.
2582 4742 2741 4805 1267,
2767 4744 3004 4815 uoluerit.
3122 4814 3133 4815 ί
3190 4813 3197 4815 ξ
3485 4811 3498 4815 Α
3908 4806 3919 4815 ,

2289 4813 2307 4853 1
2340 4814 2398 4868 In
2426 4822 2655 4882 utroque
2683 4814 2804 4869 θοὰ.
2836 4813 3031 4869 desunt
3057 4813 3367 4882 subsignata
3390 4811 3582 4877 verba;
3610 4824 3823 4880 quem-

2206 4884 2495 4939 admodum
2521 4885 2571 4937 in
2599 4883 2720 4938 cod.
2751 4882 2870 4937 Vat.

2279 4964 2315 4991 ιη
2353 4953 2591 5022 Uterque
2619 4953 2739 5009 cod.
2770 4951 2827 5008 S.
2860 4951 3048 5009 Crucis
3074 4952 3128 5008 in
3154 4951 3263 5009 Jer.
3294 4951 3442 5022 addit
3468 4948 3629 5022 Deus.

2276 5033 2305 5060 ιι
2329 5023 2573 5106 Uterque
2600 5023 2723 5079 cod.
2754 5022 2812 5078 S.
2839 5022 3027 5079 Crucis
3049 5025 3102 5078 in
3126 5022 3237 5087 Jer.
3267 5031 3325 5079 et
3348 5021 3490 5087 Vat.,
3514 5021 3582 5073 At
3609 5036 3637 5073 e
3673 5036 3823 5076 cou-

2212 5104 2393 5149 trario.
2648 5134 2653 5137 -

2283 5175 2308 5201 ο
2341 5163 2577 5233 Uterque
2606 5163 2727 5219 cod.
2757 5162 2814 5218 S.
2845 5161 3033 5218 Crucis
3062 5163 3115 5218 in
3142 5161 3252 5218 Jer.
3280 5170 3338 5218 et
3374 5160 3516 5226 Vat.,
3554 5157 3826 5216 Saluator

2208 5244 2286 5290 est
2315 5232 2363 5287 F
2367 5234 2485 5287 ilius
2509 5233 2853 5288 unieornium.
3058 5265 3071 5275 -

2280 5314 2309 5354 ρ
2341 5302 2574 5373 Uterque
2595 5304 2744 5368 eod.,
2768 5303 2960 5373 dicitur
2982 5304 3037 5357 in
3054 5302 3277 5373 psalmo.

2283 5388 2306 5420 «ι
2341 5369 2577 5442 Uterque
2605 5373 2725 5428 cod.
2758 5371 2815 5427 S.
2846 5371 3035 5429 Crucis
3056 5369 3116 5427 "in
3142 5371 3276 5437 Jer.,
3306 5388 3431 5442 gens
3464 5378 3573 5424 tota
3598 5369 3775 5427 sissent
3798 5388 3823 5428 :

2208 5444 2304 5498 illa
2332 5443 2415 5497 die
2441 5441 2556 5513 qua:
2583 5453 2704 5497 ante
2730 5443 2996 5513 dicebatur
3022 5442 3277 5513 desertum
3304 5441 3487 5513 cades,
3509 5447 3622 5513 _e_l§:

2287 5525 2309 5552 τ
2342 5507 2577 5583 Uterque
2597 5513 2718 5568 cod.
2748 5511 2804 5567 S.
2835 5511 3023 5569 Crucis
3045 5514 3099 5567 in
3128 5511 3238 5567 Jer.
3270 5521 3326 5567 et
3350 5511 3470 5583 Vat.
3501 5507 3657 5583 ωβζι,
3698 5508 3829 5583 κφ-

2203 5600 2411 5638 manum
2440 5577 2636 5708 (phyma:
2671 5592 2840 5639 mente
2876 5583 3150 5640 lustratam
3189 5582 3463 5655 nuperum
3484 5598 3502 5635 :
3531 5577 3728 5651 ubique
3756 5581 3829 5639 iis

2200 5652 2406 5708 Christo
2435 5669 2519 5708 crc
2557 5664 2669 5708 unt.

2259 5656 2406 5710 iristo
2435 5656 2669 5709 credunt.

590 4685 618 4713 α
646 4673 779 4731 Cod.
810 4672 934 4728 Vat.
959 4671 1154 4741 PalaL,
1183 4672 1478 4728 Prwstante
1518 4671 1746 4728 Domino
1775 4681 1954 4730 nostro
1979 4674 2105 4731 Iesu

515 4744 744 4801 Clu-isto.
774 4753 880 4800 etc.
1086 4773 1090 4778 -

549 4745 744 4809 ila-isto,
774 4753 880 4800 etc.
1086 4773 1090 4778 -

592 4816 619 4856 δ
647 4815 818 4870 Codd.
844 4814 901 4869 8.
935 4810 1123 4868 Crucis
1153 4813 1246 4868 cit.
1279 4813 1374 4867 hoc
1402 4827 1501 4882 pro
1524 4813 1601 4868 id.

594 4896 616 4916 ’
646 4884 815 4940 Codd.
845 4883 902 4938 8.
927 4882 1114 4939 Crucis
1138 4883 1189 4938 in
1218 4882 1327 4937 Jer.
1355 4891 1411 4937 et
1435 4882 1831 4951 Vatromittunt
1859 4885 2099 4939 dicimus.

586 4953 617 4990 ’λ
646 4955 704 5021 In
726 4965 955 5024 utroque
974 4954 1158 5009 codice
1178 4954 1236 5009 S.
1261 4951 1451 5008 Crucis
1475 4954 1528 5007 in
1546 4950 1657 5008 Jer.
1684 4963 1740 5009 et
1762 4953 1882 5008 Vat.
1905 4955 2103 5011 desunt

515 5023 681 5078 verba
707 5023 986 5077 secundum
1014 5041 1243 5078 carnem.

593 5104 617 5165 'f
644 5090 779 5165 Cod.
811 5093 959 5165 Vat.,
984 5096 1275 5165 etAtriginta
1296 5094 1430 5165 jam.

594 5163 614 5200 τ
645 5159 705 5214 In
733 5160 892 5215 codd.
932 5161 988 5216 8.
1020 5159 1206 5218 Οιιιθὶε
1234 5159 1423 5217 ὶιιῖιθιε.
1456 5161 1609 5217 deest
1636 5161 1779 5216 bene.

589 5241 614 5279 ε
647 5228 885 5298 Uterque
924 5232 1079 5285 codd.
1110 5233 1169 5287 S.
1199 5233 1385 5288 Crucis
1431 5233 1484 5286 in
1528 5231 1637 5287 Jer.
1670 5242 1727 5287 et
1753 5231 1899 5298 Vat.,
1929 5249 2102 5289 uersus

516 5303 566 5353 in
599 5300 906 5354 columbam.

521 5438 532 5448 _
589 5369 616 5405 ιι
647 5368 815 5451 Codd.
842 5370 934 5451 cit.
960 5368 1020 5424 S.
1051 5370 1234 5427 Crucis
1263 5374 1315 5427 in
1345 5371 1453 5427 Jer.
1484 5380 1540 5428 et
1563 5371 1707 5438 Vat.,
1737 5381 1874 5425 tactu
1908 5389 2106 5443 quoque

515 5440 627 5508 ipso
658 5440 833 5503 caluit,
863 5448 967 5495 etc.

593 5508 611 5590 ξ
648 5509 780 5590 Cod.
814 5509 871 5565 S.
903 5507 1168 5590 Crucisjn
1198 5510 1583 5590 {orgia-vatur
1602 5510 1667 5565 ab
1693 5511 1916 5590 Joanne.

591 5580 606 5630 ι
649 5577 887 5651 Uterque
929 5580 1048 5635 cod.
1092 5579 1150 5632 S.
1198 5581 1384 5636 Crucis
1423 5583 1475 5635 in
1519 5580 1653 5644 Jer.,
1701 5591 1757 5637 et
1779 5580 1901 5635 Vat.
1936 5579 2091 5649 1267,

515 5652 623 5705 dua:
650 5651 802 5709 .Icsus
828 5652 881 5706 in
910 5659 1096 5705 terram
1125 5652 1533 5721 repromissionis
1556 5651 1781 5719 induxit,
1805 5652 2092 5723 explicatus

514 5735 592 5778 est
