4054 6190
263 382 367 442 555

1671 379 1906 435 SERMO
1947 379 2032 432 Χῐ.

3425 387 3528 443 55-!

262 495 427 569 εει
452 503 696 550 nostrum
747 495 1028 550 Dominum
1075 489 1448 561 baptizantur;
1495 501 1547 545 et
1579 493 1650 545 ita
1682 491 1738 545 tit
1795 505 1852 546 ut
1885 498 1924 554 Α
1959 506 2106 552 rum,
2138 497 2192 542 et
2221 490 2489 544 imitemur
2517 490 2852 547 Salvatorem
2888 503 3158 558 nostrum,
3183 494 3208 531 δ
3230 497 3395 564 quiet
3418 501 3532 568 ipse

262 600 370 640 non
399 598 506 638 una
537 597 673 652 aqua
693 624 709 648 ,
733 581 828 636 sed
857 578 1252 650 quodammodo
1283 576 1341 629 tit
1365 577 1621 633 diluvium
1664 580 1840 648 bapti-

259 688 522 729 smorum.
551 672 910 741 Quapmptcr,
932 671 1125 723 fratres
1141 668 1426 733 carissimi,
1451 669 1704 738 quoniam
1726 685 1850 723 con-

259 770 590 822 Sunnnatum
620 770 702 816 est
723 760 1126 814 tabernaculum
1159 759 1283 829 (hoc
1307 759 1448 813 enim
1478 759 1667 828 psalmi
1699 759 1850 813 istius

258 853 418 908 titulo
448 852 824 922 praenotatur),
848 859 904 904 et
930 850 1180 920 quoniam
1211 849 1450 903 Ecclesia
1490 851 1624 903 vivis
1655 850 1846 918 lapidi-

259 946 409 1000 bus.
451 951 764 998 constructa
804 952 915 1008 est,
967 940 1251 994 al‘l'eratnus
1298 939 1525 994 Domino
1568 939 1703 993 ﬁlios
1731 941 1844 1002 Dei,

258 1035 552 1090 aﬂ'eramus
583 1033 720 1088 filios
749 1032 996 1096 arietum,
1041 1030 1407 1100 apostolorum
1443 1039 1606 1098 atque
1634 1038 1848 1083 sancto-

1955 581 2144 636 Pastor
2177 589 2234 635 et
2263 581 2444 650 Agnus
2487 583 2805 652 appellatur,
2846 586 2936 653 qui
2969 601 3068 655 pro
3099 587 3252 641 nobis
3292 588 3536 645 immola-

1956 681 2041 726 tur
2070 673 2122 725 in
2171 671 2438 743 Egypto,
2479 674 2569 741 qui
2619 689 2716 744 pro
2741 675 2893 730 lsaac
2933 677 3184 730 cornibus
3224 686 3436 735 tenetur
3480 682 3536 736 in

1953 763 2194 816 sentibus
2215 803 2230 827 ,
2264 770 2319 816 et
2347 763 2622 817 dicamus:
2658 763 2908 817 Dominus
2943 768 3107 835 pascit
3149 785 3265 832 me,
3309 780 3364 822 et
3403 772 3535 825 nihil

1953 852 2075 904 mihi
2100 851 2277 904 deerit.
2329 849 2395 904 In
2435 852 2547 905 loco
2593 869 2799 921 pascua:
2831 855 2902 908 ibi
2937 872 3018 909 me
3045 857 3344 922 collocauit;
3379 876 3533 930 super

1953 957 2139 1010 aquam
2185 942 2481 1010 refectioni:
2519 941 2751 996 educauit
2790 960 2870 997 me
2910 944 3080 1014 (Psal.
3115 947 3268 1016 xm).
3326 947 3425 1003 Cui
3448 957 3532 1004 est

1951 1032 2125 1099 gloria
2153 1040 2209 1086 et
2229 1031 2518 1102 imperium
2550 1032 2602 1086 in
2633 1035 2826 1088 smcula
2847 1037 3180 1090 smculorum.
3213 1037 3402 1092 Anien.

1683 1137 1952 1200 SERMO
1999 1141 2111 1200 XI.

1584 1235 1658 1290 De
1687 1237 1936 1306 baptismo
1967 1240 2155 1294 Cleriin
2188 1242 2235 1296 1.

1702 1325 2089 1381 ADMONITIO.

327 1419 482 1474 Hanc
510 1413 824 1493 concionem
848 1416 899 1493 in
1040 1415 1303 1493 Ambrosii
1331 1414 1582 1493 ope_ribus
1603 1413 1801 1493 editam
1823 1415 1890 1468 ad
1913 1416 2263 1493 Maximianus
2289 1433 2564 1493 scr_tnones
2587 1420 2880 1493 traducam,
2915 1423 3238 1478 auctoritate
3261 1434 3537 1493 permotus

256 1490 561 1564 ntin_modo
588 1488 829 1564 codicum
945 1484 1130 1564 Crucis
1158 1485 1210 1538 in
1237 1482 1532 1564 Jerusaletn
1561 1493 1616 1538 et
1645 1482 2008 1564 Taurinensis,
2039 1488 2132 1564 sed
2162 1489 2323 1564 etiam
2355 1487 2820 1564 Benedictinorum
2845 1482 3526 1564 nionachqrumr'congreg.

254 1561 313 1614 8.
341 1560 535 1621 Mauri,
566 1558 658 1627 qui
688 1558 740 1611 in
768 1553 1350 1628 prsefationejnserm.
1391 1553 1468 1628 Δ10
1513 1553 1740 1628 append.
1789 1569 2012 1628 operum
2031 1626 2039 1628 Α
2061 1558 2137 1628 8.-
2163 1557 2428 1628 Ambrosii
2461 1558 2538 1628 ita
2578 1559 2788 1628 sentire;
2808 1559 3075 1612 videntur.
3109 1561 3361 1628 lnquiunt
3381 1553 3532 1620 cniin

255 1622 728 1697 conferentla'esse
755 1622 874 1693 (iure
903 1624 1041 1697 idem
1071 1623 1128 1678 S.
1163 1624 1469 1697 Ambrosius
1496 1622 1783 1697 subnlinem
1815 1622 1907 1678 lib.
1945 1641 1981 1697 n
2029 1626 2079 1697 in
2118 1625 2311 1697 Lucam
2350 1627 2416 1680 de
2456 1627 2720 1697 baptismo
2760 1626 2958 1682 Christi
3003 1622 3203 1697 deque'
3228 1633 3534 1688 testimonio

257 1698 437 1752 Patris
465 1705 522 1752 et
548 1691 970 1766 Spiritus—sancti
1001 1693 1345 1766 apparitione
1368 1691 1918 1766 docet._Cu_m_autem
1949 1693 2212 1766 Ambrosii
2236 1696 2502 1766 expositio
2524 1691 2625 1749 alia
2648 1697 2716 1749 sit
2737 1699 2804 1750 ab
2832 1713 2893 1750 ea
2923 1713 3042 1766 qua:
3071 1691 3174 1752 lioc
3202 1700 3255 1752 in
3285 1716 3536 1758 sermone

257 1768 515 1840 traditur,
543 1759 729 1840 contra
757 1759 1161 1840 vero-nontam
1191 1763 1402 1840 similia,
1433 1762 1526 1815 sed
1558 1761 1686 1830 ipsis
1716 1759 1834 1840 fere
1863 1763 2038 1817 verbis
2066 1759 2370 1840 alibi-dicta
2391 1780 2421 1817 a
2459 1765 2687 1840 Μιξδίωο
2722 1759 3092 1834 reperiantur,
3124 1771 3254 1823 satis
3282 1771 3537 1827 evincunt

256 1853 368 1890 non
399 1836 760 1898 Ambrosium,
809 1833 902 1887 sed
950 1831 1236 1885 Maximum
1285 1831 1440 1897 hujus
1490 1831 1757 1883 sermonis
1802 1841 2076 1886 auctorem
2122 1833 2486 1900 judicandum.
2519 1831 2973 1890 Commentarium
3019 1837 3145 1890 illud
3176 1839 3445 1894 Ambrosii
3478 1843 3531 1896 in

253 1905 461 1980 [sucum
501 1905 787 1958 Maximum
832 1901 1081 1980 habuisse
1122 1915 1231 1970 pne
1274 1901 1586 1980 oculis”non
1631 1914 1788 1980 nego,
1831 1917 1950 1980 cum
1982 1904 2234 1980 nonnulla
2271 1903 2462 1980 similia
2488 1905 2704 1980 scribat,
2738 1906 2831 1958 sed
2860 1921 3009 1960 suam
3039 1907 3138 1958 sibi
3170 1909 3308 1960 viam
3339 1912 3532 1964 sternit

254 1973 314 2030 S.
348 1975 576 2029 antistes
620 1983 803 2027 noster
848 1969 1182 2040 propriisque
1212 1970 1503 2040 _sententiis
1544 1969 1845 2040 orationem
1884 1972 2162 2026 instaurat.
2205 1973 2274 2025 At
2304 1982 2361 2024 ut
2397 1973 2462 2026 ad
2504 1973 2716 2028 codices
2753 1990 2879 2028 mss.
2914 1975 3151 2036 redeam,
3189 1976 3534 2034 Taurinensis

252 2059 567 2114 sermonem
596 2043 810 2114 exliibet
836 2038 1126 2114 boc'titulo
1147 2057 1166 2114 _:
1201 2038 1333 2091 Item
1361 2048 1408 2091 et
1437 2039 1714 2114 deueadem
1743 2038 2058 2114 Epiphania,
2089 2052 2138 2114 e_t
2172 2043 2423 2111 baptismo
2453 2042 2650 2114 Christi
2677 2045 2852 2114 homil.
2890 2042 2992 2098 IX.
3024 2045 3308 2114 Inscriptio
3351 2057 3529 2102 autem

253 2115 380 2168 cod.
430 2113 498 2165 90
521 2112 597 2182 8.
627 2111 823 2182 Crucis
859 2111 918 2182 in
942 2108 1249 2182 gerusalem
1292 2123 1437 2182 num.
1483 2108 1551 2182 42
1591 2110 1664 2182 ita
1709 2108 2288 2182 exprimitursliicipit
2321 2119 2573 2182 tractatus
2615 2113 2680 2166 de
2717 2113 3047 2182 Epiphania;
3094 2115 3146 2168 in
3188 2108 3358 2170 altero
3400 2134 3530 2172 vero

254 2183 447 2238 codice
475 2180 580 2235 99:
614 2181 804 2250 Incipit
831 2181 896 2232 de
932 2177 1247 2248 Epiphania.
1289 2178 1470 2232 Codex
1515 2177 1746 2232 basilicae
1774 2178 1830 2231 8.
1865 2177 2008 2232 Petri
2039 2179 2106 2232 40
2134 2180 2174 2233 F
2205 2177 2345 2235 hunc
2386 2181 2630 2236 eumdem
2673 2177 2912 2236 continet
2941 2198 3263 2248 sermonem,
3297 2189 3532 2241 auctoris

255 2254 483 2307 nomine
512 2252 732 2306 omisso.

255 2345 650 2400 Ancuuearuu.
675 2375 746 2385 —
765 2340 999 2412 Cwlestia
1025 2339 1290 2412 mysteria,
1312 2355 1425 2409 qua:
1452 2339 1523 2412 in_
1536 2338 1726 2412 Christi
1755 2339 1845 2392 ba-
1877 2343 1919 2402 Β
1951 2356 2049 2394 nos
2077 2340 2260 2408 utique
2299 2340 2412 2410 qui,
2455 2340 2746 2396 multorum
2779 2341 3065 2394 criminum
3094 2343 3330 2412 peccatis
3359 2345 3530 2398 obno-

333 2417 576 2484 ptismate
602 2411 1014 2484 continenturin
1050 2408 1219 2484 lucem
1257 2408 1454 2479 profert
1485 2408 1545 2462 S.
1580 2408 1843 2484 Maximus

332 2477 402 2537 ad
427 2483 658 2553 ﬁdelium
686 2497 896 2553 suorum
936 2477 1363 2553 institutionem,
1395 2489 1544 2553 atque
1589 2479 1842 2553 nonnulla

332 2553 392 2608 S.
427 2547 714 2622 Scriptura:
751 2549 1071 2610 testimonia,
1107 2547 1469 2617 imprimisque
1494 2547 1557 2622 de
1587 2547 1838 2612 columba,

335 2624 496 2694 deque
513 2617 748 2676 Iordane
772 2634 1011 2673 converso
1035 2625 1308 2670 retrorsum
1337 2617 1566 2686 exponit.

337 2796 585 2864 Plerique
620 2795 673 2850 in
705 2795 812 2850 hac
855 2801 1040 2849 sancta
1074 2791 1385 2862 Epiphania:
1411 2792 1496 2847 die
1523 2792 1781 2848 hactenus
1811 2808 1840 2847 a

259 2885 494 2940 Domino
517 2885 780 2939 mirabilia
809 2883 948 2939 facta
979 2897 1096 2938 esse
1125 2889 1580 2947 commemorant,
1612 2889 1670 2936 ut
1696 2895 1848 2950 roga-

255 2988 350 3031 tus
395 2975 462 3030 ad
510 2978 723 3046 nuptias
768 2992 918 3046 aqua:
963 2975 1316 3031 substantiam
1364 2975 1416 3028 in
1461 2975 1571 3028 vini
1613 2975 1844 3044 speciem

255 3077 643 3136 eornmutaret,
670 3085 733 3124 ac
762 3069 1020 3139 liquorem
1051 3068 1279 3123 fontium
1305 3067 1358 3121 in
1386 3067 1660 3120 meliorem
1691 3081 1844 3119 usum

259 3172 283 3198 ε
314 3161 397 3214 sui
433 3159 808 3215 benedictione
851 3157 1194 3224 transferret,
1227 3156 1255 3195 ἀ
1286 3157 1557 3211 ministros
1594 3155 1838 3209 hausisse

260 3265 465 3320 aquam
494 3249 561 3304 de
588 3249 796 3319 puteis,
830 3250 1008 3302 vinum
1039 3249 1091 3301 in
1119 3247 1320 3318 hydriis
1349 3245 1616 3300 invenisse
1641 3285 1656 3310 ,
1685 3252 1847 3314 atque

257 3344 478 3398 utiliore
505 3341 784 3412 dispendio
821 3340 1115 3410 perdidisse
1151 3339 1296 3408 quod
1349 3339 1574 3392 deerat:
1613 3345 1846 3405 tuncque

261 3437 499 3506 primum
529 3435 632 3489 hoc
658 3433 889 3488 mirabili
909 3433 1061 3501 signo
1086 3431 1384 3486 divinitatis
1411 3444 1522 3484 sua:
1545 3429 1847 3484 declarasse

259 3527 542 3582 virtutem.
575 3526 823 3581 Nonnulli
853 3533 1032 3579 autem
1058 3525 1114 3579 in
1141 3524 1242 3578 hac
1281 3531 1464 3578 sancta
1493 3521 1578 3574 die
1607 3537 1637 3574 a
1676 3519 1845 3574 Joan-

258 3633 336 3673 ne
364 3607 689 3688 baptizatum
724 3634 846 3673 eum
885 3619 939 3672 in
971 3617 1204 3671 Jordane
1231 3623 1515 3677 testantur,
1546 3627 1569 3652 ο
1601 3622 1762 3682 atque
1789 3615 1842 3668 in

1947 2431 2038 2495 xii,
2067 2446 2202 2499 opus
2230 2431 2557 2485 habebamus
2596 2439 2653 2485 ut
2694 2432 2748 2484 in
2785 2429 2983 2485 Christi
3015 2431 3376 2501 rbaptismate
3399 2450 3526 2504 pur-

1943 2534 2231 2587 garemur:
2263 2529 2424 2590 atque
2454 2521 2574 2575 ideo
2600 2523 2752 2576 venit
2784 2521 3043 2576 Dominus
3069 2523 3230 2594 525
3273 2526 3340 2579 ad
3387 2527 3531 2580 lava-

1943 2627 2115 2676 crum,
2153 2627 2260 2666 non
2292 2619 2349 2666 ut
2377 2611 2688 2682 puriﬁcetur
2717 2622 2742 2660 8
2774 2613 2889 2682 ipse
2932 2615 3100 2682 aquis,
3134 2616 3228 2670 sed
3277 2625 3335 2671 ut
3376 2620 3530 2674 nobis

1945 2717 2208 2771 aquarum
2248 2701 2447 2756 fluenta
2491 2702 2753 2773 purificet.
2806 2701 2830 2739 δ
2862 2702 2944 2758 Ex
2987 2719 3096 2773 quo
3141 2708 3284 2761 enim
3331 2709 3422 2764 ille
3476 2711 3530 2765 in

1944 2795 2098 2864 aquis
2124 2809 2181 2848 se
2209 2795 2412 2858 mersit,
2455 2809 2519 2848 ex
2551 2810 2616 2849 eo
2653 2795 2892 2848 omnium
2937 2795 3266 2851 credentium
3308 2808 3529 2868 peccata

1943 2886 2158 2942 delevit.
2198 2886 2428 2942 Necesse
2457 2894 2540 2941 est
2567 2886 2749 2941 autem
2778 2895 2837 2940 ut
2865 2887 3105 2942 omnium
3129 2897 3347 2956 peccata
3379 2889 3529 2945 dele-

1953 2979 2111 3040 verit,
2140 2977 2231 3046 qui
2276 2977 2514 3032 omnium
2556 2984 2776 3046 peccata
2813 2978 3070 3046 suscepit,
3104 2978 3241 3032 sicut
3267 2980 3343 3032 ait
3369 2995 3529 3034 evan-

1945 3069 2134 3136 gelista
2169 3085 2180 3120 :
2215 3067 2318 3120 Hic
2344 3075 2420 3121 est
2446 3068 2623 3138 Agnus
2658 3065 2673 3104 ί
2705 3065 2824 3132 Dei,
2857 3067 2937 3120 hic
2965 3076 3042 3121 est
3078 3069 3165 3138 qui
3193 3069 3328 3123 tollit
3360 3069 3374 3119 i
3413 3085 3530 3140 pec-

1946 3168 2116 3211 catum
2145 3157 2325 3210 mundi
2356 3157 2534 3228 tloan.
2566 3157 2626 3227 ι).
2675 3157 2862 3210 Mirum
2902 3171 3031 3224 ergo
3061 3159 3112 3211 in
3141 3159 3360 3213 modum
3389 3176 3526 3215 unus

1947 3249 2223 3316 mergitur,
2265 3256 2320 3300 et
2367 3247 2511 3300 salus
2559 3248 2796 3300 omnium
2844 3256 3142 3316 reparatur.
3197 3249 3361 3303 Adest
3397 3265 3525 3318 ergo

1946 3336 2085 3391 Deus
2122 3334 2281 3390 Pater
2309 3350 2428 3389 cum
2466 3334 2769 3402 baptizatur
2793 3335 3066 3398 Dominus,
3089 3336 3262 3406 .adest
3300 3337 3530 3407 Spiritus

1943 3435 2183 3482 sanctus.
2231 3425 2254 3463 ¹κ
2303 3424 2492 3479 Videte
2546 3425 2840 3479 Salvatoris
2891 3425 3358 3490 benevolentiam,
3404 3429 3529 3495 quia

1945 3517 2091 3573 solus
2144 3532 2204 3572 se
2251 3516 2303 3570 in
2352 3514 2604 3584 passione
2647 3514 3268 3569 contumeliis-subdidit
3296 3556 3311 3580 ,
3368 3516 3420 3569 in
3455 3517 3531 3569 la-

1945 3623 2107 3663 vacro
2151 3607 2297 3660 solus
2332 3606 2560 3672 gratiam
2608 3620 2714 3658 non
2752 3603 3014 3672 quzesivlt,
3051 3602 3064 3640 ι
3101 3604 3215 3657 vult
3244 3604 3532 3673 participes

259 3710 464 3764 lavacri
505 3708 620 3777 ejus
657 3709 826 3777 gratia
872 3707 1174 3762 interfuisse
1220 3705 1487 3774 loquendo
1537 3704 1700 3757 Deum
1742 3702 1842 3756 Pa-
1870 3710 1916 3770 (ζ
1946 3716 2064 3755 esse
2088 3699 2286 3767 gloriae.
2330 3697 2494 3751 Adest
2533 3710 2680 3764 ergo,
2721 3696 2860 3750 sicut
2897 3695 3029 3759 dixi,
3075 3695 3253 3761 Pater,
3296 3696 3451 3750 adest
3477 3704 3532 3750 et

260 3810 402 3853 trem
429 3840 443 3863 ,
491 3808 731 3854 sanctum
771 3813 985 3868 quoque
1031 3797 1285 3867 Spiritum
1327 3795 1682 3849 descendisse.
1737 3793 1845 3847 Nec

260 3893 460 3945 mirum
482 3934 496 3956 ,
525 3893 569 3945 si
601 3893 651 3946 in
684 3891 890 3947 Domini
935 3891 1148 3944 lavacro
1190 3887 1500 3959 mysterium
1533 3901 1637 3939 non
1676 3883 1846 3938 defuit

262 3981 581 4047 Trinitatis,
633 3997 752 4037 cum
796 3990 1036 4035 nostrum
1075 3980 1346 4032 lavacrum
1375 3974 1642 4044 compleat
1666 3988 1845 4028 sacra-

261 4082 530 4126 mentum.
562 4072 746 4141 Nequc
770 4073 911 4126 enim
951 4077 1160 4142 poterat
1189 4069 1447 4122 Dominus
1476 4081 1583 4119 non
1615 4064 1843 4133 primum

258 4164 412 4219 circa
453 4179 510 4220 se
549 4164 805 4218 exhibere
839 4163 980 4234 quod
1021 4170 1139 4216 erat
1167 4167 1352 4230 postea
1394 4157 1628 4210 humano
1663 4153 1845 4220 generi

261 4263 662 4325 prmcepturus;
691 4271 812 4310 cum
841 4255 1018 4309 omnia
1049 4269 1153 4306 non
1185 4251 1266 4305 sui
1295 4249 1494 4317 gratia,
1525 4246 1619 4300 sed
1649 4252 1846 4299 nostra:

260 4345 452 4411 gratia:
489 4345 676 4398 salutis
718 4344 973 4399 efficeret.
1018 4342 1124 4398 Aut
1155 4339 1391 4408 nunquid
1419 4345 1638 4408 propter
1664 4350 1723 4390 se
1750 4335 1847 4388 ba-

267 4435 467 4503 ptizari
499 4436 686 4503 voluit,
709 4451 830 4490 cum
858 4443 1134 4505 peccatum
1159 4449 1263 4487 non
1287 4432 1527 4496 haberet,
1554 4430 1694 4484 sicut
1718 4429 1847 4484 dicit

264 4525 568 4593 propheta:
605 4523 703 4589 Qui
733 4535 994 4594 peccatum
1023 4541 1124 4578 non
1155 4525 1299 4595 fecit,
1327 4539 1418 4576 nec
1439 4522 1584 4574 dolus
1613 4523 1846 4574 inretitus

260 4623 344 4667 est
388 4617 444 4668 in
483 4633 568 4670 ore
593 4617 703 4686 ejus
749 4615 902 4686 (Isai.
937 4630 1066 4681 xm;
1099 4613 1130 4668 1
1155 4613 1297 4668 Petr.
1331 4613 1436 4682 tt)?
1483 4611 1589 4666 Sed
1617 4618 1840 4680 propter

342 4827 365 4853 ·
395 4817 530 4871 Cod.
563 4819 618 4871 S.
648 4817 833 4872 Crucis
863 4818 912 4871 in
938 4816 1067 4880 Jer.,
1099 4822 1358 4869 exstructa
1395 4822 1486 4867 est.

339 4887 364 4923 ιτ
399 4887 566 4941 Codd.
597 4887 650 4940 S.
684 4887 871 4940 Crucis
900 4888 951 4940 in
980 4885 1270 4939 Jerusalem
1300 4893 1354 4937 et
1376 4884 1522 4946 Vat.,
1549 4884 1632 4954 qni
1662 4883 1770 4950 ipse
1797 4887 1846 4930 et

265 4958 480 5027 Pastor,
508 4967 557 5008 et
575 4959 751 5027 Aries,
780 4966 829 5009 et
855 4958 1028 5027 Agnus
1058 4955 1362 5026 appellatur.

341 5041 360 5062 ι·
399 5026 532 5078 (loti.
564 5026 620 5078 S.
649 5025 810 5088 Petri,
841 5025 955 5078 sua.

341 5094 361 5131 ⁵
398 5094 540 5147 idem
570 5097 688 5149 cod.
721 5095 778 5148 8.
811 5094 984 5156 Petri,
1016 5093 1238 5145 ministri
1269 5091 1511 5143 hauriunt
1555 5106 1740 5159 aquam
1783 5090 1846 5140 de
1877 5091 1924 5148 D

257 5167 452 5234 puteis,
482 5164 652 5218 rinam
680 5167 731 5234 in
763 5165 960 5234 hydriis
986 5163 1276 5234 inveniunt,
1307 5170 1410 5214 etc.

339 5249 362 5270 ε
387 5233 530 5286 Idem
552 5236 669 5287 cod.
688 5233 743 5287 8.
767 5230 928 5296 Petri,
954 5241 1103 5301 atque
1123 5233 1176 5283 in
1198 5231 1399 5301 lavacro
1422 5230 1530 5300 ejus
1551 5230 1842 5301 interfuisse

258 5303 518 5374 loquendo
547 5301 710 5356 Deum
743 5303 969 5362 Patrem.
999 5299 1326 5374 sanctumque
1358 5299 1609 5367 Spiritum
1632 5299 1842 5350 descen-

256 5369 423 5426 disse.
457 5369 572 5424 Nec
597 5375 803 5434 mirum.
835 5374 878 5424 si
906 5374 959 5425 in
987 5369 1491 5432 dominico’lavacro,
1525 5379 1628 5421 etc.

343 5443 360 5478 τ
406 5441 462 5494 In
494 5449 716 5511 utroque
745 5442 864 5493 cod.
890 5441 944 5494 S.
977 5440 1163 5496 Crucis
1193 5441 1242 5494 in
1272 5438 1378 5493 Jcr.
1413 5447 1467 5491 et
1487 5438 1542 5491 8.
1574 5436 1733 5501 Petri,
1761 5435 1847 5487 ba-

254 5515 454 5578 ptismo
478 5525 575 5578 pro
602 5510 920 5577 baptismate.

335 5591 362 5650 tt
405 5579 463 5650 In
492 5580 610 5650 cod.
642 5579 710 5650 90
738 5581 889 5650 deest
913 5582 1034 5650 ipse.

335 5649 358 5685 ιι
393 5648 530 5720 Cod.
563 5649 616 5702 S.
650 5648 812 5710 l’etri.
851 5644 942 5720 Ere
967 5666 1064 5720 quo
1090 5649 1180 5720 ille
1207 5665 1258 5702 se
1293 5650 1346 5702 in
1371 5663 1530 5718 aquas
1559 5644 1750 5703 mersit,
1779 5659 1845 5696 ea:

257 5738 319 5774 eo
351 5719 583 5773 omnium
619 5729 830 5786 peccata
859 5717 1034 5772 abluit.
1081 5717 1302 5772 Necesse
1339 5729 1414 5771 est
1455 5727 1620 5769 antem
1651 5725 1704 5766 ut
1728 5729 1840 5766 orn-

262 5794 408 5843 niam
437 5799 651 5858 peccata
679 5789 913 5854 dilueret,
943 5791 1026 5859 qui
1056 5791 1300 5852 omnium,
1333 5798 1434 5842 etc.

553 5880 822 5939 l‘srnon.
875 5877 1055 5937 LVII.

1953 3789 2180 3858 Spiritus
2228 3790 2444 3840 sanctus
2485 3802 2497 3836 :
2531 3792 2586 3838 et
2630 3783 2752 3852 quia
2795 3783 2935 3838 Deus
2974 3783 3142 3838 videri
3185 3799 3292 3838 non
3334 3792 3532 3853 potest,

1953 3877 2180 3948 Spiritus
2209 3877 2262 3930 in
2291 3874 2558 3938 columba,
2591 3872 2752 3928 Pater
2779 3872 3058 3928 descendit
3083 3875 3135 3928 in
3159 3890 3292 3929 voce
3315 3916 3332 3941 ,
3361 3875 3526 3942 quod-

1953 3982 2057 4036 que
2085 3966 2258 4020 solum
2288 3974 2326 4000 ω
2355 3963 2423 4017 ad
2451 3963 2792 4018 astruendam
2823 3962 2984 4018 ﬁdem
3016 3965 3373 4019 necessarium
3397 3973 3536 4028 erat,

1954 4067 1981 4094 ιι
2009 4057 2228 4112 exhibet
2253 4055 2609 4109 Salvatorem.
2642 4053 2796 4108 Fides
2825 4054 2970 4108 enim
3010 4064 3191 4110 nostra
3223 4056 3323 4110 nisi
3352 4056 3535 4111 auditu

1954 4162 2062 4200 non
2083 4151 2295 4200 constat
2322 4149 2376 4196 et
2404 4143 2538 4205 visu,
2564 4141 2684 4195 idco
2705 4157 2764 4194 se
2793 4141 3025 4210 Spiritus
3055 4143 3106 4196 in
3136 4145 3382 4198 columba
3405 4159 3535 4199 ocu-

1953 4237 2016 4290 lis
2037 4233 2235 4298 subdit,
2261 4231 2421 4286 Pater
2442 4232 2494 4284 in
2518 4246 2652 4284 voce
2675 4245 2733 4283 se
2754 4232 2968 4285 auribus
2993 4231 3378 4286 subministrat.
3403 4234 3534 4290 Nam

1952 4329 2051 4382 nisi
2087 4333 2306 4397 propter
2346 4330 2584 4377 nostram
2627 4319 3000 4375 credulitatem
3029 4330 3053 4355 °
3085 4322 3187 4374 ista
3227 4321 3341 4375 ﬁeri
3369 4337 3530 4390 opor-

1950 4421 2156 4483 tuisset,
2204 4416 2379 4486 potuit
2417 4413 2577 4467 Pater
2611 4420 2668 4467 et
2709 4411 2940 4481 Spiritus
2972 4420 3226 4480 tanquam
3257 4413 3533 4467 invisibilis

1953 4513 2094 4566 Deus
2116 4508 2184 4563 ad
2205 4506 2440 4561 Verbum
2464 4504 2654 4558 Filium
2684 4502 2933 4557 invisibili
2955 4502 3300 4572 prolapsione
3319 4501 3532 4556 descen-

1951 4605 2097 4659 dere.
2136 4599 2300 4667 lgitur
2344 4603 2565 4666 propter
2611 4603 2848 4650 nostram
2888 4590 3066 4660 ﬁdem,
3099 4603 3126 4642 ι)
3153 4601 3341 4662 aperto
3369 4593 3529 4658 cmlo,

2032 4803 2046 4838 ί
2084 4801 2139 4854 ln
2169 4799 2293 4854 cod.
2319 4797 2387 4851 90
2416 4795 2678 4850 omittitur
2705 4792 2821 4846 Dei.

2029 4873 2042 4922 i
2081 4870 2137 4924 In
2169 4877 2396 4936 utroque
2427 4864 2567 4918 laud.
2601 4863 2718 4917 cod.
2753 4871 2807 4916 et
2837 4862 2888 4914 in
2915 4861 3036 4915 cod.
3071 4859 3124 4913 S.
3161 4860 3301 4913 Petri
3341 4861 3532 4928 legitur

1953 4950 2213 5063 Ρρῗιαὲείῖ.
2246 5007 2302 5061 8.
2336 5005 2499 5070 Petri,
2535 5003 2664 5056 Vide
2685 5001 2969 5056 Salvatoris
2998 4997 3415 5066 benevolentiam,
3445 5003 3531 5072 qui

1950 5084 2092 5138 solus
2120 5098 2192 5142 se,
2223 5088 2327 5132 etc.

2026 5152 2040 5189 ι
2077 5141 2210 5203 Co-l.
2243 5149 2300 5200 8.
2336 5145 2500 5210 Petri,
2529 5143 2620 5196 sed
2644 5141 2765 5195 vult.

2024 5233 2060 5259 ιη
2090 5221 2221 5273 Cod.
2254 5217 2312 5269 8.
2354 5208 2517 5280 Petri,
2549 5214 2616 5266 ad
2658 5209 3013 5280 instruendam
3043 5209 3195 5278 ﬁdem
3219 5208 3528 5280 hominibus,

1951 5303 2102 5362 atque
2149 5278 2922 5362 necessarium—.001“exhiberi
2977 5278 3319 5359 Saluator-ent.
3369 5279 3528 5332 Fides

1951 5351 2084 5414 enim
2109 5367 2284 5412 nostra
2312 5353 2519 5408 nonnisi
2545 5351 2723 5403 auditu
2752 5358 2954 5400 constat
2981 5358 3030 5400 et
3052 5352 3176 5400 uisa.

2026 5444 2047 5465 ι·
2080 5429 2212 5481 Cod.
2244 5425 2310 5478 90
2343 5425 2398 5478 8.
2431 5421 2616 5477 Crucis
2645 5421 2696 5472 in
2719 5417 2853 5483 Jer.,
2881 5416 3158 5470 exhiberet.

2024 5509 2048 5535 ο
2077 5499 2208 5552 Cod.
2241 5496 2297 5549 8.
2335 5493 2497 5559 Petri,
2530 5489 2670 5542 Nam
2700 5489 2797 5541 nisi
2827 5497 3035 5559 promer
3055 5495 3290 5559 nostram
3314 5487 3534 5559 {redali-

1953 5580 2108 5624 latent
2139 5569 2210 5620 ita
2239 5565 2353 5635 ﬁeri
2379 5556 2828 5635 nattopo‘rtnissent,
2861 5557 3022 5635 potuit
3041 5556 3204 5635 fater
3229 5566 3278 5607 et
3298 5556 3532 5635 Spiritu-s-

1951 5649 2159 5694 sstnctns
2189 5624 2431 5705 tanquam
2457 5624 2726 5705 inuisibilia
2764 5626 2902 5678 Deus
2931 5627 3000 5677 ad
3041 5626 3260 5680 Verbum
3292 5624 3535 5678 inrisibili

1953 5707 2278 5778 prolapsione
2292 5701 2629 5778 descendere.

2031 5791 2054 5826 Ρ
2080 5767 2221 5832 Idem
2251 5775 2366 5828 οωὶ.
2480 5770 2642 5836 Petri,
2666 5768 2851 5836 apertis
2877 5767 3034 5818 nrlis.

3080 5855 3100 5909 ί
3113 5855 3152 5911 ὃ
