4054 6190
532 344 638 403 555

1743 334 1799 389 S.
1842 333 2086 390 MAXIM
2125 336 2209 390 TA
2220 336 2257 391 U
2265 336 2573 394 RlNENSlS

3690 346 3799 401 5.36

528 461 759 534 Spiritus
786 455 850 510 ad
878 452 1169 517 Christum,
1196 448 1355 505 Pater
1380 447 1447 503 ad
1473 446 1685 513 Filium,
1710 462 1813 501 vox
1833 445 2107 500 descendit
2136 452 2182 509 Α
2211 449 2277 503 ad
2306 465 2486 505 arcam
2514 451 2628 506 Noe
2666 450 2865 507 diluvio
2909 451 3235 522 properavit,
3269 458 3399 508 tunc
3425 453 3502 509 illi
3530 456 3793 512 securitac

527 554 596 609 ad
623 549 875 606 Verbum.
904 544 1138 599 Verbum
1158 542 1300 597 enim
1320 540 1564 595 Christus
1582 548 1681 606 est,
1710 538 1778 593 de
1797 552 1903 606 quo
1927 548 1949 575 ⁸
1973 539 2105 593 scri-

525 646 671 700 bitur
701 661 715 697 :
753 639 818 695 In
840 636 1093 710 principio
1115 644 1225 689 erat
1263 633 1482 688 Verbum
1515 630 1693 702 (Joan.
1726 628 1787 699 ι).
1822 629 1988 694 Bene,
2021 629 2105 684 in-

523 748 707 803 quam,
736 731 899 784 Pater
924 742 1047 791 vox,
1079 733 1133 780 et
1157 724 1319 779 Filius
1341 723 1575 779 Verbum
1605 720 1815 787 dicitur,
1841 720 1964 789 quia
1988 735 2108 775 ver-

524 828 652 883 bum
675 822 887 879 nonnisi
909 819 977 874 de
999 832 1133 873 voce
1160 815 1418 888 procedit.
1443 813 1779 869 Conveniunt
1807 812 1987 880 itaque
2005 812 2105 867 sibi

523 923 714 973 vexet
742 913 981 975 verbum,
1013 916 1068 965 et
1112 908 1270 963 saluti
1310 905 1585 960 hominum
1620 901 1903 973 provident
1928 902 2103 957 socie-

522 1016 634 1063 tate
661 1004 919 1078 mysterii.
952 1001 1067 1068 Qua
1092 1008 1271 1054 autem
1298 997 1507 1051 ratione
1534 992 1764 1063 Spiritus
1794 1000 2010 1047 sanctus
2035 990 2103 1045 ad

522 1097 791 1155 Christum
831 1096 885 1150 in
919 1094 1097 1164 specie
1128 1088 1388 1146 columba:
1415 1084 1768 1149 descenderit,
1799 1082 2097 1144 videamus;

522 1194 699 1257 utrum
725 1187 794 1240 sit
814 1185 992 1254 aliqua
1009 1177 1298 1237 similitudo
1322 1176 1579 1232 columba:
1597 1174 1683 1228 vel
1711 1172 1939 1236 Domini,
1964 1170 2101 1225 sicut

522 1276 547 1315 ι’
575 1286 658 1331 est
678 1275 825 1330 vocis
846 1281 900 1327 et
928 1270 1095 1325 verbi.
1120 1268 1214 1322 Est
1233 1268 1407 1338 plane.
1432 1263 1745 1319 Columbam
1773 1260 1937 1332 426
1956 1259 2098 1313 enim

517 1369 682 1423 etiam
712 1368 884 1435 ipsum
905 1362 1130 1418 dixerim
1159 1359 1461 1421 Dominum,
1486 1355 1610 1423 quia
1631 1360 1713 1407 est
1735 1353 1931 1416 alacer,
1954 1351 2099 1405 mitis

519 1467 575 1513 et
595 1457 841 1526 simplex.
871 1452 1132 1508 Columba
1160 1457 1262 1512 est,
1293 1448 1417 1516 quia
1455 1454 1672 1500 sanctos
1700 1460 1827 1499 suos
1858 1454 1879 1482 ο
1912 1443 2097 1513 ρι’ωοί-

510 1549 595 1619 pit
616 1562 734 1602 esse
764 1554 820 1599 ut
848 1544 1142 1607 columbas,
1198 1540 1381 1595 dicens
1414 1556 1425 1590 :
1459 1536 1638 1591 Estote
1678 1536 2094 1605 simplicessicut

516 1639 781 1696 columbaz.
815 1637 1164 1704 Quodautem
1186 1632 1428 1687 columba
1449 1628 1690 1683 Christus
1719 1628 1805 1693 sit,
1833 1627 2092 1696 propheta

515 1735 644 1791 dicit
689 1748 755 1787 ex
801 1743 1029 1801 persona
1073 1726 1256 1796 ipsius,
1288 1723 1594 1778 describens
1633 1728 1755 1791 post
1791 1718 2092 1789 passionem

517 1824 742 1879 reditum
769 1821 887 1889 ejus
923 1817 992 1871 ad
1038 1816 1232 1871 coelum
1267 1832 1279 1866 :
1309 1810 1435 1876 Quis
1456 1810 1602 1864 dabit
1632 1810 1755 1863 mihi
1793 1826 2010 1878 pennas,
2041 1820 2092 1862 et

514 1915 711 1978 volabo,
742 1881 1131 1982 et'requiescam
1160 1905 1327 1976 (Psal.
1361 1902 1504 1974 uv)?
1531 1900 1662 1955 Cum
1692 1914 1819 1968 ergo
1846 1898 2090 1952 Christus
2126 1881 2167 1939 Β

516 2006 769 2061 Dominus
795 2003 820 2040 ά
853 2001 1087 2056 initiaret
1114 1996 1366 2052 Ecclesiae
1390 2001 1746 2059 sacramenta,
1778 2002 1800 2028 ε
1831 1989 1967 2044 coelo
1998 2003 2088 2043 su-

514 2096 754 2166 pervenit
764 2092 1033 2148 columba.
1059 2088 1301 2155 Intelligo
1327 2085 1655 2157 mysterium,
1674 2096 1906 2149 agnosco
1928 2082 2087 2136 etiam

513 2193 924 2244 sacramentum.
978 2179 1237 2236 Columba
1276 2179 1418 2233 enim
1459 2178 1571 2246 ipsa
1601 2182 1682 2230 est
1703 2190 1820 2244 qua:
1850 2190 1990 2229 nunc
2020 2173 2090 2228 ad

514 2279 801 2337 Ecclesiam
830 2274 1029 2332 Christi
1068 2274 1121 2328 in
1152 2270 1418 2340 baptismo
1453 2268 1620 2333 venit,
1662 2282 1779 2337 qum
1818 2266 2089 2337 quondam

2207 550 2315 596 tem
2353 543 2675 598 annuntians
2719 544 2872 598 olivae
2920 558 3070 597 ramo
3105 542 3260 611 (Gen.
3301 545 3437 615 vin),
3470 546 3634 601 modo
3670 547 3797 602 huic

2203 635 2559 689 mternitatem
2587 634 2868 691 conferens
2907 634 3209 689 Divinitatis
3236 634 3254 672 ί
3289 635 3485 690 indicio
3516 653 3530 700 ;
3566 646 3693 692 tunc
3718 639 3789 692 si-

2203 738 2365 792 gnum
2394 725 2543 794 pacis
2568 741 2663 780 ore
2703 726 2948 791 all'erens,
2984 725 3145 781 modo
3183 726 3353 794 ipsam
3381 742 3566 796 pacem
3593 739 3616 775 ε
3640 728 3788 784 Chri-

2203 825 2345 871 stum
2372 818 2453 873 sui
2485 820 2780 874 substantia
2810 835 2971 889 super
3007 818 3253 874 fundens.
3286 821 3312 856 ιι
3342 819 3399 873 ln
3433 819 3668 876 Jordane
3695 823 3787 891 igi~

2205 916 2290 962 tur
2316 909 2617 979 baptizatus
2656 916 2739 963 est
2788 909 3061 964 Dominus.
3102 908 3263 962 Multa
3311 910 3577 964 mirabilia
3608 911 3660 964 in
3689 911 3790 965 hoc

2201 996 2417 1053 ﬂumine
2461 999 2652 1069 saepius
2698 998 2837 1053 facta
2865 1014 2983 1054 esse
3025 998 3300 1070 Scriptura
3347 1011 3783 1069 commemorat;

2199 1089 2341 1144 inter
2365 1098 2589 1145 cetera:
2623 1089 2691 1143 Et
2716 1090 2965 1144 Jordanis
3006 1106 3277 1145 conversus
3327 1091 3343 1127 ί
3388 1101 3465 1145 est
3506 1104 3787 1149 retrorsum

2201 1178 2370 1247 (Psal.
2415 1179 2583 1249 cxm).
2635 1178 2771 1233 Puto
2819 1178 2833 1228 i
2880 1193 2998 1233 esse
3048 1180 3341 1234 mirabilius
3368 1180 3513 1250 quod
3560 1181 3785 1238 Domino

2197 1269 2323 1325 Jesu
2350 1270 2562 1325 Christo
2590 1272 2659 1325 ibi
2684 1271 2857 1341 posito
2882 1270 3077 1325 factum
3107 1279 3205 1325 est.
3246 1272 3382 1326 Ante
3412 1274 3555 1326 enim
3579 1282 3783 1328 retror-

2196 1377 2311 1415 sum
2341 1377 2489 1431 aqua:
2511 1376 2783 1416 conversae
2806 1360 3037 1427 fuerant,
3064 1360 3221 1415 modo
3243 1370 3537 1417 retrorsum
3562 1373 3781 1432 peccata

2196 1467 2453 1507 conversa
2497 1459 2639 1507 sunt.
2689 1452 2756 1505 Et
2794 1453 2930 1507 sicut
2965 1460 3091 1507 tunc
3115 1452 3137 1489 ι
3172 1453 3401 1523 impetus
3436 1453 3668 1510 [luminis
3701 1457 3782 1511 al-

2197 1555 2352 1594 veum
2379 1541 2460 1595 sui
2489 1556 2675 1596 cursus
2702 1540 2952 1611 perdidit,
2985 1541 3058 1595 ita
3082 1549 3136 1596 et
3164 1558 3306 1597 nunc
3333 1543 3566 1612 impetus
3587 1560 3779 1614 pecca-

2194 1638 2373 1686 torum
2409 1631 2421 1669 ¹
2460 1632 2752 1686 dominium
2791 1632 2874 1686 sui
2914 1634 3113 1687 erroris
3144 1633 3339 1687 amisit.
3373 1632 3529 1701 Quod
3564 1635 3781 1703 quidem

2194 1722 2245 1776 in
2274 1723 2535 1792 propheta
2561 1721 2675 1776 Elia
2694 1722 2803 1790 jam
2826 1723 2917 1777 illo
2947 1731 3189 1792 tempore
3218 1723 3411 1779 factum
3446 1733 3598 1793 puto.
3626 1724 3781 1780 Sicut

2196 1816 2337 1870 enim
2378 1814 2524 1868 Elias
2559 1813 2871 1869 divisionem
2899 1814 3024 1869 leeit
3051 1815 3329 1879 undarum,
3355 1826 3394 1855 ω
3423 1817 3496 1870 ita
3522 1825 3580 1871 et
3608 1816 3784 1886 Spiri-

2194 1913 2280 1960 tus
2301 1904 2511 1960 Domini
2542 1905 2594 1959 in
2623 1904 2813 1960 eodem
2839 1904 3073 1960 Iordane
3100 1907 3493 1975 separationem
3524 1918 3785 1978 operatus

2195 2007 2275 2051 est
2301 2007 2677 2066 peccatorum;
2705 2005 2729 2031 ι’
2762 2004 2817 2050 et
2838 1996 2976 2051 sicut
3002 1997 3101 2051 sub
3121 1996 3236 2051 Elia
3265 1997 3456 2053 ﬂuctus
3487 1998 3782 2068 primordia

2194 2087 2419 2141 fontium
2438 2085 2505 2141 de
2526 2086 2717 2155 quibus
2736 2086 2980 2141 exierant
2999 2086 3319 2155 petiverunt,
3344 2088 3415 2142 ita
3439 2096 3494 2143 et
3514 2087 3617 2142 sub
3632 2086 3781 2142 Chri-

2194 2184 2278 2231 sto
2296 2166 2529 2231 Domino
2558 2175 2892 2231 hominesad
2915 2176 3136 2245 originis
3160 2177 3243 2232 sui
3266 2177 3563 2243 infantiam,
3586 2178 3654 2233 de
3674 2193 3792 2248 qua‘

2196 2267 2407 2321 fuerant
2436 2268 2630 2327 exorti,
2662 2275 2785 2321 sunt
2810 2267 3027 2321 reversi.

1684 2458 1686 2461 τ
1917 2381 2182 2443 suane
2222 2382 2369 2443 xu.

1788 2482 1867 2537 De
1898 2482 2148 2553 baptismo
2179 2482 2371 2537 Christi
2399 2481 2487 2536 II.

1938 2571 2329 2629 ADMONITIO.

579 2679 734 2751 427
761 2675 972 2749 Optime
1000 2671 1179 2751 meriti
1204 2670 1273 2725 de
1296 2666 1935 2751 S._Ma_ximo‘blartenius
1956 2674 2011 2751 et
2038 2665 2674 2751 DuraiidnsBenedictizii
2703 2665 2951 2751 monachi
2976 2680 3228 2751 congreg.
3253 2665 3509 2751 §.‘Mauri
3535 2669 3773 2751 habendi

504 2735 1137 2814 suda-c'um'sermonem
1166 2742 1309 2796 hunc
1332 2746 1386 2814 et
1405 2738 1546 2814 alips
1572 2739 1807 2814 quinque
1837 2737 1888 2789 in
1916 2736 2128 2814 schedis
2148 2735 2446 2814 Alabillonii
2486 2744 2731 2814 repertos
2778 2735 3203 2814 publicarint,_nt
3236 2736 3437 2814 dictum
3464 2748 3551 2794 est
3589 2755 3771 2814 supra.

506 2804 603 2875 llis
623 2804 828 2874 accedit
856 2812 1218 2871 testimonium
1247 2807 1447 2864 codicis
1474 2804 1833 2876 Sangallensis
1859 2821 2006 2860 num.
2048 2805 2116 2857 8'7
2146 2804 2376 2876 Maximo
2405 2821 2526 2876 eum
2550 2804 2858 2876 tribuentis,
2888 2814 2943 2876 et
2970 2805 3096 2862 cod.
3125 2805 3470 2863 Taurinensis
3498 2804 3773 2868 num.'43.

507 2873 865 2956 Quamobrem
906 2893 962 2941 et
998 2898 1099 2937 nos
1143 2879 1322 2935 eidem
1362 2886 1547 2932 sancto
1588 2873 1798 2948 praesuli
1841 2890 2147 2930 sermonem
2192 2873 2495 2943 lmjusmodi
2535 2875 2871 2931 ascribimus.
2903 2874 3123 2932 Accedit
3161 2876 3322 2946 hujus
3348 2894 3469 2933 cum
3492 2880 3778 2950 superiore

504 2958 788 3014 connexio.

492 3047 894 3101 -Ancuuss'ruu.
923 3072 995 3084 ——
1022 3037 1253 3109 Christus
1282 3037 1573 3107 baptizatur
1600 3054 1702 3109 non
1730 3034 1848 3099 sibi,
1876 3034 1965 3090 scil
1987 3052 2079 3089 no-
2108 3036 2153 3100 C
2183 3035 2331 3092 sterii
2358 3033 2658 3105 proliceret.
2684 3036 2923 3104 Denique
2947 3035 3141 3092 Joauni
3166 3037 3417 3109 Baptista:
3437 3040 3689 3095 renitenti
3716 3048 3778 3096 et

575 3115 671 3169 bis.
705 3112 770 3168 In
799 3115 911 3181 ipso
940 3112 1076 3181 enim
1102 3108 1399 3181 Divinitatis
1419 3108 1680 3178 plenitudo
1708 3114 2079 3181 e_rat_a:terna:-

573 3199 669 3257 que
695 3177 947 3257 possessio
985 3180 1221 3257 justitiw.
1258 3177 1533 3257 t_autem
1571 3178 1859 3257 sanctitatis
1900 3183 2083 3257 sumet

574 3246 759 3325 gratiae
785 3246 1000 3305 munera
1024 3250 1080 3302 in
1114 3266 1206 3302 nos
1241 3248 1549 3325 derivarent,
1584 3246 1891 3325 baptismum
1928 3247 2081 3325 insti-

550 3316 687 3387 Juit,
719 3338 909 3392 suoque
928 3326 1166 3373 contactu
1193 3333 1352 3388 aquas
1376 3318 1641 3371 universas
1660 3316 2017 3386 sanctiﬁcavit.

560 3503 787 3559 lietiuet
812 3509 988 3556 vestra
1014 3499 1291 3567 sanctitas,
1322 3496 1531 3561 fratres,
1563 3495 1706 3567 quod
1736 3496 1789 3550 in
1815 3495 1902 3550 die
1931 3495 2082 3549 festi-

503 3592 730 3647 vissimze
773 3588 1082 3660 Epiphaniae
1131 3587 1360 3641 diximus
1404 3586 1459 3641 in
1511 3584 1750 3640 Jordane
1795 3583 2089 3639 Dominum

488 3683 845 3752 baptizatum,
903 3688 957 3735 et
993 3678 1263 3748 prosecuti
1305 3692 1489 3735 sumus
1528 3675 1670 3745 quod
1709 3677 1874 3731 nostri
1911 3675 2087 3744 magis

501 3787 661 3826 causa
697 3784 861 3841 quam
896 3769 977 3823 sui
1017 3768 1249 3823 voluerit
1288 3768 1393 3821 hoc
1455 3767 1713 3837 mysterio
1755 3767 2077 3821 consecrari.

502 3859 680 3913 Nostri
707 3859 867 3927 plane
894 3872 1054 3912 causa
1082 3857 1197 3909 haec
1218 3857 1465 3909 universa
1487 3854 1729 3923 perfecit.
1761 3857 1893 3910 Nam
1919 3858 1993 3911 illi
2013 3858 2079 3912 ad

490 3963 661 4018 quem
684 3945 983 4018 profectum
1013 3945 1315 4000 necessaria
1356 3944 1709 4007 consecratio,
1737 3946 1829 4012 qui
1858 3946 2081 4015 ipse‘est

498 4039 926 4095 sacramentum?
956 4037 1034 4093 Ad
1062 4052 1223 4106 quem
1249 4051 1405 4092 usum
1430 4036 1484 4090 in
1511 4051 1578 4091 eo
1606 4037 1846 4107 mysterii
1879 4037 2077 4091 solem—

497 4128 658 4194 nitas,
688 4128 743 4183 in
765 4142 874 4198 quo
902 4136 985 4184 est
1012 4128 1288 4199 plenitudo
1316 4127 1591 4199 mysterii?
1612 4126 1668 4180 in
1690 4127 1808 4198 ipso
1831 4137 1915 4183 est
1936 4128 2077 4183 enim

433 4278 445 4287 _
499 4217 789 4287 plenitudo,
815 4219 953 4275 sicut
979 4219 1055 4274 ait
1080 4219 1405 4288 Apostolus:
1444 4216 1698 4283 Quoniam
1718 4220 1772 4272 in
1794 4220 1907 4289 ipso
1932 4218 2071 4273 habi-

488 4322 571 4365 tat
590 4312 758 4367 omnis
780 4312 1044 4382 plenitudo
1065 4310 1366 4365 Divinitatis
1391 4310 1729 4380 corporaliter
1751 4309 1883 4382 (Col.
1908 4324 1966 4376 ιι,
1996 4308 2071 4379 9).

496 4400 559 4455 Et
586 4402 778 4457 iterum
802 4403 1166 4469 evangelista:
1199 4400 1276 4454 De
1294 4401 1613 4472 plenitudine
1638 4402 1751 4471 ejus
1779 4417 1954 4455 omnes
1978 4416 2069 4454 ac-

492 4493 718 4561 cepimus
747 4491 927 4562 (Joan.
962 4491 1029 4560 I).
1071 4490 1211 4558 Ergo
1241 4491 1294 4544 in
1330 4506 1438 4560 quo
1467 4491 1741 4560 plenitudo
1766 4491 2067 4546 Divinitatis

490 4590 623 4648 erat,
648 4596 756 4638 non
779 4580 1048 4649 indigebat
1080 4588 1136 4633 ut
1172 4587 1627 4634 sacramentorum
1669 4581 1937 4651 mysteriis
1968 4581 2065 4634 im-

488 4672 743 4739 pleretur.
776 4669 881 4725 Sed
916 4669 1035 4725 ideo
1069 4669 1378 4740 mysterium
1408 4669 1629 4738 implere
1656 4670 1843 4733 voluit,
1874 4686 1981 4724 non
2011 4677 2067 4724 ut

482 4762 602 4828 ipse
628 4759 928 4830 profectum
957 4766 1191 4830 caperet,
1217 4757 1310 4812 sed
1351 4765 1409 4811 ut
1457 4757 1611 4812 nobis
1650 4757 1927 4828 plenitudo
1952 4774 2069 4831 my-

559 4919 582 4980 ξ’
611 4910 744 4980 Cod.
775 4910 832 4964 S.
861 4909 1023 4980 Petri,
1051 4909 1112 4962 de
1133 4924 1229 4980 quo
1256 4908 1501 4976 scriptum
1524 4916 1617 4961 est.

559 4976 675 5031 l"In
703 4980 822 5033 eod.
853 4979 910 5033 S.
947 4978 1085 5033 Petri
1113 4976 1264 5032 deest
1290 4992 1393 5031 vox
1420 4984 1516 5030 est.

560 5056 581 5084 ο
614 5046 746 5115 Cod.
777 5047 844 5101 90
871 5048 928 5103 8.
960 5048 1144 5103 Crucis
1169 5048 1222 5102 in
1244 5046 1377 5109 Jer.,
1403 5062 1513 5099 esse
1533 5047 1773 5115 praecepit
1792 5056 1848 5098 ut
1870 5048 2065 5102 colunt-

485 5114 777 5186 bam-Idem
811 5118 935 5186 cod.
978 5118 1034 5173 S.
1078 5116 1249 5182 Petri,
1294 5117 1383 5184 qui
1438 5114 1795 5186 presequitur,
1838 5116 2059 5172 dicens:

484 5183 665 5306 [Esuzte
688 5184 958 5254 prudentes
986 5189 1115 5241 sicut
1143 5183 1420 5258 serpentes,
1443 5183 1504 5239 et
1529 5185 1784 5256 simplices
1814 5186 1943 5240 sicut
1970 5203 2059 5243 co-

506 5269 589 5306 mn
626 5269 688 5306 ιε.

506 5269 688 5307 ριηιυιε.

552 5322 578 5359 τι
607 5323 753 5377 Idem
791 5322 912 5378 cod.
942 5321 997 5377 S.
1031 5323 1193 5387 Petri,
1222 5327 1459 5380 nuntiare
1488 5323 1735 5379 Ecclesiae
1763 5339 2059 5380 sacramen-

482 5399 608 5456 tum,
624 5392 703 5461 ide
728 5392 853 5447 catlo
881 5395 1166 5461 supervenit
1188 5397 1438 5450 columba.

482 5527 503 5580 ι
556 5460 812 5586 °bCod.tx
846 5460 1099 5517 Laurent.
1132 5462 1265 5517 Plut.
1303 5481 1408 5531 x-rv,
1439 5482 1467 5520 e
1493 5466 1617 5520 coelo
1646 5464 1937 5536 supervenit
1967 5481 2056 5519 co-

504 5548 585 5585 am
622 5550 674 5586 α.
707 5546 737 5586 e
763 5548 811 5586 c.

504 5540 674 5588 amba.
707 5540 811 5588 etc.

558 5572 829 5673 ϊῖξὸεῖῖξ.
862 5598 1356 5673 Petri,_Dirini_tatis
1376 5604 1590 5673 judicio.

552 5680 577 5719 ι
608 5671 749 5728 Idem
777 5671 895 5727 cod.
929 5671 985 5727 8.
1019 5670 1180 5736 Petri,
1205 5669 1396 5725 Christi
1416 5676 1494 5727 sui
1515 5672 1875 5727 substantiam.

552 5739 579 5779 δ
606 5740 858 5813 idemque
888 5741 1005 5798 cod.
1036 5741 1091 5800 S.
1125 5740 1290 5809 Petri,
1322 5739 1406 5794 Ita
1443 5740 1675 5797 Iordane
1709 5741 1863 5810 igitur
1924 5741 2060 5811 apti-

2186 3129 2383 3184 dicenti
2416 3147 2429 3181 ε
2461 3128 2575 3200 Ego
2608 3146 2641 3182 a
2681 3139 2728 3184 te
2762 3130 2916 3184 debeo
2944 3131 3216 3201 baptizari,
3244 3140 3294 3185 et
3317 3141 3367 3185 tu
3388 3132 3527 3187 cenis
3555 3132 3625 3186 ad
3654 3135 3777 3188 me!

2184 3221 2260 3273 ait
2286 3220 2363 3275 illi
2390 3218 2680 3276 Dominus:
2710 3220 2838 3275 Sine
2855 3261 2871 3288 ,
2910 3219 3062 3274 modo
3084 3221 3160 3274 sic
3181 3221 3315 3274 enim
3334 3230 3535 3292 oportet
3552 3238 3651 3276 nos
3668 3225 3774 3275 ius-

2183 3311 2322 3381 plere
2349 3328 2548 3366 omnem
2571 3311 2831 3382 justitiam
2871 3308 3082 3380 (Matth.
3134 3310 3232 3379 tu).
3278 3309 3527 3379 lmplere,
3572 3311 3773 3379 inquit,

2184 3419 2395 3459 omnem
2418 3404 2697 3473 justitiam.
2722 3401 2831 3458 Cur
2860 3417 2989 3471 ergo
3004 3403 3319 3472 baptizatur
3338 3402 3631 3457 Dominus?
3650 3402 3773 3459 Non

2178 3494 2385 3565 justitia
2414 3495 2671 3564 justiticat
2696 3493 2988 3562 Christum,
3018 3494 3114 3550 sed
3151 3494 3264 3564 ipsa
3300 3495 3500 3563 justitia
3530 3496 3773 3550 sanctiﬁ-

2183 3592 2334 3640 eatur
2382 3601 2412 3639 a
2441 3584 2672 3650 Christo,
2710 3592 2764 3640 et
2791 3584 3083 3654 semiplena
3112 3586 3281 3639 virtus
3312 3586 3378 3639 ab
3414 3600 3481 3640 eo
3516 3586 3771 3656 impletur.

2182 3674 2267 3730 cui
2296 3675 2433 3730 inest
2454 3673 2728 3745 plenitudo
2756 3674 3032 3730 virtutum.
3058 3675 3148 3727 Ait
3172 3675 3330 3743 igitur
3349 3674 3587 3731 Joannes
3611 3695 3624 3729 :
3651 3676 3771 3749 Ego

2181 3784 2213 3819 a
2245 3776 2290 3820 le
2328 3767 2483 3822 debeo
2527 3767 2806 3838 baptizari;
2846 3774 3114 3822 contestat
3162 3781 3291 3836 ergo
3330 3766 3612 3822 Dominum
3654 3785 3769 3824 non

2181 3857 2264 3912 sui
2291 3871 2448 3911 causa
2476 3872 2594 3911 essr
2617 3857 2964 3926 baptizatum,
2996 3873 3116 3913 cum
3144 3866 3429 3928 antequam
3455 3859 3766 3929 baptizare-

2182 3953 2270 4002 tur
2318 3945 2386 4001 ab
2413 3961 2480 4001 eo
2513 3961 2575 4002 se
2609 3948 2779 4017 magis
2808 3947 3067 4018 baptizari
3093 3946 3328 4005 Joannes
3363 3951 3758 4021 expostulabat.

2180 4034 2522 4092 Demonstrat
2549 4037 2691 4092 enim
2719 4037 2822 4094 hoc
2841 4038 3069 4095 dicendo
3113 4038 3373 4109 majorem
3394 4041 3619 4108 gratiam
3642 4058 3761 4097 esse

2181 4126 2234 4181 in
2262 4127 2517 4197 mysterio
2542 4127 2753 4184 Domini
2782 4143 2943 4197 quam
2971 4130 3022 4184 in
3054 4129 3308 4199 magistro
3330 4130 3586 4201 mysterii.
3620 4129 3763 4197 Quid

2184 4215 2327 4270 enim
2356 4216 2431 4270 illi
2459 4218 2880 4274 consecrationis
2906 4220 3380 4289 poterattradere,
3408 4236 3437 4275 a
3465 4220 3755 4293 “squo

2178 4303 2652 4363 sanctiﬁcationem
2681 4309 2925 4379 accipere
2948 4310 3060 4379 ipse
3089 4310 3340 4379 optabat?
3366 4310 3591 4365 Inferior
3611 4312 3756 4365 enim

2178 4402 2293 4449 erat
2336 4396 2586 4465 magister
2631 4398 2836 4453 meritis
2896 4413 3055 4467 quam
3102 4398 3388 4468 discipulus
3434 4401 3759 4456 sanctitate?

2173 4484 2368 4539 Christi
2396 4486 2537 4540 enim
2566 4488 2988 4557 comparatione,
3010 4497 3065 4543 et
3092 4490 3349 4559 magister
3370 4492 3673 4560 imperitus,
3696 4498 3763 4545 et

2166 4576 2369 4646 justitia
2405 4579 2717 4649 semiplena,
2747 4589 3067 4650 etaquaest
3096 4582 3416 4637 turbulenta.
3446 4581 3516 4636 At
3540 4583 3751 4637 ubiha—

2173 4667 2404 4737 ptizatur
2431 4668 2705 4733 Dominus,
2735 4669 3094 4725 benedictioni
3120 4671 3235 4739 ejus
3269 4680 3324 4726 et
3349 4672 3606 4739 magister
3629 4687 3761 4741 pro-

2176 4758 2300 4824 licit,
2337 4769 2391 4814 et
2415 4759 2620 4829 justitia
2662 4761 2932 4831 impletur,
2964 4770 3018 4816 et
3048 4764 3184 4818 unda
3214 4770 3487 4833 purgatur.
3517 4761 3760 4830 Purgata

2170 4916 2320 4961 satur
2350 4906 2618 4960 Dominus.

2247 4978 2261 5012 ι
2295 4975 2427 5030 Cod.
2459 4976 2515 5030 8.
2547 4975 2690 5030 Petri
2721 4978 2919 5033 omittit
2942 4990 3037 5034 est.

2240 5048 2255 5095 l
2293 5044 2461 5101 Codd.
2496 5045 2745 5100 Laurent.
2776 5057 2829 5101 et
2854 5048 2912 5103 S.
2946 5048 3110 5113 Petri,
3143 5048 3280 5104 Puto
3309 5058 3478 5104 autem
3508 5070 3636 5107 esse.

2236 5113 2263 5153 ι
2291 5114 2423 5192 Cod.
2451 5115 2508 5170 S.
2538 5114 2802 5192 Petri,‘_li:t
2828 5121 2959 5192 sicut
2987 5130 3107 5175 tunc
3134 5120 3305 5174 alveus
3331 5121 3561 5189 ﬂuminis
3582 5125 3758 5192 impe—

2163 5194 2274 5257 tum
2292 5186 2373 5257 sui
2393 5202 2575 5257 cursus
2596 5187 2837 5257 perdidit,
2868 5190 2945 5242 ita
2966 5200 3035 5253 et,
3069 5198 3172 5244 etc.

2244 5254 2260 5295 ι
2295 5255 2427 5311 Cod.
2455 5255 2523 5307 99
2548 5254 2605 5310 S.
2635 5255 2820 5331 Crucis
2846 5258 2898 5311 in
2927 5259 3036 5331 Jer.
3069 5260 3196 5327 legit
3221 5261 3299 5313 ita
3322 5268 3372 5331 et
3402 5277 3538 5315 nunc
3576 5263 3757 5331 impc-

2165 5334 2244 5380 tus
2274 5334 2598 5396 peccatorum
2624 5326 2884 5396 hominum
2907 5330 2988 5383 sui
3019 5326 3201 5383 cursus
3226 5330 3417 5385 amisit.

2233 5394 2525 5466 “Uterque
2553 5396 2722 5466 codex
2743 5395 2798 5450 8.
2825 5396 3009 5453 Crucis
3035 5399 3086 5453 in
3106 5398 3215 5453 Jer.
3245 5408 3300 5453 et
3319 5399 3438 5454 cod.
3463 5398 3756 5466 Laurent.,

2158 5466 2233 5519 ita
2261 5474 2310 5520 et
2336 5463 2569 5519 Christus
2600 5464 2850 5520 Dominus
2880 5468 2935 5521 in
2971 5469 3150 5539 eodem
3181 5467 3417 5523 Iordane
3455 5463 3759 5539 separatio;

2159 5551 2274 5609 nem
2298 5544 2539 5609 operatus
2568 5544 2641 5588 est
2670 5547 3012 5609 peccatorum.
3040 5538 3145 5609 [με
3168 5547 3308 5593 stare
3333 5541 3526 5609 ﬂuenta
3543 5552 3759 5607 prcca-

2157 5606 2253 5674 pit,
2287 5606 2369 5658 hic
2396 5606 2641 5667 crimina;
2672 5616 2721 5658 et
2750 5607 2881 5660 sicut
2907 5608 2999 5662 sub
3028 5606 3174 5671 Elia,
3207 5606 3343 5664 etc.'

2232 5684 2256 5710 η
2284 5674 2381 5729 Hic
2408 5675 2567 5730 habet
2596 5675 2753 5730 linem
2778 5691 2954 5734 sermo
2983 5679 3036 5732 in
3064 5677 3249 5735 codice
3271 5677 3329 5735 S.
3359 5676 3499 5734 Petri

2334 5690 2381 5729 lC
2408 5690 2567 5730 uaoet
2596 5690 2753 5730 unem
2778 5691 2954 5734 sermo
2983 5694 3036 5732 ιη
3064 5690 3249 5735 οοαιοο
3271 5690 3329 5735 δ.
3359 5690 3519 5734 t'ctn.
