4054 6190
308 388 415 447 557

1774 401 2011 457 SERBIO
2051 403 2182 459 XIII.

3479 428 3585 488 538

304 519 389 563 est
416 509 563 564 enim
586 508 746 578 unda,
772 524 897 583 quae
918 524 1037 570 cum
1058 520 1216 569 esset
1238 512 1357 569 vilis
1382 520 1437 568 et
1472 511 1683 583 frigida,
1725 515 1888 569 bene-
1917 523 1963 579 Α
1994 533 2259 587 aquarum
2280 520 2501 589 quidem
2547 523 2765 582 ﬂumina
2813 528 3076 588 terantur.
3120 531 3229 588 Sed
3267 543 3322 590 et
3359 539 3586 598 benedi-

304 598 558 653 dietionis
586 598 867 656 dominica
900 602 1081 657 calore
1117 602 1284 657 ditata
1312 609 1397 658 est
1423 621 1435 656 :
1462 604 1535 658 ita
1566 612 1629 658 ut-
1655 619 1775 674 quae
1807 606 1893 660 vix

302 701 464 746 antea
494 692 793 748 mundanas
822 709 1001 749 rerum
1032 696 1267 753 maculas
1294 696 1529 763 diluerit,
1563 714 1703 753 nunc
1734 700 1893 769 spiri-

305 782 481 836 tuales
527 781 784 851 puriﬂeet‘
819 784 1053 839 maculas
1108 785 1425 840 animarum.
1476 786 1585 842 Nec
1630 788 1894 842 miremini

302 868 452 937 quod
480 884 694 940 aquam,
718 871 821 927 hoc
840 881 925 927 est
946 873 1296 928 substantiam
1316 877 1676 945 corporalem,
1701 877 1766 931 ad
1796 893 1894 947 pu-

305 956 620 1014 riﬁcandam
638 962 867 1015 animam
889 962 1115 1017 dicimus
1135 964 1432 1033 pervenire.
1452 963 1699 1019 Pervenit
1715 967 1892 1035 plane,

303 1057 557 1119 penetrat
580 1052 919 1106 conscientize
942 1053 1197 1107 universa-
1218 1053 1455 1108 latibula.
1480 1053 1733 1121 Quamvis
1752 1056 1904 1111 enim'

305 1140 433 1210 ipsa
455 1141 664 1198 subtilis
691 1150 745 1198 et
772 1143 966 1210 tenuis,
994 1145 1365 1201 benedictione
1393 1154 1569 1201 tamen
1596 1147 1796 1202 Christi
1826 1148 1897 1203 fa~

304 1240 392 1286 cta
418 1232 689 1301 subtilior,
720 1248 819 1303 per
838 1234 1075 1289 occultas
1102 1235 1223 1289 vita:
1251 1250 1438 1290 causas
1458 1236 1524 1290 ad
1552 1237 1752 1291 scelera
1782 1238 1898 1292 ani-

303 1339 404 1378 ma:
434 1324 655 1394 spiritus
683 1340 805 1380 rore
833 1326 1139 1395 pertransit.
1172 1325 1429 1381 Subtilior
1456 1327 1597 1381 enim
1621 1334 1713 1383 est
1732 1327 1901 1384 bene-

301 1415 601 1471 dictionum
641 1412 815 1472 ﬂuxus
856 1433 1018 1488 quam
1057 1432 1315 1487 aquarum
1364 1428 1594 1474 meatus.
1643 1418 1795 1475 Unde
1834 1428 1891 1475 et

300 1506 536 1563 diximus
588 1508 731 1577 quod
773 1509 826 1563 in
862 1508 1168 1564 .Saivatoris
1206 1509 1529 1579 baptismate
1564 1512 1888 1577 benedictio,

300 1613 424 1668 qua:
452 1598 683 1654 deﬂuxit
702 1608 961 1669 tanquam
993 1598 1183 1656 ﬂuvius
1211 1601 1476 1671 specialis,
1508 1604 1745 1658 omnium
1769 1618 1894 1672 gur-

301 1687 469 1754 gitum
503 1696 703 1743 tractus
728 1697 783 1744 et
808 1697 1124 1745 cunctorum
1151 1689 1376 1744 fontium
1424 1706 1589 1747 venas
1617 1692 1888 1748 infecerit.

294 1774 497 1831 Mirum
517 1777 680 1846 enim,
702 1778 939 1850 inquam,
956 1777 1102 1846 dum,
1124 1778 1345 1837 Christo
1365 1780 1419 1839 in
1439 1779 1673 1839 Jordane
1694 1783 1891 1854 posito,

1995 608 2231 663 ctionum
2255 608 2455 665 ﬂuenta
2480 615 2786 680 currebant,
2815 618 2939 674 inde
2961 620 3095 676 alvei
3115 635 3307 692 gurges
3323 628 3587 687 turbidiou

1997 696 2283 753 ferebatur.
2316 698 2453 757 Hinc
2494 702 2613 758 fons
2647 704 2948 765 Salvatoris
2984 713 3294 781 purissimus
3322 722 3585 777 emunda-

1992 787 2104 853 bat,
2127 798 2181 843 et
2203 798 2423 861 stupere
2446 795 2679 862 quodam
2701 798 2950 854 deorsum
2970 802 3039 856 ad
3058 802 3305 861 Jordanis
3321 809 3583 877 originem

1996 883 2334 973 consecratio
2373 884 2710 954 baptismatis
2746 892 3088 960 ascendebat,
3118 905 3171 950 et
3199 908 3384 955 contra
3413 917 3585 973 aqua-

1993 986 2110 1024 rum
2141 969 2359 1026 ﬂuvium
2404 975 2838 1033 benedictionem
2877 980 3070 1038 ﬂuvius
3102 986 3393 1044 ferebatur.
3430 969 3585 1050 Unde

1993 1060 2160 1117 David
2184 1073 2401 1121 sanctus
2421 1068 2653 1124 arbitror
2679 1072 2876 1129 dixisse
2902 1094 2914 1128 :
2938 1075 3189 1134 Iordanis
3211 1098 3483 1141 conversus
3504 1097 3584 1142 est

1992 1162 2276 1208 retrorsum
2316 1155 2488 1226 (Paul.
2540 1161 2709 1230 cxtn).
2742 1161 2798 1217 In
2845 1164 3167 1235 baptismate
3207 1173 3349 1227 enim
3382 1174 3585 1233 Christi

1994 1250 2290 1299 retrorsum
2326 1243 2579 1303 Jordanis-
2601 1266 2708 1305 non
2736 1254 2890 1323 aquis
2918 1271 3206 1315 conversus
3236 1271 3336 1326 est,
3367 1266 3462 1319 sed
3490 1283 3581 1322 sa-

1994 1334 2303 1402 cramentis,
2352 1344 2407 1391 et
2447 1352 2515 1391 ex
2558 1348 2748 1396 natura
2792 1345 2874 1400 sui
2916 1347 3173 1415 originem
3208 1351 3581 1413 benedictione

1997 1423 2167 1490 magis
2194 1439 2355 1493 quam
2402 1427 2705 1485 substantia
2738 1437 3014 1491 remeavit.
3054 1437 3187 1493 Dum
3213 1442 3359 1495 enim
3386 1459 3585 1501 conse-

1993 1514 2251 1570 crationis
2277 1519 2446 1585 gratia
2480 1534 2583 1590 per
2609 1536 2733 1577 eum
2760 1527 2971 1581 cunctis
3012 1527 3244 1585 fontibus
3272 1534 3583 1592 circumfer~

1996 1610 2101 1667 tur,
2125 1605 2337 1662 videtur
2362 1624 2579 1665 cursum
2614 1615 2903 1684 proprium.
2921 1618 2987 1673 ad
3014 1635 3270 1678 venarum
3298 1626 3584 1683 exordiumI

1995 1707 2297 1751 revocasse.
2319 1693 2568 1769 Explicit'.

1706 1872 1975 1934 SERMO
2018 1873 2193 1935 XIII.

1650 1977 1731 2034 De
1759 1980 1931 2050 gratia
1969 1978 2230 2049 baptismi.

1727 2066 2119 2124 ADMONITIO.

367 2156 534 2280 5&9
560 2156 695 2212 Huic
733 2156 970 2213 sermoni
1008 2163 1223 2230 proprie
1258 2161 1509 2215 convenit
1549 2159 1731 2213 titulus
1763 2158 1839 2212 De
1866 2159 2039 2228 gratia
2068 2160 2327 2230 baptismi,
2359 2177 2518 2231 quem
2541 2166 2798 2235 editores,
2830 2176 2890 2222 ut
2916 2169 3116 2224 dictum
3142 2178 3245 2237 est,
3288 2187 3572 2243 perperam

367 2243 447 2280 ml
473 2228 539 2280 ia:
565 2226 600 2280 5
620 2226 690 2280 de
711 2226 975 2280 baptismo
1006 2228 1323 2280 tribuerunt.
1348 2229 1405 2280 S.
1453 2228 1714 2280 Maximus
1751 2228 2170 2280 catechumenos
2209 2230 2527 2280 adhortatur
2554 2243 2612 2280 nt.
2639 2235 2909 2280 lavat-runt
2948 2240 3372 2280 rpabnpmtinnic
3399 2244 3572 2280 animi-

294 2223 539 2281 homiliz'e
565 2226 600 2280 5
620 2226 690 2282 de
711 2226 975 2307 baptismo
1006 2223 1323 2307 tribuerpnt.
1348 2229 1405 2284 S.
1453 2228 1714 2307 Maximus
1751 2223 2170 2307 catechumenos
2209 2223 2527 2307 adhortatur
2546 2243 2612 2307 ut
2638 2223 2910 2292 lavacrum
2947 2223 3374 2307 regenerationis
3386 2223 3572 2299 iisti

301 2310 430 2365 pere
460 2311 568 2351 non
596 2305 891 2375 morentur,
943 2314 1009 2353 ne
1056 2297 1318 2354 beneﬂcio
1342 2299 1526 2375 gratia:
1550 2298 1667 2375 ejus
1696 2298 1990 2375 priventur.
2022 2297 2370 2375 Cumtitulus
2412 2304 2683 2375 specimen
2714 2307 2782 2360 sit
2816 2297 3115 2375 argumenti
3144 2311 3431 2375 orationis,
3454 2297 3574 2369 haec

298 2376 482 2444 autem
507 2367 685 2421 omnis
709 2366 783 2444 sit
800 2366 871 2422 de
898 2377 1242 2444 peccatorum
1298 2366 1615 2444 remissione
1644 2367 2013 2444 infusioneque
2055 2366 2276 2444 justitia:
2312 2386 2421 2444 per_
2435 2366 2757 2442 baptismum
2798 2366 3153 2444 aetiuirendte,
3186 2379 3326 2433 haud
3355 2366 3458 2434 alia
3489 2366 3573 2435 in;

298 2436 523 2505 scriptio
550 2436 786 2491 sermoni
814 2434 1101 2493 convenire
1130 2446 1327 2506 potest,
1358 2453 1515 2508 quam
1545 2436 1625 2491 De
1652 2438 1825 2508 gratia
1865 2434 2124 2507 baptismi.
2172 2434 2326 2494 Hane
2348 2440 2423 2495 uti
2463 2434 2532 2495 ue
2604 2459 2674 2497 rte
2701 2460 2760 2498 se
2788 2434 2965 2499 ferunt
2993 2461 3088 2500 sex
3112 2434 3329 2502 codices
3356 2448 3414 2503 S.
3452 2434 3569 2503 Ma-

300 2505 448 2559 me
476 2520 784 2561 sermonem
810 2507 1122 2564 tribuentes.
1147 2509 1239 2564 aui
1267 2518 1396 2561 sunt
1419 2506 1784 2564 Sangallensis
1811 2520 1958 2560 num.
1992 2506 2079 2564 Η.
2121 2507 2409 2564 Vaticanus
2427 2456 2718 2564 1267poasz.
2752 2511 2873 2564 l58.
2906 2514 3251 2564 Taurinensis
3278 2517 3330 2564 in
3358 2532 3466 2564 mm
3487 2526 3569 2564 est

300 2506 462 2577 anno,
476 2520 784 2577 sermonem
810 2507 1122 2577 tribuentes,
1147 2509 1239 2577 qui
1267 2506 1784 2577 suntSangalleusis
1811 2506 1958 2577 num.
1981 2506 2079 2577 7H,
2110 2507 2409 2577 iVaticanus
2437 2506 2538 2564 126

2635 2511 2873 2586 ag._158,
2906 2514 3251 2586 Taurinensis
3278 2517 3330 2586 in
3358 2532 3466 2586 quo
3487 2526 3575 2574 est

300 2575 631 2652 homilia_15,
664 2574 721 2630 S.
745 2574 930 2652 Crucis
957 2577 1008 2631 in
1037 2574 1420 2652 Jerusalem_._90
1448 2574 1595 2631 num.
1620 2576 1661 2652 _i_
1667 2576 1690 2629 1
1725 2592 1846 2631 cum
1876 2576 2069 2652 titulo:
2098 2576 2287 2652 Incipit
2310 2580 2373 2652 de
2399 2582 2573 2652 gratia
2597 2574 2932 2651 ὒαριὶεηιὶζθι
2949 2582 3020 2636 99
3040 2584 3277 2652 ejusdem
3300 2585 3356 2640 S.
3376 2574 3581 2644 'Crucis

290 2644 568 2720 πβρι..μῖ
599 2661 807 2720 necnon
832 2646 1277 2720 Laurentianus}
1309 2647 1446 2720 i’lut.
1478 2662 1587 2700 xw.
1618 2645 2075 2720 Ilicc_te_s_ti_moni_a
2109 2644 2609 2720 perspicuis'verbis
2640 2644 2894 2720 expressa
2923 2654 2968 2707 si
2999 2644 3353 2711 Benedictinis
3378 2670 3579 2712 monac-

289 2715 417 2770 chis
445 2715 504 2771 S.
538 2714 805 2772 Ambrosii
833 2716 1128 2772 editoribus
1156 2715 1496 2781 ail‘ulsissent,
1522 2717 1719 2771 certius
1742 2715 2000 2783 judicium
2026 2714 2135 2770 hoc
2163 2714 2249 2771 de'
2269 2733 2520 2775 sermone
2547 2714 3003 2790 pronuntiassent.

298 2848 693 2922 Anconem“.
723 2877 796 2922 g—
819 2846 1225 2922 Catechumenos‘
1259 2850 1494 2905 hortatur
1530 2850 1794 2922 Maaimus
1828 2859 1884 2903 ut
1917 2852 1957 2909 Β
1985 2866 2045 2905 se
2073 2857 2327 2922 magister
2346 2864 2592 2921 excusat,
2619 2857 2678 2912 in
2718 2858 2821 2914 isto
2864 2874 2963 2914 nos
2996 2858 3243 2916 Salvator
3272 2862 3478 2919 invitat.
3508 2863 3579 2920 Ini

364 2918 594 2991 gratiam
621 2918 957 2991 baptismatis
973 2921 1112 2972 omni
1141 2921 1469 2991 festinatione
1495 2921 1796 2990 suscipiant,
1827 2929 1885 2973 ut

365 2987 712 3060 possint‘esse
734 2988 873 3060 quod
898 2987 1128 3060 Christus
1141 2987 1255 3053 est;
1285 2991 1483 3060 etquid
1509 2987 1642 3044 inter
1660 2991 1893 3045 Joannis‘

366 3055 652 3180 ﬁfth“
694 3055 1007 3128 baptismum
1049 3059 1265 3114 intersiti
1315 3055 1539 3113 dilucide
1584 3061 1893 3130 copioseque?

365 3298 506 3366 Quia
536 3306 765 3364 constat,
792 3300 928 3355 sicut
954 3308 1080 3356 ante
1108 3309 1133 3337 ⁸
1161 3300 1429 3371 prosecuti
1467 3315 1667 3364 sumus,
1698 3298 1882 3354 Jesum

288 3390 574 3446 Christum
602 3406 708 3445 non
742 3392 1013 3445 suicausa
1042 3391 1370 3462 baptizatum
1398 3406 1535 3457 esse,
1568 3389 1661 3445 sed
1692 3388 1879 3454 nostri,

288 3481 577 3545 debemus,
609 3479 803 3537 fratres
823 3481 1172 3547 dilectissimi,
1195 3481 1354 3536 vobis
1376 3479 1775 3535 scatecbumenis
1799 3478 1885 3534 lo-

289 3586 453 3642 quor,
485 3571 709 3639 gratiam
738 3570 1071 3641 baptismatis
1094 3571 1208 3639 ejus
1228 3571 1373 3626 omni
1391 3570 1731 3625 festinatione
1759 3584 1882 3624 sus~

284 3662 500 3731 cipere,
538 3668 595 3715 et
630 3660 697 3715 de
730 3660 881 3715 fonte
924 3659 1192 3726 Jordanis,
1250 3675 1412 3729 quem
1456 3660 1545 3715 ille
1587 3659 1891 3725 benedixit,

290 3752 728 3809 benedictionem
782 3750 1203 3805 consecrationis
1248 3750 1497 3816 haurire,
1552 3758 1607 3805 et
1658 3750 1712 3804 in
1760 3764 1885 3805 eum

286 3841 560 3913 gurgitem
602 3841 661 3895 in
696 3856 855 3911 quem
894 3857 953 3896 se
1008 3841 1149 3897 illius
1184 3843 1439 3896 sanctitas
1475 3841 1664 3896 mersit
1704 3848 1887 3898 nostra

288 3940 524 4002 peccata
552 3938 889 3999 mergantur;
919 3931 1143 3997 scilicet,
1174 3940 1231 3985 ut
1258 3931 1444 3986 eadem
1472 3946 1611 4001 aqua
1636 3946 1753 4001 qua:
1777 3930 1886 3985 Do-

290 4022 503 4076 minum
522 4020 883 4076 circumdedit
908 4028 964 4075 ct
990 4021 1230 4075 servulos
1258 4021 1671 4090 circumpurget,
1700 4027 1883 4089 quate-

295 4129 399 4168 nus
425 4126 496 4167 ex
525 4111 552 4151 δ
584 4112 874 4167 venerabili
896 4112 1099 4167 Christi
1128 4113 1342 4167 lavacro
1367 4111 1521 4165 nobis
1540 4111 1677 4164 unda
1700 4118 1883 4165 sancta

296 4204 565 4276 proficiat,
598 4210 654 4259 et
698 4203 885 4259 iisdem
924 4203 1160 4273 vestigiis
1196 4212 1357 4272 atque
1398 4200 1665 4273 mysteriis
1690 4201 1884 4269 quibus

292 4296 732 4351 benedictionem
753 4310 784 4349 a
804 4295 1086 4351 Salvatore
1109 4302 1193 4351 est
1220 4302 1479 4360 mutuata,
1504 4309 1602 4349 nos
1622 4292 1735 4348 fotu
1756 4294 1884 4348 bea—

292 4388 439 4442 tiore
479 4383 745 4455 purificet,
774 4386 1103 4454 gratiamque
1130 4400 1290 4455 quam
1324 4400 1355 4439 a
1382 4384 1595 4440 Christo
1649 4385 1884 4454 suscepit

1989 2942 2091 2996 illo
2113 2942 2317 3011 justitia
2344 2945 2661 3014 semiplena,
2702 2946 2757 3000 in
2800 2947 2902 3002 isto
2931 2947 3162 3004 Trinitas
3190 2957 3273 3005 est
3307 2950 3565 3021 perfecta.

1988 3032 2069 3087 Ad
2095 3032 2224 3086 illud
2246 3041 2462 3089 sanctus
2482 3036 2648 3101 venit,
2678 3044 2895 3092 sanctus
2920 3051 3166 3106 egressus
3192 3048 3304 3107 est;
3332 3041 3399 3095 ad
3427 3036 3577 3097 istud

1987 3128 2237 3188 peccator
2262 3123 2429 3187 venit,
2454 3131 2509 3177 et
2537 3132 2754 3181 sanctus
2781 3126 3037 3181 abscedit.
3075 3127 3133 3181 In
3162 3129 3255 3184 illo
3281 3129 3445 3201 53o
3471 3132 3567 3187 be-

1986 3209 2217 3263 nedictio
2246 3210 2520 3265 confertur
2546 3213 2833 3282 mysteriis,
2867 3216 2885 3247 ⁸
2913 3215 2979 3270 ἰηΔ
3004 3217 3108 3272 isto
3129 3217 3154 3255 ά
3184 3220 3451 3289 mysteriis
3482 3220 3570 3276 de-

1986 3300 2109 3354 licta
2137 3299 2421 3355 donantur.
2460 3301 2729 3371 Baptizari
2767 3318 2917 3374 ergo,
2949 3305 3163 3374 fratres,
3194 3309 3448 3366 debemus
3474 3326 3569 3367 eo-

1984 3390 2105 3444 dem
2133 3390 2340 3459 gurgite
2366 3406 2473 3461 quo
2500 3389 2777 3459 Salvator;
2809 3393 2900 3449 sed
2932 3402 2991 3449 ut
3018 3396 3208 3451 eodem
3236 3397 3383 3453 fonte
3421 3414 3566 3454 mer-

1984 3495 2189 3547 gantur,
2222 3495 2325 3534 non
2362 3482 2520 3536 nobis
2547 3480 2836 3537 Orientalis
2872 3484 3102 3554 petenda
3136 3494 3220 3542 est
3257 3488 3425 3555 regio,
3458 3504 3567 3544 non

1987 3570 2177 3623 ﬂuvius
2206 3576 2362 3624 teme
2387 3569 2642 3626 Judaicze.
2676 3569 2772 3626 Ubi
2804 3574 2945 3627 enim
2973 3590 3117 3629 nunc
3144 3575 3408 3645 Christus,
3440 3587 3464 3615 ο
3494 3578 3568 3633 ibi

1984 3674 2199 3729 quoque
2225 3658 2471 3714 Iordanis
2497 3668 2596 3714 est.
2623 3659 2821 3716 Eadem
2840 3666 3173 3719 consecratio
3194 3678 3311 3733 quae
3335 3664 3567 3724 Orientis

1986 3749 2202 3804 flumina
2220 3750 2493 3805 benedixit
2517 3747 2818 3805 Occidentis
2856 3749 3054 3806 ﬂuenta
3078 3748 3389 3808 sanctificat.
3417 3753 3568 3810 Unde

1984 3841 2085 3895 etsi
2126 3855 2320 3896 nomen
2369 3840 2507 3896 forte
2554 3841 2714 3896 ﬂuvio
2770 3842 2914 3897 aliud
2960 3843 3030 3897 sit
3073 3845 3139 3899 de
3185 3846 3399 3912 smculo,
3432 3848 3569 3903 inest

1986 3940 2166 3985 tamen
2193 3931 2269 3985 illi
2293 3931 2604 4001 mysterium
2628 3931 2693 3985 de
2715 3930 2968 3986 Jordane.
2994 3933 3233 4002 Denique
3263 3936 3447 3992 iisdem
3478 3954 3566 3992 sa-

1986 4022 2270 4076 cramentis
2308 4036 2395 4076 res
2441 4022 2614 4089 agitur
2660 4023 2851 4091 quibus
2888 4031 2944 4077 et
2990 4030 3113 4080 tunc
3150 4035 3298 4094 gesta
3335 4036 3434 4093 est,
3467 4029 3577 4083 nisi

1985 4112 2126 4179 quod
2155 4111 2323 4180 gratia
2354 4112 2613 4179 pleniore.
2646 4111 2688 4164 Τ
2695 4128 2795 4166 unc
2823 4113 2965 4167 enim
2995 4111 3308 4169 Trinitatem
3336 4116 3567 4173 carnali-

1988 4202 2087 4255 bus
2115 4201 2283 4256 oculis
2311 4201 2557 4266 vidimus,
2596 4200 2757 4254 modo
2799 4201 3043 4255 eamdem
3091 4202 3403 4260 Trinitatem
3448 4206 3567 4264 ﬂdei

1988 4294 2155 4349 oculis
2182 4294 2622 4362 contemplamur.
2675 4291 2825 4347 Tunc
2866 4291 3139 4347 Christum
3180 4296 3267 4349 vix
3304 4298 3571 4353 humanus

1989 4386 2164 4440 vultus
2190 4385 2418 4454 aspexit.
2451 4398 2590 4438 nunc
2618 4381 2862 4437 eumdem
2891 4397 3043 4437 mens
3071 4383 3301 4438 humana
3329 4386 3567 4456 comple-

292 4479 351 4533 in
384 4478 719 4533 Christianos
744 4476 1010 4531 refundat.
1043 4476 1205 4545 Ergo,
1232 4476 1441 4543 fratres,
1472 4477 1600 4545 tingi
1629 4476 1885 4531 debemus
1911 4482 1954 4539 C
1987 4477 2165 4531 ctitur.
2204 4476 2353 4531 Tunc
2389 4474 2616 4544 Spiritus
2651 4482 2866 4528 sanctus
2907 4473 3053 4527 velut
3091 4475 3348 4530 columba:
3388 4477 3565 4546 specie

290 4568 497 4623 eodem
540 4567 687 4623 fonte
726 4583 831 4637 quo
874 4565 1137 4634 Christus,
1175 4576 1235 4622 ut
1275 4569 1541 4637 possimus
1585 4582 1707 4621 esse
1742 4565 1886 4634 quod

295 4657 546 4713 Christus
573 4664 674 4712 est.
706 4657 859 4723 Nam,
887 4657 1030 4727 quod
1059 4659 1205 4711 salva
1247 4658 1348 4713 ﬁde
1369 4659 1614 4722 dixerim,
1648 4658 1769 4712 licet
1788 4658 1882 4710 ba-

294 4749 554 4818 ptismum
595 4755 881 4818 utrumque
921 4748 991 4801 sit
1031 4748 1260 4814 Domini,
1309 4757 1461 4803 tanto
1506 4748 1708 4817 gratius
1752 4754 1884 4816 puto

296 4838 409 4893 hoc
448 4837 771 4906 baptismum
826 4853 945 4892 esse
981 4853 1089 4906 quo
1134 4855 1234 4894 nos
1280 4840 1543 4897 abluimus
1570 4854 1729 4908 quam
1761 4838 1887 4892 illud

294 4945 412 4997 quo
448 4928 699 4983 Salvator
729 4941 749 4967 ε
782 4930 1099 4999 baptizatur.
1143 4930 1259 4987 Hoc
1295 4934 1436 4987 enim
1465 4932 1767 4986 celebratur
1793 4946 1890 5000 per

292 5020 607 5085 Chi-intum.
629 5020 761 5075 illud
779 5021 1117 5077 celebratum
1134 5031 1228 5080 .est
1262 5039 1360 5093 per
1383 5022 1668 5079 Joannem.
1706 5022 1769 5077 In
1794 5024 1889 5079 illo

372 5256 403 5283 ⁸
431 5246 565 5301 Cod.
598 5247 718 5302 Vat.
755 5246 910 5313 1267,
940 5257 1059 5301 ante
1084 5247 1194 5301 dies
1218 5264 1430 5313 paucos.

370 5314 403 5353 δ
427 5315 574 5370 Idem
601 5318 721 5371 cod.
752 5317 895 5381 Vat.,
927 5335 991 5371 ex
1020 5314 1326 5372 venerabilis
1357 5315 1549 5370 Christi
1574 5317 1802 5370 lavacro.

375 5396 400 5423 ε
436 5383 671 5455 Uterque
698 5387 818 5441 cod.
846 5386 904 5442 S.
932 5387 1119 5442 Crucis
1147 5387 1199 5441 in
1228 5385 1335 5441 Jer.
1360 5393 1423 5440 et
1450 5386 1597 5452 Vat.,
1622 5396 1696 5440 est
1724 5385 1892 5456 bapti-

291 5464 676 5594 wfimUterque
700 5525 821 5579 cod.
853 5524 911 5580 S.
943 5525 1129 5581 Crucis
1157 5525 1211 5579 in
1237 5523 1349 5580 Jer.
1389 5532 1444 5579 et
1475 5523 1615 5590 VaL,
1655 5540 1745 5593 per
1773 5540 1887 5594 my-

372 5676 391 5706 ¹
433 5672 718 5727 Distinctio
740 5672 894 5741 plane
923 5671 1222 5739 theologica
1251 5673 1432 5738 gratiae
1462 5687 1529 5727 ex
1558 5686 1721 5741 opere
1749 5686 1883 5741 ope-

282 5743 740 5824 salutet-(gratia:
760 5757 825 5824 ex
854 5744 1315 5824 opcre_0perantis
1344 5760 1355 5795 :
1389 5742 1687 5824 primaipsi
1714 5756 1886 5822 sacra-

283 5815 471 5869 menti
493 5811 743 5866 efficacia:
763 5819 814 5865 ct
831 5812 1005 5866 virtuti
1023 5811 1296 5875 tribuitur,
1316 5811 1454 5868 unde
1468 5812 1601 5867 dixit
1622 5811 1882 5867 Maximus

1988 4568 2259 4622 hominem
2287 4562 2641 4626 circumfudit,
2674 4562 2836 4617 modo
2876 4578 2936 4617 se
2972 4563 3024 4616 iu
3056 4563 3308 4620 interiora
3336 4565 3569 4620 hominis

1993 4658 2009 4696 ί
2040 4660 2154 4727 ipsa
2186 4659 2378 4711 virtute
2406 4655 2698 4709 divinitatis
2728 4652 2975 4709 infundit.
3015 4652 3163 4708 Tunc
3209 4651 3368 4708 Pater
3394 4670 3426 4707 a
3458 4654 3565 4709 Do-

1987 4750 2132 4802 mino
2181 4755 2399 4817 propter
2444 4746 2633 4799 Filium
2683 4744 2844 4813 longo
2896 4744 3076 4798 auditu
3128 4744 3276 4797 vocis
3321 4745 3565 4809 advenit,

1989 4838 2147 4891 modo
2182 4844 2360 4890 autem
2394 4834 2668 4889 descendit
2703 4835 2769 4887 ad
2811 4850 2908 4887 nos
2934 4832 3092 4886 Pater
3122 4834 3232 4902 ipse
3257 4848 3378 4887 cum
3410 4832 3564 4887 Filio.

1993 4931 2204 4984 Plenior
2231 4942 2358 4996 ergo
2388 4928 2557 4996 gratia
2585 4936 2686 4991 est,
2720 4926 2807 4980 ubi
2834 4925 2990 4988 Deus,
3023 4940 3127 4978 non
3154 4934 3421 4995 assumpta
3451 4941 3569 4995 spe—

1986 5022 2101 5085 cie,
2132 5019 2407 5075 descendit
2447 5018 2514 5072 ad
2557 5018 2837 5082 homines,
2884 5014 2977 5070 scd
3018 5015 3232 5085 propria
3275 5016 3571 5070 substantia

1993 5245 2223 5298 sterium.
2250 5240 2432 5295 Codex
2462 5237 2712 5291 Laurent.
2736 5250 2791 5299 ι,
2823 5237 2874 5288 in
2901 5236 2999 5288 ista
3025 5251 3117 5305 per
3151 5235 3447 5304 mysterium
3475 5237 3570 5290 de-

1992 5316 2117 5367 licta
2138 5313 2365 5366 donauit.

2063 5393 2088 5421 ο
2117 5381 2248 5435 Cod.
2279 5380 2367 5443 90,
2396 5374 2969 5447 ubiquelordanisest;
2994 5373 3265 5447 itemcod.
3294 5372 3570 5441 Laurent.,

1989 5453 2173 5526 ubiqu_e
2199 5451 2336 5526 enim
2354 5442 2506 5526 nunc"
2528 5444 2781 5526 Christus,
2804 5445 2987 5526 ubique
3008 5442 3261 5526 dardanis
3286 5451 3385 5496 est.

2067 5515 2250 5577 t'Cod.
2281 5518 2425 5585 Vat.,
2451 5517 2505 5571 in
2531 5516 2645 5586 ipsa
2673 5515 2857 5568 virtute
2878 5515 3179 5576 divinitatis,
3211 5519 3320 5566 etc.

1987 5670 2054 5724 de
2078 5671 2360 5738 baptismo,
2384 5670 2436 5721 in
2458 5670 2555 5722 ista
2577 5667 2828 5738 mysteriis
2855 5664 3040 5738 delicta
3064 5664 3354 5738 donantur,-
3377 5677 3568 5738 scenae

1990 5740 2057 5793 di
2083 5731 2488 5812 sanctificationi
2520 5731 3065 5812 per'bcnedictionem
3093 5732 3375 5812 elementis
3398 5731 3568 5786 colla-

1986 5818 2075 5874 πίε,
2106 5811 2158 5863 in
2188 5809 2279 5863 illo
2306 5809 2592 5864 benedictio
2619 5810 2880 5891 confertur
2905 5809 3181 5885 mysteriis.
