4054 6190
450 364 451 367 “
472 363 578 419 559

1652 353 1724 407 ‘8.
1767 350 2011 406 MAXIM]
2054 351 2498 408 ΤΑυιιιλΕΝδιδ

3626 347 3735 401 ὃῦἱ)

471 467 852 529 cdescendere
896 468 1145 538 dignatur
1190 466 1257 521 ad
1306 463 1460 519 ﬁlios.
1498 461 1575 517 lbi
1611 460 1757 515 enim
1794 468 2047 528 tanquam
2079 475 2120 526 Α
2152 461 2296 530 quod
2365 461 2600 516 Joannes
2645 458 2861 531 petierit
2904 458 3106 514 Christi
3159 458 3485 529 baptismum
3532 468 3589 514 et
3636 477 3740 517 non

470 562 758 620 incredulis
788 559 942 615 (idem
970 557 1088 612 vult
1114 556 1278 626 signis
1306 552 1677 623 corporalibus
1703 548 2048 619 persuadere,

468 658 557 713 hic
585 665 837 723 tanquam
856 684 859 689 ‹
877 650 1118 705 ﬁdelibus
1155 649 1387 719 gratiam
1407 643 1675 716 spirituali
1700 643 1895 696 virtute
1923 656 2053 696 cor.-

469 748 627 803 ferre.
661 743 923 799 Plenioris
965 748 1093 810 ergo
1131 741 1320 810 gratiae
1367 745 1450 793 est
1487 737 1655 792 Deam
1700 733 1881 789 videre
1914 733 2052 787 sicut

467 848 551 896 est
578 839 737 903 Deus,
765 851 921 906 quam
952 834 1132 893 videre
1158 848 1280 888 eum
1329 831 1406 885 sic
1433 836 1492 884 ut
1518 827 1759 897 requiras
1786 840 1927 879 eum.
1954 823 2053 879 Hic

467 938 550 984 est
579 927 811 998 perfecta
852 925 1106 988 Trinitas,
1140 923 1212 977 ibi
1242 922 1415 976 adhuc
1442 915 1727 974 scrutanda
1768 914 2044 968 Divinitas.

468 1018 682 1072 Plenior
702 1016 862 1084 igitur
888 1023 974 1070 est
999 1014 1170 1082 gratia
1189 1010 1356 1065 Deum
1381 1005 1598 1079 propria
1626 1005 1824 1059 virtute
1849 1016 2050 1070 cogno-

466 1123 637 1174 scere,
658 1123 819 1177 quam
843 1106 897 1160 in
921 1112 1192 1174 assumpta
1215 1102 1394 1173 specie
1413 1098 1673 1169 suspicari
1694 1096 1744 1150 b.
1768 1095 2048 1150 Faciamus

466 1211 595 1265 ergo
623 1197 724 1266 ipsi
748 1211 846 1265 pro
876 1194 1031 1249 nobis
1057 1192 1200 1263 quod
1229 1191 1395 1246 Deum
1430 1187 1673 1243 videmus
1716 1184 1910 1239 fecisse
1948 1198 2046 1253 pro

465 1289 642 1352 nobis,
674 1287 929 1342 faciamus
954 1285 1095 1340 circa
1123 1298 1223 1338 nos
1248 1279 1398 1351 quod
1443 1278 1558 1334 ﬁeri
1594 1277 1737 1332 circa
1783 1289 1843 1329 se
1884 1273 2041 1344 43],

464 1377 697 1433 Joannes
716 1376 937 1445 optavit.
965 1385 988 1414 ο
1012 1374 1070 1429 Si
1095 1374 1206 1441 ille,
1227 1373 1319 1441 qui
1339 1377 1455 1447 erat
1480 1367 1762 1439 propheta,
1791 1364 2045 1433 magister

465 1474 521 1522 et
546 1474 776 1532 sanctus,
800 1463 1091 1519 Salvatoris
1109 1463 1433 1532 baptismum
1451 1457 1775 1528 concupivit,
1798 1456 1821 1492 α
1841 1461 2043 1524 quanto

464 1557 632 1625 magis
675 1562 986 1626 peccatores
1038 1569 1156 1617 nos,
1213 1552 1441 1607 humiles
1485 1557 1540 1604 et
1585 1546 1776 1617 ignari,
1817 1545 2044 1614 gratiam

462 1647 601 1701 hanc
627 1646 882 1701 debemus
919 1644 1140 1699 ambire.
1178 1641 1361 1696 Videte
1403 1636 1823 1694 misericordiam
1858 1634 2045 1689 Salva-

462 1737 593 1792 toris
619 1753 632 1789 :
664 1736 769 1791 hoc
796 1734 951 1790 nobis
979 1740 1170 1804 sponte
1202 1730 1461 1796 defertur,
1487 1726 1630 1796 quod
1656 1728 1920 1796 propheta
1954 1739 2044 1794 po-

2156 552 2442 621 acceperit,
2479 550 2735 605 debemus
2761 549 3207 604 animadvertere.
3241 547 3329 602 Ait
3353 549 3496 604 enim
3529 550 3604 604 illi
3634 551 3738 605 Do-

2154 641 2332 695 minus
2397 638 2687 710 postulanti
2728 657 2741 691 :
2777 638 2906 692 Siue
2941 638 3122 705 modo,
3160 638 3235 690 sic
3271 638 3408 690 enim
3456 637 3602 692 decet
3647 656 3738 693 nos

2151 730 2364 800 implere
2397 745 2598 782 onmem
2627 729 2882 798 justitiam
2920 727 3135 799 (Matth.
3182 728 3280 797 ιιι).
3317 725 3529 781 Scimus
3559 736 3737 782 autem

2151 819 2294 887 quod
2334 817 2571 872 Joannes
2598 818 2761 889 432
2795 817 3032 887 Baptista
3073 827 3260 888 typum
3304 817 3438 886 legis
3470 819 3737 885 gerebat:

2145 906 2347 974 justum
2373 921 2501 975 ergo
2521 914 2639 960 erat
2660 916 2717 960 ut
2738 907 2851 975 ipse
2877 906 3175 976 baptizaret
3194 906 3501 973 Dominum,
3530 907 3737 964 scilicet

2149 1006 2207 1051 ut
2234 997 2681 1065 quemadmodum
2709 997 2997 1052 secundum
3026 1014 3241 1053 carnem
3282 999 3347 1053 de
3379 997 3578 1054 Judmis
3604 1000 3729 1057 Sal-

2146 1097 2303 1143 vator
2330 1096 2412 1143 est
2438 1090 2667 1157 genitus,
2700 1090 2772 1143 ita
2814 1098 2869 1145 et
2906 1091 3197 1146 secundum
3225 1094 3472 1162 spiritum
3518 1093 3588 1148 de
3617 1096 3735 1164 lege

2147 1178 2492 1247 Evangelium
2534 1188 2861 1245 nasceretur,
2892 1187 2950 1234 ut
2978 1181 3121 1235 unde
3146 1184 3545 1237 successionem
3571 1183 3735 1238 duce-

2144 1272 2238 1327 bat
2283 1272 2521 1339 originis,
2572 1272 2764 1327 exinde
2812 1281 2867 1326 et
2918 1273 3261 1329 traditionem
3310 1278 3735 1333 consecrationis

2149 1360 2437 1429 acciperet.
2489 1359 2600 1415 Hoc
2630 1369 2712 1415 est
2758 1362 2917 1426 igitur
2944 1363 3086 1432 quod
3131 1365 3204 1418 ait
3237 1383 3250 1417 :
3285 1364 3375 1419 Sic
3412 1369 3552 1420 enim
3592 1368 3733 1421 decet

2148 1467 2242 1504 nos
2281 1452 2491 1522 implere
2536 1469 2736 1505 omnem
2771 1453 3053 1523 justitiam.
3097 1455 3301 1510 Justum
3339 1458 3483 1512 enim
3523 1468 3639 1514 erat
3673 1468 3733 1515 ut

2147 1540 2394 1594 mandata
2431 1542 2561 1610 legis
2601 1559 2719 1612 quae
2759 1545 2872 1613 ipse
2910 1546 3225 1602 condiderat
3261 1549 3374 1619 ipse
3411 1553 3729 1622 compleret,

2147 1633 2288 1687 sicut
2325 1634 2449 1688 alibi
2488 1635 2613 1689 dicit
2647 1654 2659 1687 :
2697 1634 2816 1689 Non
2853 1637 2964 1691 veni
3007 1637 3201 1693 solvere
3228 1640 3410 1710 legem,
3444 1642 3536 1696 sed
3562 1643 3731 1697 adius.

2185 1726 2289 1780 lere
2318 1725 2478 1794 (Ibid.

462 1737 593 1792 toris
619 1753 632 1789 :
664 1736 769 1791 hoc
796 1734 951 1790 nobis
979 1740 1170 1804 sponte
1202 1730 1461 1796 defertur,
1487 1728 1630 1796 quod
1656 1728 1920 1796 propheta
1954 1739 2044 1794 po-
2151 1728 2289 1796 plere
2318 1728 2504 1796 (Ibid.)

461 1825 667 1881 stulans
703 1840 810 1880 non
839 1832 1075 1880 meretur
1108 1821 1371 1891 accipere.
1398 1817 1534 1885 Quid
1564 1822 1744 1872 autem
1775 1830 1951 1871 causa:
1979 1814 2050 1869 sit
2084 1800 2124 1857 Β

1847 1902 2113 1964 SERMO
2162 1904 2209 1962 Χ
2224 1904 2246 1963 I
2259 1902 2325 1962 ι’.

1783 2002 1862 2059 De
1896 2004 2101 2075 jejunio
2144 2007 2391 2074 generali.

1892 2092 2281 2149 ADMONITIO.

531 2198 571 2251 λ
601 2196 803 2251 clariss.
832 2196 951 2250 viro
970 2192 1125 2249 loan.
1157 2190 1436 2265 Dominico
1464 2188 1631 2243 Maria
1660 2186 1866 2241 Mansio
1892 2185 2035 2265 (_1_ler.
2050 2186 2199 2265 “lies.
2225 2200 2264 2265 ai
2277 2184 2444 2265 Matre
2471 2187 2592 2265 Dei,
2616 2196 2803 2265 postea
2829 2188 3014 2265 patriae
3040 2204 3150 2245 suae
3178 2191 3585 2265 archiepiscopo
3609 2210 3726 2252 me-

456 2267 941 2337 ritissimo,_erntus
966 2265 1199 2337 primum
1238 2260 1335 2314 fuit
1362 2260 1685 2337 hicmseih'mg
1715 2272 1783 2337 eg
1826 2256 2023 2337 codice.
2049 2253 2367 2337 85.capitui.
2409 2257 2539 2337 ccci.
2573 2253 2847 2337 Lucensis,
2879 2258 3159 2337 editasque
3187 2263 3241 2337 in
3269 2253 3567 2337 appendiee
3588 2282 3721 2336 opp.

456 2326 939 2405 Stephani'Baluzii
970 2326 1108 2387 'tom.
1140 2330 1204 2392 Il,
1233 2342 1362 2451 pagii
1386 2328 1506 2410 iiii,
1548 2327 1604 2381 S.
1637 2326 1852 2408 hlaitimi
1882 2326 2097 2379 nomine
2134 2326 2433 2392 insignitus.
2466 2326 2574 2408 Nos
2609 2335 2840 2396 quatuor
2867 2326 3091 2410 aiiorum
3118 2326 3365 2386 codicum
3399 2326 3727 2390 testimoni-is

456 2404 703 2451 nermnti-
736 2404 876 2451 illius
898 2409 1172 2451 auctorem
1212 2399 1269 2451 S.
1369 2413 1603 2451 axnnum
1643 2397 1898 2451 dicimus:
1945 2395 2050 2449 hoc
2090 2402 2172 2450 est
2215 2394 2439 2449 duorum
2476 2396 2604 2451 bibl.
2663 2397 3033 2451 Laurentianze
3068 2415 3086 2451 ι
3126 2398 3266 2451 Plut.
3296 2417 3386 2451 χειν
3412 2418 3535 2451 nan-
3562 2404 3664 2451 120
3688 2420 3723 2451 a

454 2399 704 2473 permoti,
736 2404 876 2458 illius
898 2409 1172 2473 auctorem

454 2464 623 2540 tergo,
653 2464 873 2527 secundi
902 2470 1005 2523 174
1032 2469 1158 2540 bibl.
1192 2468 1320 2540 olim
1346 2467 1510 2540 itcdil.
1534 2475 1763 2540 metrop.
1807 2465 1939 2540 eccl.
1982 2464 2324 2540 florentium,
2354 2465 2492 2520 tertii
2521 2466 2649 2540 bibi.
2688 2475 2991 2535 congregat.
3036 2468 3233 2526 Montis
3260 2464 3452 2540 Olivet.

1369 2398 1603 2471 animum
1643 2397 1917 2471 dicimus;_
1945 2395 2050 2471 hoc
2090 2402 2172 2450 est
2205 2394 2439 2471 _duurum
2461 2394 2641 2471 bibl-2'
2663 2397 3086 2471 Laurentianzei
3126 2398 3386 2471 Pluttxiv
3412 2418 3535 2471 pag.
3562 2404 3664 2457 120
3688 2420 3725 2459 a

3533 2474 3714 2542 eapol.

452 2532 574 2611 pag.
594 2532 709 2621 _I00
735 2541 910 2621 quarti
950 2537 1169 2621 tandem
1199 2535 1562 2621 'i‘auririensis.
1601 2535 1682 2588 Ab
1710 2532 1958 2621 omnibus
2073 2532 2643 2621 .Maximusnsermoiii's
2670 2532 2857 2592 auctor
2883 2532 3360 2621 nuncupaturtsed
3377 2557 3517 2621 poti
3531 2532 3724 2621 omnes

451 2603 698 2666 cumdem
725 2603 935 2664 titulum
959 2608 1178 2662 habent.
1208 2606 1265 2660 In
1286 2606 1482 2678 codice
1512 2604 1738 2678 Lucensi
1773 2603 1893 2678 :“De
1914 2604 2117 2678 jejunio
2156 2606 2382 2678 generali
2412 2605 2718 2678 inscribitur
2740 2622 2951 2678 sermo;
2984 2607 3037 2678 in
3064 2603 3286 2678 reliquis
3318 2626 3331 2661 :
3364 2610 3445 2664 De
3473 2608 3723 2674 Quadra-

484 2682 663 2734 esima.
696 2679 804 2734 Nos
833 2695 938 2749 non
968 2692 1129 2749 quam
1164 2674 1454 2749 praeierunt
1480 2674 1670 2749 reliqui
1698 2673 1911 2749 codices
1940 2673 2341 2749 inscriptionem
2366 2675 2684 2749 suscipimus
2706 2675 2817 2749 _De_
2841 2673 3286 2749 Quadragesima,
3301 2679 3399 2733 sed
3429 2673 3508 2734 ex,
3525 2680 3718 2749 codice

425 2740 708 2814 .Lucensi,
736 2746 882 2817 quod
924 2740 1026 2817 hac
1061 2747 1113 2817 in
1150 2740 1410 2817 concione
1454 2760 1560 2798 non
1587 2740 1654 2798 de
1683 2743 1922 2817 speciali
1932 2740 2139 2817 jejunio
2179 2740 2608 2817 Quadragesiinm
2635 2745 2744 2817 agit
2784 2745 2841 2800 S.
2870 2740 3163 2813 Maxim'us,
3195 2740 3290 2804 sed
3316 2751 3611 2817 generatim
3638 2748 3718 2805 de

422 2838 425 2841 λ
451 2820 647 2874 virtute
676 2811 977 2886 meritoque
998 2814 1207 2885 jejunii,
1229 2813 1373 2882 quod
1401 2822 1582 2867 tamen
1608 2811 2052 2880 quadragesimali
2075 2811 2411 2866 abstinentia:
2431 2811 2722 2869 convenire
2749 2823 2946 2885 potest.

450 2931 836 2984 ABGUIENTUM.
866 2956 939 2966 ——
960 2924 1039 2979 De
1062 2925 1209 2994 lapsu
1245 2924 1371 2994 Ada:
1398 2923 1577 2992 cupidi
1607 2922 1803 2976 sciendi
1831 2921 1949 2994 lieni
1975 2928 2026 2974 et

515 3000 659 3052 ntali.
685 2998 745 3052 Si
773 2997 862 3051 ille
887 2991 1403 3064 peccavit'rgusttytdo,
1426 2991 1516 3064 cur
1542 3008 1645 3045 non
1675 3008 1779 3064 ego
1797 2991 2028 3064 placeam

522 3059 937 3137 jejunando?-1u
962 3059 1211 3137 paradiso
1246 3060 1492 3137 Ecclesia:
1519 3059 1781 3114 constituti
1808 3059 2028 3113 manda~

518 3130 626 3191 tu'm
651 3137 941 3205 accepimus
964 3130 1019 3186 ut
1048 3133 1210 3203 legem
1231 3130 1420 3203 jejuni:
1449 3145 1819 3184 conservemus.
1856 3168 1861 3173 .

516 3289 670 3357 Saepe
699 3286 997 3342 intimatum
1027 3295 1110 3339 est
1137 3282 1354 3337 auribus
1381 3279 1572 3335 vestris
1597 3290 1619 3314 θ
1642 3286 1752 3331 tam
1781 3277 1847 3332 de
1884 3275 2027 3331 Scri-

446 3380 617 3450 pturis
644 3377 838 3433 divinis
863 3391 1023 3446 quam
1081 3389 1147 3429 ex
1183 3369 1651 3444 prmdieationibus
1686 3368 1883 3422 nostris
1920 3366 2031 3436 pri-

445 3485 585 3525 mam
623 3469 679 3523 in
700 3466 877 3522 ’Adam
913 3465 1078 3520 fuisse
1105 3460 1361 3533 peccandi
1390 3459 1602 3529 culpam
1638 3457 1654 3495 ί
1691 3457 1885 3512 mentis
1913 3457 2029 3510 ille-

443 3561 691 3627 cebram,
749 3565 805 3614 et
857 3572 1071 3612 causam
1119 3554 1502 3622 ‘delinquentim
1567 3551 1836 3607 exstitisse
1892 3563 2028 3604 escae

443 3649 767 3720 cupidinem.
811 3647 942 3701 Dum
974 3644 1117 3700 enim
1148 3645 1288 3698 inter
1314 3649 1397 3697 tot
1435 3641 1668 3712 paradisi
1694 3640 1878 3711 epulas
1903 3652 2025 3709 pre-

443 3739 608 3793 tiosas
632 3746 656 3784 ε
686 3736 843 3791 unius
872 3733 1204 3789 abstinentiae
1231 3732 1403 3787 noluit
1428 3733 1716 3786 observare
1738 3730 2020 3800 jejunium,

426 3838 753 3886 [cunctarum
781 3826 1088 3880 deliciarum
1129 3824 1356 3892 perdidit
1385 3821 1412 3859 ιι
1439 3823 1788 3886 voluntatem,
1817 3828 1874 3875 et
1900 3820 2029 3874 ami-

441 3920 513 3974 sit
553 3929 807 3972 eoncessa
848 3913 974 3967 dum
1029 3912 1338 3981 concupivit
1374 3912 1574 3965 illicita.
1616 3908 1716 3977 Qui
1745 3911 1927 3980 utique
1978 3910 2025 3963 si

442 4008 602 4062 unius
648 4005 752 4061 cibi
800 4004 1174 4058 abstinentiam
1217 4003 1536 4066 tolerasset,
1587 4018 1695 4056 non
1748 4009 2023 4057 tantorum

440 4099 706 4154 bonorum
747 4092 1006 4165 jejunusi
1042 4095 1341 4157 exstiterat.
1376 4092 1527 4148 Unde
1553 4108 1669 4159 nos,
1694 4091 1901 4157 fratres,
1931 4107 2024 4147 co-

439 4195 754 4259 gnoscentes
781 4186 833 4241 in
865 4193 1086 4240 auctore
1115 4193 1299 4240 nostro
1331 4184 1509 4239 delicti
1556 4197 1792 4247 causam,
1829 4197 2019 4251 ampu-

437 4288 612 4334 temus
639 4291 669 4331 a
700 4276 854 4332 nubis
887 4275 1187 4332 occasionis
1226 4274 1501 4331 offensam.
1544 4272 1612 4327 Et
1653 4271 2019 4342 cupiditatem,

438 4383 600 4438 quam
628 4367 719 4422 ille
751 4367 765 4417 ἰ
799 4374 950 4421 extra
978 4365 1214 4419 mandati
1244 4364 1482 4420 extendit
1509 4364 1721 4429 lineam,
1755 4377 1853 4417 nos
1881 4361 2019 4415 intra

436 4456 691 4527 prtccepti
714 4456 999 4510 terminum
1022 4464 1320 4519 teneamus,
1353 4469 1451 4510 nec
1481 4455 1767 4524 patiamur,
1785 4459 2020 4522 propter

435 4547 735 4603 brevissimi
776 4546 1034 4615 temporis
1080 4545 1276 4600 indicta
1307 4544 1532 4614 jejunia,
1564 4545 1729 4600 totius
1763 4544 1887 4599 vita:
1915 4557 2014 4599 nos

434 4639 658 4707 perdere
697 4639 1045 4693 suavitatem.
1083 4637 1138 4692 Si
1187 4638 1276 4693 ille
1309 4638 1552 4708 peccavit
1598 4637 1882 4706 gustando,
1921 4652 2016 4691 cur

434 4744 540 4785 non
569 4745 671 4799 ego
698 4731 939 4800 placeam
975 4731 1305 4799 jejunando?
1341 4730 1399 4785 Si
1437 4731 1511 4785 illi
1540 4746 1662 4787 esea
1703 4731 1906 4786 exstitit
1945 4729 2013 4785 ad

435 4831 692 4889 mortem,
735 4839 830 4879 cur
867 4839 974 4878 non
1012 4823 1141 4877 mihi
1189 4824 1509 4879 abstinentia
1538 4824 1747 4895 prolicit
1776 4825 1842 4880 ad
1871 4824 2014 4879 salu-

434 4912 576 4964 tem?
604 4911 864 4982 lnsipiens
885 4916 1045 4985 plane
1066 4923 1149 4970 est
1167 4915 1257 4983 qui
1282 4929 1382 4971 nec
1406 4915 1684 4970 instruitur
1709 4915 2007 4985 praeceptis,

436 5013 536 5054 nec
559 4999 781 5056 docetur
808 5007 1085 5077 exemplis.
1116 5006 1308 5062 Videte
1338 5006 1516 5075 igitur,
1549 5009 1593 5062 si
1622 5024 1727 5062 non
1757 5008 1862 5062 tale
1884 5022 2011 5077 pra:-

505 5183 528 5210 "
558 5172 691 5228 Cod.
725 5173 811 5248 99A
829 5174 885 5230 S.
924 5175 1110 5248 Crucis
1138 5179 1190 5234 in
1218 5179 1350 5242 Jer.,
1376 5178 1467 5232 sed
1495 5181 1702 5248 propria
1724 5177 2010 5231 substantia

433 5244 677 5316 dignatur
703 5246 871 5316 venire
898 5247 967 5298 ad
993 5249 1148 5315 ﬁlios.
1177 5248 1308 5303 Cod.
1342 5264 1469 5303 vero
1496 5244 1565 5301 90
1591 5244 1751 5302 habet
1769 5248 1860 5301 sed
1883 5264 2006 5316 pro-

432 5312 545 5381 pria
566 5312 853 5367 substantia
872 5312 1114 5385 dignatur
1132 5318 1202 5370 ad
1226 5318 1382 5388 ﬁlios,
1407 5329 1508 5372 etc.

503 5382 529 5420 ι’
559 5382 657 5437 llic
683 5383 878 5438 desinit
901 5398 1079 5439 sermo
1108 5387 1160 5439 in
1190 5388 1308 5441 eod.
1341 5387 1460 5443 Vat.

508 5450 693 5524 ςροά,
725 5451 793 5524 90
818 5452 874 5507 S.
906 5451 1093 5524 Crucis
1119 5457 1350 5524 supplet.

501 5520 526 5558 ἀ
559 5520 683 5577 Haec
725 5523 886 5576 etiam
933 5522 1094 5592 habet
1134 5520 1304 5578 codex
1333 5525 1399 5577 99
1424 5525 1480 5579 S.
1511 5524 1713 5587 Crucis,
1744 5523 1837 5578 sed
1864 5538 2003 5592 quo-

433 5590 793 5664 niamminori
822 5600 877 5647 et
902 5591 1148 5664 νίγίάῇοή
1175 5593 1483 5648 charactere
1521 5605 1644 5649 sunt
1681 5590 2001 5664 conscripta,

428 5661 628 5732 additio
659 5662 757 5732 illa
780 5661 1064 5732 posteriori
1092 5668 1334 5729 tempore
1362 5663 1497 5732 facta
1528 5664 1752 5719 videtur.

508 5740 530 5768 ε
557 5730 689 5788 Cod.
721 5723 885 5803 Neap.
919 5729 1065 5785 addit
1094 5723 1282 5801 fratres
1312 5723 1585 5809 carissimi.

2132 2928 2348 2993 ceptum
2387 2924 2543 2980 nobis
2576 2924 2736 2980 datur
2772 2942 2895 2982 cum
2934 2929 3256 2998 renascitur,
3284 2929 3441 2998 quale
3479 2929 3608 2986 Ada:
3634 2939 3724 2987 est

2132 3016 2364 3084 positum
2401 3032 2524 3071 eum
2562 3026 2777 3073 creatus
2813 3027 2914 3074 est.
2957 3020 3162 3076 Dicitur
3199 3020 3340 3075 enim
3381 3021 3557 3089 nobis,
3596 3031 3721 3082 tan-

2132 3119 2293 3172 quam
2337 3106 2390 3159 in
2443 3105 2752 3163 deliciarum
2801 3109 3050 3178 paradiso
3094 3111 3416 3173 constitutis,
3461 3118 3518 3167 et
3555 3129 3723 3184 super

2055 3235 2102 3295 Ο
2138 3194 2159 3231 ¹ι
2192 3196 2403 3252 Domitii
2452 3198 2685 3254 fontibus
2727 3201 3041 3257 ammnitate
3086 3203 3505 3271 quiescentibus,
3545 3212 3606 3260 ut
3649 3222 3723 3263 ex

2132 3286 2369 3340 omnium
2416 3288 2677 3343 virtutum
2726 3288 2987 3346 fructibus
3033 3292 3356 3362 accipiamus
3409 3294 3608 3362 cibum,
3648 3296 3723 3351 de

2130 3374 2244 3429 sola
2282 3376 2485 3431 sciendi
2522 3378 2651 3433 boni
2689 3385 2746 3433 et
2783 3379 2910 3433 mali
2957 3380 3236 3436 arbuscula
3275 3396 3381 3436 non
3412 3392 3713 3450 gustemus.

2129 3466 2259 3535 Quis
2286 3466 2380 3520 tali
2408 3467 2523 3535 lege
2552 3476 2835 3523 contentus
2862 3469 2952 3535 sit,
2983 3486 3092 3525 uno
3117 3471 3406 3536 abstinere,
3443 3481 3503 3526 ut
3544 3474 3719 3543 pluri-

2127 3572 2273 3610 mum
2306 3556 2638 3611 delectetur?
2676 3556 2687 3594 ³
2726 3557 2977 3624 Arbusta,
3002 3560 3238 3628 inquam,
3268 3560 3475 3615 sciendi
3501 3562 3629 3617 boni
3660 3572 3720 3618 et

2126 3646 2252 3700 mali
2284 3645 2553 3701 abstinere
2594 3647 2961 3718 praecipimur;
3004 3665 3123 3719 qua:
3151 3650 3431 3706 arbuscula
3461 3653 3532 3706 sit
3559 3652 3721 3708 debe—

2127 3753 2246 3792 mus
2271 3737 2588 3805 intelligere.
2630 3737 2762 3793 Nam
2791 3740 2974 3810 utique
3015 3741 3060 3795 si
3099 3742 3270 3797 sancti
3300 3742 3716 3813 disciplinarum

2125 3826 2386 3882 fructibus
2431 3827 2760 3896 saginantur,
2810 3843 2929 3898 qua:
2973 3838 3058 3884 est
3101 3830 3382 3886 arbuscula
3428 3833 3714 3888 interdicta

2120 3914 2299 3983 justo,
2343 3916 2447 3971 nisi
2498 3917 2911 3987 indisciplinatio
2953 3920 3259 3974 saecularis?
3305 3920 3545 3990 Quisque
3591 3932 3714 3993 poet

2125 4013 2397 4074 acceptam
2438 4007 2662 4074 gratiam
2712 4009 3006 4074 gustaverit
3054 4008 3121 4062 de
3173 4009 3390 4064 lascivia
3440 4011 3711 4075 saeculari,

2124 4096 2319 4166 accipit
2343 4095 2470 4151 boni
2499 4096 2731 4165 malique
2760 4096 3064 4153 discrimen.
3096 4098 3287 4167 Incipit
3312 4098 3455 4151 enim
3485 4100 3628 4153 scire
3652 4108 3712 4154 et

2124 4189 2282 4260 5,33
2328 4188 2454 4259 quid
2506 4188 2804 4244 sanctitatis
2842 4189 3080 4244 amiserit
3125 4196 3179 4244 et
3215 4188 3341 4258 quid
3382 4189 3703 4258 perditionis

2124 4279 2386 4335 inciderit.
2415 4278 2530 4334 Non
2551 4279 2694 4348 quod
2722 4280 2894 4349 ipsam
2923 4280 3168 4335 notitiam
3196 4280 3400 4335 homini
3423 4281 3554 4349 ligni
3576 4296 3709 4351 pm-

2121 4376 2228 4423 stet
2271 4377 2472 4436 gustus,
2523 4368 2618 4424 sed
2672 4368 2817 4437 quod
2867 4369 3193 4425 conscientia
3245 4371 3506 4425 innocens
3553 4380 3708 4437 erat;

2122 4465 2466 4528 posteaquam
2514 4459 2719 4528 polluta
2764 4466 2864 4525 est,
2913 4466 2969 4514 et
3014 4460 3157 4515 bona
3197 4459 3361 4515 dellet
3394 4460 3625 4531 perdita;
3652 4470 3713 4516 et

2120 4550 2259 4603 mala
2297 4549 2595 4617 ingemiscit
2623 4547 2870 4604 admissa.
2914 4548 3258 4605 Immaculata
3296 4558 3476 4605 autem
3502 4551 3615 4604 vita
3640 4565 3717 4607 ac

2121 4640 2342 4695 scientia
2366 4656 2475 4694 non
2492 4649 2733 4705 tenetur;
2763 4656 2976 4710 semper
2997 4641 3140 4695 enim
3165 4648 3349 4695 saneta
3370 4640 3455 4695 vel
3476 4640 3711 4710 simplex

2121 4737 2273 4799 putat
2311 4730 2415 4784 hoc
2458 4729 2630 4784 solum
2678 4729 2730 4783 in
2774 4727 2988 4786 homine
3027 4745 3165 4797 esse,
3195 4730 3338 4799 quod
3375 4746 3568 4799 purum
3596 4739 3712 4785 est.

2118 4821 2380 4876 Caeterum
2411 4821 2629 4876 lascivia
2654 4823 2796 4876 male
2824 4823 3052 4892 peritum
3081 4821 3255 4877 reddit
3283 4822 3571 4892 plurimum
3604 4836 3719 4890 per

2119 4911 2502 4982 experientiam
2532 4919 2894 4982 peccatorum.
2912 4911 3126 4966 Bonum
3154 4918 3237 4966 est
3263 4911 3425 4979 igitur
3445 4907 3721 4965 Christia-

2118 5018 2188 5057 no
2215 5002 2568 5057 rusticitatem
2603 5002 2803 5058 habere
2837 5010 3097 5068 sanctam,
3128 5016 3292 5073 quam
3319 5000 3565 5057 notitiam
3590 4999 3721 5056 eri-

2191 5175 2207 5213 ‘
2238 5175 2382 5230 Idem
2403 5175 2546 5240 cod.,
2572 5178 2761 5230 uentris
2781 5190 2880 5245 pro
2904 5175 3105 5245 mentis.

2157 5256 2209 5326 ,Β
2235 5245 2382 5300 Idem
2407 5245 2554 5311 cod.,
2584 5245 2735 5300 unius
2765 5241 3052 5299 arbuscula:
3078 5244 3242 5298 noluit
3262 5242 3526 5299 observare
3544 5241 3719 5314 jeju-

2112 5330 2273 5369 nium.

2181 5382 2208 5421 ιι
2241 5385 2345 5447 AL,
2377 5384 2710 5452 voluptatem.

2184 5452 2201 5491 ί
2240 5455 2343 5516 ΑΙ..
2373 5453 2669 5507 exstitisset.

2183 5525 2196 5591 ἰ
2236 5522 2367 5578 Cod.
2400 5522 2592 5591 Neap.,
2620 5523 2757 5576 ultra
2787 5522 3020 5576 mandati
3042 5520 3270 5576 extendit
3296 5521 3501 5574 lineam.

2180 5590 2204 5662 ξι
2236 5591 2368 5646 Cod.
2397 5590 2583 5662 Neap“
2609 5592 2854 5662 dominici
2886 5593 3043 5662 fontis
3065 5591 3379 5644 ammttitate.

2182 5660 2197 5698 ἲ
2233 5661 2366 5716 Cod.
2398 5656 2585 5729 Neap,
2618 5656 2924 5720 Arbuscula,
2956 5662 3185 5729 inquam,
3217 5660 3410 5713 sciendi
3432 5656 3629 5708 bonum
3663 5668 3727 5712 (ι

2110 5749 2157 5786 nt
2174 5734 2300 5785 ilum
2322 5731 2594 5784 abstinere.
