4054 6190
329 319 426 375 εςῦι

1755 313 1982 370 SERMO
2027 318 2131 371 XV.

3481 347 3586 400 562
3612 361 3614 363 ·

325 435 605 488 ηήηοεθω,
641 437 666 466 ιι
707 427 1002 482 Arbuscula
1049 425 1101 480 in
1156 440 1261 495 qua
1299 425 1576 482 sciendum
1616 425 1814 480 bonum
1849 435 1904 482 et
1930 434 1976 489 Α
2008 433 2172 501 tificat
2218 435 2471 490 civitatem
2511 437 2610 492 Dei
2656 439 2829 512 (Psat.
2881 445 3025 516 xu).
3077 445 3398 504 Lmtilicatur
3441 457 3582 509 enim

323 522 541 583 malum,
568 520 694 574 nolo
719 517 880 572 talem
907 515 1172 586 peritiam.
1196 515 1331 581 Quid
1356 515 1499 570 enim
1519 515 1738 584 prodest
1762 517 1901 572 scire

317 611 462 680 quod
492 611 632 664 scire
662 625 766 662 non
803 607 1042 677 prodest,
1063 606 1091 644 ι)
1118 605 1261 674 quod
1288 621 1447 661 nosse
1476 607 1768 676 prcniteat?
1794 606 1898 661 Ta-

319 703 424 758 lem
468 701 612 755 enim
657 699 913 753 Dominus
950 697 1003 751 in
1039 697 1289 751 Ecclesia:
1323 697 1668 751 tabernaculo
1697 698 1898 751 homini

315 794 492 860 legem
523 790 769 853 instituit,
792 788 1004 856 qualem
1036 787 1089 840 in
1119 786 1350 856 paradisi
1379 787 1716 854 possessione
1742 802 1896 840 man-

311 885 480 939 davit.
517 881 802 936 Paradisus
827 880 968 934 enim
990 886 1072 933 est
1099 878 1339 933 Ecclesia
1373 877 1701 933 diversarum
1730 879 1894 933 virtu—

311 983 450 1039 tum,
479 973 592 1027 sive
620 973 870 1025 arborum
901 971 1208 1025 amoenitate
1237 978 1501 1039 protecta,
1533 969 1686 1038 cujus
1711 984 1742 1023 e
1768 983 1892 1036 gre-

308 1069 423 1120 mio
455 1074 706 1134 tanquam
729 1063 1081 1118 lucidissimus
1103 1061 1221 1117 fons
1248 1062 1490 1116 Christus
1518 1061 1808 1130 egreditur,
1839 1069 1894 1116 et

307 1158 377 1211 ad
409 1158 577 1210 instar
617 1156 846 1225 paradisi
887 1155 1049 1209 veluti
1087 1155 1140 1208 in
1179 1163 1410 1222 quatuor
1449 1155 1889 1222 evangelistarum

306 1248 530 1302 ﬂumina
557 1247 885 1300 derivantur.
934 1245 1096 1316 434
1131 1245 1330 1299 Fluviis
1371 1245 1512 1299 enim
1549 1244 1891 1314 comparandi

303 1339 458 1393 beati
486 1338 719 1406 apostoli
746 1345 801 1391 et
828 1337 1163 1403 evangelista:
1191 1343 1333 1402 sunt,
1363 1336 1486 1404 quia
1511 1336 1766 1390 doctrinae
1794 1351 1890 1389 eo-

299 1445 429 1483 rum
472 1429 661 1497 spiritu
705 1428 868 1481 totius
915 1428 1084 1496 plebis
1122 1427 1287 1508 facies
1327 1428 1595 1494 irrigatur.
1627 1426 1780 1480 Nulla
1809 1434 1891 1480 est

297 1520 451 1574 enim
477 1519 655 1572 anima
675 1517 976 1572 Christiana
999 1534 1118 1586 qua:
1137 1518 1204 1572 de
1228 1519 1674 1586 evangelistarum
1703 1525 1890 1575 sancto

299 1609 454 1665 fonte
486 1625 593 1663 non
623 1609 852 1663 hauriat.
884 1608 1043 1662 Velut
1080 1608 1276 1662 flumen
1314 1609 1473 1678 plane
1501 1625 1619 1663 esse
1648 1608 1890 1676 Evange-

2004 523 2192 579 civitas
2218 525 2436 592 Christi,
2469 545 2588 584 cum
2621 533 2670 586 in
2699 549 2762 589 ea
2791 536 3048 592 doctrinae
3080 541 3399 608 evangelica:
3427 559 3584 600 cursu

2003 616 2230 684 populus
2251 617 2560 684 purificatus
2591 623 2875 691 invehitur,
2909 635 2962 681 et
2989 629 3223 698 quodam
3253 631 3585 700 prtulicatio-

2003 704 2084 759 nis
2113 705 2314 775 impetu
2346 711 2586 779 repletur
2614 715 2733 768 aula
2769 717 2883 786 ejus
2909 723 3234 776 commercio
3263 725 3580 782 sanctitatis.

2003 792 2278 866 Laetificat,
2310 800 2545 869 inquam,
2578 804 2671 858 Dei
2703 807 2970 864 civitatem
3001 814 3291 880 evangelici
3317 826 3340 854 ε
3377 831 3582 871 sermo-

2000 888 2084 943 nis
2112 887 2358 957 impetus,
2401 893 2492 959 qui
2533 895 2805 964 aliquanta
2852 900 2905 954 in
2954 917 3015 956 ea
3058 903 3276 969 invehit,
3310 906 3580 975 aliquanta

1999 975 2265 1046 puriﬁcat.
2317 979 2522 1035 Invehit
2554 983 2774 1051 justitiae
2815 993 3147 1061 margaritas,
3177 996 3362 1051 sordes
3391 999 3582 1067 nequi-

1997 1069 2086 1122 tia:
2113 1069 2524 1140 circumpurgat.
2554 1074 2710 1144 Ergo,
2740 1077 2952 1150 fratres,
2979 1091 3233 1153 tanquam
3256 1088 3309 1140 in
3329 1089 3578 1158 paradiso

2001 1158 2254 1214 Ecclesia:
2290 1165 2569 1218 constituti
2612 1169 2919 1225 mandatum
2966 1177 3286 1245 accepimus,
3319 1187 3377 1232 ut
3405 1180 3574 1247 legem

1990 1251 2177 1321 jejunii
2206 1269 2605 1314 conservemus.
2637 1260 2746 1316 Nec
2779 1265 3125 1333 quadraginta
3151 1268 3358 1323 dierum
3386 1287 3575 1325 conse-

1995 1352 2200 1398 cratum
2247 1361 2526 1402 numerum
2567 1353 2652 1405 vel
2698 1363 2854 1421 gustu
2905 1359 3050 1412 tenui
3099 1360 3399 1431 violemus,
3449 1365 3572 1432 quia

1993 1433 2252 1491 Dominus
2291 1453 2396 1492 non
2443 1443 2726 1498 saturitate
2761 1446 2984 1512 lzcditur,
3017 1450 3109 1504 sed
3151 1455 3575 1521 transgressione

1991 1521 2123 1591 legis
2169 1524 2475 1581 offenditur.
2528 1528 2766 1599 Denique
2816 1534 2982 1591 Adam
3039 1541 3106 1594 ab
3159 1543 3574 1599 immortalitatis

1989 1614 2178 1680 gratia,
2203 1631 2326 1671 mox
2354 1625 2542 1673 contra
2573 1621 2793 1676 vetitum
2824 1629 3074 1696 gustavit,
3106 1638 3160 1684 et
3190 1631 3400 1686 cecidit.

297 1700 454 1764 lium,
478 1699 545 1753 de
573 1714 681 1769 quo
701 1705 756 1753 et
783 1698 839 1752 S.
866 1698 1034 1753 David
1060 1699 1188 1755 dicit
1221 1717 1232 1752 :
1264 1698 1522 1754 Fluminis
1548 1701 1766 1766 impetus
1791 1700 1884 1754 ιω-
1920 1693 1966 1751 Β

1028 1776 1061 1796 ’⁵
1711 1792 1980 1854 SERMO
2025 1796 2165 1856 XV.

442 1889 524 1944 De
554 1887 960 1961 Quadragesima
987 1887 1036 1943 I.
1060 1922 1131 1933 —
1160 1889 1239 1944 De
1254 1891 1455 1962 jejunio
1484 1890 1692 1946 Domini
1720 1892 1772 1944 in
1797 1893 2016 1980 deserto,
2041 1903 2088 1947 et
2111 1896 2368 1964 quodnon
2401 1899 2451 1952 in
2478 1900 2588 1954 solo
2612 1919 2746 1971 pane
2776 1907 2890 1960 vivit
2913 1907 3064 1963 homo
3096 1909 3309 1980 (Matth.
3339 1913 3432 1979 tv).

1743 1979 2138 2037 ADMONITIO.

364 2071 463 2126 Est
493 2072 580 2153 hic
602 2087 780 2159 serm_o
811 2073 864 2153 i_n
892 2071 1184 2159 appendice
1212 2071 1278 2159 ad
1306 2087 1470 2159 opera
1585 2071 1858 2159 ambrosii
1887 2073 2288 2159 tom_._lV,.p.ag.
2321 2081 2443 2159 529)
2472 2099 2609 2159 nunc
2640 2085 2928 2159 vigesimus
2952 2091 3226 2159 septimus,
3252 2109 3314 2149 ac
3336 2093 3404 2148 de
3428 2093 3566 2158 Qua-
3593 2109 3623 2133 ο

288 2142 599 2209 dragesima
646 2141 974 2197 undecimus.
1023 2141 1273 2222 Monachi
1315 2143 1745 2224 congregationis
1761 2141 2262 2224 .SanctiuMapri'id
2276 2141 2605 2224 praefatione
2633 2141 3568 2218 adveumdemsermonemvm'edibite

288 2213 550 2292 aiunt,.et
588 2212 750 2302 ἥλιξιεέ
772 2221 825 2302 et
846 2228 966 2302 eum
995 2212 1085 2302 qui
1123 2211 1364 2302 proxime
1385 2213 1650 2302 seqluitur,
1675 2212 2191 2302 ‘uni2essejlaxitno‘
2221 2211 2549 2302 tribuendos.
2583 2225 2756 2302 Atque
2786 2226 2829 2278 is
2853 2211 3076 2302 quidem
3091 2211 3274 2286 sermo
3300 2233 3366 2288 de
3394 2235 3564 2302 prima

289 2282 594 2335 tentatione
619 2281 814 2335 Christi
836 2290 938 2360 est,
963 2282 1103 2360 alter
1119 2282 1187 2360 _de
1210 2282 1460 2360 secunda.
1490 2283 1647 2360 Deest
1675 2283 1882 2360 tertius,
1908 2283 1997 2350 qui
2021 2291 2136 2360 erat
2162 2287 2236 2360 de
2256 2291 2412 2360 tertia
2444 2310 2455 2342 :
2489 2307 2590 2360 qua
2621 2281 2687 2347 de
2717 2311 2773 2349 re
2803 2281 3005 2350 coiisuli
3036 2281 3332 2356 monachos
3341 2281 3562 2357 22658617.

289 2352 438 2405 volo.
470 2350 527 2403 ln
555 2353 788 2419 antiquis
807 2352 1076 2439 codicibus
1102 2351 1310 2432 duobus
1332 2352 1554 2439 Sancta-2‘
1566 2350 1751 2434 Crucis
1781 2352 1833 2433 in
1855 2351 2148 2409 Jerusalem
2178 2357 2247 2411 90
2275 2366 2328 2412 et
2355 2358 2440 2424 99,
2475 2350 2664 2416 horum
2695 2380 3018 2434 sermonum,
3039 2350 3561 2439 ’qilii'éi's'iahiﬁiié'r'l

283 2433 398 2488 que
427 2419 644 2474 Maximi
669 2436 865 2475 nomen
891 2420 1127 2490 prxfert,
1150 2429 1208 2474 ut
1235 2421 1402 2476 etiam
1431 2422 1484 2475 in
1513 2421 1846 2476 Taurinensi.

287 2532 685 2588 Ancuuenwn.
707 2565 778 2575 --
803 2531 880 2585 De
903 2531 1175 2587 Saluatore
1198 2535 1420 2587 versutia
1441 2534 1632 2588 diaboli
1662 2544 1872 2601 tentato,

356 2619 485 2676 cunt
506 2603 638 2676 dicit
669 2620 686 2656 :
717 2602 775 2656 Si
803 2601 970 2676 Filius
1004 2602 1103 2656 Dei
1131 2620 1205 2676 es,
1238 2604 1320 2676 die
1349 2605 1512 2674 lapidi
1545 2605 1661 2658 huic
1698 2613 1754 2657 ut
1780 2607 1877 2676 ﬁat

357 2674 534 2743 panis.
569 2671 806 2744 Cernensk
819 2674 1123 2744 esurientem
1143 2671 1412 2744 diabolus,
1428 2676 1682 2729 hominem
1706 2671 1872 2744 putat,

356 2741 563 2814 dubitat
612 2759 749 2814 esse
772 2742 1110 2814 Salt'atorcm.
1155 2741 1291 2814 Non,
1324 2759 1505 2813 panem
1532 2761 1683 2814 quem
1707 2741 1876 2814 'o/fert

353 2812 597 2884 diabolus
640 2812 866 2882 accipere
912 2811 1168 2877 debemus,
1203 2813 1292 2866 sed
1326 2811 1476 2884 quem
1513 2811 1743 2869 Christus
1772 2811 1873 2869 im-

355 2883 536 2951 pertit.

1982 2537 2096 2602 tali,
2130 2539 2313 2594 humili
2355 2551 2516 2613 atque
2555 2549 2824 2604 esuriente
2859 2552 3121 2610 vincatur.
3155 2557 3393 2615 Cernens
3421 2563 3560 2616 enim

1979 2629 2302 2684 esurientem
2332 2633 2577 2692 diabolus
2613 2638 2917 2707 Dominum,
2957 2645 3225 2702 hominem
3256 2657 3426 2718 putat,
3459 2652 3558 2706 du-

1977 2720 2113 2774 bitat
2141 2721 2495 2795 Salvatorem,
2523 2739 2576 2783 et
2616 2730 2734 2785 ideo
2765 2734 2838 2787 ait
2883 2753 2894 2786 :
2937 2735 2998 2789 Si
3039 2737 3205 2793 Filias
3239 2741 3332 2794 Dei
3373 2760 3444 2806 es,
3479 2745 3558 2798 dic

1976 2811 2140 2883 lapidi
2161 2814 2276 2868 huic
2303 2825 2356 2868 ut
2384 2819 2479 2887 ﬁat
2505 2822 2653 2889 panis
2677 2821 2890 2888 (Matth.
2923 2826 3015 2897 ιν).
3047 2827 3089 2880 Ο
3127 2830 3317 2884 misera
3348 2831 3557 2888 δηιςιιῖῑῐξ

1980 2909 2036 2956 et
2063 2913 2303 2960 extrema
2332 2911 2666 2976 congressio!
2700 2913 2950 2971 Diabolus
2981 2917 3033 2972 in
3059 2919 3270 2975 deserto
3302 2925 3556 2979 tentatio«

353 2972 666 3028 Meminisse
695 2973 854 3029 debet
885 2982 1059 3030 vestra
1112 2975 1327 3030 dilectio
1355 2977 1458 3032 hoc
1487 2993 1572 3032 me
1601 2978 1873 3034 anteriore
1902 3015 1946 3076 Ο
1979 2994 2062 3048 nis
2095 3004 2118 3032 ο
2148 2997 2320 3050 solida
2351 3013 2498 3052 arma
2529 3016 2635 3054 ηοη
2665 3003 2897 3070 invenit;
2931 3006 3081 3062 deos;
3110 3009 3184 3062 mi
3219 3009 3284 3064 de
3313 3013 3556 3080 paradiso

279 3063 565 3118 Dominica
595 3063 932 3133 praedicasse,
963 3072 1017 3119 et
1041 3065 1250 3120 dedisse
1277 3068 1540 3122 rationem
1569 3084 1664 3124 cur
1688 3069 1872 3124 Domi-

280 3171 389 3210 nus
417 3156 880 3224 quadragesimam
911 3156 1248 3225 jejunaverit,
1281 3158 1364 3212 vel
1392 3174 1489 3213 cur
1521 3160 1633 3228 ipsa
1669 3160 1873 3229 jejunia

278 3247 334 3301 in
367 3247 584 3301 deserto
615 3247 950 3315 transegerit.
982 3246 1222 3302 Diximus
1243 3249 1385 3303 enim
1415 3250 1530 3304 haec
1557 3251 1735 3305 omnia
1769 3253 1871 3306 ob-

275 3352 530 3392 servasse
559 3353 702 3402 eum,
734 3354 839 3392 non
864 3337 1260 3407 justilicationis
1287 3355 1396 3393 sua:
1424 3356 1602 3408 causa,
1633 3342 1726 3411 qui
1754 3351 1870 3398 erat

276 3429 436 3495 virgo
465 3443 563 3498 per
588 3429 784 3492 omnia,
825 3429 918 3483 sed
965 3438 1161 3484 nostra:
1192 3431 1376 3484 salutis
1401 3432 1569 3499 gratia
1603 3451 1615 3485 :
1647 3441 1706 3487 ut
1730 3449 1867 3502 quo-

276 3536 401 3574 rum
449 3523 724 3588 generatio
770 3538 867 3592 per
912 3524 1375 3593 intemperantiam
1405 3537 1740 3596 peccaverat,
1773 3547 1869 3599 per

275 3610 660 3664 abstinentiam
698 3621 996 3666 sanaretur.
1035 3613 1324 3669 Videamus
1353 3617 1511 3683 igitur
1537 3619 1662 3687 quid
1691 3621 1782 3675 illo
1812 3622 1864 3675 in

274 3708 544 3770 tempore,
573 3703 656 3756 vel
687 3704 737 3756 in
769 3704 879 3772 ipsa
906 3705 1192 3760 solitudine
1216 3717 1422 3774 gestum
1448 3711 1534 3763 sit.
1569 3711 1702 3765 Dicit
1722 3713 1860 3766 enim

273 3795 606 3861 evangelista
630 3795 862 3850 adfuisse
892 3797 964 3851 ibi
989 3798 1278 3864 diabolum,
1310 3810 1365 3856 et
1393 3801 1726 3858 Salvatorem
1747 3803 1862 3872 ejus

270 3885 508 3938 versutia
547 3884 708 3939 fuisse
755 3894 1036 3942 tentatum.
1071 3888 1157 3942 Ait
1208 3907 1438 3962 namque
1481 3909 1631 3948 sacra
1677 3893 1860 3950 Lectio

268 3975 508 4027 esurisse
537 3975 838 4041 Dominum,
864 3985 917 4030 et
937 3977 1135 4033 dixisse
1163 3973 1236 4033 illi
1267 3981 1539 4037 diabolum
1567 4002 1578 4035 :
1605 3985 1668 4039 Si
1690 3984 1859 4040 Filius

269 4063 370 4117 Dei
399 4082 476 4126 es,
507 4067 588 4118 dic
617 4067 778 4137 lapidi
804 4069 920 4121 huic
942 4079 999 4122 ut
1017 4071 1113 4140 ﬁat
1133 4072 1283 4140 panis
1313 4071 1524 4141 (Matth.
1552 4075 1646 4144 IV).
1672 4075 1858 4131 Videte

265 4162 439 4206 artem
469 4153 698 4220 Domini,
731 4154 756 4192 ἀ
786 4172 889 4226 qua
939 4158 1297 4213 adversarium
1338 4170 1452 4216 arte
1488 4163 1852 4223 circumvenit.

268 4245 281 4273 ¹
307 4242 440 4298 Post
467 4246 847 4316 mullajejunia
878 4252 1080 4304 esurire
1113 4267 1170 4306 se
1211 4253 1446 4322 simulat,
1476 4263 1534 4308 ut
1560 4256 1850 4323 diabolum,

1977 3087 2262 3143 amoenitas
2291 3089 2561 3156 arborum,
2593 3091 2742 3148 deest
2776 3096 2849 3149 illi
2879 3098 3207 3154 consiliatrix
3245 3100 3374 3165 Eva,
3407 3103 3554 3159 deest

1975 3175 2050 3228 illi
2078 3191 2362 3245 pomorum
2407 3183 2650 3250 speciosa
2680 3185 2948 3256 deceptio,
2987 3198 3035 3244 el
3066 3191 3188 3260 quia
3219 3208 3325 3246 non
3355 3194 3551 3251 invenit

1971 3264 2144 3318 cibum
2183 3281 2344 3334 quem
2388 3269 2406 3306 ί
2453 3270 2673 3326 offerret
2711 3277 2986 3339 esurienti,
3020 3281 3254 3347 postulat
3294 3283 3345 3335 in
3376 3285 3550 3338 cibum

1970 3367 2096 3406 saxa
2125 3356 2338 3408 mutari.
2374 3355 2618 3426 Undique
2646 3363 2912 3429 exclusus,
2947 3367 3179 3435 undique
3209 3369 3548 3427 defraudatus

1969 3444 2033 3497 ad
2062 3446 2362 3514 pavimenta
2394 3463 2451 3501 se
2480 3449 2708 3505 confert.
2733 3450 2874 3507 Satis
2897 3455 3038 3507 enim
3067 3457 3346 3513 manifeste
3369 3471 3547 3515 osten-

1967 3537 2043 3591 dit
2071 3539 2373 3592 vastitatem
2395 3540 2496 3595 sibi
2517 3542 2685 3596 eremi
2715 3544 2990 3610 restitisse,
3015 3562 3136 3601 cum
3157 3557 3307 3616 putat
3329 3560 3546 3620 propter

1966 3628 2199 3696 inopiam
2228 3644 2407 3682 rerum
2450 3632 2610 3684 etiam
2641 3633 2904 3688 elementa
2941 3652 3104 3705 posse
3141 3642 3398 3693 converti.
3438 3641 3543 3696 Po-

1963 3718 2125 3772 stulat
2169 3720 2330 3787 igitur
2372 3721 2424 3774 in
2466 3737 2655 3790 panem
2685 3723 2886 3793 lapides
2919 3729 3250 3781 commutari.
3285 3729 3543 3786 Versatus

1962 3816 2019 3863 et
2060 3811 2279 3865 callidus
2317 3812 2416 3866 scit
2464 3813 2590 3883 quid
2638 3823 2803 3885 petat,
2839 3820 2985 3873 novit
3024 3819 3218 3876 factum
3254 3838 3370 3878 esse
3400 3825 3541 3892 quod

1961 3899 2110 3955 dicit.
2141 3900 2382 3956 Meminit
2407 3905 2548 3958 enim
2579 3905 2632 3959 in
2665 3906 2848 3962 Veteri
2876 3908 3219 3966 Testamento
3241 3913 3540 3970 sitientibus

1960 4007 2154 4061 aquam
2179 3993 2247 4048 de
2271 3993 2446 4064 lapide
2466 3997 2812 4066 proﬂuxisse;
2845 4002 2957 4056 vult
2985 4003 3144 4057 etiam
3173 4005 3262 4060 hic
3288 4009 3539 4064 esurienti

1959 4087 2133 4140 cibum
2165 4087 2231 4141 de
2259 4088 2434 4157 lapide
2460 4091 2783 4147 ministrare.
2811 4094 3035 4149 Retinet
3053 4097 3212 4150 etiam
3244 4107 3268 4141 κ
3291 4099 3538 4154 duritiam

1957 4187 2122 4248 petra:
2167 4180 2218 4233 in
2269 4179 2530 4249 liquorem
2577 4181 2799 4238 fontium
2845 4187 3152 4240 resolutam.
3185 4187 3344 4258 Cupit
3376 4193 3535 4246 etiam

1956 4269 2042 4323 hic
2069 4270 2413 4340 asperitatem
2455 4273 2568 4326 saxi
2612 4273 2663 4326 in
2701 4275 2853 4342 panis
2899 4276 3231 4332 dulcedinem
3277 4281 3534 4336 transfor-

265 4347 428 4401 (luem
455 4335 747 4403 jejunando
770 4338 880 4406 iam
910 4341 1131 4406 Vicerat,
1159 4342 1348 4397 ίίενιιῐη
1381 4346 1664 4401 esuriendo
1692 4348 1850 4420 435
1884 4376 1927 4436 ο
1955 4361 2112 4414 mari.
2145 4360 2524 4430 Suspicabatur
2543 4365 2686 4417 enim
2712 4381 2829 4420 esse
2852 4367 3138 4431 Christum,
3163 4371 3254 4438 qui
3279 4372 3391 4426 lucc
3413 4388 3532 4443 ope—

265 4425 541 4478 sollicitet.
574 4424 735 4495 Spem
765 4430 906 4482 enim
941 4431 1014 4484 illi
1043 4434 1420 4501 congrediendi
1451 4452 1516 4491 ex
1543 4436 1850 4496 infirmitate

266 4513 424 4569 famis
453 4516 845 4583 quodammodo
876 4522 1077 4589 tribuit,
1109 4532 1164 4577 et
1190 4525 1315 4579 dum
1347 4527 1509 4582 veluti
1538 4538 1721 4584 contra
1751 4532 1851 4586 im-

265 4607 512 4662 becillem
543 4611 898 4678 congreditur,
924 4614 1206 4680 gloriosius
1231 4629 1526 4688 superetur.
1554 4621 1676 4678 Hzec
1704 4625 1847 4681 enim

265 4703 347 4749 est
375 4713 504 4750 vera
532 4700 776 4766 victoria,
801 4710 878 4767 ut,
909 4704 1030 4772 quia
1055 4705 1221 4760 Adam
1253 4709 1628 4777 immortalem,
1650 4715 1847 4781 glorio-

263 4800 378 4841 sum
410 4796 467 4844 et
489 4791 790 4860 epulantem
819 4795 1172 4867 subverterat,
1197 4816 1335 4854 nunc
1365 4801 1430 4856 ab
1460 4801 1676 4860 homine
1705 4821 1848 4862 mor-

334 4984 358 5010 ι
389 4973 526 5057 Cod.
571 4976 734 5057 Neap.
771 4982 900 5057 legit
929 4999 941 5034 :
969 4978 1324 5057 Arbuscutam,
1368 4985 1598 5057 inquam,
1647 4987 1846 5043 sciendi

262 5043 449 5121 bonum
474 5054 523 5098 et
551 5043 757 5121 ntalu'm,
781 5043 898 5105 mila
929 5053 1078 5105 talem
1107 5043 1361 5121 peritiam.
1435 5043 1447 5057 ”
1585 5043 1598 5056 ’
1818 5063 1820 5066 ’

333 5115 361 5153 δ
391 5115 535 5190 idem
565 5118 708 5190 θοῷ,
737 5131 784 5172 et
811 5123 963 5190 quod,
996 5129 1098 5176 etc.

340 5196 365 5262 ιζ
393 5184 536 5262 [item
564 5184 710 5262 cod.,
734 5184 1008 5262 eraitgelici
1026 5192 1256 5262 ﬂaminis
1285 5195 1520 5262 impetus,
1553 5205 1656 5252 etc.

336 5253 365 5291 τί
393 5255 507 5319 Qua
535 5253 884 5313 adversarium
912 5253 1050 5325 arte';
1083 5261 1156 5316 ita
1185 5253 1366 5318 codex'
1384 5265 1450 5319 90
1479 5253 1535 5321 S.
1568 5268 1752 5323 Crucis
1778 5269 1828 5324 in

335 5389 350 5418 ¹
384 5387 651 5443 Christum
681 5407 806 5445 vere
841 5393 1089 5448 esuriisse
1111 5403 1168 5446 ut
1196 5395 1468 5452 hominem
1498 5400 1680 5457 homil.
1711 5402 1744 5456 6
1769 5403 1834 5458 de

260 5458 841 5532 Quadrages._aliisque
870 5463 920 5516 in
949 5463 1078 5517 locis
1106 5467 1306 5532 apertis
1356 5471 1534 5523 verbis
1561 5471 1729 5526 fassus
1756 5482 1836 5527 est

258 5526 544 5610 animus.
571 5526 862 5610 Hic_auten_1
884 5532 1016 5586 dixit
1035 5526 1155 5588 eum
1181 5535 1372 5592 famem
1394 5540 1687 5610 simulasse,
1712 5526 1835 5610 quia

259 5597 492 5672 libenter
517 5600 908 5672 et__voluntarie,
949 5618 1055 5657 non
1094 5619 1158 5658 ex
1199 5609 1535 5672 necessitate,
1569 5620 1626 5663 ut
1658 5597 1835 5667 caeteri

261 5667 654 5737 hominescibo
681 5681 925 5726 carentes
970 5673 1161 5728 solent.
1215 5667 1726 5736 Animadvertendus
1754 5693 1838 5737 est

258 5751 451 5793 sensus
481 5736 694 5794 Maximi
734 5741 1000 5812 loquentis
1037 5743 1103 5799 de
1144 5743 1358 5801 Christo
1397 5757 1455 5801 ut
1501 5749 1566 5804 de
1611 5736 1832 5822 persona

1951 4451 2059 4503 rari
2109 4451 2279 4504 soleat
2317 4451 2384 4506 de
2431 4461 2618 4508 natura
2667 4472 2938 4524 saxorum,
2977 4460 3112 4514 sicut
3149 4462 3220 4516 ait
3259 4465 3530 4531 apostolus

1959 4538 2154 4594 Paulus
2179 4559 2190 4592 :
2220 4540 2469 4597 Bibebant
2510 4555 2677 4600 autem
2707 4548 2771 4602 de
2795 4550 3037 4619 spiritali,
3079 4562 3412 4624 consequente
3439 4572 3529 4624 ρει·
3577 4596 3580 4598 -

1953 4639 2053 4696 tra,
2086 4644 2231 4702 petra
2261 4643 2432 4688 autem
2465 4647 2576 4690 erat
2605 4638 2835 4694 Christus
2867 4641 2919 4712 (Ι
2948 4641 3066 4696 Cor.
3100 4643 3172 4713 κ).
3214 4644 3528 4713 Suspicaba-

1949 4729 2053 4786 tur,
2087 4723 2322 4790 inquam,
2370 4726 2540 4790 ipsum
2581 4744 2697 4783 esse
2727 4730 3012 4795 Christum,
3057 4748 3176 4786 cum
3223 4733 3524 4802 postulabat

1946 4821 2003 4866 ut
2029 4813 2095 4867 de
2124 4814 2299 4883 lapide
2329 4831 2521 4884 panem
2544 4819 2768 4887 faceret;
2799 4823 2888 4877 sed
2915 4825 3132 4892 putabat
3157 4825 3523 4881 tantummodo

1946 4989 2077 5056 Jcr.,
2091 4999 2440 5072 “naufraude,
2474 5008 2532 5072 ut
2561 5003 2768 5072 reliqui.

1941 5073 2050 5186 an;
2084 5064 2251 5120 Codd.
2284 5066 2351 5121 90
2390 5070 2447 5126 S.
2487 5064 2689 5127 Crucis'
2711 5075 2762 5127 in
2791 5073 2897 5129 Jer.
2926 5084 2981 5130 ct
3011 5076 3132 5133 Vat.
3167 5079 3318 5147 l068,
3352 5088 3519 5142 solida

2057 5153 2108 5186 a.

2057 5153 2108 5188 α.

2021 5204 2038 5239 ί
2071 5203 2204 5259 Cod.
2237 5207 2381 5274 Vat.,
2413 5212 2618 5274 oﬁ'erat.

2017 5282 2041 5320 ε
2075 5274 2205 5330 Cod.
2238 5277 2360 5333 Vat.
2394 5274 2547 5346 1268,
2582 5282 2784 5336 Retinet
2811 5284 2962 5338 etiam
2993 5286 3061 5340 ibi
3083 5288 3345 5345 duritiam.

1937 5405 2135 5494 divina,
2163 5424 2280 5494 quia
2305 5412 2588 5494 humanam
2618 5431 2716 5494 pro
2734 5417 2908 5494 __nobis
2943 5420 3044 5476 sibi
3081 5434 3378 5494 sumpserat
3414 5445 3510 5484 na..-

1939 5484 2110 5558 turam
2141 5481 2424 5565 obnoxiam
2456 5481 2868 5553 inﬁrmitatibus,
2910 5499 2964 5545 et
3005 5493 3139 5548 sicut
3183 5481 3225 5549 si
3274 5500 3378 5565 pati
3415 5481 3510 5554 aut

1937 5548 2386 5638 morionol‘uisset‘,’
2414 5570 2512 5610 nec
2538 5571 2724 5638 passus
2758 5548 2865 5638 nec
2886 5570 3128 5638 mortuus
3158 5548 3402 5638 essel,“ut
3420 5548 3510 5626 in,-

1936 5617 2052 5700 Ψ
2080 5617 2509 5700 δὀΑυδρδείυυεν
2536 5617 2608 5681 ita
2637 5638 2758 5699 post
2780 5629 3040 5700 jejunium
3070 5617 3121 5688 is
3153 5617 3510 5694 assensus;

1935 5686 2041 5753 riit,
2070 5688 2195 5758 quia
2221 5686 2405 5748 voluit.
