4054 6190
294 290 405 349 565

1726 295 1954 352 SERIIO
1993 296 2149 354 XVII.

3469 316 3597 374 5w.

293 409 417 479 ipso
463 409 720 482 scriptum
766 417 850 468 est
897 430 911 467 :
956 410 1056 478 Qui
1097 411 1328 467 ambulat
1364 426 1519 482 super
1541 428 1739 483 pennas
1765 429 1887 467 ven-
1917 416 1963 473 A
1991 413 2229 469 scientes
2248 419 2394 483 quod
2428 414 2572 474 Deus
2594 417 2790 475 nullius
2806 426 2893 476 est
2915 419 3239 477 immemor:
3270 424 3366 479 sed
3388 424 3581 485 imme-

292 510 466 557 :orum
506 502 828 575 (Psat.cm).
850 502 1026 574 Super
1044 519 1249 575 pennas
1276 504 1419 559 enim
1442 512 1728 558 ventorum
1755 518 1885 573 quo-

292 591 583 651 dammodo
622 593 860 649 ambulat
889 594 1165 661 Dominus,
1196 608 1320 649 cum
1348 608 1513 671 super
1556 609 1765 648 morum
1786 609 1886 649 no-

290 690 529 739 strorum
564 693 588 720 ιι
618 684 782 740 alacri
807 685 1219 740 conversatione
1245 684 1410 757 438
1438 686 1619 740 volatu
1650 685 1881 752 incedit;

286 776 649 846 pennteenim
677 778 831 832 nobis
857 786 981 832 sunt
1008 777 1133 832 boni
1162 792 1363 845 mores,
1393 778 1484 847 qui
1513 793 1613 832 nos
1643 778 1886 833 elevatos

284 885 317 923 a
361 878 522 924 terrm
547 869 838 925 humilibus
866 870 919 924 in
949 870 1071 926 cmli
1116 870 1308 925 altiora
1346 870 1655 937 sustollunt,
1687 878 1743 924 et
1786 885 1885 925 vo-

285 960 401 1015 latu
432 960 667 1029 quodam
688 961 886 1016 mentis
901 961 967 1017 de
995 969 1201 1017 tartaro
1224 961 1510 1017 tenebroso
1540 961 1797 1029 educunt,
1820 968 1884 1015 et

282 1050 351 1104 ad
384 1049 620 1120 paradisi
649 1066 861 1106 amoma
890 1051 1205 1121 perducunt.
1238 1050 1475 1118 Quorum
1506 1067 1716 1106 morum
1747 1065 1881 1120 pen-

279 1154 382 1195 nas
412 1141 614 1196 habere
642 1141 906 1211 propheta
934 1141 1266 1208 desiderans,
1294 1141 1369 1195 ait
1394 1159 1406 1193 ;
1433 1138 1559 1204 Quis
1588 1140 1732 1195 dabit
1754 1141 1881 1194 mihi

276 1228 484 1303 pennas
509 1234 640 1287 sicut
667 1233 938 1302 columbae,
967 1244 1016 1288 et
1044 1234 1244 1302 volabo,
1272 1245 1320 1290 et
1350 1238 1665 1307 requiescam
1705 1234 1876 1305 (Psal.

277 1327 437 1394 uv)?
466 1324 642 1395 Super
670 1325 809 1380 hanc
837 1339 969 1395 ergo
998 1328 1215 1397 pinnam
1245 1328 1431 1397 templi
1460 1327 1709 1382 Salvator
1735 1338 1880 1382 stare

278 1415 503 1480 dicitur,
534 1416 638 1470 hoc
667 1424 769 1483 est,
799 1418 951 1486 quasi
976 1418 1027 1471 in
1048 1418 1283 1487 quodam
1308 1418 1511 1488 templo
1534 1416 1657 1472 fidei
1680 1426 1878 1473 nostra:

274 1510 615 1575 consistere;
648 1510 789 1566 unde
829 1511 904 1565 ait
940 1510 1231 1581 Apostolus
1264 1530 1277 1565 :
1313 1512 1419 1568 Vos
1463 1514 1585 1568 estis
1635 1514 1879 1579 templum

273 1598 381 1654 Dei
414 1602 533 1666 vivi,
561 1609 611 1654 et
641 1599 869 1671 Spiritus
898 1600 996 1655 Dei
1025 1602 1225 1657 habitat
1253 1606 1306 1658 in
1334 1604 1475 1659 vobis
1504 1602 1595 1674 (II
1624 1603 1746 1658 Cor.
1777 1604 1875 1673 Vl).

274 1689 333 1744 In
356 1690 466 1746 hoc
488 1691 651 1757 igitur
681 1692 880 1762 templo
905 1701 1055 1747 stans
1076 1692 1353 1762 Dominus,
1376 1709 1477 1750 nec
1498 1694 1777 1759 recedens,
1796 1693 1877 1747 in-

1988 521 2193 564 morem
2208 507 2359 564 illum
2369 511 2540 566 nostri
2551 518 2679 568 tunc
2691 509 2975 579 dfacimus,
2992 529 3115 570 cum
3126 529 3428 585 peccamus.
3441 518 3585 577 Cum

1986 598 2131 653 enim
2152 599 2293 655 mala
2316 615 2624 670 operamur,
2640 604 2833 660 avertit
2848 603 3070 671 faciem;
3093 621 3216 662 cum
3235 607 3465 664 nefanda
3494 612 3577 667 lo-

1986 688 2222 758 quimur,
2248 704 2433 746 aurem
2454 691 2711 759 obstruit;
2734 701 2789 748 et
2812 693 2937 750 ideo
2958 694 3255 752 bonitatem
3272 713 3423 753 suam
3439 699 3585 755 Deus

1986 796 2095 835 non
2120 789 2228 835 tam
2258 782 2373 853 ipse
2396 784 2815 853 retrahit,quam
2838 795 3022 842 nostra
3042 788 3200 843 illum
3228 789 3426 845 delicta
3447 791 3580 861 reji-

1985 874 2153 930 ciunt.
2178 876 2421 931 Aitcnim
2450 876 2591 932 idem
2616 877 2872 935 Dominus
2902 894 2998 949 per
3025 881 3347 950 prophetam
3386 882 3453 936 ad
3483 897 3581 938 eos

1984 966 2076 1034 qui
2097 974 2253 1021 erant
2271 967 2322 1021 in
2338 967 2771 1023 tribulationibus
2782 971 3086 1025 constituti:
3102 969 3354 1043 Nunquid
3367 988 3474 1028 non
3489 989 3581 1027 va-

1982 1054 2250 1109 letmanus
2279 1073 2389 1113 mea
2412 1074 2588 1111 eruere
2608 1074 2692 1112 vos
2726 1057 2880 1128 (Isai.
2913 1060 3059 1131 Lvt)?
3081 1072 3133 1117 et
3157 1062 3382 1132 reliqua.
3418 1061 3579 1119 Vides

1982 1162 2112 1216 ergo
2131 1149 2387 1216 quoniam
2415 1150 2557 1204 inter
2577 1150 2743 1205 Deum
2777 1159 2835 1207 et
2848 1153 3129 1208 hominem
3160 1162 3385 1223 peccata
3414 1169 3576 1225 sepa-

1981 1246 2122 1293 rant.
2156 1239 2306 1293 Tolle
2336 1240 2499 1308 igitur
2520 1250 2742 1311 peccata
2781 1242 2944 1313 539
2980 1242 3049 1297 de
3088 1244 3288 1310 medio,
3316 1250 3374 1299 et
3404 1244 3581 1299 Deum

1983 1328 2077 1383 tibi
2121 1330 2428 1399 proximum
2475 1341 2499 1370 ⁸
2532 1339 2586 1385 tu
2637 1330 2830 1387 fecisti.
2860 1331 3143 1398 Quomodo
3182 1333 3324 1387 enim
3370 1342 3575 1404 potest,

1981 1418 2196 1487 fratres,
2226 1420 2469 1476 oblivisci
2493 1421 2665 1475 nostri
2690 1421 2855 1488 Deus,
2875 1424 2968 1490 qui
2997 1423 3159 1477 etiam
3180 1423 3408 1493 capillos
3430 1425 3579 1495 capi-

1981 1511 2050 1566 tis
2069 1512 2240 1567 nostri
2270 1512 2323 1566 in
2363 1510 2657 1581 Evangelio
2686 1511 2903 1583 (Matth.
2938 1512 2996 1581 x)
3021 1512 3168 1583 apud
3200 1528 3259 1568 se
3300 1513 3432 1570 dicit
3456 1530 3579 1572 esse

1979 1602 2335 1657 numeratos?
2364 1601 2420 1656 Si
2443 1602 2587 1657 enim
2611 1602 2930 1671 capillorum
2964 1609 3276 1657 nostrorum
3304 1604 3573 1671 meminit,

1979 1694 2149 1747 multo
2178 1693 2347 1761 magis
2375 1692 2392 1730 ί
2423 1700 2728 1747 nostrarum
2743 1693 3044 1747 animarum
3058 1694 3321 1748 meminit.
3355 1692 3461 1751 Per
3481 1712 3580 1751 nu-

274 1790 469 1851 crepat
492 1782 790 1850 diabolum,
820 1783 1004 1840 dicens
1038 1802 1051 1839 :
1086 1785 1349 1857 Scriptum
1383 1794 1482 1854 est,
1505 1784 1631 1841 Non
1660 1784 1877 1839 tentabis
1908 1787 1955 1847 B
1984 1800 2192 1839 merum
2214 1784 2358 1839 enim
2386 1795 2409 1831 ις
2433 1800 2615 1839 curam
2638 1785 2781 1841 circa
2803 1800 2903 1840 nos
2923 1785 3447 1856 sollicitudinemque
3473 1803 3569 1845 co-

274 1872 568 1929 Dominum
594 1874 760 1928 Deum
783 1886 922 1929 tuum
949 1876 1129 1947 (Deut.
1160 1878 1267 1947 vt);
1299 1877 1406 1933 hoc
1429 1886 1533 1942 est,
1564 1892 1670 1931 non
1702 1884 1878 1930 tenta-

275 1965 361 2019 bis
392 1981 517 2019 eum
561 1981 721 2035 quem
753 1975 909 2036 putas
939 1976 1192 2037 tanquam
1227 1968 1500 2023 hominem
1525 1967 1594 2021 ad
1622 1966 1877 2021 inferiora

275 2056 623 2125 pellendum;
673 2057 767 2111 sed
796 2058 965 2125 magis
994 2066 1248 2128 tanquam
1288 2058 1457 2113 Deum
1485 2066 1540 2112 et
1594 2056 1877 2112 Dominum

276 2146 461 2216 ipsum
509 2147 725 2201 noveris
773 2148 1129 2203 adorandum.
1162 2148 1215 2204 1n
1265 2148 1349 2204 his
1374 2162 1505 2217 ergo
1547 2147 1878 2217 jejuniorum

275 2236 472 2292 diebus
492 2246 762 2293 tentantur
775 2238 841 2293 ad
862 2240 1265 2295 similitudinem
1282 2240 1609 2306 Salvatoris;
1633 2240 1881 2296 similiter

276 2334 332 2381 et
364 2344 469 2382 nos
492 2329 676 2384 hostes
705 2332 876 2385 nostri
897 2330 964 2386 de
994 2332 1157 2401 pinna
1187 2334 1391 2403 templi,
1426 2333 1531 2389 hoc
1560 2342 1645 2389 est
1671 2333 1738 2389 de
1778 2335 1879 2389 ob-

275 2420 594 2475 servatione
636 2420 1070 2491 Quadragesimre
1098 2426 1316 2480 turbare
1344 2434 1631 2481 conantur.
1670 2426 1694 2465 ι’
1744 2425 1880 2481 Dum

276 2510 428 2565 enim
456 2520 691 2567 terrores
716 2514 986 2582 ingerunt,
1020 2514 1148 2571 dum
1173 2516 1394 2572 insidias
1420 2526 1632 2588 parant,
1658 2520 1881 2589 cupiunt

276 2617 383 2656 nos
408 2601 480 2657 de
514 2618 639 2657 arce
666 2604 941 2672 religionis
970 2606 1255 2663 abducere.
1290 2608 1496 2663 Dicitur
1522 2617 1701 2664 autem
1740 2621 1763 2650 ο
1802 2611 1881 2666 eis

289 2709 320 2747 a
350 2693 590 2748 Dutttino
625 2711 638 2748 :
666 2694 783 2750 Non
815 2697 1051 2751 tentabis
1101 2706 1321 2755 sanctos
1351 2700 1517 2764 viros,
1550 2712 1607 2756 et
1652 2701 1883 2758 famulos

276 2784 380 2839 Dei
400 2802 415 2850 ;
435 2800 578 2854 quos
616 2786 761 2841 enim
804 2796 1057 2857 tanquam
1087 2790 1319 2847 humiles
1346 2793 1745 2851 conculcandos
1779 2811 1882 2865 pu-

277 2882 387 2938 tas,
405 2876 612 2931 senties
637 2885 890 2947 tanquam
903 2887 1155 2936 strenuos
1164 2881 1532 2938 honorandos.
1553 2882 1693 2939 Sunt
1712 2886 1881 2953 enim,

278 2966 427 3023 sicut
440 2966 575 3033 dixi,
593 2969 836 3039 plerique
854 2969 1072 3041 fratres,
1083 2974 1416 3042 quoshostes
1436 2978 1606 3031 nostri
1618 2977 1686 3033 de
1700 2976 1881 3048 perfe-

278 3059 471 3115 ctione
499 3061 775 3131 religionis
797 3064 1100 3120 abducunt:
1125 3068 1235 3136 qui,
1260 3068 1387 3123 dum
1417 3085 1653 3140 pnesens
1681 3071 1880 3126 malum

279 3158 559 3220 metuunt,
574 3154 942 3223 putantDeum
959 3165 1158 3213 nostra:
1173 3159 1363 3216 salutis
1380 3159 1774 3231 immemorem,
1792 3178 1882 3216 ne-
1908 3156 1954 3218 C

1979 1875 2318 1943 gnoscimus;
2344 1890 2504 1929 nemo
2533 1875 2678 1929 enim
2719 1881 2967 1929 numerat
3007 1875 3109 1929 nisi
3139 1875 3286 1944 quod
3316 1878 3430 1932 vult
3456 1877 3577 1932 dili-

1981 1967 2195 2034 gentius
2215 1964 2489 2021 custodire
2516 1983 2527 2017 :
2547 1981 2708 2020 nemo
2730 1972 2999 2028 numerat,
3025 1965 3126 2019 nisi
3141 1965 3233 2034 qui
3250 1974 3484 2031 veretur,
3507 1982 3575 2022 ne

1982 2055 2227 2111 fraudem
2254 2058 2457 2125 absque
2482 2071 2709 2110 numero
2751 2056 3004 2125 patiatur.
3040 2053 3233 2110 Pastor
3271 2063 3332 2109 ut
3367 2056 3575 2111 salvum

1979 2162 2198 2219 gregem
2229 2149 2443 2214 habeat,
2475 2164 2599 2203 eum
2639 2148 2949 2217 frequenter
2978 2144 3005 2184 δ
3027 2156 3346 2202 annumerat
3371 2166 3384 2200 :
3414 2146 3583 2219 ιω

1980 2240 2214 2308 denique
2237 2239 2519 2307 Dominus,
2540 2239 2632 2307 qui
2660 2249 2744 2293 est
2763 2239 2935 2292 bonus
2959 2246 3163 2307 pastor,
3187 2253 3311 2293 cum
3334 2254 3439 2293 una
3459 2241 3576 2294 ovi-

1981 2332 2103 2387 cula
2126 2330 2195 2386 de
2234 2338 2451 2385 centum
2479 2330 2669 2384 ovibus
2693 2330 3021 2396 aberrasset,
3042 2343 3336 2383 recurrens
3374 2327 3443 2383 ad
3476 2343 3577 2383 nu-

1982 2440 2211 2490 merum,
2250 2423 2481 2495 pmpriis
2502 2438 2622 2477 eam
2663 2421 2730 2476 ad
2768 2435 2984 2490 gregem
3014 2421 3253 2475 humeris
3279 2420 3577 2490 reportavit

1984 2516 2201 2590 (Matth.
2228 2516 2396 2584 xvtn).
2432 2513 2613 2584 Usque
2641 2514 2778 2569 adeo
2807 2514 2821 2549 ί
2848 2527 2980 2582 ergo
3002 2512 3231 2567 habetur
3259 2511 3360 2566 sub
3385 2511 3575 2578 tutela,

1982 2610 2076 2681 qui
2104 2609 2333 2663 habetur
2362 2607 2415 2661 in
2440 2620 2665 2661 numero
2684 2644 2699 2670 ,
2745 2612 2805 2659 ut
2831 2618 3019 2659 errans
3045 2602 3279 2675 propriis
3318 2609 3576 2672 apporte-

1986 2709 2073 2755 tur
2118 2698 2376 2764 humeris,
2410 2712 2478 2753 ne
2524 2694 2653 2765 quid
2689 2694 2758 2751 de
2805 2709 3030 2750 numero
3076 2694 3367 2748 minuatur.
3401 2691 3611 2748 Nolite:

1986 2806 2117 2862 ergo
2172 2799 2385 2862 putare,
2430 2788 2645 2855 fratres,
2716 2785 2861 2856 quod
2912 2786 2999 2841 vel
3043 2784 3249 2840 minimi
3293 2782 3569 2854 cujusdam

1989 2882 2005 2936 i
2038 2882 2406 2938 obliviscatur.
2433 2880 2574 2933 Deus
2600 2878 2744 2933 enim
2780 2877 3025 2934 omnium
3050 2876 3312 2942 meminit,
3336 2874 3578 2930 omnium

1986 2974 2327 3042 recordatur,
2351 2979 2560 3026 tantum
2611 2979 2807 3025 utnon
2855 2969 3054 3026 nostris
3097 2967 3615 3025 intervenientibus.

1988 3067 2246 3139 peccatis,
2279 3065 2329 3120 ei
2360 3062 2622 3118 inferatur
2646 3062 2866 3118 oblivio.
3604 3072 3607 3075 ‘

1676 3255 1946 3316 SERMO
1993 3252 2195 3315 XVII.

1578 3355 1651 3411 De
1687 3354 2101 3427 Quadragesimu
2146 3350 2205 3405 II
2218 3349 2244 3404 I
2257 3394 2267 3405 .

1742 3444 2135 3501 ADMONITIO.

336 3530 478 3587 'Non
510 3532 716 3613 ingrata
741 3533 1234 3613 laboribusqnostris
1258 3534 1441 3594 arrisit
1466 3537 1703 3613 fortuna.
1735 3536 2157 3613 Evolutis_enim_
2176 3532 2403 3613 primum
2428 3531 2559 3587 bibl.
2583 3529 3273 3613 [:aurentmlnmcodicibus,
3298 3530 3583 3613 cunquibu-s

282 3618 480 3683 unum,
513 3599 597 3683 vel
637 3605 864 3661 alterum
904 3607 962 3663 S.
1014 3607 1228 3683 Maximi
1249 3625 1563 3683 sermonem
1592 3611 1906 3683 collegimus
1919 3607 2093 3683 ;__dut_n
2132 3599 2494 3683 _lustraremus
2524 3599 2900 3683 codicem.169
2928 3600 3057 3683 bibl.
3087 3599 3418 3683 olittt..mdil.
3447 3602 3583 3656 ecci.

282 3670 485 3753 major.
514 3674 755 3753 Florent.
791 3693 963 3753 novus
985 3680 1337 3753 occurrithic
1364 3696 1577 3753 sermo,
1597 3670 1816 3735 nomine
1922 3670 2153 3753 Maximi
2177 3672 2603 3753 exornatus.JAb
2621 3672 2781 3753 omni
2807 3686 2937 3753 erga
2981 3670 3371 3753 disceptatione
3398 3685 3582 3726 exem-

284 3739 395 3813 pti,
415 3760 543 3822 cum
567 3762 677 3822 nec
692 3747 745 3822 in
775 3748 1062 3822 Ambrosii,
1093 3766 1195 3822 nec
1222 3751 1275 3805 in
1303 3739 1584 3820 Augustini
1612 3750 1952 3822 sermonibus
1980 3745 2299 3822 reperiatur,
2326 3742 2528 3822 lubenti
2547 3743 2727 3796 animo
2756 3739 3183 3822 luce'frnuendum
3215 3740 3461 3822 dedimus
3479 3755 3584 3822 ;__eo
3610 3788 3611 3791 η

282 3810 486 3890 inagis,
528 3817 680 3890 quod
728 3819 937 3886 legatur
963 3819 1014 3873 in
1044 3810 1317 3878 codicibus
1346 3810 1608 3878 vaticano
1634 3821 1791 3885 4222,
1825 3836 1885 3890 pa

1997 3810 2128 3890 Iit,
2156 3822 2211 3890 et
2266 3830 2316 3868 tv
2346 3811 2485 3890 Plut_.
2534 3828 2720 3890 xxstu,
2748 3826 2869 3883 pag.
2897 3812 2963 3890 79
2991 3827 3021 3866 a
3071 3820 3241 3890 tergo,
3274 3810 3406 3866 bibl.
3455 3811 3583 3890 olim

281 3883 342 3938 S.
600 3883 802 3964 Minor:
821 3890 1112 3954 Convent.,
1144 3892 1702 3961 nunc-Laurentiano,
1726 3883 1818 3964 qui

284 3955 484 4009 codice
513 3956 794 4013 Vaticano.

286 4042 689 4124 Διιουῃεδτωι.
711 4080 802 4124 __-—-
820 4048 1087 4120 Jejunium
1104 4052 1573 4124 quadragesimale
1596 4056 1887 4109 inuitatum

353 4124 439 4196 est
460 4117 514 4196 in
545 4118 830 4196 remedium
838 4117 1063 4196 peccati.
1090 4117 1299 4196 P'rintus
1318 4117 1475 4196 homo
1496 4125 1663 4178 Adam
1684 4142 1716 4178 a
1728 4125 1890 4196 justi-

355 4186 438 4241 tia
488 4189 542 4240 in
566 4205 668 4259 qua
695 4186 932 4265 conditus
971 4195 1143 4264 fuerat
1179 4194 1384 4265 defecit,
1409 4195 1651 4249 violando
1689 4186 1887 4265 prince-

362 4266 511 4335 ptunt
537 4275 642 4335 non
687 4260 872 4315 edendi
898 4260 1160 4335 de’fructu
1202 4260 1402 4320 arboris
1431 4267 1664 4321 scientia:
1689 4260 1812 4321 boni
1839 4276 1888 4320 et

351 4328 517 4405 moli.
561 4327 857 4405 Reparatur
902 4327 1043 4405 ergo;
1071 4336 1223 4405 culpa
1262 4335 1588 4390 abstinentia:
1626 4339 1808 4391 virtute
1840 4346 1889 4389 et

354 4397 659 4476 obedientia
698 4397 980 4457 mandati:
1002 4402 1107 4458 Cur
1155 4397 1331 4472 'Deus,
1370 4408 1599 4476 quamvis
1638 4406 1798 4461 bonus
1839 4415 1890 4460 et

362 4470 697 4547 misericors,
713 4477 1117 4547 paen-amqmortis
1145 4470 1353 4545 peccato
1378 4470 1620 4547 originali
1636 4479 1889 4547 inﬂictam
1918 4475 1971 4535 D

364 4540 612 4595 relaxare
633 4544 877 4611 noluerit,
902 4540 1195 4599 doctissime
1217 4548 1459 4601 traditur.

360 4672 600 4728 Retinet
641 4677 901 4733 sanctitas
939 4687 1119 4734 vestra
1150 4685 1275 4735 ante
1297 4680 1411 4736 dies
1435 4689 1753 4751 prosecutus
1796 4700 1895 4739 nos

291 4779 420 4821 esse
442 4766 591 4835 quod
619 4784 716 4839 per
737 4770 878 4825 hanc
906 4786 1090 4825 curam
1119 4782 1321 4829 sancta:
1341 4774 1770 4843 Quadragesima:
1810 4792 1898 4831 re-

293 4858 514 4925 paratio
552 4860 795 4928 quazdam
836 4862 1054 4917 humani
1092 4865 1305 4933 generis
1350 4865 1631 4934 agitur,ut
1668 4879 1767 4935 per
1794 4867 1898 4923 hoc

294 4949 724 5005 sacratissimum
751 4960 967 5023 tempus
990 4950 1016 4990 ¹ι
1040 4954 1363 5009 conditionis
1390 4965 1589 5011 nostra:
1616 4955 1895 5027 fragilitas,

371 5073 397 5099 "
426 5061 563 5117 Cod.
582 5061 913 5137 Casin.,cum
942 5084 1096 5137 super
1117 5086 1316 5123 morum
1346 5080 1637 5126 nostrorum
1666 5074 1893 5128 alacrem

296 5136 743 5190 conversationem
765 5140 912 5192 hctus
943 5136 1151 5193 incedit.

372 5204 400 5242 δ
426 5203 569 5258 Idem
592 5206 735 5272 cod.,
769 5210 978 5263 turbare
1002 5220 1273 5263 conantur.
1299 5208 1426 5264 Cum
1455 5213 1655 5266 enim...

377 5285 402 5313 ε
439 5273 585 5329 Idem
615 5277 763 5342 cod.,
789 5277 988 5333 Dicitur
1018 5290 1186 5334 autem
1215 5282 1263 5333 ei
1289 5300 1319 5335 a
1344 5281 1601 5337 Domino:
1635 5281 1757 5338 Non
1775 5294 1888 5339 teu-

294 5344 452 5425 tub_is_
466 5357 697 5425 sanctos,
714 5359 820 5405 etc.
832 5392 846 5416 ,
868 5358 1041 5421 putas,
1053 5354 1258 5425 (senties
1279 5360 1544 5425 tanquam,
1569 5361 1674 5409 etc.

371 5412 399 5452 ἀ
434 5414 577 5493 Idem
600 5418 743 5493 cod.,
777 5412 896 5493 tunc
918 5438 1013 5476 nos
1029 5412 1277 5493 facimus.

375 5496 402 5555 ε
438 5486 581 5541 Idem
605 5488 751 5555 cod.,
782 5490 981 5545 omittit
1010 5486 1082 5545 tu.

377 5554 399 5594 ΐ
436 5556 576 5611 Idem
605 5554 748 5623 cod.,
780 5571 1075 5617 nostrarum
1103 5564 1336 5618 meminit
1362 5567 1672 5620 animarum.

375 5636 402 5706 ξ
436 5626 577 5706 Idem
606 5629 750 5706 cod.,
771 5630 877 5685 Per
898 5649 1163 5689 numerum
1185 5637 1320 5689 enim
1350 5636 1671 5706 capillorum.

371 5694 399 5735 1³
434 5697 577 5754 Idem
604 5694 748 5765 cod.,
772 5715 1099 5758 annumerat.

376 5771 392 5807 ι
440 5766 577 5827 Idem
604 5770 759 5839 cod.,
788 5771 956 5843 Usque
999 5776 1127 5831 adeo
1178 5776 1394 5832 habetur
1436 5796 1578 5833 amor
1615 5796 1711 5839 pro
1762 5779 1893 5843 illa,

1862 3881 1922 3946 S'.
1966 3881 2187 3943 Maximi
2218 3898 2414 3939 nomen
2463 3881 2780 3953 inscriptum
2811 3881 3122 3954 pmferunt.

3199 3889 3356 3938 estus
3405 3888 3492 3937 est
3516 3896 3584 3936 ex

1993 4064 2119 4106 cum
2140 4047 2564 4103 immortalitatis
2584 4046 2811 4118 gratiam
2841 4060 3000 4115 quam
3026 4044 3197 4101 Adam
3228 4045 3586 4116 delinquendo

1992 4138 2321 4211 perdiderat,
2351 4136 2597 4193 Christus
2610 4136 2934 4207 indulgendo
2955 4138 3213 4206 restituit,
3232 4136 3248 4175 ι
3266 4146 3321 4193 et
3341 4136 3583 4208 quicun—

1995 4239 2078 4285 tra
2124 4230 2350 4285 vetitum
2399 4226 2736 4283 comedendo
2765 4235 3102 4295 peccaverat,
3154 4228 3241 4282 hic
3288 4229 3586 4284 secundum

1993 4328 2323 4393 przcceptu'm
2350 4317 2650 4389 jejunando
2674 4315 2955 4385 justificet.
2983 4315 3122 4372 Nam
3152 4316 3270 4372 hanc
3299 4327 3381 4373 est
3410 4319 3585 4374 omnis

1994 4430 2157 4471 causa
2181 4410 2601 4468 ChriStianitatis
2629 4419 2684 4464 et
2713 4407 2853 4472 fidei.
2884 4416 2942 4464 ut
2970 4409 3208 4464 salvetur
3235 4408 3382 4479 quod
3408 4410 3581 4481 perie-

1997 4514 2111 4571 rat,
2146 4513 2429 4560 revocetur
2456 4501 2607 4574 quod
2655 4508 2953 4569 erraverat,
2989 4499 3155 4569 quod.
3170 4498 3280 4569 jam
3315 4498 3582 4555 occiderat

1998 4609 2034 4635 ω
2065 4605 2397 4653 renascatur.
2431 4594 2565 4649 Nam
2604 4595 2790 4665 prima;
2819 4593 3003 4663 utique
3030 4592 3395 4661 generationis
3421 4590 3580 4646 offen-

1999 4690 2081 4744 sio
2109 4688 2361 4743 secundzc
2393 4687 2531 4741 facta
2562 4696 2645 4741 est
2670 4684 2962 4740 nativitatis
2991 4684 3226 4749 occasio,
3260 4692 3316 4737 et
3344 4698 3411 4737 ex
3450 4682 3581 4736 illius

1999 4788 2026 4815 ιι
2052 4778 2452 4847 praedicationis
2488 4776 2852 4845 delinquentia
2880 4772 3276 4842 justifieationis
3304 4772 3464 4842 hujus
3491 4789 3581 4828 ex-

1998 4869 2133 4921 stitit
2160 4868 2351 4937 gratia.
2387 4866 2502 4921 Non
2530 4868 2671 4921 enim
2695 4882 2830 4936 opus
2854 4864 3028 4919 fuerat
3053 4866 3105 4919 in
3134 4864 3352 4920 homine
3380 4868 3586 4920 renasci

2000 4959 2203 5027 denuo,
2222 4960 2267 5014 si
2286 4958 2430 5029 quod
2460 4958 2635 5014 fuerat
2674 4973 2783 5013 non
2805 4957 3051 5028 perisset.
3076 4955 3184 5012 Sed
3202 4956 3331 5013 dicit
3354 4957 3547 5028 aliquis
3572 4974 3582 5004 :

2000 5074 2353 5198 quwhhabetttr
2380 5075 2434 5129 in
2464 5090 2698 5144 numero,
2724 5082 2781 5129 ut
2808 5090 2992 5130 errans
3030 5076 3255 5149 propriis
3283 5075 3591 5149 adportare-

2001 5154 2085 5198 tur
2142 5162 2354 5198 umens.

2001 5154 2085 5199 tur
2106 5147 2354 5201 humeris.

2075 5220 2089 5265 t
2129 5216 2276 5271 Idem
2319 5215 2440 5272 cod.
2491 5215 2620 5285 legit
2653 5233 2666 5270 :
2697 5215 3002 5288 cujusquam
3043 5216 3378 5273 obliviscatur
3422 5215 3584 5273 Deus.

2002 5283 2245 5341 Omnium
2273 5288 2521 5351 meminit,
2552 5283 2655 5341 etc.

2073 5355 2098 5394 ιι
2128 5358 2261 5412 tiod.
2298 5358 2421 5425 169,
2451 5357 2587 5429 olim
2607 5355 2747 5429 mdil.
2780 5357 3178 5429 metrop.Eccl.
3207 5357 3378 5426 Flor.,
3406 5361 3589 5415 condi-

2004 5428 2288 5501 tio_n9strw
2315 5427 2943 5501 fragilitatisinnovatur.

2079 5496 2094 5536 ι
2130 5500 2272 5554 Idem
2301 5496 2446 5562 cudi,
2476 5507 2525 5550 et
2550 5499 2635 5567 qui
2657 5508 2839 5553 contra
2859 5500 3085 5554 vetitum.

2070 5577 2107 5605 ω
2133 5569 2273 5623 Idem
2299 5566 2424 5623 cod.
2444 5610 2459 5633 ,
2489 5578 2812 5622 renascatur.
2860 5567 3206 5636 Renascatur,
3238 5570 3471 5641 inquam,
3504 5568 3593 5620 de-

1996 5657 2116 5703 nuo,
2143 5656 2242 5694 non
2267 5650 2530 5693 nascatur.

2065 5721 2091 5748 ιι
2117 5710 2261 5767 Idem
2291 5708 2438 5775 cod.,
2468 5727 2532 5765 ea:
2553 5710 2696 5767 illius
2732 5711 3174 5785 praevaricationis
3207 5709 3579 5783 delinquentia.
