4054 6190
515 289 617 343 ηδτ

1708 291 1763 344 S.
1808 286 2048 344 MAXIMI
2088 285 2535 349 TAURWENSIS

3669 289 3780 352 568

516 408 697 465 Potuit
733 408 876 462 Deus
917 403 1123 463 Lomini
1169 421 1290 477 qua:
1316 420 1414 477 per
1442 406 1609 460 Adam
1658 413 1935 461 contracta
1972 406 2088 459 iue-
2121 414 2166 468 Α
2193 406 2362 461 ricors
2389 406 2612 473 largitus
2656 415 2739 464 est
2780 404 3005 459 veniam.
3038 400 3170 460 Nam
3199 402 3350 476 quod
3373 406 3653 472 morimur,
3685 409 3778 465 de-

516 508 637 556 rant
663 501 742 555 sic
768 499 1043 567 indulgere
1090 507 1331 568 peccata,
1357 506 1415 553 ut
1436 498 1642 553 renasci
1662 512 1786 552 eum
1807 498 1983 552 denuo
2005 511 2095 551 ne-

517 606 668 646 cesse
694 607 800 645 non
829 597 992 645 esset.
1018 588 1154 643 Audi
1205 589 1394 657 igitur,
1425 596 1480 643 et
1516 588 1752 656 intellige
1779 588 2042 642 rationem
2075 605 2088 640 :

518 681 679 745 Deus,
708 682 849 736 sicut
894 681 1123 745 scimus,
1143 696 1307 735 verax
1335 688 1391 733 et
1429 679 1605 747 justus
1631 687 1746 743 est,
1781 692 1879 732 nec
1914 684 2095 747 potest

520 774 806 843 aliquando
828 774 1061 829 mentiri.
1092 774 1226 828 Cum
1250 787 1378 841 ergo
1401 773 1567 827 Adam
1592 773 1929 841 plasmasset,
1962 778 2018 826 et
2040 771 2094 825 in

522 864 767 933 paradiso
790 864 963 931 legem
989 864 1038 918 ei
1084 862 1389 932 bujusmodi
1416 863 1723 925 statuisset,
1755 871 1812 917 ut
1838 865 1905 917 de
1951 862 2095 930 ligno

521 956 724 1012 sciendi
752 956 951 1011 bonum
979 963 1034 1010 et
1070 956 1266 1009 malum
1308 957 1522 1026 penitus
1550 971 1656 1009 non
1704 962 1962 1024 gustaret,
1992 969 2096 1022 qua

521 1045 611 1101 die
633 1055 657 1083 λ
680 1061 807 1101 eum
832 1055 1099 1114 gustasset
1119 1055 1293 1101 morte
1320 1061 1443 1101 eum
1476 1059 1597 1101 esse
1624 1044 1943 1100 moriturum
1966 1061 1981 1109 ;
2006 1043 2100 1111 igi-

525 1144 612 1191 tur
633 1137 797 1193 homo
823 1153 944 1193 cum
974 1137 1227 1192 mandato
1248 1136 1551 1205 huiusmodi
1576 1144 1868 1200 teneretur,
1898 1145 2097 1206 practe-

523 1226 673 1281 riens
691 1226 1021 1289 mandatum,
1048 1227 1269 1283 incurrit
1296 1227 1350 1280 in
1378 1228 1570 1295 legem,
1595 1234 1653 1281 et
1670 1234 1895 1282 mortem
1936 1240 2097 1294 quam

523 1315 666 1371 Deus
691 1315 1011 1386 praedixerat
1036 1317 1477 1386 praevaricatione
1514 1316 1775 1385 quaesivit.
1828 1313 1969 1384 Ergo
1997 1316 2101 1371 sic-

523 1413 582 1461 ut
619 1406 868 1471 diximus,
916 1406 1040 1474 quia
1078 1408 1406 1477 impossibile
1446 1413 1532 1461 est
1574 1407 1875 1462 Divinitatis
1900 1413 2098 1461 statuta

522 1497 772 1559 convelli,
802 1505 857 1551 et
875 1498 1041 1553 homo
1060 1499 1309 1566 laqueum
1330 1498 1462 1566 legis
1478 1498 1729 1565 incurrit;
1752 1499 1873 1553 ideo
1899 1498 1950 1554 ei
1979 1499 2098 1553 abs-

523 1600 630 1654 que
675 1587 953 1641 nativitate
1001 1585 1169 1642 altera
1214 1602 1321 1641 non
1363 1588 1604 1658 oportuit
1649 1587 1941 1656 indulgeri,
1973 1589 2098 1657 quia

522 1675 661 1730 solvi
707 1684 1101 1745 praeceptorum
1142 1676 1277 1731 ordo
1324 1693 1433 1732 non
1478 1685 1715 1747 poterat,
1747 1678 1841 1733 sed
1888 1679 2097 1732 renasci

2194 497 2328 553 creti
2358 497 2551 568 prioris
2573 504 2828 551 statutum
2853 506 2971 562 est;
2993 497 3139 565 quod
3166 498 3512 566 resurgimus,
3541 501 3782 556 muneris

2195 589 2469 657 sequentis
2496 587 2823 644 est.donum.
2854 588 3040 657 igitur,
3072 589 3284 656 fratres,
3316 591 3472 646 vobis
3519 594 3779 649 catechu-

2194 679 2368 734 menis
2413 679 2605 749 loquor
2649 698 2661 732 :
2710 679 2956 735 festinate
3002 690 3024 720 ο
3069 680 3135 734 ad
3179 681 3428 736 secunda:
3481 683 3783 738 nativitatis

2196 771 2440 840 gratiam,
2457 778 2518 826 ut
2545 772 2598 825 in
2624 773 2778 827 vobis
2801 772 3013 826 ﬁniatur
3033 773 3226 841 Adam,
3255 773 3501 829 Christus
3530 775 3777 844 incipiat:

2195 869 2456 916 vacuetur
2482 877 2647 927 mors,
2679 862 2785 915 vita
2824 862 3096 930 succedat,
3143 863 3423 919 aboleatur
3449 867 3783 921 austeritatis

2197 951 2485 1014 sententia,
2516 951 2545 988 ει
2574 952 2935 1006 innovationis
2972 953 3145 1019 gratia
3173 953 3570 1023 subsequatur;
3594 957 3780 1011 abole-

2197 1048 2288 1096 tur
2305 1042 2447 1096 enim
2472 1041 2734 1097 severitas
2771 1040 3078 1109 judicantis,
3105 1051 3130 1080 ο
3158 1058 3281 1098 cum
3307 1046 3665 1101 renovatione
3697 1048 3783 1100 in-

2199 1132 2509 1187 tercedente
2529 1132 2698 1187 Deum
2726 1147 2881 1187 suum
2929 1133 3199 1188 sententia
3226 1148 3334 1188 non
3379 1136 3641 1202 agnoscit.
3665 1135 3785 1191 Cm-

2200 1232 2373 1279 terum
2394 1223 2495 1279 nisi
2522 1231 2757 1278 mutatus
2785 1223 2944 1278 fuerit
2972 1231 3126 1279 vetus
3165 1223 3328 1278 homo
3356 1234 3560 1291 noster,
3607 1234 3661 1281 et
3698 1243 3784 1282 se-

2199 1323 2396 1387 quatur
2420 1329 2614 1370 novam
2659 1329 2945 1385 personam
2973 1330 3131 1385 pmna
3160 1316 3431 1385 prteoepti,
3465 1331 3569 1371 nec
3595 1318 3781 1372 condi-

2199 1407 2404 1462 tionem
2431 1405 2595 1477 “2
2621 1405 2812 1461 mortis
2837 1405 3009 1461 vitare
3027 1407 3248 1477 poterit,
3274 1406 3367 1475 qui
3394 1422 3504 1462 non
3534 1407 3787 1476 confuge-

2200 1499 2271 1553 rit
2294 1498 2361 1553 ad
2382 1497 2707 1553 conditionis
2727 1505 3024 1553 auctorem.
3050 1498 3138 1553 Ait
3159 1498 3303 1553 enim
3331 1497 3577 1553 Christus
3603 1497 3786 1553 Domi-

2203 1605 2303 1644 nus
2327 1606 2339 1643 :
2369 1586 2488 1642 Nisi
2512 1588 2835 1642 credideritis
2854 1589 2975 1658 quia
2994 1605 3089 1659 ego
3115 1605 3249 1657 sum,
3280 1589 3334 1642 in
3355 1589 3584 1660 peccatis
3610 1591 3789 1642 vestris

2204 1678 2491 1733 moriemini
2507 1676 2562 1748 (1
2565 1693 2685 1731 oan.
2707 1677 2845 1743 Vill).
2863 1676 2884 1715 ί
2899 1676 2989 1733 Sic
3009 1686 3188 1732 autem
3209 1677 3478 1733 credimus
3492 1677 3786 1735 Christum.

522 1763 800 1820 hominem
826 1765 1019 1831 voluit,
1049 1773 1104 1819 et
1145 1766 1375 1821 alterum
1421 1766 1817 1836 quodammodo
1860 1768 1995 1833 ﬁeri,
2045 1776 2101 1822 ct
2138 1783 2175 1837 [ς
2204 1768 2387 1837 sicque
2425 1783 2526 1822 nos
2569 1768 2793 1834 gratiam
2834 1765 3067 1823 ﬁdeliter
3110 1768 3420 1832 induamns,
3452 1783 3641 1823 verum
3670 1783 3790 1823 esse

522 1854 649 1921 quia
690 1869 797 1908 non
826 1861 1040 1923 poterat
1067 1855 1200 1922 legis
1226 1858 1421 1911 mutari
1452 1857 1717 1911 sententia
1741 1894 1757 1921 ,
1805 1864 2100 1912 mutaretur

523 1942 627 2010 legi
654 1943 867 1998 addicta
893 1947 1366 2014 persona,scilicet
1391 1957 1446 2002 et
1465 1947 1518 2002 in
1548 1963 1655 2002 uno
1677 1948 1975 2018 eodemque
2001 1949 2104 2003 ho-

524 2031 670 2087 mine
688 2032 916 2088 alterum
935 2035 1173 2091 conditio
1199 2036 1509 2105 stringeret,
1534 2038 1761 2093 alterum
1781 2039 1953 2108 gratia
1972 2039 2108 2094 libe-

2203 1859 2346 1929 quod
2374 1858 2540 1914 dicit:
2565 1857 2687 1915 Nisi
2713 1861 2826 1930 quis
2846 1868 3055 1913 renatus
3078 1861 3232 1931 fuerit
3258 1877 3324 1914 ea:
3337 1877 3471 1932 aqua
3493 1859 3788 1931 (100mm),

2208 1958 2266 2005 et
2291 1948 2516 2019 reliqua.
2539 1947 2827 2003 lnduamur
2846 1962 2976 2016 ergo
3004 1949 3258 2013 Domino;
3282 1957 3389 2003 tam
3409 1949 3600 2018 gratia,
3628 1964 3792 2020 quam

2212 2038 2530 2109 prmceptis;
2562 2052 2709 2092 mors
2736 2038 2880 2092 enim
2908 2053 3002 2093 eos
3032 2054 3139 2093 non
3175 2039 3445 2102 retinebit,
3469 2054 3590 2094 cum
3622 2038 3793 2092 Adam

522 2126 1584 2194 rarct,vetustussatisfaceretseveritati,
1604 2137 2120 2188 novusaceresceret
2220 2136 2249 2175 Β
2277 2126 2490 2193 Viderit,
2524 2142 2646 2182 cum
2679 2125 2895 2182 Christo
2923 2142 3077 2194 8858,.
3096 2128 3188 2196 qui
3216 2128 3325 2182 Vita
3359 2135 3461 2182 est.
3493 2127 3794 2198 Pmcepta.

522 2209 781 2282 bonitati,
799 2223 1064 2283 quatenus
1090 2224 1147 2272 et
1172 2228 1499 2289 prmoeptum
1529 2220 1640 2275 vim
1666 2235 1818 2275 suam
1854 2221 2113 2278 retineret

524 2299 577 2355 in
608 2302 851 2373 homine,
889 2313 945 2362 et
986 2307 1263 2364 hominem
1306 2324 1499 2366 census
1540 2310 1676 2366 alter
1725 2320 1957 2369 erueret.
2008 2313 2110 2380 Qui

524 2392 667 2446 enim
689 2397 987 2451 renascitur
1005 2398 1200 2467 prioris
1225 2401 2113 2473 generationisimplevitconditio-

527 2498 671 2548 nem,
703 2484 863 2556 M1
893 2489 1141 2544 secundae
1160 2490 1458 2546 nativitatis
1482 2493 1646 2546 sumit
1671 2492 1963 2561 originem;
1993 2494 2106 2563 qui,

526 2574 771 2642 inquam,
807 2579 1122 2644 renascitur,
1151 2579 1322 2635 ﬁnivit
1353 2597 1471 2637 esse
1506 2583 1650 2651 quod
1694 2581 1886 2648 fuerat,
1926 2585 2113 2654 incipit

524 2680 644 2722 esse
670 2667 813 2736 quod
842 2685 950 2725 non
983 2679 1118 2739 erat,
1146 2681 1391 2729 mortuus
1415 2681 1500 2729 est
1531 2672 1555 2712 δ
1594 2674 1856 2743 antiquis,
1886 2675 2112 2730 innova-

525 2764 615 2813 tus
636 2766 721 2814 est
733 2757 848 2828 jam
871 2759 1088 2818 futuris.
1112 2762 1282 2830 Quam
1309 2765 1482 2819 bonus
1502 2764 1665 2832 igitur
1709 2764 1971 2819 Dominus
2011 2779 2109 2818 no-

523 2855 666 2914 stcr;
697 2851 776 2905 sic
802 2850 974 2919 legem
1003 2854 1211 2918 statuit,
1235 2862 1293 2909 ut
1313 2854 1731 2910 misericordiam
1749 2868 1858 2908 non
1873 2852 2105 2919 omittat;

523 2940 602 2994 sic
622 2941 927 3007 miseretur,
960 2952 1020 2997 ut
1055 2944 1189 3012 legis
1216 2952 1417 2999 statuta
1463 2960 1571 3000 non
1610 2945 1796 2999 violet.
1829 2943 2104 3013 Tanquam

522 3035 696 3106 justus
717 3038 859 3090 enim
881 3045 1164 3093 exsecutus
1176 3044 1260 3092 est
1284 3037 1630 3101 sententiam,
1661 3044 1917 3106 tanquam
1943 3036 2106 3092 mise-

2222 2217 2418 2287 inquit,
2465 2218 2582 2287 ejus
2628 2224 2755 2273 ante
2781 2218 2959 2273 omnia
3007 2233 3412 2284 conservemus,
3441 2225 3499 2273 et
3524 2219 3798 2288 praecipue

2211 2312 2281 2368 de
2299 2311 2517 2382 jejuniis
2540 2310 2991 2378 Quadragesimat.
3021 2310 3172 2366 Sicut
3197 2312 3341 2365 enim
3383 2311 3646 2381 plerique,
3674 2312 3796 2381 qui-

2210 2404 2311 2460 bus
2331 2418 2451 2459 cum
2474 2402 2561 2457 hic
2582 2401 2859 2471 jejunandi
2887 2402 3276 2457 sacratissimus
3306 2416 3561 2457 numerus
3602 2402 3796 2458 indici-

2212 2501 2320 2559 tur,
2350 2493 2678 2562 interpositis
2717 2492 3065 2549 hebdomadis
3089 2493 3345 2547 divinitns
3369 2500 3629 2571 statutum
3656 2500 3788 2547 tem-

2210 2601 2312 2656 pus
2333 2585 2538 2641 violant
2557 2583 2914 2649 comedeudo,
2946 2599 3054 2638 non
3090 2584 3445 2651 intelligentes
3484 2582 3631 2653 quod
3684 2599 3795 2638 non

2210 2678 2434 2733 minoris
2460 2675 2914 2747 prmvaricationis
2940 2682 3126 2730 contra
3164 2675 3506 2729 interdictum
3532 2674 3797 2742 gustando

2208 2768 2288 2824 rei
2315 2774 2460 2832 sunt,
2489 2781 2652 2835 quam
2700 2767 2790 2820 ille
2814 2765 2982 2820 Adam
3034 2765 3128 2834 qui
3172 2772 3360 2819 contra
3386 2765 3616 2819 vetitum
3642 2778 3798 2818 man.

2208 2856 2444 2919 ducavit,
2480 2852 2509 2892 ιι
2538 2855 2635 2910 sed
2662 2854 2804 2910 illius
2830 2853 3299 2923 praavaricationes
3324 2852 3525 2908 Christi
3567 2852 3802 2908 redemit

2207 2945 2417 3017 passio;
2443 2944 2576 3001 istos
2596 2945 2719 3014 quis
2754 2943 3001 3009 redimet,
3045 2943 3138 3014 qui
3177 2944 3633 3016 praevaricatores
3670 2952 3803 2999 sunt

2208 3044 2333 3108 post
2358 3036 2574 3093 Domini
2599 3035 2905 3108 passionem
2928 3036 2953 3090 ’ἐ

1880 3149 2149 3213 SERMO
2192 3152 2422 3213 XVIII.

1832 3254 1911 3309 De
1939 3250 2352 3324 Quadragesima
2390 3253 2495 3308 IV.

1978 3342 2369 3401 ADMONITIO.

595 3460 728 3532 Cum
752 3461 805 3516 in
832 3460 1019 3518 codice
1047 3461 1363 3517 Taurinensi
1383 3461 1471 3518 hic
1498 3475 1677 3532 sermo
1706 3460 2005 3532 reperiatur
2025 3475 2173 3532 num.
2201 3458 2270 3513 28
2310 3458 2389 3512 De
2411 3456 2849 3528 Quadragesima,
2868 3460 3201 3532 subsequens
3224 3474 3353 3515 vero
3377 3459 3435 3532 in
3451 3458 3669 3532 duobus
3690 3475 3806 3514 ma-

525 3531 811 3602 nuscriptis
840 3547 967 3587 mox
984 3532 1260 3588 laudandis
1280 3539 1524 3602 repertus
1552 3530 1621 3585 ad
1636 3528 1792 3602 hunc
1811 3530 2058 3586 eumdem
2077 3529 2358 3602 referatur,
2374 3536 2658 3602 utrumque
2678 3536 2865 3602 sancto
2889 3528 3121 3602 Maximo
3147 3538 3332 3585 nostro
3349 3528 3802 3602 adjndieavimns.

522 3597 741 3658 Monere
770 3618 876 3658 non
906 3603 1197 3658 omittimus
1226 3597 1460 3657 editores
1487 3600 1714 3656 eximios
1741 3617 1961 3672 operum
1986 3600 2155 3655 sancti
2182 3598 2462 3667 Augustini
2507 3598 2801 3653 monachos
2815 3597 2871 3654 S.
2900 3598 3069 3655 Mauri
3090 3600 3142 3654 in
3166 3617 3194 3654 a
3236 3600 3461 3669 pendice
3488 3615 3800 3655 sermonum

523 3672 771 3724 eumdem
797 3674 1044 3724 posuisse
1065 3673 1164 3724 snh
1181 3688 1327 3724 num.
1360 3672 1462 3724 145
1494 3670 1569 3724 De
1590 3670 2001 3724 Ouadraaesima
2032 3670 2058 3724 Ι
2073 3670 2352 3724 V.colum.
2386 3667 2489 3722 189
2513 3667 2643 3723 edit.
2675 3668 2934 3724 Antuern.
2968 3686 3059 3724 an.
3094 3616 3251 3724 I708.
3282 3670 3371 3724 ubi
3394 3669 3800 3724 iudiciumVer-

3236 3710 3251 3735 ν

523 3672 771 3743 eulndem
797 3674 1044 3743 posuisse
1065 3673 1164 3727 sub
1181 3688 1327 3727 num.
1360 3672 1462 3726 145
1494 3670 1569 3725 De
1590 3667 2001 3743 Quadragesima
2032 3670 2058 3725 Ι
2073 3670 2137 3735 ν,
2154 3670 2352 3743 colum.
2382 3667 2489 3743 i89
2513 3667 2934 3743 edi_t._:_intuerp.
2968 3686 3059 3725 an.
3094 3670 3117 3723 I

3282 3670 3371 3724 ubi
3388 3669 3662 3739 judicium
3675 3669 3805 3724 Ver-

524 3741 618 3812 lini
641 3750 698 3812 et
728 3737 993 3812 Vindingii
1023 3752 1388 3809 recensentes,
1418 3758 1527 3798 non
1550 3737 1940 3812 repudiandum
1960 3742 2163 3797 dixere.
2194 3738 2556 3812 bovanienses
2581 3737 2896 3812 dubitarunt
2915 3747 3094 3795 utrum
3120 3740 3179 3795 S.
3204 3737 3502 3812 Augustino
3524 3740 3804 3812 ascriben-

522 3810 622 3864 dus
648 3810 817 3883 (oret;
860 3808 1057 3883 et'jure
1078 3813 1291 3883 quidem
1322 3808 1641 3883 AacAmerito',
1671 3828 1793 3867 cum
1834 3812 2154 3883 Maximiana
2182 3808 2393 3883 dicendi
2422 3809 2562 3883 ratio
2602 3808 2784 3883 potius
2839 3808 3052 3865 eluceat
3079 3826 3240 3881 quam
3268 3809 3637 3881 Hipponensis
3677 3809 3800 3878 epi-

522 3880 693 3949 scopi.
723 3880 782 3934 In
802 3877 988 3936 codice
1017 3877 1335 3935 Taurinensi
1363 3877 1650 3935 adnotatur
1670 3895 1971 3935 sermonem
1996 3881 2064 3933 27
2092 3880 2172 3933 De
2184 3877 2594 3948 Quadragesima
2620 3878 2834 3934 deesse.
3094 3877 3113 3881 ’
3260 3898 3267 3905 ·

525 3992 921 4064 Aaouueujwu.
947 4024 1019 4064 -_——
1044 3990 1232 4064 Merito
1251 3991 1595 4064 quadraginta
1624 3992 1822 4046 dierum
1844 4009 2105 4064 numerum

594 4061 851 4136 custodire
887 4060 1125 4136 debemus
1139 4060 1375 4136 jejuniis,
1405 4060 1555 4136 quem
1582 4079 1682 4136 per»
1699 4064 1933 4135 exempla
1956 4062 2109 4136 Moy-

593 4132 685 4195 sis,
741 4129 879 4205 litin:
917 4129 1207 4205 Christique
1248 4129 1559 4205 Saluatoris
1582 4129 1795 4205 legimus
1837 4129 2107 4188 consecra-

593 4210 725 4275 εαξη.
757 4199 858 4265 Qui
886 4199 1202 4275 abstinemus
1222 4220 1319 4258 nos
1339 4221 1371 4257 a
1392 4199 1661 4269 carnibus]
1686 4212 1736 4258 et
1750 4205 2052 4275 jejunamus
2073 4222 2107 4259 a

594 4269 746 4340 cibis,
767 4274 1026 4346 imprimis
1057 4284 1270 4346 peccata
1298 4275 1576 4346 fugiamus,
1601 4284 1651 4329 et
1677 4292 1710 4328 a
1737 4269 1874 4329 uitiis
1894 4275 2104 4346 jejune—

592 4358 725 4406 mus,
759 4342 1000 4416 bonisque
1022 4342 1259 4414 operibus
1278 4342 1577 4398 serviamus.

592 4437 766 4494 Omne
791 4439 915 4493 vita:
961 4447 1161 4494 nostrae
1206 4446 1420 4509 tempus
1457 4439 1688 4494 stadium
1716 4439 1984 4509 quoddam
2006 4438 2104 4495 de-

522 4531 712 4586 bemus
738 4538 933 4600 putare
970 4530 1247 4596 virtutum,
1280 4537 1335 4584 et
1371 4529 1439 4585 ad
1478 4529 1699 4585 caeleste
1726 4530 1968 4586 bravium
1990 4538 2105 4586 tota

524 4632 706 4679 mente
733 4621 1081 4678 contendere.
1116 4619 1222 4675 Sed
1250 4620 1352 4677 hoc
1371 4620 1640 4692 prmcipue
1665 4622 1717 4676 in
1747 4620 2107 4697 Quadragesi-

525 4729 626 4768 inte
656 4712 845 4769 diebus
873 4711 1197 4783 implendum
1235 4711 1277 4778 ι,
1308 4712 1400 4781 qui
1442 4712 1779 4768 abstinentiae
1804 4729 1868 4769 ac
1889 4712 2109 4784 jejuniis

524 4802 780 4871 dedicati,
809 4811 1016 4859 tantum
1037 4803 1193 4858 nobis
1240 4801 1307 4856 ad
1335 4802 1589 4859 virtutem
1618 4804 1779 4859 animi
1804 4804 2106 4873 conferunt,

598 4951 625 4979 ι
662 4941 797 4997 Cod.
823 4941 950 5010 169,
969 4942 1095 4998 olim
1110 4941 1251 4997 aadil.
1267 4948 1389 4996 met.
1412 4939 1506 4997 Ec.
1528 4939 1695 5004 Flor.,
1719 4959 1818 5013 qua
1836 4944 1920 4997 die
1940 4956 2110 5001 autem

529 5020 803 5080 gustasset.

532 5151 559 5220 f
592 5080 627 5203 th
667 5080 811 5135 Idem
831 5083 976 5151 cod.,
996 5092 1227 5139 mortuus
1249 5091 1326 5137 est
1352 5084 1610 5155 antiquus,
1626 5090 1675 5135 et
1704 5081 1976 5140 innovatus
1996 5088 2110 5156 jam

555 5166 585 5203 u
613 5167 757 5205 urus.

555 5157 757 5205 taurus.

601 5231 625 5260 ο
664 5219 809 5275 Idem
839 5218 983 5283 cod.,
1007 5222 1076 5274 ad
1092 5223 1333 5278 secundae
1362 5221 1643 5277 nativitatis
1672 5225 1892 5279 veniam.

599 5290 626 5328 ά
663 5290 809 5364 Idem
1012 5294 1290 5364 nativitatis
1316 5296 1486 5364 gratia
1504 5293 1857 5364 subsequatur.

601 5371 627 5400 ⁸
664 5361 809 5433 Idem
839 5357 1218 5422 cod.,aboletur
1244 5352 1379 5417 enim
1404 5364 1645 5418 severitas
1663 5352 1967 5433 iudicantis,
1993 5380 2106 5419 cum

525 5435 581 5486 in
611 5432 834 5504 novitate
855 5444 1107 5504 reversum
1126 5434 1427 5504 sententiam
1443 5450 1545 5487 non
1568 5432 1817 5504 agnoscit.
1850 5435 2102 5487 therum

527 5503 629 5556 nisi
648 5507 871 5555 mutatus
892 5498 1046 5572 fuerit
1074 5511 1210 5554 vetus
1238 5503 1388 5555 homo
1433 5498 1625 5570 noster,
1664 5512 1712 5558 et
1740 5514 1980 5574 sequatur
2003 5520 2099 5557 uo-

527 5589 643 5628 eam
688 5586 980 5642 personam,
1006 5584 1100 5642 nec
1125 5586 1325 5642 paenam
1370 5574 1592 5641 peccati,
1623 5590 1714 5628 nec
1760 5576 2107 5629 conditionem

528 5640 892 5715 mortisvitare
910 5640 1232 5715 poterit,‘qui
1253 5640 1677 5715 nou'confugerit
1709 5644 1777 5696 ad
1799 5644 2105 5699 conditionis

531 5714 909 5769 auctoritatem.
937 5712 1022 5765 .‘tit
1050 5711 1206 5777 enim,
1237 5719 1343 5764 etc.

2133 3998 2178 4060 C
2209 3999 2468 4062 quantum
2489 4000 2546 4048 et
2589 3992 2657 4049 de
2700 4008 2929 4064 corpore
2957 3992 3335 4063 voluptatem‘i
3372 3991 3670 4061 depellunt.
3705 3987 3805 4044 Est

2208 4090 2389 4138 autem
2417 4083 2685 4152 legitimus
2703 4098 2960 4139 numerus
2988 4083 3078 4138 ille
3100 4081 3308 4152 jejunii,
3340 4090 3396 4137 et
3417 4080 3511 4150 qui
3544 4079 3571 4119 ιι
3602 4081 3657 4135 in
3675 4094 3803 4133 san-

2207 4173 2309 4228 ctis
2334 4172 2642 4228 celebratur
2667 4173 2950 4242 exemplis.
2996 4171 3209 4244 Moyses
3254 4171 3429 4239 legem
3476 4175 3803 4238 accepturus

2208 4278 2240 4319 a
2282 4263 2425 4332 Deo,
2462 4265 2815 4335 quadraginta
2844 4265 2960 4320 dies
3004 4273 3168 4335 atque
3207 4271 3396 4318 noctes
3441 4262 3648 4330 absque
3677 4261 3804 4315 cibo

2206 4363 2446 4428 potuque
2469 4358 2746 4426 transegit,
2769 4364 2826 4412 et
2843 4357 2911 4412 ad
2938 4355 3333 4426 suscipiendam
3364 4353 3577 4409 Domini
3608 4352 3804 4408 volun-

2211 4457 2376 4505 tatem
2401 4449 2620 4519 jejuniis
2646 4458 2978 4521 praeparatus
2997 4456 3099 4504 est.
3127 4448 3271 4503 Elias
3296 4454 3420 4517 post
3445 4445 3803 4515 quadraginta

2208 4540 2419 4596 dierum
2438 4541 2661 4612 jejunia,
2691 4558 2853 4598 curru
2872 4542 3034 4609 igneo
3062 4539 3132 4595 ad
3155 4552 3406 4609 suprema
3440 4537 3703 4591 caelorum
3731 4534 3807 4590 de

2208 4630 2315 4687 hoc
2334 4630 2532 4686 mundo
2563 4632 2859 4688 translatus
2881 4639 2984 4687 est.
3009 4630 3130 4701 Ipse
3174 4642 3391 4700 quoque
3432 4626 3694 4681 Dominus
3740 4639 3808 4679 ac

2209 4719 2461 4778 Salvator
2487 4732 2671 4778 noster
2698 4721 3057 4792 quadraginta
3101 4719 3291 4775 diebus
3314 4716 3567 4786 jejunans
3591 4713 3663 4770 de
3688 4713 3809 4769 dia-

2212 4812 2322 4868 boli
2352 4814 2740 4870 tentationibus
2781 4812 3150 4883 triumphavit,
3178 4817 3239 4866 ut
3265 4808 3332 4864 ad
3360 4806 3808 4879 medicationem

2290 4948 2311 4988 ί
2351 4948 2499 5005 Idem
2540 4951 2688 5017 cod.,
2720 4950 2781 5008 Si
2810 4962 2979 5006 autem
3026 4950 3392 5005 crediderimus
3440 4945 3729 5014 Christum,
3761 4941 3809 5017 si

2212 5022 2323 5093 ejus
2363 5023 2588 5093 gratiam
2614 5016 2706 5078 nos
2735 5023 2958 5093 fideliter
3001 5022 3294 5083 inducimus,
3324 5033 3497 5075 verum
3523 5025 3636 5081 est,
3667 5016 3809 5088 quod

2247 5090 2338 5144 icit
2350 5090 2512 5163 _}Anisi
2538 5094 2672 5163 quis,
2699 5090 2803 5147 etc.

2284 5171 2310 5208 8
2350 5160 2495 5216 Idem
2522 5156 2666 5228 cod.,
2712 5179 2826 5216 cum
2855 5161 3021 5215 Adam
3061 5161 3245 5215 vixerit
3290 5176 3406 5224 cum
3444 5156 3680 5219 Christo,
3715 5156 3807 5226 qui

2210 5232 2314 5285 vita
2334 5241 2428 5285 est.
2461 5230 2763 5303 Praecepta,
2781 5233 3010 5303 inquam,
3044 5231 3153 5303 ejus
3181 5239 3302 5303 ante
3328 5229 3503 5303 omnia
3533 5242 3807 5280 conserue-

2209 5316 2341 5364 mus,
2372 5311 2421 5355 et
2448 5298 2703 5425 prmo-grue
2730 5298 3048 5425 dies'liejuuii
3068 5298 3520 5382 'Quadragcsimae.
3607 5363 3620 5375 ο
3676 5365 3687 5377 .

2284 5370 2306 5406 δ
2345 5369 2492 5425 Idem
2522 5387 2586 5425 co
2628 5410 2666 5425 ..
2690 5372 2783 5425 sed
2809 5372 2957 5425 itam
2982 5372 3459 5425 nrazvaricauouem
3489 5363 3686 5421 Christ:

2284 5370 2306 5406 δ
2330 5363 2492 5426 Idem
2522 5363 2666 5434 cod.,
2690 5372 2783 5427 sed
2809 5363 2957 5427 ἱιῖαἱη
2981 5363 3459 5440 prazvaricatiouem
3489 5363 3687 5421 Christi
3715 5380 3804 5417 re-

2213 5440 2382 5512 deruit
2385 5511 2388 5512 ν
2397 5441 2588 5512 passio.
2798 5484 2811 5499 .

2292 5510 2308 5547 ί
2352 5510 2495 5581 Εᾶὶι.
2525 5512 2717 5577 Manu,
2748 5512 3061 5581 implendum
3088 5519 3186 5567 est.

2286 5581 2301 5631 i
2348 5580 2480 5650 Ead.
2512 5581 2664 5644 edit.,
2697 5580 2992 5650 decerpunt.

2285 5651 2309 5688 lt
2348 5649 2480 5704 Ead.
2512 5651 2664 5719 edit.,
2698 5652 2775 5705 his
2802 5649 2996 5706 sanctis
3025 5649 3328 5715 celebratur,
3352 5657 3457 5704 etc.
