4054 6190
184 330 300 393 5.39
320 294 325 297 ’

1610 320 1836 381 SERMO
1875 320 2006 381 XIX.

3349 324 3459 385 570

186 443 467 513 Evangelii
492 440 603 512 jam
644 439 818 496 victor
860 439 1158 496 accederet.
1202 437 1394 493 Merito
1435 452 1565 492 vero
1612 438 1773 491 etiam
1808 444 1852 498 Α
1882 436 2112 491 tionibus
2136 436 2357 490 fratrum
2388 436 2625 491 membra
2663 437 2934 493 lacerare?
2963 436 3097 504 Quid
3141 439 3375 508 prodest,
3412 438 3460 497 si

186 551 289 590 nos
308 536 453 589 hunc
481 534 685 587 dierum
732 547 1011 585 numerum
1053 530 1321 584 custodire
1361 528 1614 583 debemus
1638 527 1779 597 jeju-

185 628 311 689 niis,
344 639 508 691 quem
538 638 635 692 per
660 622 785 675 talia
814 622 1059 690 exempla
1112 621 1336 687 legimus
1382 627 1774 672 consecratum.

185 716 543 771 Celebremus
589 727 717 780 ergo
753 712 867 765 dies
905 727 1025 766 cum
1068 710 1213 763 omni
1262 710 1540 764 alacritate
1586 710 1780 763 mentis

188 807 353 877 M3
377 814 434 860 et
462 805 677 873 gaudio,
711 812 765 857 et
804 818 899 857 eos
928 803 1174 856 omnibus
1204 800 1373 869 epulis
1402 807 1454 854 et
1482 799 1779 869 corporali-

187 899 289 951 bus
311 896 523 950 deliciis
544 895 907 964 przeleramus.
942 893 995 945 In
1027 893 1110 945 his
1138 892 1281 944 enim
1310 890 1573 960 przecipue
1595 890 1782 943 diebus

189 987 257 1040 ad
309 984 638 1055 implendam
710 983 921 1038 Domini
993 983 1321 1036 voluntatem
1392 979 1779 1043 accendamur,

188 1077 413 1147 quando
437 1076 669 1129 maxime
697 1090 795 1143 per
822 1073 1199 1128 abstinentiam
1223 1071 1467 1139 voluptas
1487 1070 1663 1122 carnis
1683 1084 1781 1122 ex-

187 1169 504 1237 stinguitur.
537 1166 685 1220 Tunc
715 1166 856 1219 enim
884 1164 949 1217 ad
978 1164 1280 1226 Dominum,
1313 1170 1367 1216 et
1392 1170 1414 1196 δ’
1443 1162 1509 1216 ad
1538 1160 1652 1229 ejus
1697 1158 1781 1213 fu-

189 1269 313 1313 tura
340 1257 603 1327 promissa
628 1270 777 1308 mens
791 1253 975 1322 purior
997 1252 1227 1317 festinat,
1246 1268 1366 1306 cum
1381 1252 1521 1305 nulla
1543 1250 1780 1320 crapula,

186 1350 337 1403 nulla
365 1348 470 1403 cibi
495 1362 557 1401 ac
587 1354 745 1415 potus
781 1345 1028 1399 satietate
1057 1351 1348 1397 crassatur.
1382 1340 1533 1395 Unde
1562 1348 1618 1394 et
1662 1339 1783 1393 Sal-

186 1448 347 1494 vator
377 1439 433 1492 in
463 1436 752 1505 Evangelia
782 1435 953 1489 dixit:
987 1434 1250 1488 Attendite
1294 1434 1468 1504 itaque
1515 1430 1689 1493 vobis,
1722 1447 1785 1499 ne

187 1540 473 1603 graventur
487 1545 705 1599 corpora
726 1537 891 1581 vestra
914 1527 967 1580 in
989 1527 1202 1593 crapula
1216 1535 1265 1579 et
1283 1526 1546 1588 ebrietate,
1571 1529 1619 1577 et
1639 1522 1784 1592 cogi-

192 1621 483 1677 tationibus
528 1619 881 1684 sa’cularibus,
913 1626 961 1671 et
987 1618 1312 1687 superveniat
1337 1619 1391 1670 in
1420 1633 1508 1669 vos
1532 1616 1641 1669 dies
1693 1614 1785 1667 illa

189 1711 214 1751 δ
227 1714 507 1783 repentina
529 1729 546 1766 :
572 1720 812 1781 tanquam
835 1710 1044 1780 laqueus
1058 1709 1191 1762 enim
1205 1709 1522 1777 superveniet
1551 1708 1786 1759 universo

1883 529 2246 583 abstineamus
2274 529 2340 583 ab
2389 528 2473 583 his
2511 545 2630 598 qua:
2671 531 2960 598 aliquando
3005 532 3168 602 444
3197 534 3379 600 licent,
3408 545 3463 588 et

1882 620 2139 675 faciamus
2176 620 2265 673 illa
2304 635 2424 689 qua:
2454 636 2723 690 nunquam
2752 622 2951 677 licent?
2979 623 3118 678 Deus
3162 626 3303 678 enim
3347 626 3464 679 illos

1882 710 2112 763 honorat
2149 717 2204 763 et
2250 710 2420 778 diligit
2446 711 2538 779 qui
2587 712 2767 765 illicita
2818 711 3041 781 fugiunt.
3074 714 3161 768 Sic
3211 728 3369 783 ergo,
3407 724 3466 768 ut

1882 799 2011 861 dixi,
2043 799 2345 867 jejunemus
2377 801 2580 865 acibis,
2623 810 2681 854 ut
2728 804 2898 856 multo
2924 805 3092 871 magis
3112 804 3413 872 jejunemus
3436 820 3464 856 a

1882 891 2043 952 vitiis,
2070 898 2129 943 ut
2156 900 2463 945 sanctorum
2495 902 2519 939 Β
2550 909 2757 947 morum
2788 895 3032 950 ubertate
3052 904 3375 961 saturemur,
3410 906 3468 951 ut

1883 990 1938 1036 et
1967 983 2018 1036 in
2044 982 2221 1037 futuro
2260 999 2567 1038 mereamur
2598 986 2833 1054 ipsorum
2860 1004 3081 1057 operum
3114 991 3467 1044 retributione

1883 1075 2087 1136 satiari,
2110 1075 2249 1128 sicut
2271 1075 2325 1128 in
2356 1074 2647 1141 Evangelio
2678 1078 2902 1143 legimus
2922 1097 2933 1131 :
2956 1079 3102 1133 Beati
3130 1083 3215 1151 qui
3236 1083 3467 1134 esuriant

1882 1172 1932 1217 et
1958 1164 2135 1217 sitiunt
2156 1165 2435 1234 justitiam,
2462 1168 2703 1235 quoniam
2733 1169 2833 1237 ipsi
2860 1169 3228 1223 saturabuntur
3252 1170 3467 1243 (Matth.

1882 1255 1961 1325 v).
1988 1254 2138 1307 Illam
2170 1255 2312 1308 enim
2343 1257 2836 1323 compensationem
2874 1260 3043 1323 magis
3081 1261 3281 1328 eligere
3309 1261 3471 1315 debe-

1884 1360 2023 1407 mus,
2058 1353 2117 1398 ut
2145 1342 2171 1380 δ
2201 1346 2334 1399 cibis
2361 1346 2553 1413 quibus
2591 1362 2689 1401 nos
2718 1348 3065 1415 abstinemus,
3103 1364 3197 1403 eos
3217 1352 3471 1420 pauperi-

1884 1435 1984 1489 bus
2032 1450 2096 1489 ac
2137 1434 2399 1489 debilibus
2456 1437 2775 1503 largiamur;
2820 1439 3110 1493 secundum
3165 1440 3292 1495 illud
3328 1440 3473 1509 quod

1886 1525 2141 1593 scriptum
2164 1533 2246 1579 est
2279 1543 2290 1577 :
2325 1525 2474 1579 Beati
2506 1528 2591 1597 qui
2640 1530 2867 1581 contenti
2896 1538 3015 1581 sunt
3043 1532 3257 1596 esurire,
3302 1542 3357 1583 ut
3383 1532 3476 1585 alii

1886 1617 2205 1686 reﬁciantur.
2248 1615 2391 1669 Satis
2428 1616 2539 1671 Deo
2570 1625 2848 1686 acceptum
2894 1629 2976 1673 est
3004 1635 3217 1685 munus,
3260 1621 3475 1689 quando

1890 1706 2131 1773 indigens
2160 1713 2452 1771 saturatur,
2481 1707 2699 1775 quando
2752 1707 2924 1762 nudus
2969 1710 3225 1775 vestitur,
3262 1710 3475 1778 quando

186 1803 410 1867 mundo,
443 1813 492 1856 et
544 1818 693 1855 nemo
731 1801 941 1869 e/fugiet
970 1800 986 1868 (
1015 1799 1139 1851 Luc.
1187 1797 1329 1866 xm).
1364 1796 1471 1851 Sed
1504 1802 1559 1850 et
1588 1796 1677 1849 illa
1704 1804 1787 1849 est
1822 1807 1861 1864 Β
1890 1796 1969 1849 ira
2000 1812 2105 1851 non
2136 1795 2429 1865 perﬁcitur,
2461 1804 2513 1850 et
2543 1796 2830 1852 iracundia:
2857 1806 3065 1867 tempus
3092 1816 3198 1853 non
3228 1816 3475 1855 reserva-

190 1892 638 1960 Qnadragesimze
686 1889 874 1943 diebus
922 1887 1138 1957 grandis
1189 1887 1409 1951 utilitas,
1464 1885 1609 1955 quod
1658 1884 1783 1939 dum

188 1985 359 2039 etiam
391 1998 421 2035 a
454 1982 613 2036 licitis
633 1981 964 2035 abstinemus
983 2019 997 2043 ,
1028 1978 1197 2046 magis
1227 1993 1290 2032 ac
1319 1976 1488 2044 magis
1528 1975 1786 2029 admone-

188 2093 317 2130 mur
346 2076 534 2129 illicita
558 2075 745 2128 vitare.
773 2072 873 2139 Qui
903 2072 1044 2126 enim
1075 2070 1402 2125 abstinemus
1424 2084 1522 2123 nos
1549 2083 1577 2121 a
1607 2066 1785 2121 carni--

186 2169 310 2231 bus,
343 2168 544 2238 quibus
573 2167 690 2220 aliis
719 2166 908 2219 diebus
936 2164 1013 2217 uti
1043 2164 1203 2228 licet;
1239 2173 1259 2199 ε
1290 2162 1381 2230 qui
1426 2176 1524 2214 nos
1552 2159 1789 2213 abstine-

188 2275 309 2313 mus
349 2274 383 2311 a
428 2258 591 2323 vino,
623 2272 731 2325 quo
781 2256 1058 2309 moderate
1107 2254 1185 2307 uti
1223 2253 1377 2318 licet;
1413 2251 1505 2319 qui
1532 2264 1661 2318 ergo
1684 2249 1786 2303 ista

189 2351 454 2413 vitamus,
486 2362 607 2418 qua:
631 2345 918 2416 aliquando
947 2345 1138 2410 licent,
1172 2343 1430 2413 imprimis
1456 2349 1678 2410 peccata
1701 2339 1785 2394 fu-

190 2443 424 2512 giamus,
456 2454 576 2510 quae
604 2438 824 2493 omnino
846 2439 871 2473 ί¹
903 2453 1011 2491 non
1042 2438 1225 2492 licent.
1256 2435 1443 2503 Itaque
1470 2435 1515 2488 si
1543 2434 1787 2488 volumus

189 2534 438 2604 ieiunare
468 2547 498 2585 a
527 2530 681 2594 cibis,
714 2538 837 2583 ante
866 2529 1046 2584 omnia
1072 2527 1375 2598 jejunemus
1404 2542 1433 2579 a
1455 2525 1615 2580 vitiis.
1648 2523 1787 2590 Quid

190 2626 336 2679 enim
363 2623 589 2695 prodest
617 2632 640 2660 θ
670 2622 923 2692 pallidum
957 2637 1075 2676 esse
1103 2623 1119 2658 τ
1150 2620 1387 2690 jejuniis,
1418 2621 1463 2675 si
1490 2620 1615 2674 odio
1637 2626 1691 2673 et
1714 2619 1789 2672 in-

191 2715 329 2769 vidia
353 2716 623 2770 Iivescas?
651 2714 788 2780 Quid
816 2714 955 2768 enim
980 2712 1201 2783 prodest
1225 2713 1407 2766 vinum
1439 2728 1546 2766 non
1573 2711 1780 2775 bibere,

192 2816 240 2861 et
268 2808 566 2861 iracundia:
587 2822 794 2861 veneno
816 2806 1068 2861 inebriari
1085 2806 1108 2859 ?
1123 2804 1260 2871 Quid
1281 2805 1498 2875 prodest
1520 2802 1788 2858 abstinere

193 2911 219 2951 ι
239 2898 500 2953 carnibus
527 2897 596 2952 ad
625 2897 888 2953 edendum
918 2897 1133 2960 creatis,
1166 2904 1221 2953 et
1246 2896 1490 2966 malignis
1519 2896 1790 2951 obtrecta-

1888 1895 1995 1953 tur,
2048 1888 2263 1956 quando
2314 1889 2510 1943 malum
2538 1905 2637 1960 pro
2678 1891 2820 1944 malo
2865 1907 2969 1944 non
3022 1891 3281 1948 redditur.
3326 1893 3477 1948 'I‘unc

1888 1985 2039 2045 grata
2072 1985 2197 2032 sunt
2220 1979 2331 2033 Deo
2360 1988 2541 2034 nostra
2560 1979 2786 2049 jejuuia,
2818 1981 2861 2035 si
2905 1982 2977 2035 illi
3020 1983 3111 2050 qui
3141 1983 3208 2036 de
3246 1984 3479 2037 necessi-

1888 2074 1999 2121 tate
2037 2068 2297 2137 jejunant,
2344 2069 2654 2124 reﬁciantur
2700 2086 2729 2123 a
2759 2072 2932 2124 nobis.
2968 2071 3120 2126 Tunc
3146 2073 3285 2126 enim
3330 2074 3473 2126 illam

1888 2159 2100 2213 Domini
2140 2161 2462 2214 sententiam
2512 2160 2698 2215 audire
2744 2162 3112 2215 merebimur:
3157 2163 3319 2215 Amen
3360 2163 3474 2217 dico

1894 2250 2055 2315 vobis,
2095 2251 2322 2322 quandiu
2354 2253 2548 2321 fecistis
2569 2253 2661 2304 uni
2688 2269 2753 2305 ex
2779 2254 3006 2306 minimis
3046 2254 3178 2318 istis,
3205 2253 3331 2306 mihi
3361 2255 3476 2324 feci-

1892 2345 1985 2397 stis
2038 2342 2250 2413 (Matth.
2307 2344 2451 2409 xxv).
2485 2342 2529 2397 Ο
2582 2343 3019 2411 benignissimum
3073 2344 3354 2398 Dominum
3411 2345 3474 2398 ad

1891 2437 2248 2492 edomandam
2274 2437 2549 2491 hominum
2586 2439 2885 2503 avaritiam,
2926 2438 3016 2506 qui
3065 2438 3163 2491 sibi
3205 2437 3318 2491 dari
3348 2438 3476 2493 dicit

1890 2528 2035 2599 quod
2063 2529 2147 2583 vel
2177 2528 2397 2583 minimo
2427 2530 2649 2599 pauperi
2677 2528 2933 2582 donatum
2958 2527 3153 2581 fuerit!
3191 2525 3352 2579 Vobis
3382 2540 3477 2577 au-

1893 2627 2020 2685 tem,
2053 2618 2267 2687 fratres,
2296 2628 2514 2695 prtcstet
2541 2620 2749 2674 Domini
2779 2618 3143 2673 misericordia
3180 2616 3195 2654 ί
3234 2624 3291 2670 ut
3344 2616 3477 2683 jeju.

1893 2711 1996 2765 niis
2024 2719 2079 2765 et
2106 2710 2482 2781 clecmosynis,
2514 2710 2672 2764 bonis
2718 2710 2971 2779 operibus
3014 2709 3277 2771 serviatis,
3308 2716 3365 2760 ut
3411 2706 3474 2759 ad

1895 2811 2153 2857 aeternam
2182 2818 2363 2857 veram
2393 2802 2556 2856 vitam
2585 2819 2683 2857 vos
2702 2802 2961 2872 perducat
3008 2802 3121 2873 ipse
3148 2802 3237 2870 qui
3266 2800 3395 2855 vivit
3422 2806 3475 2853 ct

1897 2904 2085 2964 regnat
2114 2897 2165 2950 in
2192 2896 2383 2952 szecula
2404 2896 2741 2951 saeculorum.
2768 2896 2957 2950 Amen.

1594 3007 1864 3070 SERMO
1906 3009 2086 3070 XIX.

1558 3111 1637 3167 De
1668 3111 2087 3181 Quadragesima
2128 3110 2194 3164 ιν.

1656 3203 2051 3260 ΑΒΜΟΝΙΤΙΟ.

264 3298 349 3371 Ad
382 3306 665 3371 auctorem,
689 3301 980 3371 superioris
1006 3301 1433 3371 sermonishmlc
1461 3297 1730 3371 pertinere
1768 3295 2349 3371 docueruntmonachi
2369 3294 2434 3371 ξ.
2463 3295 2632 3371 Mauri
2662 3296 2728 3371 iu_
2757 3295 3051 3371 appendice
3076 3298 3323 3371 serm._S.
3346 3299 3466 3371 _Au-

200 3370 433 3440 gustipi,
456 3384 580 3438 pag.
614 3370 716 3422 182
738 3365 862 3425 edit.
898 3373 1154 3440 Antuerp.
1188 3368 1346 3425 1700.
1373 3365 1632 3423 Fateatur
1655 3365 1817 3440 fuisse
1846 3365 2131 3440 Ambrosio
2161 3380 2190 3440 a
2214 3366 2485 3440 veteribus
2521 3365 2812 3440 editoribus
2848 3366 3181 3440 attributum,
3210 3368 3476 3436 ejusdem-

235 3454 301 3493 ue

199 3453 301 3518 que
336 3453 513 3493 Patris
533 3453 826 3495 sententias
853 3453 1058 3510 aliquas

200 3524 249 3561 In
277 3524 349 3562 eo
384 3510 679 3564 inveniunt.
712 3513 846 3565 Cum
889 3520 1069 3567 autem

200 3578 426 3633 accedat
457 3581 815 3635 testimonium
847 3582 1047 3636 codicis

336 3435 513 3493 Patris
533 3435 826 3495 sententias
853 3443 1058 3510 aliquas
1081 3435 1395 3510 complecti;
1420 3447 1654 3494 attamen
1679 3453 1778 3510 nec
1794 3436 1934 3510 huic,
1962 3452 2135 3505 neque
2159 3436 2454 3510 Augustino
2484 3435 2821 3510 adjudicant,
2849 3436 2971 3510 quia
3006 3435 3248 3491 neutrius
3275 3440 3471 3509 stylum

1147 3506 1305 3565 raiter
1332 3510 1540 3564 dicendi
1572 3507 1973 3562 similitudinem
2022 3515 2279 3575 appareat
2310 3506 2580 3575 colligatio
2628 3520 2749 3560 cum
2796 3507 3073 3574 superiore
3122 3506 3390 3565 sermone.
3418 3519 3473 3563 et

1122 3574 1439 3645 aurincnsis,
1473 3580 1563 3633 ubi
1593 3580 1665 3632 ita
1715 3578 2021 3632 inscribitur
2053 3574 2067 3629 ξ
2098 3577 2233 3629 Item
2275 3577 2338 3629 de
2387 3574 2800 3643 Quadragesima
2834 3592 3001 3630 sermo
3042 3576 3138 3641 VI,
3189 3586 3243 3631 et
3272 3578 3473 3633 codicis

200 3650 367 3702 etiam
399 3666 431 3703 ι
460 3649 801 3705 Laurentiani
831 3651 970 3705 Plut.
996 3669 1104 3717 xw,
1130 3665 1251 3722 pag.
1274 3649 1398 3716 275,
1423 3650 1556 3706 satis
1583 3649 1860 3718 explorata
1884 3655 1964 3702 est
1990 3648 2148 3712 ratio,
2181 3662 2276 3701 cur
2303 3655 2357 3700 et
2387 3648 2525 3700 hunc
2552 3654 2739 3701 sancto
2762 3646 2992 3699 Maximo
3014 3647 3363 3703 ascribamus.

201 3763 676 3844 Δκεωειξκτῳίρ-
695 3765 918 3844 Causam
939 3766 1120 3844 indicti
1141 3783 1172 3817 a
1198 3764 1400 3844 Christo
1418 3764 1607 3844 jejunii
1632 3763 1789 3844 fuisse
1817 3762 1861 3824 C
1894 3774 2029 3812 mur.
2063 3758 2221 3829 M5
2252 3756 2358 3812 Sed
2394 3757 2667 3812 videamus
2705 3771 2824 3825 quae
2865 3772 3026 3812 causa
3056 3756 3231 3822 fuerit,
3263 3767 3322 3811 ut
3346 3757 3475 3827 jeju-

271 3833 336 3888 S.
374 3834 640 3889 Maximus
683 3836 984 3901 arbitratur,
1013 3845 1069 3888 ut
1098 3833 1499 3889 immortalitatis
1544 3834 1783 3903 gloriam,

275 3922 439 3976 quam
460 3908 652 3974 primus
681 3907 848 3976 Adam
886 3924 975 3976 per
1002 3907 1452 3976 intemperantiam
1483 3905 1686 3971 amisit,
1719 3920 1794 3957 se-

273 3974 481 4029 Cundus
505 3976 670 4029 Adam
704 3974 934 4029 Christus
962 3994 1052 4045 per
1081 3974 1442 4029 abstinentiam
1491 3984 1788 4045 repararet;

273 4062 339 4097 ac
386 4047 551 4116 multa
579 4049 774 4116 profert
812 4046 873 4098 tle
909 4045 1127 4116 Adamn,
1172 4048 1234 4099 de
1286 4044 1519 4109 Chu’sto,
1553 4047 1615 4097 de
1643 4044 1789 4107 Eva,

277 4115 343 4168 de
376 4113 552 4168 Maria
580 4113 795 4184 uirgine,
821 4118 885 4169 de
915 4115 1132 4169 deserto.

274 4206 336 4260 Si
369 4205 510 4259 bene
536 4206 731 4261 retinet
758 4215 935 4262 vestra
985 4208 1232 4271 dilectio,
1274 4208 1465 4260 fratres
1512 4206 1792 4270 carissimi,

205 4296 478 4365 superiori
524 4296 791 4353 dominica
858 4300 1263 4369 prmdicavimus
1334 4298 1480 4368 quod
1554 4307 1793 4354 sanctam

207 4386 691 4456 Quadragesimam
722 4390 1041 4445 abstinendo
1085 4391 1201 4460 ipse
1229 4390 1485 4445 Dominus
1513 4406 1797 4447 consecra-

207 4485 396 4541 verat,
444 4486 500 4532 et
550 4487 632 4534 tot
659 4481 865 4535 dierum
912 4483 1254 4553 noctiumque
1306 4484 1574 4537 curriculo
1619 4483 1794 4536 cibum

208 4567 436 4622 omnino
466 4583 572 4622 non
599 4570 835 4639 capiens,
868 4588 1030 4625 unum
1059 4588 1123 4627 ac
1150 4573 1379 4628 solidum
1400 4574 1590 4643 jejunii
1625 4578 1637 4624 l
1671 4590 1795 4629 coro

208 4671 310 4725 pus
339 4656 596 4724 effecerit,
628 4675 734 4729 quo
764 4662 817 4715 in
857 4671 1029 4716 totum
1059 4679 1164 4718 non
1194 4664 1482 4720 observare
1512 4664 1537 4703 ιι
1579 4667 1796 4722 sacrile—

209 4761 337 4815 gum
361 4756 446 4802 est
490 4768 502 4801 :
553 4766 619 4804 ex
641 4760 793 4820 parte
822 4753 1024 4808 violare
1064 4763 1341 4824 peccatum
1370 4764 1470 4810 est.
1502 4755 1616 4810 Hoc
1652 4757 1795 4809 enim

206 4840 339 4898 facit
366 4858 529 4897 causa
558 4844 748 4899 salutis
775 4856 993 4912 nostrae,
1037 4855 1097 4901 ut
1125 4863 1239 4902 rem
1269 4848 1454 4903 utilem
1484 4863 1592 4902 non
1622 4848 1793 4903 solum

206 4931 438 4987 doceret
464 4935 658 5001 verbis,
691 4936 786 4991 sed
808 4937 968 4991 etiam
999 4939 1257 5008 exemplis
1286 4940 1604 5004 instrueret;
1629 4947 1685 4992 ut
1730 4939 1794 4995 iis

206 5025 411 5094 quibus
440 5026 504 5080 ad
535 5026 692 5082 ﬁdem
726 5029 1008 5096 currimus,
1040 5029 1106 5084 ad
1133 5030 1509 5085 abstinentiam
1540 5031 1793 5099 gradere-

282 5168 310 5197 ι
356 5157 496 5213 Edit.
525 5159 692 5214 Maur.
735 5160 935 5213 omittit
963 5160 1048 5214 ad.

283 5229 313 5267 δ
355 5228 484 5283 Ead.
535 5230 687 5297 edit.,
737 5231 844 5284 dies
890 5231 983 5284 illa
1035 5241 1274 5304 tanquam
1321 5234 1586 5303 repentina
1629 5240 1798 5286 :tan-

276 5316 386 5358 am,
418 5309 522 5355 etc.

204 5318 308 5451 ᾳῖιθ
355 5370 411 5423 In
443 5371 559 5424 ead.
595 5370 725 5451 edit.
777 5370 1119 5451 omittuntur,
1148 5374 1232 5442 qui
1271 5390 1365 5426 nos
1412 5372 1723 5426 abstinemus
1768 5388 1800 5423 a

203 5442 473 5523 rinloaquo
502 5440 762 5523 moderate
788 5443 861 5494 uti
884 5444 1016 5523 licet.

278 5510 307 5547 ά
517 5511 682 5590 edit.,
703 5527 959 5590 nunquam
980 5516 1161 5590 ticent.

283 5590 310 5616 ο
360 5579 487 5633 Ead.
513 5581 644 5635 edit.
669 5579 947 5653 interiecta
979 5583 1143 5636 habet
1171 5583 1271 5635 alia
1305 5600 1315 5633 :
1352 5581 1486 5645 Quid
1507 5585 1639 5635 enim
1674 5597 1798 5653 pro-

202 5652 327 5732 dest
363 5667 581 5706 vacuare
618 5666 801 5719 corpus
834 5649 898 5703 ub
936 5654 1082 5718 escis,
1112 5661 1158 5707 et
1185 5653 1412 5706 animant
1461 5655 1654 5723 replere
1674 5649 1799 5723 pec-

202 5729 369 5772 catis.

1823 5160 1873 5221 D

1894 3850 1982 3904 nia
2006 3847 2255 3903 Salvator
2284 3847 2562 3912 indiceret,
2595 3855 2648 3900 et
2674 3847 2787 3915 ipse
2815 3847 2910 3901 sibi
2938 3848 3183 3915 primum,
3218 3857 3275 3901 ut
3303 3848 3473 3904 bonus

1893 3940 2112 3994 humani
2149 3939 2359 4005 generis
2400 3935 2638 3991 medicus
2669 3934 2957 4004 jejunaret.
2989 3936 3169 3990 Bonus
3198 3939 3338 3991 enim
3364 3954 3475 3992 me-

1893 4030 2046 4084 dicus
2074 4029 2325 4098 poculum
2368 4027 2513 4097 quod
2549 4041 2693 4094 tegro
2721 4026 2942 4081 daturus
2972 4035 3054 4080 est
3084 4027 3229 4095 prior
3276 4034 3473 4094 gustat,

1894 4128 1953 4174 ut
1986 4120 2235 4189 peritiam
2266 4118 2394 4171 artis
2435 4132 2544 4171 sua:
2585 4127 2709 4171 ante
2740 4134 2799 4171 se
2834 4116 2850 4154 ι
2898 4118 3011 4187 ipse
3039 4117 3392 4182 demonstret,
3428 4121 3475 4172 ci

1895 4211 2319 4281 experimentum
2348 4221 2491 4275 anger
2529 4208 2797 4277 accipiens
2822 4223 3040 4262 securus
3068 4209 3136 4262 sit
3158 4208 3224 4262 de
3263 4211 3474 4278 poculo,

1896 4302 2137 4357 securior
2163 4300 2229 4354 de
2257 4299 2448 4353 salute.
2480 4298 2681 4352 Deinde
2708 4312 2815 4365 quo
2844 4298 2947 4351 loci
2995 4298 3099 4351 hoc
3142 4299 3312 4367 ipsum
3343 4308 3477 4352 tem-

1896 4408 1997 4463 pus
2017 4390 2208 4461 jejunii
2236 4391 2563 4461 procuravit.
2603 4389 2739 4443 Dicit
2767 4390 2908 4443 enim
2947 4389 3271 4456 evangelista
3310 4389 3474 4443 absti—

1897 4485 2079 4540 nuisse
2106 4483 2389 4538 Dominum
2417 4482 2766 4553 quadraginta
2813 4481 3000 4535 diebus
3049 4489 3101 4535 et
3148 4481 3395 4536 noctibus
3422 4482 3471 4534 in

1896 4576 2134 4631 deserto.
2160 4573 2409 4628 Arbitror
2434 4575 2613 4640 itaque
2638 4588 2854 4627 causam
2885 4574 3023 4627 hanc
3043 4587 3159 4625 esse
3179 4571 3389 4641 jejunii,
3418 4579 3472 4625 ut

1899 4667 2021 4735 quia
2052 4667 2256 4735 primus
2279 4663 2445 4718 Adam
2475 4664 2526 4718 in
2559 4664 2807 4732 paradiso
2828 4666 3144 4718 constitutus
3172 4678 3266 4732 per
3286 4662 3477 4714 intem-

1896 4758 2197 4826 perantiam
2248 4756 2383 4822 gula:
2431 4755 2655 4822 gloriam
2713 4754 3124 4809 immortalitatis
3177 4753 3475 4820 amiserat,

1897 4846 2140 4902 eamdem
2190 4846 2644 4899 immortalitatem
2703 4845 2968 4900 secundus
3017 4845 3182 4898 Adam
3234 4843 3476 4897 Christus

1896 4956 1994 5012 per
2036 4940 2416 4994 abstinentiam
2446 4946 2738 5009 repararet.
2772 4937 2839 4991 Et
2874 4938 2999 5007 quia
3037 4944 3221 4992 contra
3251 4936 3477 4991 manda-

1897 5042 2010 5087 tum
2038 5032 2134 5087 Dei
2160 5040 2378 5101 gustans
2405 5032 2472 5086 de
2501 5031 2781 5086 interdicta
2804 5032 2996 5085 arbore
3025 5038 3303 5100 peccatum
3332 5045 3476 5089 mor-

1976 5157 1994 5196 ί
2036 5158 2169 5215 Ead.
2201 5160 2349 5223 edit.,
2377 5159 2599 5230 jejunio.

1976 5239 2001 5307 ξς
2208 5231 2359 5307 edit.,
2390 5239 2681 5307 sanctarum
2702 5241 2925 5296 Operam.

1978 5297 2001 5336 δ
2044 5300 2174 5355 Ead.
2199 5297 2351 5365 edit.,
2381 5308 2436 5352 ut
2464 5317 2494 5352 a
2524 5297 2667 5351 cibis.
3030 5334 3041 5343 ι

1944 5368 1996 5454 ,ί
2042 5370 2173 5426 Ead.
2199 5371 2360 5435 edit.,
2388 5379 2443 5423 ut
2489 5371 2534 5423 ei
2580 5367 2794 5438 jejuniis
2837 5374 2885 5420 et
2931 5366 3269 5439 elecmosynis
3308 5372 3360 5424 in
3388 5370 3479 5424 bo-

1901 5451 2002 5504 nis,
2028 5451 2131 5496 etc.

1977 5516 1989 5563 i
2041 5512 2203 5574 Alias,
2232 5522 2443 5578 tempus.

1976 5583 2000 5621 ¹ί
2042 5582 2172 5637 Cod.
2205 5577 2364 5635 Laur.
2398 5597 2456 5644 x,
2502 5588 2660 5632 totum
2711 5595 2810 5632 non
2848 5577 3116 5632 observare
3156 5579 3477 5649 sacrilegium

1903 5664 2003 5762 es"!
2040 5722 2184 5777 Idem
2211 5720 2343 5776 Cod.
2378 5719 2632 5775 Laurent.
2665 5721 2774 5788 ipse
2809 5721 2860 5774 in
2884 5730 2931 5773 te
2953 5720 3285 5772 demonstret.
