4054 6190
627 280 688 334 7-!
1807 274 1865 331 S.
1908 272 2153 328 MAle
2196 270 2643 329 TA—URINENSIS

3752 278 3869 335 571

590 396 660 451 tis
697 392 987 459 inciderat,
1026 410 1168 449 nunc
1194 392 1490 450 secundum
1518 392 1825 448 mandatum
1857 391 2065 446 Domini
2088 389 2170 459 jc—
2202 397 2240 451 Α
2272 389 2510 443 omnium
2559 390 2824 446 malorum
2867 390 3055 461 causa)
3092 390 3257 449 deest
3296 399 3355 447 ot
3376 391 3605 450 mulier.
3637 393 3873 454 Poterat

592 484 786 556 junans
814 486 933 538 vita:
955 484 1218 553 justitiam
1250 491 1563 538 mereretur.
1597 482 1711 537 lloc
1749 482 1893 537 enim
1923 482 2032 552 egit
2058 480 2176 535 Sal-

593 586 783 641 vator,
831 583 889 629 ut
932 574 1117 629 iisdem
1164 574 1401 642 vestigiis
1466 576 1662 643 quibus
1711 574 1944 629 admissa
1981 572 2179 628 fuerint

596 668 817 731 delicta,
844 674 1159 736 purgentur,
1192 666 1297 721 hoc
1325 675 1425 730 est,
1457 667 1579 736 quia
1610 666 1772 721 homo
1801 664 2176 719 manducando

497 794 502 799 -
596 757 935 826 deliquerat,
977 756 1212 822 corrigat
1239 755 1559 810 abstinendo
1593 773 1605 807 :
1646 754 1731 807 vel
1758 754 1880 821 quia
1910 752 2177 822 epulando

602 847 882 900 mulierem
912 854 1266 913 cognoverat,
1300 861 1441 900 nunc
1468 844 1713 900 eamdem
1739 844 2036 914 jejunando
2080 843 2177 899 de-

597 939 806 1008 spiciat.
837 938 1005 993 Adam
1022 939 1163 992 enim
1187 938 1352 992 Evam
1375 938 1586 1009 nonnisi
1614 936 2023 1006 intemperantia
2048 950 2178 1005 pro-

602 1039 825 1084 curante
847 1031 1103 1099 cognovit
1131 1031 1170 1083 ¹.
1202 1029 1447 1095 Quandiu
1477 1036 1655 1083 autem
1684 1027 1877 1081 mansit
1898 1028 1950 1080 in
1980 1026 2082 1079 illis
2106 1025 2183 1079 in-

604 1131 863 1178 temerata
892 1122 1144 1191 parcitas,
1175 1121 1368 1174 mansit
1396 1129 1450 1173 et
1478 1119 1755 1189 impolluta
1778 1118 2052 1185 virginitas
2082 1134 2096 1168 :
2125 1122 2181 1169 et

601 1211 835 1281 quandiu
861 1211 1240 1278 jejunaverunt
1269 1209 1336 1263 ab
1370 1209 1665 1263 interdictis
1695 1208 1889 1277 epulis,
1916 1207 2101 1261 tandiu
2126 1213 2181 1260 et

606 1318 636 1356 a
666 1300 932 1369 pudendis
960 1301 1279 1368 jejunavere
1320 1299 1572 1368 peccatis.
1602 1297 1795 1352 Fames
1838 1298 1981 1352 enim
2010 1296 2181 1351 amica

605 1391 928 1458 virginitatis
964 1398 1065 1452 est,
1098 1389 1310 1443 inimica
1342 1388 1592 1443 lasciviae.
1624 1386 1885 1440 Saturitas
1911 1401 2039 1440 vero
2064 1400 2183 1441 cas-

606 1482 810 1534 titatem
834 1480 1091 1549 prodigit,
1124 1480 1291 1533 nutrit
1319 1477 1640 1533 illecebram.
1672 1476 1858 1545 Igitur,
1888 1476 2025 1531 sicut
2047 1474 2179 1540 dixi,

602 1570 708 1625 hoc
747 1570 857 1637 agit
898 1570 1155 1624 Dominus
1196 1570 1260 1624 iis
1286 1568 1605 1639 praeiudiciis
1650 1567 1842 1635 quibus
1870 1567 2032 1622 homo
2086 1566 2184 1620 ob-

605 1662 797 1714 noxius
827 1669 1049 1728 peccato
1106 1659 1279 1714 fuerat
1308 1660 1589 1713 liberetur.
1632 1656 1925 1726 Propterea
1948 1670 2183 1725 namque

2277 482 2419 537 enim
2450 480 2778 537 Adam-inter
2802 484 2918 538 illas
2950 483 3185 554 paradisi
3215 484 3565 542 inconcussus
3592 494 3739 544 stare
3766 489 3872 544 de-

2279 574 2447 639 licias,
2477 574 2522 629 si
2552 573 2661 628 Eva
2700 574 2894 630 ibidem
2935 591 3056 630 cum
3098 575 3378 633 diabolicis
3405 586 3431 613 ⁸
3459 577 3727 633 illecebris
3754 596 3868 636 non

2279 664 2481 719 fuisset.
2511 664 2849 721 Conveniens
2874 680 3002 734 ergo
3024 674 3108 720 est
3135 666 3408 722 desertum
3433 668 3614 734 saluti,
3638 670 3727 724 ubi
3756 688 3869 726 non

2277 762 2358 809 est
2388 754 2517 819 Eva,
2558 770 2676 823 qua:
2728 755 3036 825 persuadet,
3069 772 3175 811 non
3205 765 3289 812 est
3312 758 3519 814 emulier
3548 775 3675 829 quae
3720 760 3874 815 blan-

2279 842 2440 898 ditur.
2467 843 2655 897 Videte
2676 859 2789 900 rcm
2817 845 3024 909 miram,
3051 846 3375 915 ingparadiso
3399 864 3522 901 cum
3545 847 3718 902 Adam
3744 848 3871 903 dia-

2277 934 2432 989 bolus
2460 933 2736 998 decertat,
2785 934 2836 988 in
2862 934 3077 990 deserto
3116 952 3237 990 cum
3268 935 3481 992 Christo
3502 938 3753 993 diabolus
3780 940 3872 993 di-

2280 1023 2460 1087 micat,
2494 1023 2691 1093 ubique
2718 1024 3000 1078 insidiatur
3021 1024 3245 1089 homini,
3272 1025 3469 1095 ubique
3498 1029 3868 1096 congreditur.

2281 1114 2387 1171 Sed
2417 1116 2505 1169 ubi
2535 1115 2814 1171 mulierem
2846 1115 3071 1182 invenit,
3092 1116 3258 1170 vincit
3290 1135 3303 1169 :
3328 1117 3416 1170 ubi
3447 1118 3729 1173 mulierem
3757 1137 3869 1176 non

2283 1206 2506 1272 invenit,
2534 1204 2710 1259 victus
2747 1204 3009 1259 abscedit.
3058 1204 3309 1260 Formam
3350 1206 3511 1275 igitur
3537 1206 3684 1262 dedit
3711 1209 3872 1265 nobis

2280 1294 2424 1349 Deus
2453 1296 2505 1349 in
2550 1295 2656 1349 hoc
2695 1296 2860 1360 facto,
2899 1303 2958 1349 ut
2983 1294 3307 1363 jejuniorum
3340 1304 3583 1365 tempore
3615 1306 3870 1368 tanquam

2280 1385 2551 1440 desertum
2593 1385 2900 1439 habitantes
2940 1386 3303 1439 abstineamus
3347 1387 3539 1456 epulis,
3570 1389 3871 1457 voluptate,

2282 1474 2531 1541 muliere,
2580 1489 2647 1529 ne
2675 1474 3032 1543 conjungatur
3058 1474 3215 1529 nobis
3259 1473 3387 1539 Eva,
3432 1490 3503 1530 ne
3537 1490 3633 1530 nos
3658 1492 3687 1530 a
3714 1485 3869 1532 casta

2284 1565 2661 1620 observatione
2708 1565 3023 1620 illecebrosa
3070 1565 3422 1636 persuasione
3469 1566 3762 1620 subvertat.
3808 1567 3868 1621 ln

2283 1657 2496 1713 deserto
2543 1656 2685 1711 enim
2737 1656 3132 1725 quodammodo
3178 1656 3389 1711 videtur
3433 1657 3680 1712 habitare
3706 1700 3723 1726 ,
3777 1660 3871 1728 qui

602 1768 700 1821 per
730 1752 909 1805 omnia
941 1752 1232 1805 secundum
1262 1750 1666 1806 similitudinem
1692 1751 1842 1817 Adae,
1872 1750 2051 1804 omnia
2079 1749 2181 1803 bo-
2214 1766 2258 1824 Β
2284 1746 2717 1816 Quadragcsima:
2760 1755 3001 1816 tempore
3035 1745 3248 1815 jejunus
3295 1754 3350 1801 et
3390 1756 3570 1802 castus
3609 1758 3714 1803 est.
3766 1746 3871 1804 De-

607 1844 779 1897 mines
820 1851 1040 1913 peccata
1072 1842 1405 1896 dissolveret.
1437 1839 1605 1894 Adam
1633 1839 1776 1895 enim
1808 1839 1876 1893 de
1908 1848 2051 1893 terra
2078 1838 2187 1891 vir—

606 1936 730 2003 gine
759 1946 916 1989 natus
945 1944 1045 1996 est,
1070 1943 1125 1989 et
1145 1934 1387 1988 Christus
1417 1932 1486 1987 de
1511 1932 1680 1987 Maria
1708 1932 1910 2001 virgine
1931 1946 2185 2001 procrea-

605 2033 713 2078 tus.
732 2025 884 2079 illius
914 2033 1211 2079 maternum
1245 2024 1420 2079 solum
1460 2038 1561 2077 nec
1587 2022 1713 2076 dum
1740 2023 1926 2076 rastris
1962 2022 2186 2076 scissum

609 2116 788 2170 fuerat
812 2133 826 2178 ;
852 2116 1002 2171 istius
1039 2124 1341 2169 maternum
1390 2122 1655 2170 secretum
1685 2129 1955 2182 nunquam
1985 2128 2187 2167 concu-

600 2208 871 2276 piscentia
911 2208 1189 2261 violatum.
1222 2206 1389 2260 Adam
1430 2206 1522 2260 Dei
1550 2206 1799 2260 manibus
1828 2206 2122 2275 plasmatnr
2158 2221 2189 2260 e

610 2298 757 2362 limo,
788 2298 1033 2353 Christus
1054 2298 1149 2353 Dei
1172 2297 1359 2367 spiritu
1389 2296 1649 2352 formatur
1669 2297 1720 2351 in
1752 2305 1925 2351 utero.
1955 2294 2190 2363 Uterque

611 2404 741 2457 ergo
773 2389 946 2442 oritur
974 2405 1004 2443 a
1055 2388 1165 2442 Deo
1199 2388 1354 2442 Patre
1376 2428 1392 2452 ,
1438 2395 1665 2455 uterque
1703 2386 1909 2454 virgine
1958 2386 2192 2439 nascitur

612 2489 817 2542 matre,
867 2488 1092 2547 uterque
1116 2517 1132 2542 ,
1179 2478 1319 2531 sicut
1352 2477 1680 2545 evangelista
1710 2476 1869 2544 dicit,
1902 2476 2067 2530 Filius
2096 2476 2189 2529 Dei

610 2577 694 2623 est
725 2586 739 2623 :
771 2568 864 2623 sed
882 2568 1063 2623 .Adam
1092 2576 1337 2622 creatura
1378 2568 1472 2621 Dei
1510 2575 1613 2630 est,
1654 2564 1895 2621 Christus
1924 2582 2053 2621 vero
2074 2564 2192 2619 sub-

609 2658 825 2713 stantia.
858 2655 972 2711 Hoc
1012 2670 1139 2725 ergo
1167 2656 1275 2724 agit
1322 2656 1595 2722 Dominus,
1637 2656 1777 2710 sicut
1804 2655 1971 2709 Adam
2000 2671 2193 2709 secun—

611 2747 749 2812 dus,
791 2752 850 2801 ut
888 2746 1033 2816 quod
1060 2746 1207 2816 prior
1232 2746 1397 2801 homo
1442 2745 1814 2801 manducando
1852 2745 2188 2815 perdiderat,

620 2837 725 2891 hoc
754 2838 892 2891 alter
916 2837 1210 2906 jejuuando
1241 2836 1505 2906 recipiat,
1553 2852 1616 2891 ac
1662 2836 1832 2903 legem
1864 2835 1916 2889 in
1947 2834 2193 2905 paradiso

613 2928 935 2982 abstinentia
964 2928 1145 2982 datam
1174 2928 1227 2981 in
1256 2928 1471 2982 deserto
1495 2925 1780 2981 custodiat.
1805 2925 2019 2981 Sciebat
2048 2926 2193 2980 enim

611 3026 937 3088 pncccptum
961 3016 1057 3071 Dei
1077 3032 1185 3070 non
1210 3017 1365 3071 unius
1385 3016 1489 3072 loci
1519 3017 1691 3085 legem
1711 3031 1849 3081 esse,
1873 3015 1967 3072 sed
1990 3016 2192 3071 mundi.

2286 1845 2489 1895 sertum
2519 1837 2679 1907 plane
2707 1835 2977 1907 quoddam
3019 1836 3192 1907 ipsum
3222 1852 3414 1906 corpus
3443 1847 3524 1891 est
3551 1835 3873 1903 Christiani,

2288 1944 2408 1983 cum
2450 1944 2556 1983 non
2588 1928 2826 1997 repletur
2852 1928 2987 1983 cibis
3010 1970 3027 1997 ,
3070 1944 3177 1983 non
3207 1929 3416 1997 poculis
3460 1929 3735 1997 irrigatur,
3776 1932 3872 1984 sed

2288 2019 2490 2073 arentis
2540 2017 2729 2073 inedia:
2771 2019 3019 2087 squalore
3071 2019 3374 2087 negligitur.
3424 2018 3740 2085 Desertum,
3786 2021 3872 2075 in-

2288 2123 2447 2177 quam
2473 2148 2488 2172 ,
2529 2116 2609 2163 est
2640 2121 2838 2178 corpus
2872 2118 3118 2163 nostrum
3143 2149 3159 2172 ,
3203 2125 3325 2164 cum
3376 2110 3704 2166 abstinentia
3733 2128 3875 2167 mar-

2290 2201 2453 2254 cescit
2481 2200 2658 2265 calor,
2689 2200 2777 2254 siti
2822 2200 2995 2269 pallor
3022 2201 3325 2265 obducitur,
3354 2208 3409 2255 et
3436 2209 3754 2272 contemptu
3790 2220 3874 2259 re-

2291 2311 2409 2351 rum
2436 2296 2606 2351 tutius
2650 2294 2883 2349 hominis
2913 2295 3120 2363 species
3167 2295 3365 2349 inculta
3395 2294 3682 2350 sordescit.
3727 2296 3875 2353 Tunc

2290 2385 2536 2441 Christus
2566 2386 2824 2440 Dominus
2860 2386 3063 2439 habitat
3090 2385 3366 2439 desertum
3400 2386 3643 2455 pectoris
3681 2390 3873 2453 nostri,

2292 2491 2417 2531 cum
2468 2484 2704 2529 nostram
2736 2484 2930 2530 terram
2959 2475 3277 2543 squalidam,
3308 2490 3371 2530 ac
3399 2475 3486 2530 siti
3515 2476 3724 2531 aridam
3759 2493 3873 2533 esse

2293 2569 2525 2637 reperit,
2564 2566 2856 2622 secundum
2894 2566 3035 2635 quod
3073 2567 3147 2620 ait
3182 2567 3444 2637 propheta
3474 2566 3642 2621 David
3676 2585 3692 2621 :
3724 2567 3880 2623 Sicut

2292 2659 2347 2713 in
2370 2670 2509 2713 terra
2541 2659 2764 2722 deserta,
2794 2668 2843 2712 et
2870 2659 3028 2721 invia,
3051 2668 3099 2710 et
3126 2660 3396 2729 inaquosa,
3426 2666 3477 2711 et
3500 2658 3577 2711 sic
3606 2658 3661 2710 in
3690 2668 3872 2713 sancto

2293 2749 2511 2817 apparui
2556 2748 2646 2801 tibi
2673 2746 2844 2817 (Psal.
2878 2746 3029 2815 ιλιι).
3074 2746 3241 2799 Aliter
3270 2746 3412 2801 enim
3436 2746 3575 2800 sicut
3602 2746 3658 2799 in
3685 2755 3873 2800 sancto

2296 2837 2321 2876 ιι
2352 2838 2403 2892 ei
2449 2852 2707 2907 apparere
2754 2852 2862 2892 non
2908 2853 3232 2907 possumus,
3289 2836 3392 2891 nisi
3440 2845 3587 2892 terra
3632 2839 3883 2906 corporis

2296 2928 2463 2982 nostri
2503 2926 2663 2982 fuerit
2690 2927 2900 2981 deserta
2932 2927 3213 2981 mundanis
3245 2935 3271 2966 ο
3313 2926 3548 2993 deliciis,
3592 2928 3739 2982 invia
3766 2928 3875 2983 dia-

2295 3017 2487 3072 bolicis
2514 3015 2983 3087 concupiscentiis,
3010 3023 3064 3069 et
3093 3014 3352 3085 inaquosa
3374 3017 3673 3073 libidinosis
3700 3018 3875 3074 illece-

612 3108 773 3178 [‘56
822 3105 938 3161 Non
1004 3106 1149 3161 enim
1223 3106 1447 3162 interest
1498 3108 1802 3162 Divinilatis
1845 3106 2153 3162 mandatum
2179 3149 2195 3175 ,
2225 3132 2269 3191 ρ
2298 3110 2430 3164 bris.
2470 3108 2621 3164 Tunc
2648 3108 2895 3163 habitans
2934 3105 3184 3163 Salvator
3210 3108 3315 3163 hoc
3338 3108 3607 3163 desertum
3636 3110 3885 3179 corporis

616 3207 793 3252 utrum
822 3197 965 3251 domi
1010 3212 1078 3251 an
1108 3198 1158 3251 in
1200 3211 1329 3265 agro
1372 3199 1673 3267 custodias,
1729 3215 1848 3254 cum
1896 3199 2094 3270 ubique
2130 3200 2201 3254 sit
2308 3202 2475 3257 nostri
2513 3216 2702 3256 omnes
2746 3200 2819 3255 ibi
2848 3200 3046 3254 diaboli
3075 3198 3335 3255 factiones
3358 3209 3667 3271 exsuperat,
3694 3211 3752 3256 et
3793 3217 3873 3257 se-

615 3291 703 3361 qui
728 3291 997 3361 praecepit.
1025 3289 1081 3345 in
1110 3290 1323 3346 deserto
1361 3292 1541 3361 itaque
1569 3291 1815 3348 Salvator
1834 3293 2019 3363 implet
2046 3308 2202 3346 man-
2305 3300 2507 3348 cretum
2556 3306 2620 3346 ac
2679 3305 2927 3345 securum
2974 3304 3004 3343 a
3052 3290 3465 3358 cogitationibus
3512 3291 3695 3346 smculi
3762 3307 3875 3347 esse

615 3379 795 3433 datum
824 3380 938 3444 Dei,
966 3388 1023 3434 et
1056 3379 1155 3434 sibi
1182 3378 1346 3434 Adam
1378 3382 1611 3437 salvaret
1648 3390 1939 3451 errantem,
1969 3383 2058 3437 ubi
2088 3382 2203 3437 fue-
2300 3401 2460 3439 suum
2498 3382 2628 3439 facit
2654 3382 3019 3439 habitaculum
3038 3422 3053 3446 ,
3087 3391 3147 3439 ut
3175 3383 3431 3453 deinceps
3456 3400 3558 3438 nos
3585 3384 3727 3438 intra
3757 3399 3879 3438 nos-

616 3478 703 3523 rat
730 3469 797 3523 de
822 3470 1159 3539 possessione
1188 3472 1418 3540 paradisi
1454 3472 1712 3541 dejectus.
1743 3474 1910 3528 Adam
1936 3475 2076 3528 enim
2107 3491 2204 3529 ex-
2305 3475 2561 3543 metipsos
2586 3474 2731 3527 velut
2752 3473 2807 3527 in
2832 3472 3118 3527 solitudine
3140 3475 3416 3528 constituti
3446 3474 3658 3529 nonnisi
3684 3475 3875 3529 uelum

619 3559 807 3627 pulsus
833 3559 900 3614 de
942 3560 1188 3630 paradiso
1246 3562 1427 3615 inculti
1459 3562 1640 3617 mundi
1680 3562 1894 3617 deserta
1925 3565 2197 3618 sustinuit.
2302 3565 2650 3635 respiciamus
2676 3572 2732 3619 et
2758 3573 2979 3627 terram,
3009 3565 3114 3620 hoc
3135 3573 3218 3621 est
3244 3581 3349 3620 non
3376 3566 3675 3634 cogitemus
3695 3565 3873 3627 alitnn,

618 3648 676 3702 lu
707 3649 921 3705 deserto
942 3667 1068 3721 ergo
1099 3653 1325 3721 primum
1358 3653 1557 3708 homini
1589 3654 1733 3709 salus
1758 3654 2077 3721 refunditur,
2112 3657 2199 3710 ubi
2300 3657 2400 3710 nisi
2429 3656 2662 3711 cmlestis
2682 3656 2837 3725 regni
2865 3655 3250 3725 Dominum,et
3277 3664 3503 3712 terrena:
3531 3654 3876 3711 resurrectio-

619 3756 726 3795 non
752 3752 875 3796 sunt
921 3743 1089 3811 epula:
1113 3784 1127 3809 ,
1174 3744 1261 3798 ubi
1303 3742 1498 3799 desunt
1525 3745 1754 3815 dclicim,
1794 3748 1883 3802 ubi
1915 3747 2077 3819 (quod
2117 3756 2201 3802 est
2302 3749 2385 3804 nis
2415 3757 2713 3804 auctorem.

2017 3987 2284 4051 SERMO
2326 3986 2447 4049 XX
2462 4031 2477 4047 .

1905 4194 1984 4249 De
2023 4192 2435 4266 Quadragesima
2478 4193 2573 4247 νει.

2042 4368 2442 4428 ΑθΜΟΝῙἸῚΟ.

688 4541 859 4612 Α,δῖ
884 4532 1359 4612 Compluresnesse
1385 4537 1598 4612 codices
1633 4533 1797 4612 video
1820 4533 1890 4612 ip
1943 4533 2255 4612 (ιυίὺᾎξριιίθ
2281 4548 2457 4591 sermo
2474 4544 2675 4612 sancto
2712 4534 2948 4612 Maximo
2961 4535 3316 4612 Δξιέειιινίιήιειεςλ
3353 4533 3646 4612 Vaticanus

623 4602 739 4665 tres-
765 4602 920 4673 {268,
951 4606 1081 4660 4951
1107 4614 1182 4676 “et
1205 4603 1369 4668 6452;
1402 4603 1745 4676 Casincusem
1774 4603 1879 4655 M7
1904 4603 2184 4676 μειβ-209,

2285 4617 2443 4676 ergo,
2468 4602 2887 4676 Laurentianum
2922 4604 3023 4658 167
3052 4620 3172 4676 pag.
3208 4605 3314 4676 157
3346 4622 3375 4660 a
3402 4617 3552 4676 tergo
3575 4607 3703 4661 bibl.
3734 4607 3874 4676 olim.

624 4680 762 4735 tedii.
797 4680 849 4732 in
881 4671 1072 4731 eccles.
1104 4675 1440 4746 Florentium,
1470 4673 1870 4746 Vallirellanum
1900 4689 2016 4746 XIX,
2042 4671 2434 4746 Lectionarium
2468 4674 2757 4746 Brixiensis
2787 4671 3202 4746 Ecclesixc'pag.
3235 4674 3359 4746 298,
3387 4684 3443 4731 et
3470 4671 3593 4731 clm
3632 4690 3750 4746 pag.
3784 4674 3877 4746 ltiti

624 4751 751 4805 bibl.
781 4748 962 4803 Sancti
994 4746 1152 4799 Marci
1175 4744 1537 4816 Venetiarum.
1572 4742 1670 4816 llis»
1692 4742 1819 4816 addi
1842 4744 2039 4816 poterit
2065 4742 2631 4816 codeytﬁemigianus,
2659 4745 2811 4813 cujus
2838 4745 3084 4800 monachi
3104 4742 3289 4800 sancti
3321 4745 3487 4799 Mauri
3517 4748 3570 4800 in
3594 4742 3876 4816 appendice

624 4834 930 4875 sermonum
957 4817 1125 4871 sancti
1152 4815 1428 4883 Augustini
1462 4830 1580 4883 pag.
1616 4814 1716 4867 180
1740 4814 1868 4868 edit.
1903 4814 2163 4881 Antuerp.
2198 4812 2334 4867 1700
2361 4815 2506 4883 ὼὼῆ
2536 4816 2603 4871 de
2623 4812 2843 4871 auctore
2865 4818 3130 4870 sermonis
3157 4817 3533 4870 meminerunt.
3566 4812 3697 4871 cum
3729 4816 3877 4882 igitur

625 4891 794 4945 codici
843 4887 1157 4943 Taurinensi
1188 4882 1373 4957 sancto
1404 4882 1635 4957 Rhigximo
1664 4885 1805 4939 hunc
1848 4898 2325 4957 sermnncmnum.
2368 4882 2443 4957 29_
2465 4901 2586 4939 cum
2634 4886 2789 4957 titulo
2839 4904 2852 4939 :
2890 4885 3025 4939 Item
3062 4886 3124 4957 de
3167 4884 3581 4957 Quadragesima
3628 4884 3873 4957 asserenti

666 4960 805 5012 lures
834 4959 921 5011 alii
953 4958 1162 5012 codices
1190 4956 1405 5025 optima:
1428 4954 1548 5008 fidei
1577 4962 1897 5018 consonent,
1927 4954 2044 5016 jure
2070 4952 2167 5021 ipsi
2200 4953 2511 5007 tribuendus
2541 4963 2641 5009 est.
2676 4956 2730 5009 Si
2761 4957 2879 5025 quis
2901 4972 3027 5011 vero
3053 4956 3264 5011 dicendi
3287 4952 3511 5009 formam
3540 4955 3764 5011 serutari
3794 4969 3869 5006 ve-

626 4974 709 5078 iit.
741 5028 872 5078 nihil
908 5027 1137 5078 Maximo
1160 5026 1540 5078 inconveniens
1562 5024 1825 5078 offendet:
1861 5023 1988 5078 auin
2020 5023 2127 5075 imo
2158 5021 2274 5078 eius
2309 5023 2579 5078 ingenium
2618 5026 2671 5078 in
2701 5027 2905 5078 ontimo
2947 5042 3217 5078 sacrarum
3248 5025 3644 5078 Scrinturarum
3675 5040 3771 5078 usu
3800 5022 3869 5075 ad

672 5034 709 5087 t,
741 5028 872 5097 nihil
908 5027 1137 5097 maximo
1160 5021 1540 5097 inconveniens
1562 5024 1825 5097 offendet;
1861 5023 1988 5090 quin
2020 5023 2127 5097 imo
2158 5021 2274 5097 ejus
2309 5023 2579 5092 ingenium
2618 5026 2671 5079 in
2701 5021 2905 5097 optimo
2947 5042 3217 5081 sacrarum
3248 5025 3644 5095 Scripturarum
3675 5040 3771 5080 usu
3800 5022 3871 5075 ad

628 5096 926 5149 mirabitur.
953 5096 1137 5150 Exstat
1166 5098 1219 5150 in
1244 5096 1362 5151 cod.
1398 5093 1585 5149 Perus.
1617 5094 1819 5163 absque
1848 5091 2082 5146 auctoris
2111 5092 2347 5149 nomine.

698 5309 721 5370 fl
750 5299 806 5353 In
831 5298 958 5370 edit.
994 5298 1272 5370 Antuerp.,
1303 5297 1526 5353 insidiis.
1665 5364 1693 5370 _
1739 5362 1749 5370 _
1788 5365 1800 5370 _

2308 5303 2329 5332 ε
2362 5292 2503 5348 idem
2536 5294 2681 5357 cod.,
2715 5294 2988 5348 numdmu's
3017 5294 3236 5348 (Infidis.

697 5368 725 5409 δ
746 5369 878 5425 Cod.
908 5362 1341 5431 Laurent.,'sicut
1369 5371 1421 5422 in
1438 5376 1625 5421 sancto
1657 5362 1875 5436 Spiritu.

699 5548 713 5578 ¹
747 5544 861 5599 Hoc
900 5541 1000 5597 sibi
1039 5542 1155 5595 vult
1193 5540 1456 5595 Maximus
1488 5542 1747 5597 Adamum
1804 5548 1859 5594 et
1875 5538 2046 5621 Evam
2077 5546 2201 5606 post
2310 5538 2466 5603 Litt.,
2498 5554 2654 5663 capp.
2687 5538 2720 5592 3
2759 5545 2815 5591 et
2842 5537 2896 5605 4,
2937 5547 2991 5592 et
3020 5537 3076 5593 S.
3110 5538 3369 5593 Thomam
3398 5537 3547 5594 Sum.
3577 5534 3807 5606 theolug.
3837 5549 3878 5599 t,

699 5624 903 5663 nmium
930 5629 1027 5663 seu
1054 5622 1175 5663 nost
1198 5626 1345 5663 esum
1370 5612 1573 5663 fructus
1598 5611 1774 5663 vetiti.
1804 5624 2053 5663 comssc.
2084 5606 2198 5663 Qua
2305 5618 2495 5663 unasst.
2530 5608 2562 5663 9
2605 5640 2621 5663 ι
2648 5617 2750 5663 art.
2780 5607 2834 5663 2.
2856 5609 2920 5663 ad
2944 5607 2979 5662 2
3005 5618 3058 5663 et
3087 5610 3150 5663 ad
3177 5609 3437 5663 3213mm.

626 5624 903 5690 peccatum
930 5629 1027 5690 seu
1042 5622 1175 5690 post
1198 5626 1351 5690 esum.
1370 5611 1774 5690 fructusvetiti,
1804 5610 2053 5690 coivisse.
2305 5618 2495 5685 quaest.
2530 5606 2621 5679 97,
2648 5617 2750 5664 art.
2780 5607 2834 5674 2,
2856 5609 2920 5663 ad
2944 5607 2979 5662 2
3005 5618 3058 5665 et
3087 5610 3150 5664 ad
3177 5609 3437 5678 Samum.

630 5676 695 5744 de
723 5702 781 5744 re
816 5683 1005 5743 confer
1040 5676 1098 5738 S.
1133 5680 1482 5749 Augustinum
1508 5720 1521 5746 ,
1572 5682 1664 5737 lib.
1710 5697 1759 5736 ix
1802 5679 1871 5735 de
1909 5676 2201 5734 Genesiad
