  <div class='ocr_page' id='page_1' title='image "/cluster/home/n/w/nwhite01/storage/ocr_20150623/57/hvd.32044054758669/303.png"; bbox 0 0 4054 6190; ppageno 0'>
   <div class='ocr_carea' id='block_1_1' title="bbox 614 298 720 354">
    <p class='ocr_par' dir='ltr' id='par_1_1' title="bbox 614 298 720 354">
     <span class='ocr_line' id='line_1_1' title="bbox 614 298 720 354; baseline 0 0"><span class='ocrx_word' id='word_1_1' title='bbox 614 298 720 354; x_wconf 75' lang='lat' dir='ltr'><strong>i575</strong></span> 
     </span>
    </p>
   </div>
   <div class='ocr_carea' id='block_1_2' title="bbox 1819 286 2648 344">
    <p class='ocr_par' dir='ltr' id='par_1_2' title="bbox 1819 286 2648 344">
     <span class='ocr_line' id='line_1_2' title="bbox 1819 286 2648 344; baseline 0.002 -3"><span class='ocrx_word' id='word_1_2' title='bbox 1819 287 1876 342; x_wconf 84' lang='lat' dir='ltr'><strong>S.</strong></span> <span class='ocrx_word' id='word_1_3' title='bbox 1919 286 2164 341; x_wconf 71' lang='lat' dir='ltr'><strong>MAXIM]</strong></span> <span class='ocrx_word' id='word_1_4' title='bbox 2196 286 2648 344; x_wconf 69' lang='lat' dir='ltr'><strong>TAURIXENSIS</strong></span> 
     </span>
    </p>
   </div>
   <div class='ocr_carea' id='block_1_3' title="bbox 3781 264 3915 342">
    <p class='ocr_par' dir='ltr' id='par_1_3' title="bbox 3781 264 3915 342">
     <span class='ocr_line' id='line_1_3' title="bbox 3781 264 3915 342; baseline 0.015 -2"><span class='ocrx_word' id='word_1_5' title='bbox 3781 264 3915 342; x_wconf 73' lang='lat' dir='ltr'><strong>57s</strong></span> 
     </span>
    </p>
   </div>
   <div class='ocr_carea' id='block_1_4' title="bbox 613 401 3904 481">
    <p class='ocr_par' dir='ltr' id='par_1_4' title="bbox 613 401 3904 481">
     <span class='ocr_line' id='line_1_4' title="bbox 613 401 3904 481; baseline -0.003 -11"><span class='ocrx_word' id='word_1_6' title='bbox 613 414 709 478; x_wconf 87' lang='lat' dir='ltr'><strong>lis;</strong></span> <span class='ocrx_word' id='word_1_7' title='bbox 732 416 1037 481; x_wconf 75' lang='lat' dir='ltr'><strong>separatur,</strong></span> <span class='ocrx_word' id='word_1_8' title='bbox 1054 407 1284 477; x_wconf 80' lang='lat' dir='ltr'><strong>inquam</strong></span> <span class='ocrx_word' id='word_1_9' title='bbox 1302 446 1322 475; x_wconf 92' lang='lat'><strong>,</strong></span> <span class='ocrx_word' id='word_1_10' title='bbox 1348 405 1523 461; x_wconf 88' lang='lat' dir='ltr'><strong>malus</strong></span> <span class='ocrx_word' id='word_1_11' title='bbox 1548 419 1581 460; x_wconf 91' lang='lat' dir='ltr'><strong>a</strong></span> <span class='ocrx_word' id='word_1_12' title='bbox 1607 403 1784 472; x_wconf 81' lang='lat' dir='ltr'><strong>bono,</strong></span> <span class='ocrx_word' id='word_1_13' title='bbox 1813 404 1919 460; x_wconf 87' lang='lat' dir='ltr'><strong>hoc</strong></span> <span class='ocrx_word' id='word_1_14' title='bbox 1944 411 2029 459; x_wconf 88' lang='lat' dir='ltr'><strong>est</strong></span> <span class='ocrx_word' id='word_1_15' title='bbox 2060 418 2197 472; x_wconf 83' lang='lat' dir='ltr'><strong>.pec-</strong></span> <span class='ocrx_word' id='word_1_16' title='bbox 2226 411 2274 466; x_wconf 76' lang='grc' dir='ltr'>Α</span> <span class='ocrx_word' id='word_1_17' title='bbox 2302 420 2429 461; x_wconf 87' lang='lat' dir='ltr'><strong>suos</strong></span> <span class='ocrx_word' id='word_1_18' title='bbox 2448 404 2501 459; x_wconf 92' lang='lat' dir='ltr'><strong>in</strong></span> <span class='ocrx_word' id='word_1_19' title='bbox 2528 421 2653 461; x_wconf 88' lang='lat' dir='ltr'><strong>arca</strong></span> <span class='ocrx_word' id='word_1_20' title='bbox 2681 404 2903 475; x_wconf 86' lang='lat' dir='ltr'><strong>recepit,</strong></span> <span class='ocrx_word' id='word_1_21' title='bbox 2934 403 3008 458; x_wconf 86' lang='lat' dir='ltr'><strong>ita</strong></span> <span class='ocrx_word' id='word_1_22' title='bbox 3032 409 3093 459; x_wconf 83' lang='lat' dir='ltr'><strong>et</strong></span> <span class='ocrx_word' id='word_1_23' title='bbox 3112 416 3212 457; x_wconf 87' lang='lat' dir='ltr'><strong>nos</strong></span> <span class='ocrx_word' id='word_1_24' title='bbox 3239 401 3378 456; x_wconf 84' lang='lat' dir='ltr'><strong>tilios</strong></span> <span class='ocrx_word' id='word_1_25' title='bbox 3405 408 3623 455; x_wconf 89' lang='lat' dir='ltr'><strong>nostros</strong></span> <span class='ocrx_word' id='word_1_26' title='bbox 3642 408 3904 471; x_wconf 76' lang='lat' dir='ltr'><strong>optamus</strong></span> 
     </span>
    </p>
   </div>
   <div class='ocr_carea' id='block_1_5' title="bbox 615 493 2195 569">
    <p class='ocr_par' dir='ltr' id='par_1_5' title="bbox 615 493 2195 569">
     <span class='ocr_line' id='line_1_5' title="bbox 615 493 2195 569; baseline -0.008 -9"><span class='ocrx_word' id='word_1_27' title='bbox 615 513 771 560; x_wconf 85' lang='lat' dir='ltr'><strong>catur</strong></span> <span class='ocrx_word' id='word_1_28' title='bbox 793 517 824 555; x_wconf 90' lang='lat' dir='ltr'><strong>a</strong></span> <span class='ocrx_word' id='word_1_29' title='bbox 844 502 1011 569; x_wconf 89' lang='lat' dir='ltr'><strong>justo,</strong></span> <span class='ocrx_word' id='word_1_30' title='bbox 1039 497 1284 552; x_wconf 78' lang='lat' dir='ltr'><strong>diabolus</strong></span> <span class='ocrx_word' id='word_1_31' title='bbox 1321 512 1351 550; x_wconf 89' lang='lat' dir='ltr'><strong>a</strong></span> <span class='ocrx_word' id='word_1_32' title='bbox 1388 503 1595 561; x_wconf 86' lang='lat' dir='ltr'><strong>sancto,</strong></span> <span class='ocrx_word' id='word_1_33' title='bbox 1637 494 1925 550; x_wconf 64' lang='lat' dir='ltr'><strong>haereticus</strong></span> <span class='ocrx_word' id='word_1_34' title='bbox 1960 510 1991 548; x_wconf 89' lang='lat' dir='ltr'><strong>a</strong></span> <span class='ocrx_word' id='word_1_35' title='bbox 2033 493 2195 548; x_wconf 78' lang='lat' dir='ltr'><strong>fideli.</strong></span> 
     </span>
    </p>
   </div>
   <div class='ocr_carea' id='block_1_6' title="bbox 616 570 2198 650">
    <p class='ocr_par' dir='ltr' id='par_1_6' title="bbox 616 570 2198 650">
     <span class='ocr_line' id='line_1_6' title="bbox 616 570 2198 650; baseline -0.006 -3"><span class='ocrx_word' id='word_1_36' title='bbox 616 591 835 647; x_wconf 85' lang='lat' dir='ltr'><strong>Relictis</strong></span> <span class='ocrx_word' id='word_1_37' title='bbox 858 588 1001 643; x_wconf 88' lang='lat' dir='ltr'><strong>enim</strong></span> <span class='ocrx_word' id='word_1_38' title='bbox 1034 585 1118 640; x_wconf 85' lang='lat' dir='ltr'><strong>bis</strong></span> <span class='ocrx_word' id='word_1_39' title='bbox 1156 584 1404 641; x_wconf 88' lang='lat' dir='ltr'><strong>omnibus</strong></span> <span class='ocrx_word' id='word_1_40' title='bbox 1439 570 1506 640; x_wconf 85' lang='lat' dir='ltr'><strong>ad</strong></span> <span class='ocrx_word' id='word_1_41' title='bbox 1543 582 1945 639; x_wconf 88' lang='lat' dir='ltr'><strong>similitudinem</strong></span> <span class='ocrx_word' id='word_1_42' title='bbox 1991 580 2198 650; x_wconf 78' lang='lat' dir='ltr'><strong>dildvii,</strong></span> 
     </span>
    </p>
   </div>
   <div class='ocr_carea' id='block_1_7' title="bbox 615 674 2205 753">
    <p class='ocr_par' dir='ltr' id='par_1_7' title="bbox 615 674 2205 753">
     <span class='ocr_line' id='line_1_7' title="bbox 615 674 2205 753; baseline -0.007 -14"><span class='ocrx_word' id='word_1_43' title='bbox 615 692 873 753; x_wconf 82' lang='lat' dir='ltr'><strong>tanquam</strong></span> <span class='ocrx_word' id='word_1_44' title='bbox 918 681 971 733; x_wconf 91' lang='lat' dir='ltr'><strong>in</strong></span> <span class='ocrx_word' id='word_1_45' title='bbox 1011 679 1174 750; x_wconf 62' lang='lat'><strong>550</strong></span> <span class='ocrx_word' id='word_1_46' title='bbox 1198 676 1476 745; x_wconf 79' lang='lat' dir='ltr'><strong>naufragio</strong></span> <span class='ocrx_word' id='word_1_47' title='bbox 1515 675 1715 739; x_wconf 58' lang='lat' dir='ltr'><strong>saeculi,</strong></span> <span class='ocrx_word' id='word_1_48' title='bbox 1764 674 1876 730; x_wconf 87' lang='lat' dir='ltr'><strong>sola</strong></span> <span class='ocrx_word' id='word_1_49' title='bbox 1916 675 1986 729; x_wconf 89' lang='lat' dir='ltr'><strong>ad</strong></span> <span class='ocrx_word' id='word_1_50' title='bbox 2033 675 2205 730; x_wconf 88' lang='lat' dir='ltr'><strong>instar</strong></span> 
     </span>
    </p>
   </div>
   <div class='ocr_carea' id='block_1_8' title="bbox 617 765 2205 837">
    <p class='ocr_par' dir='ltr' id='par_1_8' title="bbox 617 765 2205 837">
     <span class='ocr_line' id='line_1_8' title="bbox 617 765 2205 837; baseline -0.006 -10"><span class='ocrx_word' id='word_1_51' title='bbox 617 787 760 827; x_wconf 63' lang='lat' dir='ltr'><strong>arcas</strong></span> <span class='ocrx_word' id='word_1_52' title='bbox 807 770 949 824; x_wconf 89' lang='lat' dir='ltr'><strong>illius</strong></span> <span class='ocrx_word' id='word_1_53' title='bbox 996 768 1049 821; x_wconf 89' lang='lat' dir='ltr'><strong>in</strong></span> <span class='ocrx_word' id='word_1_54' title='bbox 1095 768 1263 821; x_wconf 90' lang='lat' dir='ltr'><strong>altum</strong></span> <span class='ocrx_word' id='word_1_55' title='bbox 1308 782 1430 821; x_wconf 91' lang='lat' dir='ltr'><strong>cum</strong></span> <span class='ocrx_word' id='word_1_56' title='bbox 1473 766 1591 837; x_wconf 84' lang='lat' dir='ltr'><strong>suis</strong></span> <span class='ocrx_word' id='word_1_57' title='bbox 1630 765 1917 819; x_wconf 74' lang='lat' dir='ltr'><strong>virtutibus</strong></span> <span class='ocrx_word' id='word_1_58' title='bbox 1962 765 2205 819; x_wconf 74' lang='lat' dir='ltr'><strong>elevatur</strong></span> 
     </span>
    </p>
   </div>
   <div class='ocr_carea' id='block_1_9' title="bbox 617 855 2205 925">
    <p class='ocr_par' dir='ltr' id='par_1_9' title="bbox 617 855 2205 925">
     <span class='ocr_line' id='line_1_9' title="bbox 617 855 2205 925; baseline -0.006 -8"><span class='ocrx_word' id='word_1_59' title='bbox 617 862 874 917; x_wconf 78' lang='lat' dir='ltr'><strong>Ecclesia.</strong></span> <span class='ocrx_word' id='word_1_60' title='bbox 906 860 1038 914; x_wconf 88' lang='lat' dir='ltr'><strong>Nam</strong></span> <span class='ocrx_word' id='word_1_61' title='bbox 1065 866 1120 913; x_wconf 92' lang='lat' dir='ltr'><strong>et</strong></span> <span class='ocrx_word' id='word_1_62' title='bbox 1138 874 1258 924; x_wconf 91' lang='lat' dir='ltr'><strong>nos,</strong></span> <span class='ocrx_word' id='word_1_63' title='bbox 1281 857 1383 911; x_wconf 88' lang='lat' dir='ltr'><strong>etsi</strong></span> <span class='ocrx_word' id='word_1_64' title='bbox 1409 864 1738 925; x_wconf 87' lang='lat' dir='ltr'><strong>peccatores,</strong></span> <span class='ocrx_word' id='word_1_65' title='bbox 1763 855 1829 909; x_wconf 91' lang='lat' dir='ltr'><strong>ad</strong></span> <span class='ocrx_word' id='word_1_66' title='bbox 1851 855 2205 909; x_wconf 82' lang='lat' dir='ltr'><strong>imitationem</strong></span> 
     </span>
    </p>
   </div>
   <div class='ocr_carea' id='block_1_10' title="bbox 617 944 2203 1005">
    <p class='ocr_par' dir='ltr' id='par_1_10' title="bbox 617 944 2203 1005">
     <span class='ocr_line' id='line_1_10' title="bbox 617 944 2203 1005; baseline -0.003 -1"><span class='ocrx_word' id='word_1_67' title='bbox 617 950 676 1004; x_wconf 92' lang='lat' dir='ltr'><strong>S.</strong></span> <span class='ocrx_word' id='word_1_68' title='bbox 706 949 819 1005; x_wconf 87' lang='lat' dir='ltr'><strong>Noe</strong></span> <span class='ocrx_word' id='word_1_69' title='bbox 843 949 1222 1004; x_wconf 88' lang='lat' dir='ltr'><strong>annuntiamus</strong></span> <span class='ocrx_word' id='word_1_70' title='bbox 1253 946 1403 1001; x_wconf 82' lang='lat' dir='ltr'><strong>vobis</strong></span> <span class='ocrx_word' id='word_1_71' title='bbox 1440 945 1621 999; x_wconf 87' lang='lat' dir='ltr'><strong>mundi</strong></span> <span class='ocrx_word' id='word_1_72' title='bbox 1672 944 1905 999; x_wconf 83' lang='lat' dir='ltr'><strong>futurum</strong></span> <span class='ocrx_word' id='word_1_73' title='bbox 1953 959 2071 999; x_wconf 89' lang='lat' dir='ltr'><strong>esse</strong></span> <span class='ocrx_word' id='word_1_74' title='bbox 2106 960 2203 999; x_wconf 80' lang='lat' dir='ltr'><strong>cx-</strong></span> 
     </span>
    </p>
   </div>
   <div class='ocr_carea' id='block_1_11' title="bbox 617 1034 2205 1104">
    <p class='ocr_par' dir='ltr' id='par_1_11' title="bbox 617 1034 2205 1104">
     <span class='ocr_line' id='line_1_11' title="bbox 617 1034 2205 1104; baseline -0.004 -10"><span class='ocrx_word' id='word_1_75' title='bbox 617 1038 845 1104; x_wconf 89' lang='lat' dir='ltr'><strong>cidium;</strong></span> <span class='ocrx_word' id='word_1_76' title='bbox 895 1045 950 1093; x_wconf 91' lang='lat' dir='ltr'><strong>et</strong></span> <span class='ocrx_word' id='word_1_77' title='bbox 996 1038 1116 1092; x_wconf 89' lang='lat' dir='ltr'><strong>illos</strong></span> <span class='ocrx_word' id='word_1_78' title='bbox 1163 1034 1531 1090; x_wconf 87' lang='lat' dir='ltr'><strong>tantummodo</strong></span> <span class='ocrx_word' id='word_1_79' title='bbox 1572 1035 1798 1089; x_wconf 86' lang='lat' dir='ltr'><strong>dicimus</strong></span> <span class='ocrx_word' id='word_1_80' title='bbox 1839 1044 1864 1071; x_wconf 72' lang='grc' dir='ltr'>ι</span> <span class='ocrx_word' id='word_1_81' title='bbox 1912 1034 2205 1104; x_wconf 89' lang='lat' dir='ltr'><strong>periculum</strong></span> 
     </span>
    </p>
   </div>
   <div class='ocr_carea' id='block_1_12' title="bbox 618 1124 2207 1198">
    <p class='ocr_par' dir='ltr' id='par_1_12' title="bbox 618 1124 2207 1198">
     <span class='ocr_line' id='line_1_12' title="bbox 618 1124 2207 1198; baseline -0.004 -13"><span class='ocrx_word' id='word_1_82' title='bbox 618 1144 893 1194; x_wconf 79' lang='lat' dir='ltr'><strong>evasuros,</strong></span> <span class='ocrx_word' id='word_1_83' title='bbox 915 1144 1054 1198; x_wconf 89' lang='lat' dir='ltr'><strong>quos</strong></span> <span class='ocrx_word' id='word_1_84' title='bbox 1078 1127 1272 1197; x_wconf 78' lang='lat' dir='ltr'><strong>triplex</strong></span> <span class='ocrx_word' id='word_1_85' title='bbox 1301 1140 1427 1181; x_wconf 88' lang='lat' dir='ltr'><strong>arca</strong></span> <span class='ocrx_word' id='word_1_86' title='bbox 1457 1125 1595 1180; x_wconf 88' lang='lat' dir='ltr'><strong>intra</strong></span> <span class='ocrx_word' id='word_1_87' title='bbox 1615 1140 1674 1179; x_wconf 90' lang='lat' dir='ltr'><strong>se</strong></span> <span class='ocrx_word' id='word_1_88' title='bbox 1698 1124 1904 1193; x_wconf 91' lang='lat' dir='ltr'><strong>gremio</strong></span> <span class='ocrx_word' id='word_1_89' title='bbox 1931 1124 2207 1192; x_wconf 80' lang='lat' dir='ltr'><strong>religionis</strong></span> 
     </span>
    </p>
   </div>
   <div class='ocr_carea' id='block_1_13' title="bbox 619 1213 2206 1288">
    <p class='ocr_par' dir='ltr' id='par_1_13' title="bbox 619 1213 2206 1288">
     <span class='ocr_line' id='line_1_13' title="bbox 619 1213 2206 1288; baseline -0.005 -12"><span class='ocrx_word' id='word_1_90' title='bbox 619 1220 914 1277; x_wconf 89' lang='lat' dir='ltr'><strong>incluserit.</strong></span> <span class='ocrx_word' id='word_1_91' title='bbox 949 1218 1163 1288; x_wconf 66' lang='lat' dir='ltr'><strong>Triplex</strong></span> <span class='ocrx_word' id='word_1_92' title='bbox 1195 1217 1337 1271; x_wconf 90' lang='lat' dir='ltr'><strong>enim</strong></span> <span class='ocrx_word' id='word_1_93' title='bbox 1378 1231 1503 1271; x_wconf 90' lang='lat' dir='ltr'><strong>arca</strong></span> <span class='ocrx_word' id='word_1_94' title='bbox 1531 1222 1613 1271; x_wconf 91' lang='lat' dir='ltr'><strong>est</strong></span> <span class='ocrx_word' id='word_1_95' title='bbox 1640 1214 1899 1281; x_wconf 86' lang='lat' dir='ltr'><strong>Ecclesia,</strong></span> <span class='ocrx_word' id='word_1_96' title='bbox 1929 1214 2057 1285; x_wconf 91' lang='lat' dir='ltr'><strong>quia</strong></span> <span class='ocrx_word' id='word_1_97' title='bbox 2087 1213 2206 1268; x_wconf 82' lang='lat' dir='ltr'><strong>Tri-</strong></span> 
     </span>
    </p>
   </div>
   <div class='ocr_carea' id='block_1_14' title="bbox 620 1305 2204 1365">
    <p class='ocr_par' dir='ltr' id='par_1_14' title="bbox 620 1305 2204 1365">
     <span class='ocr_line' id='line_1_14' title="bbox 620 1305 2204 1365; baseline -0.002 -2"><span class='ocrx_word' id='word_1_98' title='bbox 620 1310 803 1364; x_wconf 87' lang='lat' dir='ltr'><strong>uitatis</strong></span> <span class='ocrx_word' id='word_1_99' title='bbox 830 1310 1073 1365; x_wconf 87' lang='lat' dir='ltr'><strong>continet</strong></span> <span class='ocrx_word' id='word_1_100' title='bbox 1112 1314 1523 1363; x_wconf 65' lang='lat' dir='ltr'><strong>sacramentum.</strong></span> <span class='ocrx_word' id='word_1_101' title='bbox 1565 1306 1699 1361; x_wconf 85' lang='lat' dir='ltr'><strong>Nam</strong></span> <span class='ocrx_word' id='word_1_102' title='bbox 1735 1322 1857 1362; x_wconf 89' lang='lat' dir='ltr'><strong>cum</strong></span> <span class='ocrx_word' id='word_1_103' title='bbox 1885 1305 2012 1361; x_wconf 86' lang='lat' dir='ltr'><strong>dicit</strong></span> <span class='ocrx_word' id='word_1_104' title='bbox 2053 1305 2204 1361; x_wconf 87' lang='lat' dir='ltr'><strong>Scri-</strong></span> 
     </span>
    </p>
   </div>
   <div class='ocr_carea' id='block_1_15' title="bbox 623 1394 2201 1471">
    <p class='ocr_par' dir='ltr' id='par_1_15' title="bbox 623 1394 2201 1471">
     <span class='ocr_line' id='line_1_15' title="bbox 623 1394 2201 1471; baseline -0.004 -16"><span class='ocrx_word' id='word_1_105' title='bbox 623 1408 782 1471; x_wconf 88' lang='lat' dir='ltr'><strong>ptura</strong></span> <span class='ocrx_word' id='word_1_106' title='bbox 808 1399 1188 1455; x_wconf 88' lang='lat' dir='ltr'><strong>bicameratam</strong></span> <span class='ocrx_word' id='word_1_107' title='bbox 1213 1406 1270 1452; x_wconf 91' lang='lat' dir='ltr'><strong>et</strong></span> <span class='ocrx_word' id='word_1_108' title='bbox 1296 1398 1694 1453; x_wconf 84' lang='lat' dir='ltr'><strong>tricameratam</strong></span> <span class='ocrx_word' id='word_1_109' title='bbox 1731 1412 1851 1452; x_wconf 90' lang='lat' dir='ltr'><strong>eam</strong></span> <span class='ocrx_word' id='word_1_110' title='bbox 1880 1396 2061 1462; x_wconf 79' lang='lat' dir='ltr'><strong>fuisse,</strong></span> <span class='ocrx_word' id='word_1_111' title='bbox 2093 1394 2201 1451; x_wconf 88' lang='lat' dir='ltr'><strong>uti-</strong></span> 
     </span>
    </p>
   </div>
   <div class='ocr_carea' id='block_1_16' title="bbox 618 1488 2202 1558">
    <p class='ocr_par' dir='ltr' id='par_1_16' title="bbox 618 1488 2202 1558">
     <span class='ocr_line' id='line_1_16' title="bbox 618 1488 2202 1558; baseline 0 -14"><span class='ocrx_word' id='word_1_112' title='bbox 618 1504 726 1558; x_wconf 92' lang='lat' dir='ltr'><strong>que</strong></span> <span class='ocrx_word' id='word_1_113' title='bbox 769 1490 1105 1544; x_wconf 85' lang='lat' dir='ltr'><strong>demonstrat</strong></span> <span class='ocrx_word' id='word_1_114' title='bbox 1141 1489 1338 1557; x_wconf 87' lang='lat' dir='ltr'><strong>triplici</strong></span> <span class='ocrx_word' id='word_1_115' title='bbox 1377 1488 1679 1544; x_wconf 87' lang='lat' dir='ltr'><strong>Divinitatis</strong></span> <span class='ocrx_word' id='word_1_116' title='bbox 1707 1488 1855 1542; x_wconf 89' lang='lat' dir='ltr'><strong>illam</strong></span> <span class='ocrx_word' id='word_1_117' title='bbox 1885 1489 2057 1557; x_wconf 86' lang='lat' dir='ltr'><strong>gratia</strong></span> <span class='ocrx_word' id='word_1_118' title='bbox 2083 1502 2202 1544; x_wconf 86' lang='lat' dir='ltr'><strong>esse</strong></span> 
     </span>
    </p>
   </div>
   <div class='ocr_carea' id='block_1_17' title="bbox 620 1578 2204 1649">
    <p class='ocr_par' dir='ltr' id='par_1_17' title="bbox 620 1578 2204 1649">
     <span class='ocr_line' id='line_1_17' title="bbox 620 1578 2204 1649; baseline -0.001 -14"><span class='ocrx_word' id='word_1_119' title='bbox 620 1579 948 1635; x_wconf 86' lang='lat' dir='ltr'><strong>distinctam.</strong></span> <span class='ocrx_word' id='word_1_120' title='bbox 1002 1580 1393 1634; x_wconf 80' lang='lat' dir='ltr'><strong>Annuntiamus</strong></span> <span class='ocrx_word' id='word_1_121' title='bbox 1433 1580 1614 1649; x_wconf 88' lang='lat' dir='ltr'><strong>igitur,</strong></span> <span class='ocrx_word' id='word_1_122' title='bbox 1663 1579 1803 1635; x_wconf 88' lang='lat' dir='ltr'><strong>sicut</strong></span> <span class='ocrx_word' id='word_1_123' title='bbox 1837 1579 1971 1645; x_wconf 87' lang='lat' dir='ltr'><strong>Noe,</strong></span> <span class='ocrx_word' id='word_1_124' title='bbox 2018 1578 2204 1633; x_wconf 89' lang='lat' dir='ltr'><strong>mundi</strong></span> 
     </span>
    </p>
   </div>
   <div class='ocr_carea' id='block_1_18' title="bbox 618 1668 2207 1739">
    <p class='ocr_par' dir='ltr' id='par_1_18' title="bbox 618 1668 2207 1739">
     <span class='ocr_line' id='line_1_18' title="bbox 618 1668 2207 1739; baseline -0.001 -14"><span class='ocrx_word' id='word_1_125' title='bbox 618 1671 854 1726; x_wconf 79' lang='lat' dir='ltr'><strong>futurum</strong></span> <span class='ocrx_word' id='word_1_126' title='bbox 884 1686 1003 1729; x_wconf 88' lang='lat' dir='ltr'><strong>esse</strong></span> <span class='ocrx_word' id='word_1_127' title='bbox 1043 1671 1395 1739; x_wconf 88' lang='lat' dir='ltr'><strong>naulragium,</strong></span> <span class='ocrx_word' id='word_1_128' title='bbox 1427 1678 1484 1725; x_wconf 88' lang='lat' dir='ltr'><strong>et</strong></span> <span class='ocrx_word' id='word_1_129' title='bbox 1508 1670 1575 1724; x_wconf 91' lang='lat' dir='ltr'><strong>ad</strong></span> <span class='ocrx_word' id='word_1_130' title='bbox 1602 1671 1742 1726; x_wconf 88' lang='lat' dir='ltr'><strong>hanc</strong></span> <span class='ocrx_word' id='word_1_131' title='bbox 1769 1669 1987 1725; x_wconf 90' lang='lat' dir='ltr'><strong>domum</strong></span> <span class='ocrx_word' id='word_1_132' title='bbox 2014 1668 2207 1725; x_wconf 81' lang='lat' dir='ltr'><strong>confu-</strong></span> 
     </span>
    </p>
   </div>
   <div class='ocr_carea' id='block_1_19' title="bbox 620 1760 2204 1832">
    <p class='ocr_par' dir='ltr' id='par_1_19' title="bbox 620 1760 2204 1832">
     <span class='ocr_line' id='line_1_19' title="bbox 620 1760 2204 1832; baseline -0.003 -13"><span class='ocrx_word' id='word_1_133' title='bbox 620 1775 748 1832; x_wconf 84' lang='lat' dir='ltr'><strong>gere</strong></span> <span class='ocrx_word' id='word_1_134' title='bbox 777 1778 964 1819; x_wconf 90' lang='lat' dir='ltr'><strong>omnes</strong></span> <span class='ocrx_word' id='word_1_135' title='bbox 991 1763 1237 1819; x_wconf 90' lang='lat' dir='ltr'><strong>homines</strong></span> <span class='ocrx_word' id='word_1_136' title='bbox 1263 1760 1633 1817; x_wconf 89' lang='lat' dir='ltr'><strong>admonemus.</strong></span> <span class='ocrx_word' id='word_1_137' title='bbox 1662 1760 1731 1815; x_wconf 89' lang='lat' dir='ltr'><strong>Et</strong></span> <span class='ocrx_word' id='word_1_138' title='bbox 1757 1761 1896 1817; x_wconf 88' lang='lat' dir='ltr'><strong>sicut</strong></span> <span class='ocrx_word' id='word_1_139' title='bbox 1922 1760 2037 1817; x_wconf 85' lang='lat' dir='ltr'><strong>Noe</strong></span> <span class='ocrx_word' id='word_1_140' title='bbox 2064 1760 2204 1816; x_wconf 85' lang='lat' dir='ltr'><strong>ﬁlios</strong></span> 
     </span>
    </p>
   </div>
   <div class='ocr_carea' id='block_1_20' title="bbox 2308 492 3903 565">
    <p class='ocr_par' dir='ltr' id='par_1_20' title="bbox 2308 492 3903 565">
     <span class='ocr_line' id='line_1_20' title="bbox 2308 492 3903 565; baseline 0.001 -15"><span class='ocrx_word' id='word_1_141' title='bbox 2308 496 2363 551; x_wconf 90' lang='lat' dir='ltr'><strong>in</strong></span> <span class='ocrx_word' id='word_1_142' title='bbox 2410 497 2511 551; x_wconf 89' lang='lat' dir='ltr'><strong>ista</strong></span> <span class='ocrx_word' id='word_1_143' title='bbox 2556 511 2680 552; x_wconf 84' lang='lat' dir='ltr'><strong>arca</strong></span> <span class='ocrx_word' id='word_1_144' title='bbox 2718 497 3009 565; x_wconf 88' lang='lat' dir='ltr'><strong>suscipere.</strong></span> <span class='ocrx_word' id='word_1_145' title='bbox 3040 492 3292 561; x_wconf 84' lang='lat' dir='ltr'><strong>Quisquis</strong></span> <span class='ocrx_word' id='word_1_146' title='bbox 3330 493 3472 549; x_wconf 88' lang='lat' dir='ltr'><strong>enim</strong></span> <span class='ocrx_word' id='word_1_147' title='bbox 3512 492 3565 547; x_wconf 92' lang='lat' dir='ltr'><strong>in</strong></span> <span class='ocrx_word' id='word_1_148' title='bbox 3603 493 3707 549; x_wconf 87' lang='lat' dir='ltr'><strong>hac</strong></span> <span class='ocrx_word' id='word_1_149' title='bbox 3730 493 3903 551; x_wconf 81' lang='lat' dir='ltr'><strong>domo</strong></span> 
     </span>
    </p>
   </div>
   <div class='ocr_carea' id='block_1_21' title="bbox 2307 580 3904 651">
    <p class='ocr_par' dir='ltr' id='par_1_21' title="bbox 2307 580 3904 651">
     <span class='ocr_line' id='line_1_21' title="bbox 2307 580 3904 651; baseline -0.001 -10"><span class='ocrx_word' id='word_1_150' title='bbox 2307 588 2421 641; x_wconf 91' lang='lat' dir='ltr'><strong>vult</strong></span> <span class='ocrx_word' id='word_1_151' title='bbox 2468 586 2712 641; x_wconf 87' lang='lat' dir='ltr'><strong>habitare</strong></span> <span class='ocrx_word' id='word_1_152' title='bbox 2758 585 3055 651; x_wconf 87' lang='lat' dir='ltr'><strong>nobiscum,</strong></span> <span class='ocrx_word' id='word_1_153' title='bbox 3090 591 3275 637; x_wconf 91' lang='lat' dir='ltr'><strong>noster</strong></span> <span class='ocrx_word' id='word_1_154' title='bbox 3305 590 3387 637; x_wconf 92' lang='lat' dir='ltr'><strong>est</strong></span> <span class='ocrx_word' id='word_1_155' title='bbox 3425 581 3584 636; x_wconf 80' lang='lat' dir='ltr'><strong>ﬁlius.</strong></span> <span class='ocrx_word' id='word_1_156' title='bbox 3627 580 3736 638; x_wconf 88' lang='lat' dir='ltr'><strong>Sed</strong></span> <span class='ocrx_word' id='word_1_157' title='bbox 3763 584 3904 640; x_wconf 89' lang='lat' dir='ltr'><strong>dicit</strong></span> 
     </span>
    </p>
   </div>
   <div class='ocr_carea' id='block_1_22' title="bbox 2308 671 3905 747">
    <p class='ocr_par' dir='ltr' id='par_1_22' title="bbox 2308 671 3905 747">
     <span class='ocr_line' id='line_1_22' title="bbox 2308 671 3905 747; baseline -0.001 -16"><span class='ocrx_word' id='word_1_158' title='bbox 2308 678 2531 747; x_wconf 85' lang='lat' dir='ltr'><strong>aliquis,</strong></span> <span class='ocrx_word' id='word_1_159' title='bbox 2579 675 2636 730; x_wconf 95' lang='lat' dir='ltr'><strong>S.</strong></span> <span class='ocrx_word' id='word_1_160' title='bbox 2677 675 2789 730; x_wconf 87' lang='lat' dir='ltr'><strong>Noe</strong></span> <span class='ocrx_word' id='word_1_161' title='bbox 2830 672 3227 745; x_wconf 64' lang='lat' dir='ltr'><strong>prmdicationis</strong></span> <span class='ocrx_word' id='word_1_162' title='bbox 3275 686 3463 726; x_wconf 88' lang='lat' dir='ltr'><strong>vocem</strong></span> <span class='ocrx_word' id='word_1_163' title='bbox 3512 672 3566 725; x_wconf 89' lang='lat' dir='ltr'><strong>in</strong></span> <span class='ocrx_word' id='word_1_164' title='bbox 3603 671 3905 743; x_wconf 87' lang='lat' dir='ltr'><strong>Scripturis</strong></span> 
     </span>
    </p>
   </div>
   <div class='ocr_carea' id='block_1_23' title="bbox 2308 763 3907 835">
    <p class='ocr_par' dir='ltr' id='par_1_23' title="bbox 2308 763 3907 835">
     <span class='ocr_line' id='line_1_23' title="bbox 2308 763 3907 835; baseline -0.001 -12"><span class='ocrx_word' id='word_1_165' title='bbox 2308 769 2527 823; x_wconf 90' lang='lat' dir='ltr'><strong>minime</strong></span> <span class='ocrx_word' id='word_1_166' title='bbox 2554 781 2674 821; x_wconf 89' lang='lat' dir='ltr'><strong>esse</strong></span> <span class='ocrx_word' id='word_1_167' title='bbox 2701 766 3042 835; x_wconf 85' lang='lat' dir='ltr'><strong>descriptam.</strong></span> <span class='ocrx_word' id='word_1_168' title='bbox 3078 764 3218 818; x_wconf 87' lang='lat' dir='ltr'><strong>Audi</strong></span> <span class='ocrx_word' id='word_1_169' title='bbox 3258 764 3436 832; x_wconf 89' lang='lat' dir='ltr'><strong>igitur,</strong></span> <span class='ocrx_word' id='word_1_170' title='bbox 3469 763 3584 819; x_wconf 86' lang='lat' dir='ltr'><strong>Noe</strong></span> <span class='ocrx_word' id='word_1_171' title='bbox 3611 766 3717 819; x_wconf 89' lang='lat' dir='ltr'><strong>etsi</strong></span> <span class='ocrx_word' id='word_1_172' title='bbox 3752 773 3907 821; x_wconf 82' lang='lat' dir='ltr'><strong>tace-</strong></span> 
     </span>
    </p>
   </div>
   <div class='ocr_carea' id='block_1_24' title="bbox 2308 856 3904 929">
    <p class='ocr_par' dir='ltr' id='par_1_24' title="bbox 2308 856 3904 929">
     <span class='ocr_line' id='line_1_24' title="bbox 2308 856 3904 929; baseline -0.001 -15"><span class='ocrx_word' id='word_1_173' title='bbox 2308 859 2403 914; x_wconf 87' lang='lat' dir='ltr'><strong>bat</strong></span> <span class='ocrx_word' id='word_1_174' title='bbox 2428 874 2581 925; x_wconf 90' lang='lat' dir='ltr'><strong>voce,</strong></span> <span class='ocrx_word' id='word_1_175' title='bbox 2611 873 2775 929; x_wconf 90' lang='lat' dir='ltr'><strong>opere</strong></span> <span class='ocrx_word' id='word_1_176' title='bbox 2801 857 3152 926; x_wconf 88' lang='lat' dir='ltr'><strong>loquebatur;</strong></span> <span class='ocrx_word' id='word_1_177' title='bbox 3194 856 3387 911; x_wconf 89' lang='lat' dir='ltr'><strong>silebat</strong></span> <span class='ocrx_word' id='word_1_178' title='bbox 3416 856 3619 925; x_wconf 88' lang='lat' dir='ltr'><strong>lingua,</strong></span> <span class='ocrx_word' id='word_1_179' title='bbox 3660 857 3904 914; x_wconf 82' lang='lat' dir='ltr'><strong>fabrica-</strong></span> 
     </span>
    </p>
   </div>
   <div class='ocr_carea' id='block_1_25' title="bbox 2307 945 3907 1020">
    <p class='ocr_par' dir='ltr' id='par_1_25' title="bbox 2307 945 3907 1020">
     <span class='ocr_line' id='line_1_25' title="bbox 2307 945 3907 1020; baseline 0 -16"><span class='ocrx_word' id='word_1_180' title='bbox 2307 949 2456 1004; x_wconf 90' lang='lat' dir='ltr'><strong>tione</strong></span> <span class='ocrx_word' id='word_1_181' title='bbox 2502 948 2786 1003; x_wconf 86' lang='lat' dir='ltr'><strong>clamabat.</strong></span> <span class='ocrx_word' id='word_1_182' title='bbox 2840 945 2969 999; x_wconf 83' lang='lat' dir='ltr'><strong>Nam</strong></span> <span class='ocrx_word' id='word_1_183' title='bbox 3016 945 3200 1014; x_wconf 87' lang='lat' dir='ltr'><strong>utique</strong></span> <span class='ocrx_word' id='word_1_184' title='bbox 3243 961 3365 1000; x_wconf 90' lang='lat' dir='ltr'><strong>cum</strong></span> <span class='ocrx_word' id='word_1_185' title='bbox 3408 956 3730 1016; x_wconf 80' lang='lat' dir='ltr'><strong>operaretur</strong></span> <span class='ocrx_word' id='word_1_186' title='bbox 3763 966 3907 1020; x_wconf 81' lang='lat' dir='ltr'><strong>opus</strong></span> 
     </span>
    </p>
   </div>
   <div class='ocr_carea' id='block_1_26' title="bbox 2308 1035 3904 1106">
    <p class='ocr_par' dir='ltr' id='par_1_26' title="bbox 2308 1035 3904 1106">
     <span class='ocr_line' id='line_1_26' title="bbox 2308 1035 3904 1106; baseline 0.001 -15"><span class='ocrx_word' id='word_1_187' title='bbox 2308 1054 2535 1103; x_wconf 89' lang='lat' dir='ltr'><strong>novum,</strong></span> <span class='ocrx_word' id='word_1_188' title='bbox 2576 1046 2632 1092; x_wconf 91' lang='lat' dir='ltr'><strong>et</strong></span> <span class='ocrx_word' id='word_1_189' title='bbox 2674 1036 2805 1091; x_wconf 90' lang='lat' dir='ltr'><strong>nulli</strong></span> <span class='ocrx_word' id='word_1_190' title='bbox 2842 1035 3129 1104; x_wconf 88' lang='lat' dir='ltr'><strong>aliquando</strong></span> <span class='ocrx_word' id='word_1_191' title='bbox 3164 1044 3529 1106; x_wconf 88' lang='lat' dir='ltr'><strong>compertum,</strong></span> <span class='ocrx_word' id='word_1_192' title='bbox 3571 1037 3904 1095; x_wconf 87' lang='lat' dir='ltr'><strong>admonebat</strong></span> 
     </span>
    </p>
   </div>
   <div class='ocr_carea' id='block_1_27' title="bbox 2306 1126 3900 1200">
    <p class='ocr_par' dir='ltr' id='par_1_27' title="bbox 2306 1126 3900 1200">
     <span class='ocr_line' id='line_1_27' title="bbox 2306 1126 3900 1200; baseline 0 -16"><span class='ocrx_word' id='word_1_193' title='bbox 2306 1137 2530 1185; x_wconf 91' lang='lat' dir='ltr'><strong>cunctos</strong></span> <span class='ocrx_word' id='word_1_194' title='bbox 2584 1128 2736 1182; x_wconf 89' lang='lat' dir='ltr'><strong>novis</strong></span> <span class='ocrx_word' id='word_1_195' title='bbox 2763 1126 3014 1197; x_wconf 88' lang='lat' dir='ltr'><strong>periculis</strong></span> <span class='ocrx_word' id='word_1_196' title='bbox 3042 1142 3178 1180; x_wconf 90' lang='lat' dir='ltr'><strong>nova</strong></span> <span class='ocrx_word' id='word_1_197' title='bbox 3210 1127 3556 1182; x_wconf 89' lang='lat' dir='ltr'><strong>tabernacula</strong></span> <span class='ocrx_word' id='word_1_198' title='bbox 3581 1133 3900 1200; x_wconf 63' lang='lat' dir='ltr'><strong>prmparari.</strong></span> 
     </span>
    </p>
   </div>
   <div class='ocr_carea' id='block_1_28' title="bbox 2310 1213 3904 1289">
    <p class='ocr_par' dir='ltr' id='par_1_28' title="bbox 2310 1213 3904 1289">
     <span class='ocr_line' id='line_1_28' title="bbox 2310 1213 3904 1289; baseline 0.003 -19"><span class='ocrx_word' id='word_1_199' title='bbox 2310 1216 2651 1285; x_wconf 89' lang='lat' dir='ltr'><strong>Loquehatur</strong></span> <span class='ocrx_word' id='word_1_200' title='bbox 2690 1229 2818 1283; x_wconf 89' lang='lat' dir='ltr'><strong>ergo</strong></span> <span class='ocrx_word' id='word_1_201' title='bbox 2858 1230 3024 1284; x_wconf 89' lang='lat' dir='ltr'><strong>opere</strong></span> <span class='ocrx_word' id='word_1_202' title='bbox 3053 1213 3100 1279; x_wconf 68' lang='grc' dir='ltr'><strong>δ,</strong></span> <span class='ocrx_word' id='word_1_203' title='bbox 3132 1223 3187 1270; x_wconf 91' lang='lat' dir='ltr'><strong>et</strong></span> <span class='ocrx_word' id='word_1_204' title='bbox 3213 1215 3425 1270; x_wconf 88' lang='lat' dir='ltr'><strong>dicebat</strong></span> <span class='ocrx_word' id='word_1_205' title='bbox 3463 1217 3591 1271; x_wconf 89' lang='lat' dir='ltr'><strong>illud</strong></span> <span class='ocrx_word' id='word_1_206' title='bbox 3629 1221 3904 1289; x_wconf 80' lang='lat' dir='ltr'><strong>evangeli-</strong></span> 
     </span>
    </p>
   </div>
   <div class='ocr_carea' id='block_1_29' title="bbox 2309 1302 3904 1378">
    <p class='ocr_par' dir='ltr' id='par_1_29' title="bbox 2309 1302 3904 1378">
     <span class='ocr_line' id='line_1_29' title="bbox 2309 1302 3904 1378; baseline 0.002 -18"><span class='ocrx_word' id='word_1_207' title='bbox 2309 1321 2433 1361; x_wconf 89' lang='lat' dir='ltr'><strong>cum</strong></span> <span class='ocrx_word' id='word_1_208' title='bbox 2463 1304 2672 1359; x_wconf 91' lang='lat' dir='ltr'><strong>Domini</strong></span> <span class='ocrx_word' id='word_1_209' title='bbox 2699 1304 2901 1359; x_wconf 89' lang='lat' dir='ltr'><strong>dictum</strong></span> <span class='ocrx_word' id='word_1_210' title='bbox 2935 1321 2947 1356; x_wconf 89' lang='lat'><strong>:</strong></span> <span class='ocrx_word' id='word_1_211' title='bbox 2982 1302 3046 1357; x_wconf 87' lang='lat' dir='ltr'><strong>Si</strong></span> <span class='ocrx_word' id='word_1_212' title='bbox 3078 1303 3203 1357; x_wconf 74' lang='lat' dir='ltr'><strong>milii</strong></span> <span class='ocrx_word' id='word_1_213' title='bbox 3246 1320 3347 1357; x_wconf 87' lang='lat' dir='ltr'><strong>non</strong></span> <span class='ocrx_word' id='word_1_214' title='bbox 3386 1306 3616 1372; x_wconf 73' lang='lat' dir='ltr'><strong>creditis,</strong></span> <span class='ocrx_word' id='word_1_215' title='bbox 3659 1307 3904 1378; x_wconf 72' lang='lat' dir='ltr'><strong>operibus</strong></span> 
     </span>
    </p>
   </div>
   <div class='ocr_carea' id='block_1_30' title="bbox 2306 1393 3902 1466">
    <p class='ocr_par' dir='ltr' id='par_1_30' title="bbox 2306 1393 3902 1466">
     <span class='ocr_line' id='line_1_30' title="bbox 2306 1393 3902 1466; baseline 0.003 -16"><span class='ocrx_word' id='word_1_216' title='bbox 2306 1396 2498 1450; x_wconf 82' lang='lat' dir='ltr'><strong>credite</strong></span> <span class='ocrx_word' id='word_1_217' title='bbox 2537 1395 2714 1466; x_wconf 85' lang='lat' dir='ltr'><strong>(Joan.</strong></span> <span class='ocrx_word' id='word_1_218' title='bbox 2762 1394 2841 1463; x_wconf 72' lang='grc' dir='ltr'><strong>χ),</strong></span> <span class='ocrx_word' id='word_1_219' title='bbox 2907 1402 2962 1448; x_wconf 90' lang='lat' dir='ltr'><strong>et</strong></span> <span class='ocrx_word' id='word_1_220' title='bbox 3005 1393 3278 1449; x_wconf 87' lang='lat' dir='ltr'><strong>credendo</strong></span> <span class='ocrx_word' id='word_1_221' title='bbox 3324 1396 3622 1465; x_wconf 85' lang='lat' dir='ltr'><strong>periculum</strong></span> <span class='ocrx_word' id='word_1_222' title='bbox 3671 1399 3902 1454; x_wconf 76' lang='lat' dir='ltr'><strong>evadere</strong></span> 
     </span>
    </p>
   </div>
   <div class='ocr_carea' id='block_1_31' title="bbox 2305 1486 3898 1560">
    <p class='ocr_par' dir='ltr' id='par_1_31' title="bbox 2305 1486 3898 1560">
     <span class='ocr_line' id='line_1_31' title="bbox 2305 1486 3898 1560; baseline 0.003 -19"><span class='ocrx_word' id='word_1_223' title='bbox 2305 1488 2570 1558; x_wconf 86' lang='lat' dir='ltr'><strong>poteritis,</strong></span> <span class='ocrx_word' id='word_1_224' title='bbox 2603 1494 2890 1557; x_wconf 70' lang='lat' dir='ltr'><strong>prmstante</strong></span> <span class='ocrx_word' id='word_1_225' title='bbox 2917 1486 3145 1540; x_wconf 87' lang='lat' dir='ltr'><strong>Domino</strong></span> <span class='ocrx_word' id='word_1_226' title='bbox 3175 1494 3361 1542; x_wconf 90' lang='lat' dir='ltr'><strong>nostro</strong></span> <span class='ocrx_word' id='word_1_227' title='bbox 3388 1486 3517 1543; x_wconf 79' lang='lat' dir='ltr'><strong>Iesu</strong></span> <span class='ocrx_word' id='word_1_228' title='bbox 3536 1487 3773 1555; x_wconf 82' lang='lat' dir='ltr'><strong>Christo,</strong></span> <span class='ocrx_word' id='word_1_229' title='bbox 3801 1492 3898 1560; x_wconf 91' lang='lat' dir='ltr'><strong>qui</strong></span> 
     </span>
    </p>
   </div>
   <div class='ocr_carea' id='block_1_32' title="bbox 2304 1575 3896 1647">
    <p class='ocr_par' dir='ltr' id='par_1_32' title="bbox 2304 1575 3896 1647">
     <span class='ocr_line' id='line_1_32' title="bbox 2304 1575 3896 1647; baseline 0.002 -15"><span class='ocrx_word' id='word_1_230' title='bbox 2304 1578 2442 1632; x_wconf 86' lang='lat' dir='ltr'><strong>vivit</strong></span> <span class='ocrx_word' id='word_1_231' title='bbox 2460 1586 2515 1633; x_wconf 90' lang='lat' dir='ltr'><strong>et</strong></span> <span class='ocrx_word' id='word_1_232' title='bbox 2542 1585 2730 1646; x_wconf 78' lang='lat' dir='ltr'><strong>regnat</strong></span> <span class='ocrx_word' id='word_1_233' title='bbox 2756 1592 2878 1632; x_wconf 90' lang='lat' dir='ltr'><strong>cum</strong></span> <span class='ocrx_word' id='word_1_234' title='bbox 2906 1575 3065 1631; x_wconf 85' lang='lat' dir='ltr'><strong>Patre</strong></span> <span class='ocrx_word' id='word_1_235' title='bbox 3092 1584 3148 1632; x_wconf 90' lang='lat' dir='ltr'><strong>et</strong></span> <span class='ocrx_word' id='word_1_236' title='bbox 3167 1576 3369 1647; x_wconf 88' lang='lat' dir='ltr'><strong>Spiritu</strong></span> <span class='ocrx_word' id='word_1_237' title='bbox 3398 1586 3588 1635; x_wconf 89' lang='lat' dir='ltr'><strong>sancto</strong></span> <span class='ocrx_word' id='word_1_238' title='bbox 3619 1580 3675 1634; x_wconf 90' lang='lat' dir='ltr'><strong>in</strong></span> <span class='ocrx_word' id='word_1_239' title='bbox 3700 1582 3896 1637; x_wconf 59' lang='lat' dir='ltr'><strong>saecula</strong></span> 
     </span>
    </p>
   </div>
   <div class='ocr_carea' id='block_1_33' title="bbox 2308 1668 2865 1725">
    <p class='ocr_par' dir='ltr' id='par_1_33' title="bbox 2308 1668 2865 1725">
     <span class='ocr_line' id='line_1_33' title="bbox 2308 1668 2865 1725; baseline -0.004 0"><span class='ocrx_word' id='word_1_240' title='bbox 2308 1669 2643 1725; x_wconf 68' lang='lat' dir='ltr'><strong>mulorum.</strong></span> <span class='ocrx_word' id='word_1_241' title='bbox 2676 1668 2865 1723; x_wconf 84' lang='lat' dir='ltr'><strong>Amen.</strong></span> 
     </span>
    </p>
   </div>
   <div class='ocr_carea' id='block_1_34' title="bbox 2008 1849 2498 1912">
    <p class='ocr_par' dir='ltr' id='par_1_34' title="bbox 2008 1849 2498 1912">
     <span class='ocr_line' id='line_1_34' title="bbox 2008 1849 2498 1912; baseline -0.002 -1"><span class='ocrx_word' id='word_1_242' title='bbox 2008 1849 2278 1912; x_wconf 79' lang='lat' dir='ltr'><strong>SERMO</strong></span> <span class='ocrx_word' id='word_1_243' title='bbox 2321 1850 2498 1911; x_wconf 77' lang='lat' dir='ltr'><strong>XXI.</strong></span> 
     </span>
    </p>
   </div>
   <div class='ocr_carea' id='block_1_35' title="bbox 1902 1949 2616 2021">
    <p class='ocr_par' dir='ltr' id='par_1_35' title="bbox 1902 1949 2616 2021">
     <span class='ocr_line' id='line_1_35' title="bbox 1902 1949 2616 2021; baseline -0.003 -15"><span class='ocrx_word' id='word_1_244' title='bbox 1902 1951 1981 2006; x_wconf 87' lang='lat' dir='ltr'><strong>De</strong></span> <span class='ocrx_word' id='word_1_245' title='bbox 2020 1950 2438 2021; x_wconf 82' lang='lat' dir='ltr'><strong>Quadragesima</strong></span> <span class='ocrx_word' id='word_1_246' title='bbox 2483 1949 2616 2005; x_wconf 82' lang='lat' dir='ltr'><strong><em>VII.</em></strong></span> 
     </span>
    </p>
   </div>
   <div class='ocr_carea' id='block_1_36' title="bbox 2047 2040 2438 2095">
    <p class='ocr_par' dir='ltr' id='par_1_36' title="bbox 2047 2040 2438 2095">
     <span class='ocr_line' id='line_1_36' title="bbox 2047 2040 2438 2095; baseline -0.003 -1"><span class='ocrx_word' id='word_1_247' title='bbox 2047 2040 2438 2095; x_wconf 70' lang='lat' dir='ltr'><strong>ADMONlTlO.</strong></span> 
     </span>
    </p>
   </div>
   <div class='ocr_carea' id='block_1_37' title="bbox 693 2128 3892 2208">
    <p class='ocr_par' dir='ltr' id='par_1_37' title="bbox 693 2128 3892 2208">
     <span class='ocr_line' id='line_1_37' title="bbox 693 2128 3892 2208; baseline -0.002 -16"><span class='ocrx_word' id='word_1_248' title='bbox 693 2138 850 2208; x_wconf 65' lang='grc'><strong>451</strong></span> <span class='ocrx_word' id='word_1_249' title='bbox 882 2136 1227 2208; x_wconf 55' lang='grc' dir='ltr'>Βιιιιεςίρεειιι</span> <span class='ocrx_word' id='word_1_250' title='bbox 1247 2133 1527 2208; x_wconf 78' lang='lat' dir='ltr'><strong>excipitin</strong></span> <span class='ocrx_word' id='word_1_251' title='bbox 1554 2132 1752 2208; x_wconf 77' lang='lat' dir='ltr'><strong>codice</strong></span> <span class='ocrx_word' id='word_1_252' title='bbox 1769 2130 2084 2208; x_wconf 70' lang='lat' dir='ltr'><strong>Taurineusi</strong></span> <span class='ocrx_word' id='word_1_253' title='bbox 2112 2132 2201 2208; x_wconf 68' lang='lat' dir='ltr'><strong>hic</strong></span> <span class='ocrx_word' id='word_1_254' title='bbox 2227 2145 2423 2192; x_wconf 88' lang='lat' dir='ltr'><strong>sermo,</strong></span> <span class='ocrx_word' id='word_1_255' title='bbox 2455 2144 2562 2197; x_wconf 92' lang='lat' dir='ltr'><strong>quo</strong></span> <span class='ocrx_word' id='word_1_256' title='bbox 2590 2128 2642 2184; x_wconf 92' lang='lat' dir='ltr'><strong>in</strong></span> <span class='ocrx_word' id='word_1_257' title='bbox 2660 2129 2856 2208; x_wconf 62' lang='lat' dir='ltr'><strong>ggdice</strong></span> <span class='ocrx_word' id='word_1_258' title='bbox 2884 2129 3191 2208; x_wconf 52' lang='lat' dir='ltr'><strong>inscribitur</strong></span> <span class='ocrx_word' id='word_1_259' title='bbox 3210 2149 3227 2208; x_wconf 89' lang='lat'><strong>_:</strong></span> <span class='ocrx_word' id='word_1_260' title='bbox 3251 2130 3392 2208; x_wconf 76' lang='lat' dir='ltr'><strong>Item</strong></span> <span class='ocrx_word' id='word_1_261' title='bbox 3416 2131 3558 2208; x_wconf 69' lang='lat' dir='ltr'><strong>etde</strong></span> <span class='ocrx_word' id='word_1_262' title='bbox 3588 2130 3892 2208; x_wconf 65' lang='lat' dir='ltr'><strong>Quadrage-</strong></span> 
     </span>
    </p>
   </div>
   <div class='ocr_carea' id='block_1_38' title="bbox 617 2197 3890 2274">
    <p class='ocr_par' dir='ltr' id='par_1_38' title="bbox 617 2197 3890 2274">
     <span class='ocr_line' id='line_1_38' title="bbox 617 2197 3890 2274; baseline -0.002 -12"><span class='ocrx_word' id='word_1_263' title='bbox 617 2197 941 2262; x_wconf 43' lang='lat' dir='ltr'><strong>sin—ta&#39;se-nno</strong></span> <span class='ocrx_word' id='word_1_264' title='bbox 961 2197 1062 2260; x_wconf 75' lang='lat' dir='ltr'><strong>XX</strong></span> <span class='ocrx_word' id='word_1_265' title='bbox 1072 2204 1176 2260; x_wconf 83' lang='lat' dir='ltr'><strong>IX.</strong></span> <span class='ocrx_word' id='word_1_266' title='bbox 1204 2197 1384 2274; x_wconf 80' lang='lat' dir='ltr'><strong>Atque</strong></span> <span class='ocrx_word' id='word_1_267' title='bbox 1405 2203 1793 2274; x_wconf 85' lang='lat' dir='ltr'><strong>adnotatumin</strong></span> <span class='ocrx_word' id='word_1_268' title='bbox 1815 2200 2003 2274; x_wconf 81' lang='lat' dir='ltr'><strong>eodem</strong></span> <span class='ocrx_word' id='word_1_269' title='bbox 2026 2200 2209 2257; x_wconf 86' lang='lat' dir='ltr'><strong>codice</strong></span> <span class='ocrx_word' id='word_1_270' title='bbox 2230 2207 2334 2274; x_wconf 77' lang='lat' dir='ltr'><strong>est,</strong></span> <span class='ocrx_word' id='word_1_271' title='bbox 2360 2214 2635 2274; x_wconf 63' lang='lat' dir='ltr'><strong>sermones</strong></span> <span class='ocrx_word' id='word_1_272' title='bbox 2658 2197 2748 2274; x_wconf 61' lang='grc' dir='ltr'><strong>βο,</strong></span> <span class='ocrx_word' id='word_1_273' title='bbox 2774 2199 2864 2274; x_wconf 75' lang='lat' dir='ltr'><strong>3i,</strong></span> <span class='ocrx_word' id='word_1_274' title='bbox 2886 2199 2973 2274; x_wconf 71' lang='lat'><strong>32,</strong></span> <span class='ocrx_word' id='word_1_275' title='bbox 2999 2200 3070 2254; x_wconf 77' lang='grc'><strong>55</strong></span> <span class='ocrx_word' id='word_1_276' title='bbox 3084 2212 3143 2274; x_wconf 77' lang='lat' dir='ltr'><strong>et</strong></span> <span class='ocrx_word' id='word_1_277' title='bbox 3160 2200 3230 2274; x_wconf 52' lang='lat' dir='ltr'><strong>Si</strong></span> <span class='ocrx_word' id='word_1_278' title='bbox 3250 2201 3601 2274; x_wconf 79' lang='lat' dir='ltr'><strong>intercidisse.</strong></span> <span class='ocrx_word' id='word_1_279' title='bbox 3626 2200 3751 2257; x_wconf 81' lang='lat' dir='ltr'><strong>Iam</strong></span> <span class='ocrx_word' id='word_1_280' title='bbox 3768 2197 3890 2256; x_wconf 69' lang='lat' dir='ltr'><strong>veno</strong></span> 
     </span>
    </p>
   </div>
   <div class='ocr_carea' id='block_1_39' title="bbox 618 2267 3890 2359">
    <p class='ocr_par' dir='ltr' id='par_1_39' title="bbox 618 2267 3890 2359">
     <span class='ocr_line' id='line_1_39' title="bbox 618 2267 3890 2359; baseline -0.002 -28"><span class='ocrx_word' id='word_1_281' title='bbox 618 2278 725 2359; x_wconf 78' lang='lat' dir='ltr'><strong>hic,</strong></span> <span class='ocrx_word' id='word_1_282' title='bbox 756 2277 1185 2359; x_wconf 55' lang='lat' dir='ltr'><strong>quemyroxiuie</strong></span> <span class='ocrx_word' id='word_1_283' title='bbox 1209 2267 1498 2359; x_wconf 29' lang='lat' dir='ltr'><strong>dai&#39;nusuin</strong></span> <span class='ocrx_word' id='word_1_284' title='bbox 1526 2273 1876 2359; x_wconf 65' lang='lat' dir='ltr'><strong>appendicem</strong></span> <span class='ocrx_word' id='word_1_285' title='bbox 1899 2271 2199 2359; x_wconf 48' lang='lat' dir='ltr'><strong>adtonium</strong></span> <span class='ocrx_word' id='word_1_286' title='bbox 2230 2269 2523 2359; x_wconf 46' lang='lat' dir='ltr'><strong>yﬂperum</strong></span> <span class='ocrx_word' id='word_1_287' title='bbox 2553 2267 2927 2359; x_wconf 53' lang='grc' dir='ltr'>Αιιεκειιιιι</span> <span class='ocrx_word' id='word_1_288' title='bbox 2956 2286 3101 2359; x_wconf 67' lang='lat' dir='ltr'><strong>num.</strong></span> <span class='ocrx_word' id='word_1_289' title='bbox 3123 2270 3615 2359; x_wconf 52' lang='lat' dir='ltr'><strong>tiirejectus</strong></span> <span class='ocrx_word' id='word_1_290' title='bbox 3647 2287 3890 2359; x_wconf 63' lang='lat' dir='ltr'><strong>amona-</strong></span> 
     </span>
    </p>
   </div>
   <div class='ocr_carea' id='block_1_40' title="bbox 616 2338 3890 2422">
    <p class='ocr_par' dir='ltr' id='par_1_40' title="bbox 616 2338 3890 2422">
     <span class='ocr_line' id='line_1_40' title="bbox 616 2338 3890 2422; baseline -0.001 -23"><span class='ocrx_word' id='word_1_291' title='bbox 616 2338 732 2422; x_wconf 62' lang='grc' dir='ltr'><strong>ψίέ</strong></span> <span class='ocrx_word' id='word_1_292' title='bbox 762 2338 1117 2401; x_wconf 79' lang='lat' dir='ltr'><strong>Benedictinis</strong></span> <span class='ocrx_word' id='word_1_293' title='bbox 1147 2338 1578 2422; x_wconf 76' lang='lat' dir='ltr'><strong>congregationis</strong></span> <span class='ocrx_word' id='word_1_294' title='bbox 1598 2338 1672 2397; x_wconf 55' lang='lat' dir='ltr'><strong>&#39;S.</strong></span> <span class='ocrx_word' id='word_1_295' title='bbox 1697 2341 1893 2422; x_wconf 74' lang='lat' dir='ltr'><strong>Mauri.</strong></span> <span class='ocrx_word' id='word_1_296' title='bbox 1926 2339 2193 2422; x_wconf 80' lang='lat' dir='ltr'><strong>Hi_neque</strong></span> <span class='ocrx_word' id='word_1_297' title='bbox 2222 2338 2526 2422; x_wconf 81' lang='lat' dir='ltr'><strong>Ambrosio,</strong></span> <span class='ocrx_word' id='word_1_298' title='bbox 2558 2353 2732 2422; x_wconf 73' lang='lat' dir='ltr'><strong>neque</strong></span> <span class='ocrx_word' id='word_1_299' title='bbox 2748 2339 3097 2422; x_wconf 63' lang='lat' dir='ltr'><strong>Ilierouymo,</strong></span> <span class='ocrx_word' id='word_1_300' title='bbox 3124 2338 3623 2422; x_wconf 20' lang='lat' dir='ltr'><strong>nequeédugustino</strong></span> <span class='ocrx_word' id='word_1_301' title='bbox 3655 2342 3890 2422; x_wconf 72' lang='lat' dir='ltr'><strong>tribuen-</strong></span> 
     </span>
    </p>
   </div>
   <div class='ocr_carea' id='block_1_41' title="bbox 618 2408 3889 2479">
    <p class='ocr_par' dir='ltr' id='par_1_41' title="bbox 618 2408 3889 2479">
     <span class='ocr_line' id='line_1_41' title="bbox 618 2408 3889 2479; baseline -0.001 -10"><span class='ocrx_word' id='word_1_302' title='bbox 618 2416 745 2470; x_wconf 89' lang='lat' dir='ltr'><strong>dum</strong></span> <span class='ocrx_word' id='word_1_303' title='bbox 775 2418 1128 2479; x_wconf 80' lang='lat' dir='ltr'><strong>arbitrantur;</strong></span> <span class='ocrx_word' id='word_1_304' title='bbox 1171 2408 1276 2468; x_wconf 75' lang='lat' dir='ltr'><strong>nec</strong></span> <span class='ocrx_word' id='word_1_305' title='bbox 1309 2408 1486 2467; x_wconf 69' lang='lat' dir='ltr'><strong>tamen</strong></span> <span class='ocrx_word' id='word_1_306' title='bbox 1513 2413 1713 2467; x_wconf 89' lang='lat' dir='ltr'><strong>docent</strong></span> <span class='ocrx_word' id='word_1_307' title='bbox 1737 2412 1947 2466; x_wconf 89' lang='lat' dir='ltr'><strong>cuinam</strong></span> <span class='ocrx_word' id='word_1_308' title='bbox 1984 2408 2198 2466; x_wconf 86' lang='lat' dir='ltr'><strong>demum</strong></span> <span class='ocrx_word' id='word_1_309' title='bbox 2228 2417 2479 2478; x_wconf 88' lang='lat' dir='ltr'><strong>acceptus</strong></span> <span class='ocrx_word' id='word_1_310' title='bbox 2514 2408 2703 2462; x_wconf 77' lang='lat' dir='ltr'><strong>referri</strong></span> <span class='ocrx_word' id='word_1_311' title='bbox 2730 2408 2971 2479; x_wconf 53' lang='lat' dir='ltr'><strong>debeatf</strong></span> <span class='ocrx_word' id='word_1_312' title='bbox 2990 2408 3058 2463; x_wconf 90' lang='lat' dir='ltr'><strong>Ut</strong></span> <span class='ocrx_word' id='word_1_313' title='bbox 3093 2408 3275 2465; x_wconf 82' lang='lat' dir='ltr'><strong>autem</strong></span> <span class='ocrx_word' id='word_1_314' title='bbox 3302 2408 3536 2465; x_wconf 74' lang='lat' dir='ltr'><strong>Maximo</strong></span> <span class='ocrx_word' id='word_1_315' title='bbox 3564 2411 3889 2466; x_wconf 78' lang='lat' dir='ltr'><strong>ascribamus</strong></span> 
     </span>
    </p>
   </div>
   <div class='ocr_carea' id='block_1_42' title="bbox 618 2479 2798 2563">
    <p class='ocr_par' dir='ltr' id='par_1_42' title="bbox 618 2479 2798 2563">
     <span class='ocr_line' id='line_1_42' title="bbox 618 2479 2798 2563; baseline -0.005 -23"><span class='ocrx_word' id='word_1_316' title='bbox 618 2500 717 2540; x_wconf 92' lang='lat' dir='ltr'><strong>nos</strong></span> <span class='ocrx_word' id='word_1_317' title='bbox 743 2495 925 2539; x_wconf 84' lang='lat' dir='ltr'><strong>movet</strong></span> <span class='ocrx_word' id='word_1_318' title='bbox 951 2484 1151 2563; x_wconf 74' lang='lat' dir='ltr'><strong>codicis</strong></span> <span class='ocrx_word' id='word_1_319' title='bbox 1179 2481 1554 2562; x_wconf 58' lang='lat' dir='ltr'><strong>Taurinensis,</strong></span> <span class='ocrx_word' id='word_1_320' title='bbox 1572 2480 1724 2563; x_wconf 77' lang='lat' dir='ltr'><strong>cujus</strong></span> <span class='ocrx_word' id='word_1_321' title='bbox 1752 2482 1911 2551; x_wconf 89' lang='lat' dir='ltr'><strong>paulo</strong></span> <span class='ocrx_word' id='word_1_322' title='bbox 1941 2490 2066 2535; x_wconf 89' lang='lat' dir='ltr'><strong>ante</strong></span> <span class='ocrx_word' id='word_1_323' title='bbox 2094 2479 2452 2563; x_wconf 78' lang='lat' dir='ltr'><strong>meminimus,</strong></span> <span class='ocrx_word' id='word_1_324' title='bbox 2490 2479 2798 2563; x_wconf 58' lang='lat' dir='ltr'><strong>auctoritas.</strong></span> 
     </span>
    </p>
   </div>
   <div class='ocr_carea' id='block_1_43' title="bbox 2842 2476 3886 2549">
    <p class='ocr_par' dir='ltr' id='par_1_43' title="bbox 2842 2476 3886 2549">
     <span class='ocr_line' id='line_1_43' title="bbox 2842 2476 3886 2549; baseline 0.001 -17"><span class='ocrx_word' id='word_1_325' title='bbox 2842 2476 3157 2549; x_wconf 76' lang='lat' dir='ltr'><strong>Quanquam</strong></span> <span class='ocrx_word' id='word_1_326' title='bbox 3188 2479 3315 2534; x_wconf 89' lang='lat' dir='ltr'><strong>illud</strong></span> <span class='ocrx_word' id='word_1_327' title='bbox 3355 2481 3515 2535; x_wconf 88' lang='lat' dir='ltr'><strong>etiam</strong></span> <span class='ocrx_word' id='word_1_328' title='bbox 3545 2481 3794 2542; x_wconf 87' lang='lat' dir='ltr'><strong>accedat,</strong></span> <span class='ocrx_word' id='word_1_329' title='bbox 3824 2484 3886 2534; x_wconf 85' lang='lat' dir='ltr'><strong>ab</strong></span> 
     </span>
    </p>
   </div>
   <div class='ocr_carea' id='block_1_44' title="bbox 617 2546 3886 2621">
    <p class='ocr_par' dir='ltr' id='par_1_44' title="bbox 617 2546 3886 2621">
     <span class='ocr_line' id='line_1_44' title="bbox 617 2546 3886 2621; baseline -0.001 -14"><span class='ocrx_word' id='word_1_330' title='bbox 617 2569 684 2607; x_wconf 91' lang='lat' dir='ltr'><strong>eo</strong></span> <span class='ocrx_word' id='word_1_331' title='bbox 712 2562 930 2608; x_wconf 88' lang='lat' dir='ltr'><strong>auctore</strong></span> <span class='ocrx_word' id='word_1_332' title='bbox 954 2554 1095 2621; x_wconf 81' lang='lat' dir='ltr'><strong>hunc</strong></span> <span class='ocrx_word' id='word_1_333' title='bbox 1123 2551 1479 2621; x_wconf 82' lang='lat' dir='ltr'><strong>compositum</strong></span> <span class='ocrx_word' id='word_1_334' title='bbox 1505 2546 1693 2612; x_wconf 80' lang='lat' dir='ltr'><strong>videri,</strong></span> <span class='ocrx_word' id='word_1_335' title='bbox 1722 2546 1885 2621; x_wconf 56' lang='lat' dir='ltr'><strong>a&#39;quo</strong></span> <span class='ocrx_word' id='word_1_336' title='bbox 1911 2550 2237 2621; x_wconf 80' lang='lat' dir='ltr'><strong>perscriptus</strong></span> <span class='ocrx_word' id='word_1_337' title='bbox 2264 2555 2347 2603; x_wconf 89' lang='lat' dir='ltr'><strong>est</strong></span> <span class='ocrx_word' id='word_1_338' title='bbox 2372 2556 2596 2621; x_wconf 83' lang='lat' dir='ltr'><strong>quartus</strong></span> <span class='ocrx_word' id='word_1_339' title='bbox 2620 2546 2701 2602; x_wconf 88' lang='lat' dir='ltr'><strong>De</strong></span> <span class='ocrx_word' id='word_1_340' title='bbox 2728 2546 3155 2621; x_wconf 66' lang='lat' dir='ltr'><strong>Quadrageiima.</strong></span> <span class='ocrx_word' id='word_1_341' title='bbox 3184 2549 3445 2616; x_wconf 86' lang='lat' dir='ltr'><strong>Quartum</strong></span> <span class='ocrx_word' id='word_1_342' title='bbox 3468 2560 3653 2604; x_wconf 85' lang='lat' dir='ltr'><strong>autem</strong></span> <span class='ocrx_word' id='word_1_343' title='bbox 3682 2566 3715 2604; x_wconf 91' lang='lat' dir='ltr'><strong>a</strong></span> <span class='ocrx_word' id='word_1_344' title='bbox 3737 2551 3886 2605; x_wconf 86' lang='lat' dir='ltr'><strong>nobis</strong></span> 
     </span>
    </p>
   </div>
   <div class='ocr_carea' id='block_1_45' title="bbox 617 2618 2589 2692">
    <p class='ocr_par' dir='ltr' id='par_1_45' title="bbox 617 2618 2589 2692">
     <span class='ocr_line' id='line_1_45' title="bbox 617 2618 2589 2692; baseline -0.003 -15"><span class='ocrx_word' id='word_1_345' title='bbox 617 2622 822 2677; x_wconf 92' lang='lat' dir='ltr'><strong>editum</strong></span> <span class='ocrx_word' id='word_1_346' title='bbox 851 2621 929 2676; x_wconf 88' lang='lat' dir='ltr'><strong>De</strong></span> <span class='ocrx_word' id='word_1_347' title='bbox 960 2618 1368 2692; x_wconf 71' lang='lat' dir='ltr'><strong>Quadragesima</strong></span> <span class='ocrx_word' id='word_1_348' title='bbox 1396 2619 1629 2674; x_wconf 79' lang='lat' dir='ltr'><strong>Maximo</strong></span> <span class='ocrx_word' id='word_1_349' title='bbox 1659 2633 1778 2675; x_wconf 89' lang='lat' dir='ltr'><strong>esse</strong></span> <span class='ocrx_word' id='word_1_350' title='bbox 1803 2618 2209 2688; x_wconf 83' lang='lat' dir='ltr'><strong>adjudicandum</strong></span> <span class='ocrx_word' id='word_1_351' title='bbox 2238 2618 2589 2673; x_wconf 84' lang='lat' dir='ltr'><strong>ostendimus.</strong></span> 
     </span>
    </p>
   </div>
   <div class='ocr_carea' id='block_1_46' title="bbox 618 2729 3884 2805">
    <p class='ocr_par' dir='ltr' id='par_1_46' title="bbox 618 2729 3884 2805">
     <span class='ocr_line' id='line_1_46' title="bbox 618 2729 3884 2805; baseline -0.001 -13"><span class='ocrx_word' id='word_1_352' title='bbox 618 2737 1008 2792; x_wconf 70' lang='lat' dir='ltr'><strong>Ancuueswu.</strong></span> <span class='ocrx_word' id='word_1_353' title='bbox 1040 2768 1113 2780; x_wconf 87' lang='lat'><strong>——</strong></span> <span class='ocrx_word' id='word_1_354' title='bbox 1132 2733 1423 2805; x_wconf 81' lang='lat' dir='ltr'><strong>Propositis</strong></span> <span class='ocrx_word' id='word_1_355' title='bbox 1450 2734 1699 2805; x_wconf 77' lang='lat' dir='ltr'><strong>exemplis</strong></span> <span class='ocrx_word' id='word_1_356' title='bbox 1731 2740 2026 2805; x_wconf 72' lang='lat' dir='ltr'><strong>sanctorum</strong></span> <span class='ocrx_word' id='word_1_357' title='bbox 2062 2732 2200 2786; x_wconf 80' lang='lat' dir='ltr'><strong>viro-</strong></span> <span class='ocrx_word' id='word_1_358' title='bbox 2234 2735 2278 2793; x_wconf 84' lang='grc' dir='ltr'><strong>Β</strong></span> <span class='ocrx_word' id='word_1_359' title='bbox 2305 2729 2534 2801; x_wconf 90' lang='lat' dir='ltr'><strong>denique</strong></span> <span class='ocrx_word' id='word_1_360' title='bbox 2563 2731 2732 2787; x_wconf 78' lang='lat' dir='ltr'><strong>tribus</strong></span> <span class='ocrx_word' id='word_1_361' title='bbox 2760 2732 2914 2787; x_wconf 89' lang='lat' dir='ltr'><strong>annis</strong></span> <span class='ocrx_word' id='word_1_362' title='bbox 2954 2739 3008 2787; x_wconf 91' lang='lat' dir='ltr'><strong>et</strong></span> <span class='ocrx_word' id='word_1_363' title='bbox 3052 2747 3146 2788; x_wconf 82' lang='lat' dir='ltr'><strong>sex</strong></span> <span class='ocrx_word' id='word_1_364' title='bbox 3178 2748 3389 2788; x_wconf 89' lang='lat' dir='ltr'><strong>menses</strong></span> <span class='ocrx_word' id='word_1_365' title='bbox 3417 2734 3614 2789; x_wconf 72' lang='lat' dir='ltr'><strong>cmlum</strong></span> <span class='ocrx_word' id='word_1_366' title='bbox 3645 2732 3661 2785; x_wconf 86' lang='lat' dir='ltr'><strong>i</strong></span> <span class='ocrx_word' id='word_1_367' title='bbox 3700 2735 3884 2790; x_wconf 87' lang='lat' dir='ltr'><strong>clausit</strong></span> 
     </span>
    </p>
   </div>
   <div class='ocr_carea' id='block_1_47' title="bbox 686 2802 2199 2885">
    <p class='ocr_par' dir='ltr' id='par_1_47' title="bbox 686 2802 2199 2885">
     <span class='ocr_line' id='line_1_47' title="bbox 686 2802 2199 2885; baseline -0.005 -24"><span class='ocrx_word' id='word_1_368' title='bbox 686 2825 801 2885; x_wconf 80' lang='lat' dir='ltr'><strong>rum</strong></span> <span class='ocrx_word' id='word_1_369' title='bbox 842 2808 906 2885; x_wconf 87' lang='lat' dir='ltr'><strong>S._</strong></span> <span class='ocrx_word' id='word_1_370' title='bbox 944 2804 1207 2885; x_wconf 52' lang='lat' dir='ltr'><strong>plautimus</strong></span> <span class='ocrx_word' id='word_1_371' title='bbox 1237 2802 1427 2885; x_wconf 65' lang='lat' dir='ltr'><strong>fratres</strong></span> <span class='ocrx_word' id='word_1_372' title='bbox 1465 2803 1533 2885; x_wconf 74' lang='lat' dir='ltr'><strong>ad</strong></span> <span class='ocrx_word' id='word_1_373' title='bbox 1558 2802 1905 2885; x_wconf 60' lang='lat' dir='ltr'><strong>jejunauduin</strong></span> <span class='ocrx_word' id='word_1_374' title='bbox 1934 2802 2199 2885; x_wconf 65' lang='lat' dir='ltr'><strong>hortatur;</strong></span> 
     </span>
    </p>
   </div>
   <div class='ocr_carea' id='block_1_48' title="bbox 684 2872 2203 2946">
    <p class='ocr_par' dir='ltr' id='par_1_48' title="bbox 684 2872 2203 2946">
     <span class='ocr_line' id='line_1_48' title="bbox 684 2872 2203 2946; baseline -0.003 -17"><span class='ocrx_word' id='word_1_375' title='bbox 684 2877 775 2931; x_wconf 83' lang='lat' dir='ltr'><strong>sed</strong></span> <span class='ocrx_word' id='word_1_376' title='bbox 801 2885 857 2928; x_wconf 89' lang='lat' dir='ltr'><strong>ut</strong></span> <span class='ocrx_word' id='word_1_377' title='bbox 878 2876 1083 2946; x_wconf 83' lang='lat' dir='ltr'><strong>jejunio</strong></span> <span class='ocrx_word' id='word_1_378' title='bbox 1120 2872 1273 2944; x_wconf 79' lang='lat' dir='ltr'><strong>plena</strong></span> <span class='ocrx_word' id='word_1_379' title='bbox 1315 2874 1439 2937; x_wconf 85' lang='lat' dir='ltr'><strong>sint,</strong></span> <span class='ocrx_word' id='word_1_380' title='bbox 1476 2872 1661 2945; x_wconf 79' lang='lat' dir='ltr'><strong>inquit,</strong></span> <span class='ocrx_word' id='word_1_381' title='bbox 1687 2872 2058 2927; x_wconf 64' lang='lat' dir='ltr'><strong>misericordia</strong></span> <span class='ocrx_word' id='word_1_382' title='bbox 2083 2872 2203 2941; x_wconf 78' lang='lat' dir='ltr'><strong>pin-</strong></span> 
     </span>
    </p>
   </div>
   <div class='ocr_carea' id='block_1_49' title="bbox 686 2945 1252 3016">
    <p class='ocr_par' dir='ltr' id='par_1_49' title="bbox 686 2945 1252 3016">
     <span class='ocr_line' id='line_1_49' title="bbox 686 2945 1252 3016; baseline -0.005 -18"><span class='ocrx_word' id='word_1_383' title='bbox 686 2945 904 3016; x_wconf 82' lang='lat' dir='ltr'><strong>guedine</strong></span> <span class='ocrx_word' id='word_1_384' title='bbox 929 2945 1252 3002; x_wconf 80' lang='lat' dir='ltr'><strong>suainentur.</strong></span> 
     </span>
    </p>
   </div>
   <div class='ocr_carea' id='block_1_50' title="bbox 687 3094 2201 3165">
    <p class='ocr_par' dir='ltr' id='par_1_50' title="bbox 687 3094 2201 3165">
     <span class='ocr_line' id='line_1_50' title="bbox 687 3094 2201 3165; baseline 0.002 -17"><span class='ocrx_word' id='word_1_385' title='bbox 687 3095 852 3149; x_wconf 81' lang='lat' dir='ltr'><strong>Adest</strong></span> <span class='ocrx_word' id='word_1_386' title='bbox 895 3095 1051 3149; x_wconf 88' lang='lat' dir='ltr'><strong>nobis</strong></span> <span class='ocrx_word' id='word_1_387' title='bbox 1094 3095 1401 3150; x_wconf 85' lang='lat' dir='ltr'><strong>venerabile</strong></span> <span class='ocrx_word' id='word_1_388' title='bbox 1449 3106 1471 3133; x_wconf 71' lang='grc' dir='ltr'><strong>ο</strong></span> <span class='ocrx_word' id='word_1_389' title='bbox 1520 3102 1577 3150; x_wconf 90' lang='lat' dir='ltr'><strong>et</strong></span> <span class='ocrx_word' id='word_1_390' title='bbox 1624 3094 1939 3150; x_wconf 83' lang='lat' dir='ltr'><strong>medicabile</strong></span> <span class='ocrx_word' id='word_1_391' title='bbox 1993 3103 2201 3165; x_wconf 91' lang='lat' dir='ltr'><strong>tempus</strong></span> 
     </span>
    </p>
   </div>
   <div class='ocr_carea' id='block_1_51' title="bbox 616 3185 2202 3257">
    <p class='ocr_par' dir='ltr' id='par_1_51' title="bbox 616 3185 2202 3257">
     <span class='ocr_line' id='line_1_51' title="bbox 616 3185 2202 3257; baseline 0.001 -16"><span class='ocrx_word' id='word_1_392' title='bbox 616 3186 1064 3255; x_wconf 73' lang='lat' dir='ltr'><strong>Quadragesimzc,</strong></span> <span class='ocrx_word' id='word_1_393' title='bbox 1105 3186 1385 3251; x_wconf 90' lang='lat' dir='ltr'><strong>carissimi,</strong></span> <span class='ocrx_word' id='word_1_394' title='bbox 1426 3200 1529 3256; x_wconf 90' lang='lat' dir='ltr'><strong>per</strong></span> <span class='ocrx_word' id='word_1_395' title='bbox 1563 3186 1708 3255; x_wconf 89' lang='lat' dir='ltr'><strong>quod</strong></span> <span class='ocrx_word' id='word_1_396' title='bbox 1742 3185 2049 3255; x_wconf 88' lang='lat' dir='ltr'><strong>jejunantes</strong></span> <span class='ocrx_word' id='word_1_397' title='bbox 2076 3202 2202 3257; x_wconf 88' lang='lat' dir='ltr'><strong>pec-</strong></span> 
     </span>
    </p>
   </div>
   <div class='ocr_carea' id='block_1_52' title="bbox 615 3275 2200 3343">
    <p class='ocr_par' dir='ltr' id='par_1_52' title="bbox 615 3275 2200 3343">
     <span class='ocr_line' id='line_1_52' title="bbox 615 3275 2200 3343; baseline -0.001 -10"><span class='ocrx_word' id='word_1_398' title='bbox 615 3286 859 3333; x_wconf 89' lang='lat' dir='ltr'><strong>catorum</strong></span> <span class='ocrx_word' id='word_1_399' title='bbox 889 3284 1193 3330; x_wconf 92' lang='lat' dir='ltr'><strong>nostrorum</strong></span> <span class='ocrx_word' id='word_1_400' title='bbox 1222 3275 1441 3330; x_wconf 88' lang='lat' dir='ltr'><strong>vulnera</strong></span> <span class='ocrx_word' id='word_1_401' title='bbox 1477 3291 1667 3337; x_wconf 86' lang='lat' dir='ltr'><strong>curare</strong></span> <span class='ocrx_word' id='word_1_402' title='bbox 1708 3276 1985 3332; x_wconf 90' lang='lat' dir='ltr'><strong>debemus.</strong></span> <span class='ocrx_word' id='word_1_403' title='bbox 2017 3277 2200 3343; x_wconf 85' lang='lat' dir='ltr'><strong>Quan-</strong></span> 
     </span>
    </p>
   </div>
   <div class='ocr_carea' id='block_1_53' title="bbox 616 3365 2201 3438">
    <p class='ocr_par' dir='ltr' id='par_1_53' title="bbox 616 3365 2201 3438">
     <span class='ocr_line' id='line_1_53' title="bbox 616 3365 2201 3438; baseline 0.001 -14"><span class='ocrx_word' id='word_1_404' title='bbox 616 3377 727 3424; x_wconf 89' lang='lat' dir='ltr'><strong>tum</strong></span> <span class='ocrx_word' id='word_1_405' title='bbox 753 3368 823 3422; x_wconf 87' lang='lat' dir='ltr'><strong>sit</strong></span> <span class='ocrx_word' id='word_1_406' title='bbox 849 3381 977 3435; x_wconf 86' lang='lat' dir='ltr'><strong>ergo</strong></span> <span class='ocrx_word' id='word_1_407' title='bbox 1006 3368 1204 3422; x_wconf 89' lang='lat' dir='ltr'><strong>bonum</strong></span> <span class='ocrx_word' id='word_1_408' title='bbox 1225 3366 1415 3436; x_wconf 85' lang='lat' dir='ltr'><strong>jejunii</strong></span> <span class='ocrx_word' id='word_1_409' title='bbox 1440 3365 1490 3433; x_wconf 72' lang='grc' dir='ltr'><strong>ἀ,</strong></span> <span class='ocrx_word' id='word_1_410' title='bbox 1518 3369 1777 3438; x_wconf 82' lang='lat' dir='ltr'><strong>exemplis</strong></span> <span class='ocrx_word' id='word_1_411' title='bbox 1814 3369 2006 3424; x_wconf 89' lang='lat' dir='ltr'><strong>additis</strong></span> <span class='ocrx_word' id='word_1_412' title='bbox 2031 3369 2201 3425; x_wconf 89' lang='lat' dir='ltr'><strong>disse-</strong></span> 
     </span>
    </p>
   </div>
   <div class='ocr_carea' id='block_1_54' title="bbox 614 3457 2200 3529">
    <p class='ocr_par' dir='ltr' id='par_1_54' title="bbox 614 3457 2200 3529">
     <span class='ocr_line' id='line_1_54' title="bbox 614 3457 2200 3529; baseline 0.003 -17"><span class='ocrx_word' id='word_1_413' title='bbox 614 3472 815 3512; x_wconf 87' lang='lat' dir='ltr'><strong>ramus.</strong></span> <span class='ocrx_word' id='word_1_414' title='bbox 838 3457 1047 3529; x_wconf 81' lang='lat' dir='ltr'><strong>Moyses</strong></span> <span class='ocrx_word' id='word_1_415' title='bbox 1069 3459 1269 3528; x_wconf 89' lang='lat' dir='ltr'><strong>primus</strong></span> <span class='ocrx_word' id='word_1_416' title='bbox 1288 3458 1638 3527; x_wconf 83' lang='lat' dir='ltr'><strong>quadraginta</strong></span> <span class='ocrx_word' id='word_1_417' title='bbox 1660 3458 1847 3514; x_wconf 90' lang='lat' dir='ltr'><strong>diebus</strong></span> <span class='ocrx_word' id='word_1_418' title='bbox 1869 3474 1934 3515; x_wconf 91' lang='lat' dir='ltr'><strong>ac</strong></span> <span class='ocrx_word' id='word_1_419' title='bbox 1954 3460 2200 3517; x_wconf 87' lang='lat' dir='ltr'><strong>noctibus</strong></span> 
     </span>
    </p>
   </div>
   <div class='ocr_carea' id='block_1_55' title="bbox 613 3548 2192 3623">
    <p class='ocr_par' dir='ltr' id='par_1_55' title="bbox 613 3548 2192 3623">
     <span class='ocr_line' id='line_1_55' title="bbox 613 3548 2192 3623; baseline 0.001 -19"><span class='ocrx_word' id='word_1_420' title='bbox 613 3563 735 3604; x_wconf 91' lang='lat' dir='ltr'><strong>cum</strong></span> <span class='ocrx_word' id='word_1_421' title='bbox 776 3548 1093 3618; x_wconf 85' lang='lat' dir='ltr'><strong>jejunasset,</strong></span> <span class='ocrx_word' id='word_1_422' title='bbox 1135 3550 1308 3617; x_wconf 85' lang='lat' dir='ltr'><strong>legem</strong></span> <span class='ocrx_word' id='word_1_423' title='bbox 1354 3550 1565 3606; x_wconf 88' lang='lat' dir='ltr'><strong>Domini</strong></span> <span class='ocrx_word' id='word_1_424' title='bbox 1607 3560 1630 3588; x_wconf 76' lang='grc' dir='ltr'><strong>ε</strong></span> <span class='ocrx_word' id='word_1_425' title='bbox 1669 3552 1865 3607; x_wconf 89' lang='lat' dir='ltr'><strong>meruit</strong></span> <span class='ocrx_word' id='word_1_426' title='bbox 1904 3553 2192 3623; x_wconf 88' lang='lat' dir='ltr'><strong>accipere:</strong></span> 
     </span>
    </p>
   </div>
   <div class='ocr_carea' id='block_1_56' title="bbox 612 3640 2200 3712">
    <p class='ocr_par' dir='ltr' id='par_1_56' title="bbox 612 3640 2200 3712">
     <span class='ocr_line' id='line_1_56' title="bbox 612 3640 2200 3712; baseline 0.003 -18"><span class='ocrx_word' id='word_1_427' title='bbox 612 3640 1037 3710; x_wconf 87' lang='lat' dir='ltr'><strong>impetraverunt</strong></span> <span class='ocrx_word' id='word_1_428' title='bbox 1064 3642 1207 3695; x_wconf 89' lang='lat' dir='ltr'><strong>enim</strong></span> <span class='ocrx_word' id='word_1_429' title='bbox 1236 3642 1392 3695; x_wconf 91' lang='lat' dir='ltr'><strong>unius</strong></span> <span class='ocrx_word' id='word_1_430' title='bbox 1436 3641 1671 3696; x_wconf 90' lang='lat' dir='ltr'><strong>hominis</strong></span> <span class='ocrx_word' id='word_1_431' title='bbox 1708 3641 1912 3711; x_wconf 89' lang='lat' dir='ltr'><strong>jejunia</strong></span> <span class='ocrx_word' id='word_1_432' title='bbox 1939 3643 2083 3712; x_wconf 90' lang='lat' dir='ltr'><strong>quod</strong></span> <span class='ocrx_word' id='word_1_433' title='bbox 2114 3652 2200 3699; x_wconf 54' lang='lat' dir='ltr'><strong>to.</strong></span> 
     </span>
    </p>
   </div>
   <div class='ocr_carea' id='block_1_57' title="bbox 614 3730 2196 3802">
    <p class='ocr_par' dir='ltr' id='par_1_57' title="bbox 614 3730 2196 3802">
     <span class='ocr_line' id='line_1_57' title="bbox 614 3730 2196 3802; baseline 0.004 -20"><span class='ocrx_word' id='word_1_434' title='bbox 614 3730 719 3783; x_wconf 92' lang='lat' dir='ltr'><strong>tius</strong></span> <span class='ocrx_word' id='word_1_435' title='bbox 747 3730 932 3798; x_wconf 90' lang='lat' dir='ltr'><strong>populi</strong></span> <span class='ocrx_word' id='word_1_436' title='bbox 960 3731 1215 3784; x_wconf 86' lang='lat' dir='ltr'><strong>saturitas</strong></span> <span class='ocrx_word' id='word_1_437' title='bbox 1242 3730 1638 3800; x_wconf 89' lang='lat' dir='ltr'><strong>desperaverat.</strong></span> <span class='ocrx_word' id='word_1_438' title='bbox 1685 3732 2038 3788; x_wconf 81' lang='lat' dir='ltr'><strong>Advertamus</strong></span> <span class='ocrx_word' id='word_1_439' title='bbox 2066 3748 2196 3802; x_wconf 89' lang='lat' dir='ltr'><strong>ergo</strong></span> 
     </span>
    </p>
   </div>
   <div class='ocr_carea' id='block_1_58' title="bbox 613 3820 2191 3890">
    <p class='ocr_par' dir='ltr' id='par_1_58' title="bbox 613 3820 2191 3890">
     <span class='ocr_line' id='line_1_58' title="bbox 613 3820 2191 3890; baseline 0.004 -16"><span class='ocrx_word' id='word_1_440' title='bbox 613 3829 814 3890; x_wconf 86' lang='lat' dir='ltr'><strong>quanta</strong></span> <span class='ocrx_word' id='word_1_441' title='bbox 842 3821 911 3874; x_wconf 87' lang='lat' dir='ltr'><strong>sit</strong></span> <span class='ocrx_word' id='word_1_442' title='bbox 940 3822 1080 3874; x_wconf 86' lang='lat' dir='ltr'><strong>inter</strong></span> <span class='ocrx_word' id='word_1_443' title='bbox 1118 3820 1381 3889; x_wconf 84' lang='lat' dir='ltr'><strong>jejunium</strong></span> <span class='ocrx_word' id='word_1_444' title='bbox 1410 3829 1464 3876; x_wconf 90' lang='lat' dir='ltr'><strong>et</strong></span> <span class='ocrx_word' id='word_1_445' title='bbox 1500 3824 1833 3878; x_wconf 87' lang='lat' dir='ltr'><strong>saturitatem</strong></span> <span class='ocrx_word' id='word_1_446' title='bbox 1862 3824 2113 3880; x_wconf 84' lang='lat' dir='ltr'><strong>distantia</strong></span> <span class='ocrx_word' id='word_1_447' title='bbox 2148 3825 2191 3881; x_wconf 68' lang='grc' dir='ltr'><strong>τ.</strong></span> 
     </span>
    </p>
   </div>
   <div class='ocr_carea' id='block_1_59' title="bbox 614 3909 2195 3985">
    <p class='ocr_par' dir='ltr' id='par_1_59' title="bbox 614 3909 2195 3985">
     <span class='ocr_line' id='line_1_59' title="bbox 614 3909 2195 3985; baseline 0.004 -22"><span class='ocrx_word' id='word_1_448' title='bbox 614 3909 845 3980; x_wconf 76' lang='lat' dir='ltr'><strong>Moyses,</strong></span> <span class='ocrx_word' id='word_1_449' title='bbox 883 3911 974 3978; x_wconf 88' lang='lat' dir='ltr'><strong>qui</strong></span> <span class='ocrx_word' id='word_1_450' title='bbox 998 3910 1278 3977; x_wconf 89' lang='lat' dir='ltr'><strong>jejunavit,</strong></span> <span class='ocrx_word' id='word_1_451' title='bbox 1303 3910 1584 3965; x_wconf 89' lang='lat' dir='ltr'><strong>Dominum</strong></span> <span class='ocrx_word' id='word_1_452' title='bbox 1628 3912 1777 3965; x_wconf 77' lang='lat' dir='ltr'><strong>vidit.</strong></span> <span class='ocrx_word' id='word_1_453' title='bbox 1820 3912 2072 3982; x_wconf 85' lang='lat' dir='ltr'><strong>Populus,</strong></span> <span class='ocrx_word' id='word_1_454' title='bbox 2103 3916 2195 3985; x_wconf 85' lang='lat' dir='ltr'><strong>qui</strong></span> 
     </span>
    </p>
   </div>
   <div class='ocr_carea' id='block_1_60' title="bbox 614 3999 2191 4077">
    <p class='ocr_par' dir='ltr' id='par_1_60' title="bbox 614 3999 2191 4077">
     <span class='ocr_line' id='line_1_60' title="bbox 614 3999 2191 4077; baseline 0.006 -24"><span class='ocrx_word' id='word_1_455' title='bbox 614 3999 957 4053; x_wconf 84' lang='lat' dir='ltr'><strong>manducavit</strong></span> <span class='ocrx_word' id='word_1_456' title='bbox 976 4009 1032 4054; x_wconf 91' lang='lat' dir='ltr'><strong>et</strong></span> <span class='ocrx_word' id='word_1_457' title='bbox 1056 3999 1211 4063; x_wconf 86' lang='lat' dir='ltr'><strong>bibit,</strong></span> <span class='ocrx_word' id='word_1_458' title='bbox 1232 3999 1377 4054; x_wconf 90' lang='lat' dir='ltr'><strong>idola</strong></span> <span class='ocrx_word' id='word_1_459' title='bbox 1398 3999 1681 4055; x_wconf 79' lang='lat' dir='ltr'><strong>fabricatus</strong></span> <span class='ocrx_word' id='word_1_460' title='bbox 1701 4011 1782 4057; x_wconf 86' lang='lat' dir='ltr'><strong>est</strong></span> <span class='ocrx_word' id='word_1_461' title='bbox 1803 4003 1996 4072; x_wconf 70' lang='lat' dir='ltr'><strong>(Exod.</strong></span> <span class='ocrx_word' id='word_1_462' title='bbox 2022 4007 2191 4077; x_wconf 68' lang='lat' dir='ltr'><strong>xxxv).</strong></span> 
     </span>
    </p>
   </div>
   <div class='ocr_carea' id='block_1_61' title="bbox 2304 2819 3884 2895">
    <p class='ocr_par' dir='ltr' id='par_1_61' title="bbox 2304 2819 3884 2895">
     <span class='ocr_line' id='line_1_61' title="bbox 2304 2819 3884 2895; baseline 0.005 -22"><span class='ocrx_word' id='word_1_463' title='bbox 2304 2819 2360 2891; x_wconf 85' lang='grc'><strong>(1</strong></span> <span class='ocrx_word' id='word_1_464' title='bbox 2371 2819 2414 2874; x_wconf 77' lang='grc' dir='ltr'><em>γ</em></span> <span class='ocrx_word' id='word_1_465' title='bbox 2442 2820 2571 2889; x_wconf 82' lang='lat' dir='ltr'><strong>Reg.</strong></span> <span class='ocrx_word' id='word_1_466' title='bbox 2604 2821 2665 2892; x_wconf 93' lang='grc' dir='ltr'><strong>ι).</strong></span> <span class='ocrx_word' id='word_1_467' title='bbox 2714 2822 2794 2877; x_wconf 85' lang='lat' dir='ltr'><strong>Ad</strong></span> <span class='ocrx_word' id='word_1_468' title='bbox 2831 2823 2990 2893; x_wconf 87' lang='lat' dir='ltr'><strong>hujus</strong></span> <span class='ocrx_word' id='word_1_469' title='bbox 3026 2840 3216 2880; x_wconf 90' lang='lat' dir='ltr'><strong>vocem</strong></span> <span class='ocrx_word' id='word_1_470' title='bbox 3262 2826 3424 2881; x_wconf 90' lang='lat' dir='ltr'><strong>etiam</strong></span> <span class='ocrx_word' id='word_1_471' title='bbox 3469 2842 3764 2895; x_wconf 88' lang='lat' dir='ltr'><strong>supernum</strong></span> <span class='ocrx_word' id='word_1_472' title='bbox 3794 2826 3884 2881; x_wconf 88' lang='lat' dir='ltr'><strong>de-</strong></span> 
     </span>
    </p>
   </div>
   <div class='ocr_carea' id='block_1_62' title="bbox 2299 2911 3883 2985">
    <p class='ocr_par' dir='ltr' id='par_1_62' title="bbox 2299 2911 3883 2985">
     <span class='ocr_line' id='line_1_62' title="bbox 2299 2911 3883 2985; baseline 0.003 -20"><span class='ocrx_word' id='word_1_473' title='bbox 2299 2911 2507 2966; x_wconf 90' lang='lat' dir='ltr'><strong>scendit</strong></span> <span class='ocrx_word' id='word_1_474' title='bbox 2536 2912 2857 2967; x_wconf 90' lang='lat' dir='ltr'><strong>incendium.</strong></span> <span class='ocrx_word' id='word_1_475' title='bbox 2888 2913 2955 2969; x_wconf 88' lang='lat' dir='ltr'><strong>Et</strong></span> <span class='ocrx_word' id='word_1_476' title='bbox 2982 2930 3100 2969; x_wconf 91' lang='lat' dir='ltr'><strong>cum</strong></span> <span class='ocrx_word' id='word_1_477' title='bbox 3130 2930 3251 2970; x_wconf 90' lang='lat' dir='ltr'><strong>eum</strong></span> <span class='ocrx_word' id='word_1_478' title='bbox 3278 2914 3489 2971; x_wconf 70' lang='lat' dir='ltr'><strong>Iezabel</strong></span> <span class='ocrx_word' id='word_1_479' title='bbox 3511 2917 3696 2985; x_wconf 82' lang='lat' dir='ltr'><strong>regina</strong></span> <span class='ocrx_word' id='word_1_480' title='bbox 3728 2917 3883 2970; x_wconf 73' lang='lat' dir='ltr'><strong>vellet</strong></span> 
     </span>
    </p>
   </div>
   <div class='ocr_carea' id='block_1_63' title="bbox 2299 3002 3881 3077">
    <p class='ocr_par' dir='ltr' id='par_1_63' title="bbox 2299 3002 3881 3077">
     <span class='ocr_line' id='line_1_63' title="bbox 2299 3002 3881 3077; baseline 0.001 -19"><span class='ocrx_word' id='word_1_481' title='bbox 2299 3002 2569 3069; x_wconf 87' lang='lat' dir='ltr'><strong>occidere,</strong></span> <span class='ocrx_word' id='word_1_482' title='bbox 2600 3012 2653 3058; x_wconf 94' lang='lat' dir='ltr'><strong>et</strong></span> <span class='ocrx_word' id='word_1_483' title='bbox 2680 3003 2842 3077; x_wconf 66' lang='grc'><strong>452</strong></span> <span class='ocrx_word' id='word_1_484' title='bbox 2865 3005 3034 3061; x_wconf 80' lang='lat' dir='ltr'><strong>fessus</strong></span> <span class='ocrx_word' id='word_1_485' title='bbox 3062 3008 3160 3061; x_wconf 91' lang='lat' dir='ltr'><strong>sub</strong></span> <span class='ocrx_word' id='word_1_486' title='bbox 3189 3008 3381 3062; x_wconf 88' lang='lat' dir='ltr'><strong>arbore</strong></span> <span class='ocrx_word' id='word_1_487' title='bbox 3407 3005 3661 3062; x_wconf 74' lang='lat' dir='ltr'><strong>frondosa</strong></span> <span class='ocrx_word' id='word_1_488' title='bbox 3680 3008 3881 3077; x_wconf 84' lang='lat' dir='ltr'><strong>jaccrct</strong></span> 
     </span>
    </p>
   </div>
   <div class='ocr_carea' id='block_1_64' title="bbox 2299 3090 3879 3164">
    <p class='ocr_par' dir='ltr' id='par_1_64' title="bbox 2299 3090 3879 3164">
     <span class='ocr_line' id='line_1_64' title="bbox 2299 3090 3879 3164; baseline 0.004 -17"><span class='ocrx_word' id='word_1_489' title='bbox 2299 3090 2353 3147; x_wconf 92' lang='lat' dir='ltr'><strong>in</strong></span> <span class='ocrx_word' id='word_1_490' title='bbox 2375 3093 2682 3160; x_wconf 88' lang='lat' dir='ltr'><strong>solitudine,</strong></span> <span class='ocrx_word' id='word_1_491' title='bbox 2714 3095 2934 3163; x_wconf 89' lang='lat' dir='ltr'><strong>angelus</strong></span> <span class='ocrx_word' id='word_1_492' title='bbox 2979 3096 3045 3149; x_wconf 92' lang='lat' dir='ltr'><strong>ad</strong></span> <span class='ocrx_word' id='word_1_493' title='bbox 3087 3111 3211 3151; x_wconf 91' lang='lat' dir='ltr'><strong>eum</strong></span> <span class='ocrx_word' id='word_1_494' title='bbox 3251 3098 3498 3164; x_wconf 86' lang='lat' dir='ltr'><strong>mittitur,</strong></span> <span class='ocrx_word' id='word_1_495' title='bbox 3531 3106 3586 3152; x_wconf 91' lang='lat' dir='ltr'><strong>et</strong></span> <span class='ocrx_word' id='word_1_496' title='bbox 3623 3098 3755 3152; x_wconf 88' lang='lat' dir='ltr'><strong>dicit</strong></span> <span class='ocrx_word' id='word_1_497' title='bbox 3788 3098 3879 3153; x_wconf 87' lang='lat' dir='ltr'><strong>ei:</strong></span> 
     </span>
    </p>
   </div>
   <div class='ocr_carea' id='block_1_65' title="bbox 2300 3183 3880 3260">
    <p class='ocr_par' dir='ltr' id='par_1_65' title="bbox 2300 3183 3880 3260">
     <span class='ocr_line' id='line_1_65' title="bbox 2300 3183 3880 3260; baseline 0.003 -21"><span class='ocrx_word' id='word_1_498' title='bbox 2300 3183 2460 3239; x_wconf 86' lang='lat' dir='ltr'><strong>Sume</strong></span> <span class='ocrx_word' id='word_1_499' title='bbox 2485 3185 2751 3255; x_wconf 84' lang='lat' dir='ltr'><strong>paululum</strong></span> <span class='ocrx_word' id='word_1_500' title='bbox 2778 3188 2930 3257; x_wconf 83' lang='lat' dir='ltr'><strong>panis</strong></span> <span class='ocrx_word' id='word_1_501' title='bbox 2970 3196 3019 3241; x_wconf 82' lang='lat' dir='ltr'><strong>et</strong></span> <span class='ocrx_word' id='word_1_502' title='bbox 3047 3204 3194 3259; x_wconf 66' lang='lat' dir='ltr'><strong>aqua</strong></span> <span class='ocrx_word' id='word_1_503' title='bbox 3216 3187 3338 3259; x_wconf 89' lang='lat' dir='ltr'><strong><em>(III</em></strong></span> <span class='ocrx_word' id='word_1_504' title='bbox 3368 3187 3493 3260; x_wconf 80' lang='lat' dir='ltr'><strong>Reg.</strong></span> <span class='ocrx_word' id='word_1_505' title='bbox 3526 3188 3661 3257; x_wconf 73' lang='grc' dir='ltr'>ιιι).</span> <span class='ocrx_word' id='word_1_506' title='bbox 3693 3189 3880 3244; x_wconf 75' lang='lat' dir='ltr'><strong>Videte</strong></span> 
     </span>
    </p>
   </div>
   <div class='ocr_carea' id='block_1_66' title="bbox 2299 3277 3874 3350">
    <p class='ocr_par' dir='ltr' id='par_1_66' title="bbox 2299 3277 3874 3350">
     <span class='ocr_line' id='line_1_66' title="bbox 2299 3277 3874 3350; baseline 0.003 -20"><span class='ocrx_word' id='word_1_507' title='bbox 2299 3283 2500 3344; x_wconf 89' lang='lat' dir='ltr'><strong>quanta</strong></span> <span class='ocrx_word' id='word_1_508' title='bbox 2540 3277 2610 3330; x_wconf 92' lang='lat' dir='ltr'><strong>sit</strong></span> <span class='ocrx_word' id='word_1_509' title='bbox 2648 3277 2741 3331; x_wconf 88' lang='lat' dir='ltr'><strong>Dei</strong></span> <span class='ocrx_word' id='word_1_510' title='bbox 2775 3278 3058 3333; x_wconf 89' lang='lat' dir='ltr'><strong>clementia</strong></span> <span class='ocrx_word' id='word_1_511' title='bbox 3090 3294 3217 3349; x_wconf 88' lang='lat' dir='ltr'><strong>erga</strong></span> <span class='ocrx_word' id='word_1_512' title='bbox 3241 3280 3567 3350; x_wconf 89' lang='lat' dir='ltr'><strong>jejunantes,</strong></span> <span class='ocrx_word' id='word_1_513' title='bbox 3596 3282 3874 3336; x_wconf 89' lang='lat' dir='ltr'><strong>carissimi.</strong></span> 
     </span>
    </p>
   </div>
   <div class='ocr_carea' id='block_1_67' title="bbox 2298 3363 3877 3439">
    <p class='ocr_par' dir='ltr' id='par_1_67' title="bbox 2298 3363 3877 3439">
     <span class='ocr_line' id='line_1_67' title="bbox 2298 3363 3877 3439; baseline 0.005 -20"><span class='ocrx_word' id='word_1_514' title='bbox 2298 3363 2417 3420; x_wconf 89' lang='lat' dir='ltr'><strong>Non</strong></span> <span class='ocrx_word' id='word_1_515' title='bbox 2443 3363 2740 3422; x_wconf 80' lang='lat' dir='ltr'><strong>sufﬁciebat</strong></span> <span class='ocrx_word' id='word_1_516' title='bbox 2761 3368 2885 3437; x_wconf 91' lang='lat' dir='ltr'><strong>quia</strong></span> <span class='ocrx_word' id='word_1_517' title='bbox 2907 3369 3154 3437; x_wconf 79' lang='lat' dir='ltr'><strong>angelum</strong></span> <span class='ocrx_word' id='word_1_518' title='bbox 3182 3369 3249 3425; x_wconf 91' lang='lat' dir='ltr'><strong>ad</strong></span> <span class='ocrx_word' id='word_1_519' title='bbox 3270 3370 3601 3439; x_wconf 80' lang='lat' dir='ltr'><strong>jejunantem</strong></span> <span class='ocrx_word' id='word_1_520' title='bbox 3622 3370 3877 3427; x_wconf 89' lang='lat' dir='ltr'><strong>Dominus</strong></span> 
     </span>
    </p>
   </div>
   <div class='ocr_carea' id='block_1_68' title="bbox 2299 3456 3875 3530">
    <p class='ocr_par' dir='ltr' id='par_1_68' title="bbox 2299 3456 3875 3530">
     <span class='ocr_line' id='line_1_68' title="bbox 2299 3456 3875 3530; baseline 0.004 -20"><span class='ocrx_word' id='word_1_521' title='bbox 2299 3456 2520 3512; x_wconf 87' lang='lat' dir='ltr'><strong>miserat</strong></span> <span class='ocrx_word' id='word_1_522' title='bbox 2554 3458 2644 3526; x_wconf 90' lang='lat' dir='ltr'><strong>qui</strong></span> <span class='ocrx_word' id='word_1_523' title='bbox 2683 3473 2807 3513; x_wconf 87' lang='lat' dir='ltr'><strong>cum</strong></span> <span class='ocrx_word' id='word_1_524' title='bbox 2855 3466 2914 3512; x_wconf 91' lang='lat' dir='ltr'><strong>ut</strong></span> <span class='ocrx_word' id='word_1_525' title='bbox 2959 3460 3136 3514; x_wconf 88' lang='lat' dir='ltr'><strong>cibum</strong></span> <span class='ocrx_word' id='word_1_526' title='bbox 3181 3472 3419 3515; x_wconf 86' lang='lat' dir='ltr'><strong>sumeret</strong></span> <span class='ocrx_word' id='word_1_527' title='bbox 3449 3460 3470 3497; x_wconf 70' lang='grc' dir='ltr'>ιι</span> <span class='ocrx_word' id='word_1_528' title='bbox 3496 3460 3735 3530; x_wconf 76' lang='lat' dir='ltr'><strong>iuberet,</strong></span> <span class='ocrx_word' id='word_1_529' title='bbox 3786 3461 3875 3516; x_wconf 88' lang='lat' dir='ltr'><strong>sed</strong></span> 
     </span>
    </p>
   </div>
   <div class='ocr_carea' id='block_1_69' title="bbox 2297 3548 3873 3622">
    <p class='ocr_par' dir='ltr' id='par_1_69' title="bbox 2297 3548 3873 3622">
     <span class='ocr_line' id='line_1_69' title="bbox 2297 3548 3873 3622; baseline 0.003 -20"><span class='ocrx_word' id='word_1_530' title='bbox 2297 3548 2460 3603; x_wconf 90' lang='lat' dir='ltr'><strong>etiam</strong></span> <span class='ocrx_word' id='word_1_531' title='bbox 2488 3549 2739 3619; x_wconf 57' lang='lat' dir='ltr'><strong>praecepit</strong></span> <span class='ocrx_word' id='word_1_532' title='bbox 2783 3560 2842 3604; x_wconf 87' lang='lat' dir='ltr'><strong>ut</strong></span> <span class='ocrx_word' id='word_1_533' title='bbox 2888 3550 3096 3620; x_wconf 86' lang='lat' dir='ltr'><strong>longius</strong></span> <span class='ocrx_word' id='word_1_534' title='bbox 3133 3549 3302 3620; x_wconf 75' lang='lat' dir='ltr'><strong>fugiat</strong></span> <span class='ocrx_word' id='word_1_535' title='bbox 3328 3561 3762 3622; x_wconf 87' lang='lat' dir='ltr'><strong>persequentem.</strong></span> <span class='ocrx_word' id='word_1_536' title='bbox 3792 3554 3873 3608; x_wconf 80' lang='lat' dir='ltr'><strong>Ait</strong></span> 
     </span>
    </p>
   </div>
   <div class='ocr_carea' id='block_1_70' title="bbox 2297 3639 3872 3716">
    <p class='ocr_par' dir='ltr' id='par_1_70' title="bbox 2297 3639 3872 3716">
     <span class='ocr_line' id='line_1_70' title="bbox 2297 3639 3872 3716; baseline 0.003 -22"><span class='ocrx_word' id='word_1_537' title='bbox 2297 3654 2426 3708; x_wconf 86' lang='lat' dir='ltr'><strong>ergo</strong></span> <span class='ocrx_word' id='word_1_538' title='bbox 2459 3657 2473 3693; x_wconf 91' lang='lat'><strong>:</strong></span> <span class='ocrx_word' id='word_1_539' title='bbox 2502 3639 2665 3698; x_wconf 85' lang='lat' dir='ltr'><strong>Sume</strong></span> <span class='ocrx_word' id='word_1_540' title='bbox 2710 3642 2976 3712; x_wconf 80' lang='lat' dir='ltr'><strong>paululum</strong></span> <span class='ocrx_word' id='word_1_541' title='bbox 3019 3646 3172 3713; x_wconf 86' lang='lat' dir='ltr'><strong>panis</strong></span> <span class='ocrx_word' id='word_1_542' title='bbox 3215 3654 3265 3698; x_wconf 85' lang='lat' dir='ltr'><strong>et</strong></span> <span class='ocrx_word' id='word_1_543' title='bbox 3309 3660 3474 3716; x_wconf 66' lang='lat' dir='ltr'><strong>aqua.</strong></span> <span class='ocrx_word' id='word_1_544' title='bbox 3516 3644 3872 3713; x_wconf 81' lang='lat' dir='ltr'><strong>Quadraginta</strong></span> 
     </span>
    </p>
   </div>
   <div class='ocr_carea' id='block_1_71' title="bbox 2297 3731 3868 3807">
    <p class='ocr_par' dir='ltr' id='par_1_71' title="bbox 2297 3731 3868 3807">
     <span class='ocr_line' id='line_1_71' title="bbox 2297 3731 3868 3807; baseline 0.003 -22"><span class='ocrx_word' id='word_1_545' title='bbox 2297 3732 2440 3786; x_wconf 91' lang='lat' dir='ltr'><strong>enim</strong></span> <span class='ocrx_word' id='word_1_546' title='bbox 2467 3731 2673 3787; x_wconf 88' lang='lat' dir='ltr'><strong>dierum</strong></span> <span class='ocrx_word' id='word_1_547' title='bbox 2708 3732 2915 3802; x_wconf 82' lang='lat' dir='ltr'><strong>jejunio</strong></span> <span class='ocrx_word' id='word_1_548' title='bbox 2953 3744 3296 3806; x_wconf 88' lang='lat' dir='ltr'><strong>perrecturus</strong></span> <span class='ocrx_word' id='word_1_549' title='bbox 3325 3744 3445 3791; x_wconf 90' lang='lat' dir='ltr'><strong>erat</strong></span> <span class='ocrx_word' id='word_1_550' title='bbox 3478 3752 3578 3807; x_wconf 88' lang='lat' dir='ltr'><strong>per</strong></span> <span class='ocrx_word' id='word_1_551' title='bbox 3603 3737 3868 3792; x_wconf 89' lang='lat' dir='ltr'><strong>desertum</strong></span> 
     </span>
    </p>
   </div>
   <div class='ocr_carea' id='block_1_72' title="bbox 2297 3824 3871 3900">
    <p class='ocr_par' dir='ltr' id='par_1_72' title="bbox 2297 3824 3871 3900">
     <span class='ocr_line' id='line_1_72' title="bbox 2297 3824 3871 3900; baseline 0.004 -22"><span class='ocrx_word' id='word_1_552' title='bbox 2297 3838 2465 3892; x_wconf 86' lang='lat' dir='ltr'><strong>usque</strong></span> <span class='ocrx_word' id='word_1_553' title='bbox 2494 3824 2560 3879; x_wconf 90' lang='lat' dir='ltr'><strong>ad</strong></span> <span class='ocrx_word' id='word_1_554' title='bbox 2588 3834 2825 3881; x_wconf 89' lang='lat' dir='ltr'><strong>montem</strong></span> <span class='ocrx_word' id='word_1_555' title='bbox 2853 3826 3000 3881; x_wconf 89' lang='lat' dir='ltr'><strong>Sina.</strong></span> <span class='ocrx_word' id='word_1_556' title='bbox 3032 3827 3280 3899; x_wconf 84' lang='lat' dir='ltr'><strong>Nunquid</strong></span> <span class='ocrx_word' id='word_1_557' title='bbox 3304 3829 3449 3884; x_wconf 92' lang='lat' dir='ltr'><strong>enim</strong></span> <span class='ocrx_word' id='word_1_558' title='bbox 3477 3829 3753 3895; x_wconf 86' lang='lat' dir='ltr'><strong>Dominus,</strong></span> <span class='ocrx_word' id='word_1_559' title='bbox 3782 3829 3871 3900; x_wconf 88' lang='lat' dir='ltr'><strong>qui</strong></span> 
     </span>
    </p>
   </div>
   <div class='ocr_carea' id='block_1_73' title="bbox 2296 3914 3867 3987">
    <p class='ocr_par' dir='ltr' id='par_1_73' title="bbox 2296 3914 3867 3987">
     <span class='ocr_line' id='line_1_73' title="bbox 2296 3914 3867 3987; baseline 0.004 -19"><span class='ocrx_word' id='word_1_560' title='bbox 2296 3914 2488 3968; x_wconf 70' lang='lat' dir='ltr'><strong>omium</strong></span> <span class='ocrx_word' id='word_1_561' title='bbox 2517 3922 2572 3969; x_wconf 89' lang='lat' dir='ltr'><strong>et</strong></span> <span class='ocrx_word' id='word_1_562' title='bbox 2619 3915 2632 3953; x_wconf 85' lang='grc' dir='ltr'><strong>ι</strong></span> <span class='ocrx_word' id='word_1_563' title='bbox 2684 3924 2853 3971; x_wconf 85' lang='lat' dir='ltr'><strong>terras</strong></span> <span class='ocrx_word' id='word_1_564' title='bbox 2888 3915 3034 3985; x_wconf 85' lang='lat' dir='ltr'><strong>fecit,</strong></span> <span class='ocrx_word' id='word_1_565' title='bbox 3073 3919 3227 3987; x_wconf 86' lang='lat' dir='ltr'><strong>cujus</strong></span> <span class='ocrx_word' id='word_1_566' title='bbox 3266 3920 3440 3975; x_wconf 89' lang='lat' dir='ltr'><strong>omnis</strong></span> <span class='ocrx_word' id='word_1_567' title='bbox 3478 3928 3562 3975; x_wconf 87' lang='lat' dir='ltr'><strong>est</strong></span> <span class='ocrx_word' id='word_1_568' title='bbox 3606 3928 3867 3985; x_wconf 89' lang='lat' dir='ltr'><strong>creatura,</strong></span> 
     </span>
    </p>
   </div>
   <div class='ocr_carea' id='block_1_74' title="bbox 2297 4006 3863 4080">
    <p class='ocr_par' dir='ltr' id='par_1_74' title="bbox 2297 4006 3863 4080">
     <span class='ocr_line' id='line_1_74' title="bbox 2297 4006 3863 4080; baseline 0.004 -23"><span class='ocrx_word' id='word_1_569' title='bbox 2297 4019 2404 4058; x_wconf 92' lang='lat' dir='ltr'><strong>non</strong></span> <span class='ocrx_word' id='word_1_570' title='bbox 2435 4006 2609 4075; x_wconf 89' lang='lat' dir='ltr'><strong>potuit</strong></span> <span class='ocrx_word' id='word_1_571' title='bbox 2637 4007 2687 4060; x_wconf 91' lang='lat' dir='ltr'><strong>in</strong></span> <span class='ocrx_word' id='word_1_572' title='bbox 2717 4020 2900 4062; x_wconf 91' lang='lat' dir='ltr'><strong>eremo</strong></span> <span class='ocrx_word' id='word_1_573' title='bbox 2928 4022 3024 4077; x_wconf 89' lang='lat' dir='ltr'><strong>per</strong></span> <span class='ocrx_word' id='word_1_574' title='bbox 3050 4009 3295 4077; x_wconf 88' lang='lat' dir='ltr'><strong>angelum</strong></span> <span class='ocrx_word' id='word_1_575' title='bbox 3331 4011 3611 4080; x_wconf 88' lang='lat' dir='ltr'><strong>prandium</strong></span> <span class='ocrx_word' id='word_1_576' title='bbox 3637 4012 3863 4073; x_wconf 88' lang='lat' dir='ltr'><strong>mittere,</strong></span> 
     </span>
    </p>
   </div>
   <div class='ocr_carea' id='block_1_75' title="bbox 612 4088 3866 4172">
    <p class='ocr_par' dir='ltr' id='par_1_75' title="bbox 612 4088 3866 4172">
     <span class='ocr_line' id='line_1_75' title="bbox 612 4088 3866 4172; baseline 0.004 -28"><span class='ocrx_word' id='word_1_577' title='bbox 612 4089 720 4144; x_wconf 90' lang='lat' dir='ltr'><strong>Sed</strong></span> <span class='ocrx_word' id='word_1_578' title='bbox 745 4089 871 4158; x_wconf 90' lang='lat' dir='ltr'><strong>quid</strong></span> <span class='ocrx_word' id='word_1_579' title='bbox 900 4088 967 4143; x_wconf 91' lang='lat' dir='ltr'><strong>de</strong></span> <span class='ocrx_word' id='word_1_580' title='bbox 993 4088 1176 4159; x_wconf 81' lang='lat' dir='ltr'><strong>Moyse</strong></span> <span class='ocrx_word' id='word_1_581' title='bbox 1203 4096 1256 4143; x_wconf 91' lang='lat' dir='ltr'><strong>et</strong></span> <span class='ocrx_word' id='word_1_582' title='bbox 1284 4089 1573 4146; x_wconf 83' lang='lat' dir='ltr'><strong>lsraelitica</strong></span> <span class='ocrx_word' id='word_1_583' title='bbox 1602 4093 1938 4150; x_wconf 88' lang='lat' dir='ltr'><strong>multitudine</strong></span> <span class='ocrx_word' id='word_1_584' title='bbox 1967 4096 2191 4166; x_wconf 79' lang='lat' dir='ltr'><strong>loquar?</strong></span> <span class='ocrx_word' id='word_1_585' title='bbox 2219 4099 2264 4163; x_wconf 86' lang='lat' dir='ltr'><strong><em>C</em></strong></span> <span class='ocrx_word' id='word_1_586' title='bbox 2294 4096 2430 4150; x_wconf 88' lang='lat' dir='ltr'><strong>sicut</strong></span> <span class='ocrx_word' id='word_1_587' title='bbox 2475 4096 2680 4151; x_wconf 89' lang='lat' dir='ltr'><strong>Danieli</strong></span> <span class='ocrx_word' id='word_1_588' title='bbox 2727 4097 2781 4152; x_wconf 92' lang='lat' dir='ltr'><strong>in</strong></span> <span class='ocrx_word' id='word_1_589' title='bbox 2826 4098 3000 4153; x_wconf 89' lang='lat' dir='ltr'><strong>lacum</strong></span> <span class='ocrx_word' id='word_1_590' title='bbox 3042 4100 3256 4155; x_wconf 88' lang='lat' dir='ltr'><strong>leonum</strong></span> <span class='ocrx_word' id='word_1_591' title='bbox 3290 4118 3387 4172; x_wconf 88' lang='lat' dir='ltr'><strong>per</strong></span> <span class='ocrx_word' id='word_1_592' title='bbox 3415 4101 3669 4159; x_wconf 83' lang='lat' dir='ltr'><strong>Abbacuc</strong></span> <span class='ocrx_word' id='word_1_593' title='bbox 3694 4102 3866 4157; x_wconf 74' lang='lat' dir='ltr'><strong>misit?</strong></span> 
     </span>
    </p>
   </div>
   <div class='ocr_carea' id='block_1_76' title="bbox 612 4179 2189 4258">
    <p class='ocr_par' dir='ltr' id='par_1_76' title="bbox 612 4179 2189 4258">
     <span class='ocr_line' id='line_1_76' title="bbox 612 4179 2189 4258; baseline 0.006 -23"><span class='ocrx_word' id='word_1_594' title='bbox 612 4179 867 4251; x_wconf 85' lang='lat' dir='ltr'><strong>Princeps</strong></span> <span class='ocrx_word' id='word_1_595' title='bbox 890 4182 978 4236; x_wconf 91' lang='lat' dir='ltr'><strong>ille</strong></span> <span class='ocrx_word' id='word_1_596' title='bbox 1000 4182 1220 4236; x_wconf 89' lang='lat' dir='ltr'><strong>humani</strong></span> <span class='ocrx_word' id='word_1_597' title='bbox 1257 4184 1469 4250; x_wconf 88' lang='lat' dir='ltr'><strong>generis</strong></span> <span class='ocrx_word' id='word_1_598' title='bbox 1507 4183 1677 4240; x_wconf 83' lang='lat' dir='ltr'><strong>Adam</strong></span> <span class='ocrx_word' id='word_1_599' title='bbox 1707 4184 1859 4257; x_wconf 83' lang='lat' dir='ltr'><strong>(Gen.</strong></span> <span class='ocrx_word' id='word_1_600' title='bbox 1891 4192 1991 4257; x_wconf 85' lang='grc' dir='ltr'>ιιι),</span> <span class='ocrx_word' id='word_1_601' title='bbox 2015 4204 2189 4258; x_wconf 84' lang='lat' dir='ltr'><strong>quan-</strong></span> 
     </span>
    </p>
   </div>
   <div class='ocr_carea' id='block_1_77' title="bbox 609 4270 2188 4350">
    <p class='ocr_par' dir='ltr' id='par_1_77' title="bbox 609 4270 2188 4350">
     <span class='ocr_line' id='line_1_77' title="bbox 609 4270 2188 4350; baseline 0.006 -25"><span class='ocrx_word' id='word_1_602' title='bbox 609 4270 698 4325; x_wconf 92' lang='lat' dir='ltr'><strong>diu</strong></span> <span class='ocrx_word' id='word_1_603' title='bbox 724 4270 1005 4340; x_wconf 87' lang='lat' dir='ltr'><strong>jejunavit,</strong></span> <span class='ocrx_word' id='word_1_604' title='bbox 1036 4281 1062 4320; x_wconf 75' lang='lat'><strong>8</strong></span> <span class='ocrx_word' id='word_1_605' title='bbox 1094 4272 1302 4328; x_wconf 90' lang='lat' dir='ltr'><strong>Domini</strong></span> <span class='ocrx_word' id='word_1_606' title='bbox 1345 4288 1568 4329; x_wconf 87' lang='lat' dir='ltr'><strong>servans</strong></span> <span class='ocrx_word' id='word_1_607' title='bbox 1606 4276 1913 4331; x_wconf 90' lang='lat' dir='ltr'><strong>mandatum</strong></span> <span class='ocrx_word' id='word_1_608' title='bbox 1942 4279 1994 4333; x_wconf 90' lang='lat' dir='ltr'><strong>in</strong></span> <span class='ocrx_word' id='word_1_609' title='bbox 2027 4295 2188 4350; x_wconf 87' lang='lat' dir='ltr'><strong>para-</strong></span> 
     </span>
    </p>
   </div>
   <div class='ocr_carea' id='block_1_78' title="bbox 607 4358 2185 4439">
    <p class='ocr_par' dir='ltr' id='par_1_78' title="bbox 607 4358 2185 4439">
     <span class='ocr_line' id='line_1_78' title="bbox 607 4358 2185 4439; baseline 0.009 -26"><span class='ocrx_word' id='word_1_610' title='bbox 607 4359 725 4414; x_wconf 90' lang='lat' dir='ltr'><strong>diso</strong></span> <span class='ocrx_word' id='word_1_611' title='bbox 746 4359 871 4423; x_wconf 69' lang='lat' dir='ltr'><strong>fuit.</strong></span> <span class='ocrx_word' id='word_1_612' title='bbox 905 4358 1003 4415; x_wconf 87' lang='lat' dir='ltr'><strong>Ubi</strong></span> <span class='ocrx_word' id='word_1_613' title='bbox 1035 4377 1162 4417; x_wconf 90' lang='lat' dir='ltr'><strong>vero</strong></span> <span class='ocrx_word' id='word_1_614' title='bbox 1191 4363 1443 4429; x_wconf 90' lang='lat' dir='ltr'><strong>comedit,</strong></span> <span class='ocrx_word' id='word_1_615' title='bbox 1476 4363 1677 4433; x_wconf 89' lang='lat' dir='ltr'><strong>ejectus</strong></span> <span class='ocrx_word' id='word_1_616' title='bbox 1707 4374 1788 4421; x_wconf 90' lang='lat' dir='ltr'><strong>est</strong></span> <span class='ocrx_word' id='word_1_617' title='bbox 1816 4364 1883 4422; x_wconf 89' lang='lat' dir='ltr'><strong>de</strong></span> <span class='ocrx_word' id='word_1_618' title='bbox 1903 4371 2185 4439; x_wconf 89' lang='lat' dir='ltr'><strong>paradiso;</strong></span> 
     </span>
    </p>
   </div>
   <div class='ocr_carea' id='block_1_79' title="bbox 607 4447 2187 4529">
    <p class='ocr_par' dir='ltr' id='par_1_79' title="bbox 607 4447 2187 4529">
     <span class='ocr_line' id='line_1_79' title="bbox 607 4447 2187 4529; baseline 0.009 -27"><span class='ocrx_word' id='word_1_619' title='bbox 607 4455 662 4503; x_wconf 90' lang='lat' dir='ltr'><strong>et</strong></span> <span class='ocrx_word' id='word_1_620' title='bbox 681 4447 772 4517; x_wconf 92' lang='lat' dir='ltr'><strong>qui</strong></span> <span class='ocrx_word' id='word_1_621' title='bbox 794 4448 846 4501; x_wconf 94' lang='lat' dir='ltr'><strong>in</strong></span> <span class='ocrx_word' id='word_1_622' title='bbox 869 4450 1115 4518; x_wconf 89' lang='lat' dir='ltr'><strong>paradiso</strong></span> <span class='ocrx_word' id='word_1_623' title='bbox 1137 4450 1232 4505; x_wconf 89' lang='lat' dir='ltr'><strong>Dei</strong></span> <span class='ocrx_word' id='word_1_624' title='bbox 1254 4451 1403 4519; x_wconf 80' lang='lat' dir='ltr'><strong>virgo</strong></span> <span class='ocrx_word' id='word_1_625' title='bbox 1424 4452 1615 4520; x_wconf 83' lang='lat' dir='ltr'><strong>fuerat,</strong></span> <span class='ocrx_word' id='word_1_626' title='bbox 1639 4455 1842 4524; x_wconf 88' lang='lat' dir='ltr'><strong>ejectus</strong></span> <span class='ocrx_word' id='word_1_627' title='bbox 1855 4458 1921 4514; x_wconf 91' lang='lat' dir='ltr'><strong>de</strong></span> <span class='ocrx_word' id='word_1_628' title='bbox 1941 4460 2187 4529; x_wconf 88' lang='lat' dir='ltr'><strong>paradiso</strong></span> 
     </span>
    </p>
   </div>
   <div class='ocr_carea' id='block_1_80' title="bbox 606 4540 2187 4611">
    <p class='ocr_par' dir='ltr' id='par_1_80' title="bbox 606 4540 2187 4611">
     <span class='ocr_line' id='line_1_80' title="bbox 606 4540 2187 4611; baseline 0.006 -15"><span class='ocrx_word' id='word_1_629' title='bbox 606 4541 859 4609; x_wconf 88' lang='lat' dir='ltr'><strong>cognovit</strong></span> <span class='ocrx_word' id='word_1_630' title='bbox 886 4556 1129 4595; x_wconf 79' lang='lat' dir='ltr'><strong>uxorem.</strong></span> <span class='ocrx_word' id='word_1_631' title='bbox 1175 4540 1400 4611; x_wconf 89' lang='lat' dir='ltr'><strong>Semper</strong></span> <span class='ocrx_word' id='word_1_632' title='bbox 1422 4543 1563 4597; x_wconf 91' lang='lat' dir='ltr'><strong>enim</strong></span> <span class='ocrx_word' id='word_1_633' title='bbox 1584 4543 1769 4611; x_wconf 89' lang='lat' dir='ltr'><strong>juncta</strong></span> <span class='ocrx_word' id='word_1_634' title='bbox 1800 4555 1884 4600; x_wconf 90' lang='lat' dir='ltr'><strong>est</strong></span> <span class='ocrx_word' id='word_1_635' title='bbox 1920 4550 2187 4606; x_wconf 86' lang='lat' dir='ltr'><strong>saturitati</strong></span> 
     </span>
    </p>
   </div>
   <div class='ocr_carea' id='block_1_81' title="bbox 608 4629 2183 4707">
    <p class='ocr_par' dir='ltr' id='par_1_81' title="bbox 608 4629 2183 4707">
     <span class='ocr_line' id='line_1_81' title="bbox 608 4629 2183 4707; baseline 0.007 -22"><span class='ocrx_word' id='word_1_636' title='bbox 608 4629 633 4668; x_wconf 74' lang='grc' dir='ltr'><strong>ιι</strong></span> <span class='ocrx_word' id='word_1_637' title='bbox 659 4631 887 4686; x_wconf 82' lang='lat' dir='ltr'><strong>luxuria.</strong></span> <span class='ocrx_word' id='word_1_638' title='bbox 918 4629 1089 4700; x_wconf 86' lang='lat' dir='ltr'><strong>Ejecit</strong></span> <span class='ocrx_word' id='word_1_639' title='bbox 1115 4643 1244 4698; x_wconf 89' lang='lat' dir='ltr'><strong>ergo</strong></span> <span class='ocrx_word' id='word_1_640' title='bbox 1270 4647 1367 4687; x_wconf 92' lang='lat' dir='ltr'><strong>nos</strong></span> <span class='ocrx_word' id='word_1_641' title='bbox 1395 4632 1461 4688; x_wconf 89' lang='lat' dir='ltr'><strong>de</strong></span> <span class='ocrx_word' id='word_1_642' title='bbox 1490 4635 1738 4703; x_wconf 87' lang='lat' dir='ltr'><strong>paradiso</strong></span> <span class='ocrx_word' id='word_1_643' title='bbox 1766 4637 1936 4707; x_wconf 89' lang='lat' dir='ltr'><strong>cibus,</strong></span> <span class='ocrx_word' id='word_1_644' title='bbox 1964 4639 2183 4696; x_wconf 89' lang='lat' dir='ltr'><strong>reducat</strong></span> 
     </span>
    </p>
   </div>
   <div class='ocr_carea' id='block_1_82' title="bbox 605 4715 2187 4802">
    <p class='ocr_par' dir='ltr' id='par_1_82' title="bbox 605 4715 2187 4802">
     <span class='ocr_line' id='line_1_82' title="bbox 605 4715 2187 4802; baseline 0.007 -26"><span class='ocrx_word' id='word_1_645' title='bbox 605 4715 827 4787; x_wconf 82' lang='lat' dir='ltr'><strong>esuries,</strong></span> <span class='ocrx_word' id='word_1_646' title='bbox 855 4722 1076 4777; x_wconf 90' lang='lat' dir='ltr'><strong>reducat</strong></span> <span class='ocrx_word' id='word_1_647' title='bbox 1097 4719 1380 4790; x_wconf 89' lang='lat' dir='ltr'><strong>jejunium.</strong></span> <span class='ocrx_word' id='word_1_648' title='bbox 1417 4721 1433 4760; x_wconf 81' lang='grc' dir='ltr'>ί</span> <span class='ocrx_word' id='word_1_649' title='bbox 1468 4723 1707 4780; x_wconf 77' lang='lat' dir='ltr'><strong>Diximus</strong></span> <span class='ocrx_word' id='word_1_650' title='bbox 1734 4727 1860 4796; x_wconf 88' lang='lat' dir='ltr'><strong>quid</strong></span> <span class='ocrx_word' id='word_1_651' title='bbox 1889 4726 1946 4783; x_wconf 92' lang='lat' dir='ltr'><strong>S.</strong></span> <span class='ocrx_word' id='word_1_652' title='bbox 1977 4729 2187 4802; x_wconf 86' lang='lat' dir='ltr'><strong>Moyses</strong></span> 
     </span>
    </p>
   </div>
   <div class='ocr_carea' id='block_1_83' title="bbox 607 4811 2184 4883">
    <p class='ocr_par' dir='ltr' id='par_1_83' title="bbox 607 4811 2184 4883">
     <span class='ocr_line' id='line_1_83' title="bbox 607 4811 2184 4883; baseline 0.007 -18"><span class='ocrx_word' id='word_1_653' title='bbox 607 4813 802 4867; x_wconf 91' lang='lat' dir='ltr'><strong>meruit</strong></span> <span class='ocrx_word' id='word_1_654' title='bbox 846 4811 1158 4883; x_wconf 90' lang='lat' dir='ltr'><strong>jejunando,</strong></span> <span class='ocrx_word' id='word_1_655' title='bbox 1200 4811 1392 4867; x_wconf 87' lang='lat' dir='ltr'><strong>deinde</strong></span> <span class='ocrx_word' id='word_1_656' title='bbox 1434 4821 1489 4868; x_wconf 88' lang='lat' dir='ltr'><strong>et</strong></span> <span class='ocrx_word' id='word_1_657' title='bbox 1527 4824 1751 4871; x_wconf 91' lang='lat' dir='ltr'><strong>cunctos</strong></span> <span class='ocrx_word' id='word_1_658' title='bbox 1789 4818 2082 4875; x_wconf 85' lang='lat' dir='ltr'><strong>videamus.</strong></span> <span class='ocrx_word' id='word_1_659' title='bbox 2124 4819 2184 4876; x_wconf 84' lang='lat' dir='ltr'><strong>S.</strong></span> 
     </span>
    </p>
   </div>
   <div class='ocr_carea' id='block_1_84' title="bbox 607 4898 2186 4973">
    <p class='ocr_par' dir='ltr' id='par_1_84' title="bbox 607 4898 2186 4973">
     <span class='ocr_line' id='line_1_84' title="bbox 607 4898 2186 4973; baseline 0.008 -19"><span class='ocrx_word' id='word_1_660' title='bbox 607 4898 732 4957; x_wconf 78' lang='lat' dir='ltr'><strong>Elia:</strong></span> <span class='ocrx_word' id='word_1_661' title='bbox 768 4903 1034 4973; x_wconf 87' lang='lat' dir='ltr'><strong>jejunanti</strong></span> <span class='ocrx_word' id='word_1_662' title='bbox 1078 4903 1241 4958; x_wconf 89' lang='lat' dir='ltr'><strong>etiam</strong></span> <span class='ocrx_word' id='word_1_663' title='bbox 1285 4903 1552 4958; x_wconf 86' lang='lat' dir='ltr'><strong>elementa</strong></span> <span class='ocrx_word' id='word_1_664' title='bbox 1600 4904 1853 4962; x_wconf 78' lang='lat' dir='ltr'><strong>famulata</strong></span> <span class='ocrx_word' id='word_1_665' title='bbox 1896 4919 2038 4965; x_wconf 83' lang='lat' dir='ltr'><strong>sunt.</strong></span> <span class='ocrx_word' id='word_1_666' title='bbox 2087 4910 2186 4967; x_wconf 86' lang='lat' dir='ltr'><strong>[lic</strong></span> 
     </span>
    </p>
   </div>
   <div class='ocr_carea' id='block_1_85' title="bbox 675 5117 1716 5193">
    <p class='ocr_par' dir='ltr' id='par_1_85' title="bbox 675 5117 1716 5193">
     <span class='ocr_line' id='line_1_85' title="bbox 675 5117 1716 5193; baseline 0.014 -24"><span class='ocrx_word' id='word_1_667' title='bbox 675 5125 700 5193; x_wconf 68' lang='grc' dir='ltr'><strong>ξ’</strong></span> <span class='ocrx_word' id='word_1_668' title='bbox 725 5117 858 5193; x_wconf 65' lang='lat' dir='ltr'><strong>god.</strong></span> <span class='ocrx_word' id='word_1_669' title='bbox 884 5120 1077 5193; x_wconf 53' lang='lat' dir='ltr'><strong>ferus.</strong></span> <span class='ocrx_word' id='word_1_670' title='bbox 1106 5123 1160 5190; x_wconf 75' lang='lat'><strong>2,</strong></span> <span class='ocrx_word' id='word_1_671' title='bbox 1192 5126 1431 5193; x_wconf 76' lang='lat' dir='ltr'><strong>periculis</strong></span> <span class='ocrx_word' id='word_1_672' title='bbox 1459 5144 1716 5183; x_wconf 83' lang='lat' dir='ltr'><strong>evasuros.</strong></span> 
     </span>
    </p>
   </div>
   <div class='ocr_carea' id='block_1_86' title="bbox 672 5184 2181 5279">
    <p class='ocr_par' dir='ltr' id='par_1_86' title="bbox 672 5184 2181 5279">
     <span class='ocr_line' id='line_1_86' title="bbox 672 5184 2181 5279; baseline 0.012 -38"><span class='ocrx_word' id='word_1_673' title='bbox 672 5184 1159 5279; x_wconf 62' lang='lat' dir='ltr'><strong>prbevet.,</strong></span> <span class='ocrx_word' id='word_1_674' title='bbox 1187 5184 1510 5279; x_wconf 59' lang='lat' dir='ltr'><strong>Loqueoatur</strong></span> <span class='ocrx_word' id='word_1_675' title='bbox 1531 5215 1654 5279; x_wconf 62' lang='lat' dir='ltr'><strong>ergo</strong></span> <span class='ocrx_word' id='word_1_676' title='bbox 1681 5199 2070 5279; x_wconf 75' lang='lat' dir='ltr'><strong>opere_Dom_ini</strong></span> <span class='ocrx_word' id='word_1_677' title='bbox 2096 5206 2181 5279; x_wconf 73' lang='lat' dir='ltr'><strong>di-</strong></span> 
     </span>
    </p>
   </div>
   <div class='ocr_carea' id='block_1_87' title="bbox 601 5256 2177 5338">
    <p class='ocr_par' dir='ltr' id='par_1_87' title="bbox 601 5256 2177 5338">
     <span class='ocr_line' id='line_1_87' title="bbox 601 5256 2177 5338; baseline 0.015 -32"><span class='ocrx_word' id='word_1_678' title='bbox 601 5256 762 5338; x_wconf 57' lang='lat' dir='ltr'><strong>centis</strong></span> <span class='ocrx_word' id='word_1_679' title='bbox 793 5271 811 5308; x_wconf 93' lang='lat'><strong><em>:</em></strong></span> <span class='ocrx_word' id='word_1_680' title='bbox 841 5256 903 5311; x_wconf 91' lang='lat' dir='ltr'><strong>Si</strong></span> <span class='ocrx_word' id='word_1_681' title='bbox 923 5261 1048 5338; x_wconf 78' lang='lat' dir='ltr'><strong>mihi</strong></span> <span class='ocrx_word' id='word_1_682' title='bbox 1071 5279 1173 5338; x_wconf 83' lang='lat' dir='ltr'><strong>non</strong></span> <span class='ocrx_word' id='word_1_683' title='bbox 1196 5256 1423 5338; x_wconf 61' lang='lat' dir='ltr'><strong>creditis,</strong></span> <span class='ocrx_word' id='word_1_684' title='bbox 1453 5256 1687 5336; x_wconf 63' lang='lat' dir='ltr'><strong>operibus</strong></span> <span class='ocrx_word' id='word_1_685' title='bbox 1713 5256 1925 5325; x_wconf 64' lang='lat' dir='ltr'><strong>credite.</strong></span> <span class='ocrx_word' id='word_1_686' title='bbox 1957 5256 2177 5330; x_wconf 12' lang='lat' dir='ltr'><strong>Hicvdeﬁ-</strong></span> 
     </span>
    </p>
   </div>
   <div class='ocr_carea' id='block_1_88' title="bbox 600 5330 1995 5395">
    <p class='ocr_par' dir='ltr' id='par_1_88' title="bbox 600 5330 1995 5395">
     <span class='ocr_line' id='line_1_88' title="bbox 600 5330 1995 5395; baseline 0.014 -18"><span class='ocrx_word' id='word_1_687' title='bbox 600 5330 737 5395; x_wconf 76' lang='lat' dir='ltr'><strong>sinit</strong></span> <span class='ocrx_word' id='word_1_688' title='bbox 755 5341 932 5380; x_wconf 87' lang='lat' dir='ltr'><strong>sermo</strong></span> <span class='ocrx_word' id='word_1_689' title='bbox 961 5330 1013 5382; x_wconf 92' lang='lat' dir='ltr'><strong>in</strong></span> <span class='ocrx_word' id='word_1_690' title='bbox 1042 5333 1163 5385; x_wconf 88' lang='lat' dir='ltr'><strong>cod.</strong></span> <span class='ocrx_word' id='word_1_691' title='bbox 1199 5334 1447 5391; x_wconf 86' lang='lat' dir='ltr'><strong>Urbevet.</strong></span> <span class='ocrx_word' id='word_1_692' title='bbox 1481 5330 1537 5391; x_wconf 80' lang='lat' dir='ltr'><strong>et</strong></span> <span class='ocrx_word' id='word_1_693' title='bbox 1572 5338 1624 5390; x_wconf 93' lang='lat' dir='ltr'><strong>in</strong></span> <span class='ocrx_word' id='word_1_694' title='bbox 1654 5340 1775 5393; x_wconf 91' lang='lat' dir='ltr'><strong>cod.</strong></span> <span class='ocrx_word' id='word_1_695' title='bbox 1809 5339 1995 5395; x_wconf 87' lang='lat' dir='ltr'><strong>Venet.</strong></span> 
     </span>
    </p>
   </div>
   <div class='ocr_carea' id='block_1_89' title="bbox 672 5394 2172 5494">
    <p class='ocr_par' dir='ltr' id='par_1_89' title="bbox 672 5394 2172 5494">
     <span class='ocr_line' id='line_1_89' title="bbox 672 5394 2172 5494; baseline 0 0"><span class='ocrx_word' id='word_1_696' title='bbox 672 5394 1154 5494; x_wconf 47' lang='lat' dir='ltr'><strong>aureum.“</strong></span> <span class='ocrx_word' id='word_1_697' title='bbox 1184 5405 1486 5494; x_wconf 54' lang='lat' dir='ltr'><strong>essem</strong></span> <span class='ocrx_word' id='word_1_698' title='bbox 1517 5404 1938 5494; x_wconf 51' lang='lat' dir='ltr'><strong>eameam</strong></span> <span class='ocrx_word' id='word_1_699' title='bbox 1958 5421 2172 5494; x_wconf 66' lang='grc' dir='ltr'><strong>ιεεηρυεε</strong></span> 
     </span>
    </p>
   </div>
   <div class='ocr_carea' id='block_1_90' title="bbox 667 5464 2174 5552">
    <p class='ocr_par' dir='ltr' id='par_1_90' title="bbox 667 5464 2174 5552">
     <span class='ocr_line' id='line_1_90' title="bbox 667 5464 2174 5552; baseline 0.013 -36"><span class='ocrx_word' id='word_1_700' title='bbox 667 5464 694 5552; x_wconf 53' lang='lat' dir='ltr'><strong>ti</strong></span> <span class='ocrx_word' id='word_1_701' title='bbox 742 5464 941 5552; x_wconf 66' lang='lat' dir='ltr'><strong>_Eadem</strong></span> <span class='ocrx_word' id='word_1_702' title='bbox 987 5468 1142 5552; x_wconf 65' lang='lat' dir='ltr'><strong>edit.,</strong></span> <span class='ocrx_word' id='word_1_703' title='bbox 1192 5471 1453 5552; x_wconf 71' lang='lat' dir='ltr'><strong>Quantum</strong></span> <span class='ocrx_word' id='word_1_704' title='bbox 1489 5464 1560 5552; x_wconf 56' lang='lat' dir='ltr'><strong>sit</strong></span> <span class='ocrx_word' id='word_1_705' title='bbox 1602 5464 1947 5552; x_wconf 44' lang='lat' dir='ltr'><strong>ergo&#39;bonum</strong></span> <span class='ocrx_word' id='word_1_706' title='bbox 1985 5464 2174 5552; x_wconf 56' lang='lat' dir='ltr'><strong>jejunii</strong></span> 
     </span>
    </p>
   </div>
   <div class='ocr_carea' id='block_1_91' title="bbox 598 5540 2175 5622">
    <p class='ocr_par' dir='ltr' id='par_1_91' title="bbox 598 5540 2175 5622">
     <span class='ocr_line' id='line_1_91' title="bbox 598 5540 2175 5622; baseline 0.014 -38"><span class='ocrx_word' id='word_1_707' title='bbox 598 5544 940 5622; x_wconf 56' lang='lat' dir='ltr'><strong>quantumque</strong></span> <span class='ocrx_word' id='word_1_708' title='bbox 983 5540 1167 5608; x_wconf 68' lang='lat' dir='ltr'><strong>gratiae</strong></span> <span class='ocrx_word' id='word_1_709' title='bbox 1210 5546 1446 5614; x_wconf 77' lang='lat' dir='ltr'><strong>conferat</strong></span> <span class='ocrx_word' id='word_1_710' title='bbox 1488 5545 1623 5601; x_wconf 79' lang='lat' dir='ltr'><strong>brevi</strong></span> <span class='ocrx_word' id='word_1_711' title='bbox 1658 5540 1899 5604; x_wconf 63' lang='lat' dir='ltr'><strong>sermone</strong></span> <span class='ocrx_word' id='word_1_712' title='bbox 1927 5540 2175 5622; x_wconf 59' lang='lat' dir='ltr'><strong>exeniplis</strong></span> 
     </span>
    </p>
   </div>
   <div class='ocr_carea' id='block_1_92' title="bbox 598 5605 1151 5662">
    <p class='ocr_par' dir='ltr' id='par_1_92' title="bbox 598 5605 1151 5662">
     <span class='ocr_line' id='line_1_92' title="bbox 598 5605 1151 5662; baseline 0.009 -5"><span class='ocrx_word' id='word_1_713' title='bbox 598 5605 789 5659; x_wconf 73' lang='lat' dir='ltr'><strong>additis</strong></span> <span class='ocrx_word' id='word_1_714' title='bbox 818 5605 1151 5662; x_wconf 78' lang='lat' dir='ltr'><strong>disseramus.</strong></span> 
     </span>
    </p>
   </div>
   <div class='ocr_carea' id='block_1_93' title="bbox 672 5673 2172 5762">
    <p class='ocr_par' dir='ltr' id='par_1_93' title="bbox 672 5673 2172 5762">
     <span class='ocr_line' id='line_1_93' title="bbox 672 5673 2172 5762; baseline 0.012 -34"><span class='ocrx_word' id='word_1_715' title='bbox 672 5685 694 5713; x_wconf 77' lang='grc' dir='ltr'><strong>ε</strong></span> <span class='ocrx_word' id='word_1_716' title='bbox 723 5673 923 5733; x_wconf 83' lang='lat' dir='ltr'><strong>Eadem</strong></span> <span class='ocrx_word' id='word_1_717' title='bbox 957 5677 1108 5747; x_wconf 90' lang='lat' dir='ltr'><strong>edit.,</strong></span> <span class='ocrx_word' id='word_1_718' title='bbox 1150 5679 1380 5748; x_wconf 76' lang='lat' dir='ltr'><strong>accipere</strong></span> <span class='ocrx_word' id='word_1_719' title='bbox 1418 5686 1620 5748; x_wconf 83' lang='lat' dir='ltr'><strong>meruit,</strong></span> <span class='ocrx_word' id='word_1_720' title='bbox 1661 5704 1753 5755; x_wconf 84' lang='lat' dir='ltr'><strong>per</strong></span> <span class='ocrx_word' id='word_1_721' title='bbox 1783 5705 1937 5759; x_wconf 73' lang='lat' dir='ltr'><strong>quam</strong></span> <span class='ocrx_word' id='word_1_722' title='bbox 1973 5692 2172 5762; x_wconf 86' lang='lat' dir='ltr'><strong>papulis</strong></span> 
     </span>
    </p>
   </div>
   <div class='ocr_carea' id='block_1_94' title="bbox 2291 4185 3867 4260">
    <p class='ocr_par' dir='ltr' id='par_1_94' title="bbox 2291 4185 3867 4260">
     <span class='ocr_line' id='line_1_94' title="bbox 2291 4185 3867 4260; baseline 0.003 -17"><span class='ocrx_word' id='word_1_723' title='bbox 2291 4185 2397 4243; x_wconf 89' lang='lat' dir='ltr'><strong>Sed</strong></span> <span class='ocrx_word' id='word_1_724' title='bbox 2423 4187 2629 4243; x_wconf 91' lang='lat' dir='ltr'><strong>sciebat</strong></span> <span class='ocrx_word' id='word_1_725' title='bbox 2657 4189 2798 4244; x_wconf 88' lang='lat' dir='ltr'><strong>Deus</strong></span> <span class='ocrx_word' id='word_1_726' title='bbox 2820 4192 3136 4260; x_wconf 87' lang='lat' dir='ltr'><strong>prophetam</strong></span> <span class='ocrx_word' id='word_1_727' title='bbox 3170 4207 3329 4247; x_wconf 91' lang='lat' dir='ltr'><strong>suum</strong></span> <span class='ocrx_word' id='word_1_728' title='bbox 3362 4201 3663 4248; x_wconf 87' lang='lat' dir='ltr'><strong>tcntantem</strong></span> <span class='ocrx_word' id='word_1_729' title='bbox 3687 4192 3867 4248; x_wconf 84' lang='lat' dir='ltr'><strong>diabo-</strong></span> 
     </span>
    </p>
   </div>
   <div class='ocr_carea' id='block_1_95' title="bbox 2291 4278 3869 4352">
    <p class='ocr_par' dir='ltr' id='par_1_95' title="bbox 2291 4278 3869 4352">
     <span class='ocr_line' id='line_1_95' title="bbox 2291 4278 3869 4352; baseline 0.003 -20"><span class='ocrx_word' id='word_1_730' title='bbox 2291 4278 2400 4333; x_wconf 90' lang='lat' dir='ltr'><strong>lum</strong></span> <span class='ocrx_word' id='word_1_731' title='bbox 2427 4279 2581 4333; x_wconf 90' lang='lat' dir='ltr'><strong>aliter</strong></span> <span class='ocrx_word' id='word_1_732' title='bbox 2606 4294 2863 4349; x_wconf 90' lang='lat' dir='ltr'><strong>superare</strong></span> <span class='ocrx_word' id='word_1_733' title='bbox 2901 4296 3007 4336; x_wconf 91' lang='lat' dir='ltr'><strong>non</strong></span> <span class='ocrx_word' id='word_1_734' title='bbox 3048 4296 3225 4350; x_wconf 89' lang='lat' dir='ltr'><strong>posse,</strong></span> <span class='ocrx_word' id='word_1_735' title='bbox 3262 4283 3361 4337; x_wconf 88' lang='lat' dir='ltr'><strong>nisi</strong></span> <span class='ocrx_word' id='word_1_736' title='bbox 3404 4282 3596 4352; x_wconf 89' lang='lat' dir='ltr'><strong>jejunii</strong></span> <span class='ocrx_word' id='word_1_737' title='bbox 3636 4281 3869 4339; x_wconf 88' lang='lat' dir='ltr'><strong>eruditus</strong></span> 
     </span>
    </p>
   </div>
   <div class='ocr_carea' id='block_1_96' title="bbox 2292 4368 3868 4445">
    <p class='ocr_par' dir='ltr' id='par_1_96' title="bbox 2292 4368 3868 4445">
     <span class='ocr_line' id='line_1_96' title="bbox 2292 4368 3868 4445; baseline 0.004 -22"><span class='ocrx_word' id='word_1_738' title='bbox 2292 4368 2591 4425; x_wconf 91' lang='lat' dir='ltr'><strong>insidiantis</strong></span> <span class='ocrx_word' id='word_1_739' title='bbox 2621 4371 2821 4426; x_wconf 91' lang='lat' dir='ltr'><strong>inimici</strong></span> <span class='ocrx_word' id='word_1_740' title='bbox 2843 4380 3171 4428; x_wconf 89' lang='lat' dir='ltr'><strong>tentamenta</strong></span> <span class='ocrx_word' id='word_1_741' title='bbox 3197 4375 3501 4445; x_wconf 89' lang='lat' dir='ltr'><strong>repelleret.</strong></span> <span class='ocrx_word' id='word_1_742' title='bbox 3530 4376 3714 4430; x_wconf 88' lang='lat' dir='ltr'><strong>Daniel</strong></span> <span class='ocrx_word' id='word_1_743' title='bbox 3736 4390 3868 4445; x_wconf 80' lang='lat' dir='ltr'><strong>quo~</strong></span> 
     </span>
    </p>
   </div>
   <div class='ocr_carea' id='block_1_97' title="bbox 2290 4458 3868 4534">
    <p class='ocr_par' dir='ltr' id='par_1_97' title="bbox 2290 4458 3868 4534">
     <span class='ocr_line' id='line_1_97' title="bbox 2290 4458 3868 4534; baseline 0.005 -21"><span class='ocrx_word' id='word_1_744' title='bbox 2290 4473 2397 4528; x_wconf 91' lang='lat' dir='ltr'><strong>que</strong></span> <span class='ocrx_word' id='word_1_745' title='bbox 2426 4458 2656 4530; x_wconf 86' lang='lat' dir='ltr'><strong>(Daniel.</strong></span> <span class='ocrx_word' id='word_1_746' title='bbox 2699 4462 2807 4533; x_wconf 74' lang='lat' dir='ltr'><strong>xxv)</strong></span> <span class='ocrx_word' id='word_1_747' title='bbox 2838 4463 2927 4517; x_wconf 90' lang='lat' dir='ltr'><strong>ille</strong></span> <span class='ocrx_word' id='word_1_748' title='bbox 2955 4461 3254 4519; x_wconf 81' lang='lat' dir='ltr'><strong>futurorum</strong></span> <span class='ocrx_word' id='word_1_749' title='bbox 3281 4479 3498 4534; x_wconf 88' lang='lat' dir='ltr'><strong>gnarus,</strong></span> <span class='ocrx_word' id='word_1_750' title='bbox 3531 4474 3586 4521; x_wconf 92' lang='lat' dir='ltr'><strong>et</strong></span> <span class='ocrx_word' id='word_1_751' title='bbox 3613 4466 3868 4521; x_wconf 85' lang='lat' dir='ltr'><strong>adventus</strong></span> 
     </span>
    </p>
   </div>
   <div class='ocr_carea' id='block_1_98' title="bbox 2290 4549 3864 4618">
    <p class='ocr_par' dir='ltr' id='par_1_98' title="bbox 2290 4549 3864 4618">
     <span class='ocr_line' id='line_1_98' title="bbox 2290 4549 3864 4618; baseline 0.004 -13"><span class='ocrx_word' id='word_1_752' title='bbox 2290 4549 2498 4605; x_wconf 92' lang='lat' dir='ltr'><strong>Domini</strong></span> <span class='ocrx_word' id='word_1_753' title='bbox 2527 4553 2793 4618; x_wconf 91' lang='lat' dir='ltr'><strong>conscius,</strong></span> <span class='ocrx_word' id='word_1_754' title='bbox 2823 4560 2879 4608; x_wconf 91' lang='lat' dir='ltr'><strong>et</strong></span> <span class='ocrx_word' id='word_1_755' title='bbox 2904 4555 3197 4611; x_wconf 90' lang='lat' dir='ltr'><strong>eversionis</strong></span> <span class='ocrx_word' id='word_1_756' title='bbox 3223 4554 3516 4611; x_wconf 80' lang='lat' dir='ltr'><strong>Jerusalem</strong></span> <span class='ocrx_word' id='word_1_757' title='bbox 3545 4554 3864 4612; x_wconf 77' lang='lat' dir='ltr'><strong>manifestis-</strong></span> 
     </span>
    </p>
   </div>
   <div class='ocr_carea' id='block_1_99' title="bbox 2289 4640 3864 4717">
    <p class='ocr_par' dir='ltr' id='par_1_99' title="bbox 2289 4640 3864 4717">
     <span class='ocr_line' id='line_1_99' title="bbox 2289 4640 3864 4717; baseline 0.004 -22"><span class='ocrx_word' id='word_1_758' title='bbox 2289 4640 2455 4696; x_wconf 90' lang='lat' dir='ltr'><strong>simus</strong></span> <span class='ocrx_word' id='word_1_759' title='bbox 2481 4641 2818 4712; x_wconf 77' lang='lat' dir='ltr'><strong>praedicator,</strong></span> <span class='ocrx_word' id='word_1_760' title='bbox 2852 4643 2974 4698; x_wconf 89' lang='lat' dir='ltr'><strong>ideo</strong></span> <span class='ocrx_word' id='word_1_761' title='bbox 3020 4645 3101 4699; x_wconf 91' lang='lat' dir='ltr'><strong>vir</strong></span> <span class='ocrx_word' id='word_1_762' title='bbox 3137 4645 3524 4701; x_wconf 86' lang='lat' dir='ltr'><strong>desideriorum</strong></span> <span class='ocrx_word' id='word_1_763' title='bbox 3570 4647 3864 4717; x_wconf 88' lang='lat' dir='ltr'><strong>appellatus</strong></span> 
     </span>
    </p>
   </div>
   <div class='ocr_carea' id='block_1_100' title="bbox 2288 4733 3863 4809">
    <p class='ocr_par' dir='ltr' id='par_1_100' title="bbox 2288 4733 3863 4809">
     <span class='ocr_line' id='line_1_100' title="bbox 2288 4733 3863 4809; baseline 0.003 -21"><span class='ocrx_word' id='word_1_764' title='bbox 2288 4740 2389 4798; x_wconf 88' lang='lat' dir='ltr'><strong>est,</strong></span> <span class='ocrx_word' id='word_1_765' title='bbox 2414 4733 2538 4803; x_wconf 90' lang='lat' dir='ltr'><strong>quia</strong></span> <span class='ocrx_word' id='word_1_766' title='bbox 2568 4749 2756 4803; x_wconf 90' lang='lat' dir='ltr'><strong>panem</strong></span> <span class='ocrx_word' id='word_1_767' title='bbox 2785 4734 3035 4790; x_wconf 86' lang='lat' dir='ltr'><strong>desiderii</strong></span> <span class='ocrx_word' id='word_1_768' title='bbox 3062 4751 3167 4792; x_wconf 90' lang='lat' dir='ltr'><strong>non</strong></span> <span class='ocrx_word' id='word_1_769' title='bbox 3196 4736 3427 4792; x_wconf 86' lang='lat' dir='ltr'><strong>comedit</strong></span> <span class='ocrx_word' id='word_1_770' title='bbox 3453 4746 3510 4793; x_wconf 88' lang='lat' dir='ltr'><strong>et</strong></span> <span class='ocrx_word' id='word_1_771' title='bbox 3529 4747 3713 4809; x_wconf 90' lang='lat' dir='ltr'><strong>potum</strong></span> <span class='ocrx_word' id='word_1_772' title='bbox 3734 4753 3863 4793; x_wconf 85' lang='lat' dir='ltr'><strong>con-</strong></span> 
     </span>
    </p>
   </div>
   <div class='ocr_carea' id='block_1_101' title="bbox 2287 4823 3860 4899">
    <p class='ocr_par' dir='ltr' id='par_1_101' title="bbox 2287 4823 3860 4899">
     <span class='ocr_line' id='line_1_101' title="bbox 2287 4823 3860 4899; baseline 0.003 -21"><span class='ocrx_word' id='word_1_773' title='bbox 2287 4823 2627 4893; x_wconf 69' lang='lat' dir='ltr'><strong>cupiscentia:</strong></span> <span class='ocrx_word' id='word_1_774' title='bbox 2667 4840 2774 4878; x_wconf 91' lang='lat' dir='ltr'><strong>non</strong></span> <span class='ocrx_word' id='word_1_775' title='bbox 2814 4825 2965 4889; x_wconf 88' lang='lat' dir='ltr'><strong>bibit,</strong></span> <span class='ocrx_word' id='word_1_776' title='bbox 3011 4827 3133 4897; x_wconf 88' lang='lat' dir='ltr'><strong>quia</strong></span> <span class='ocrx_word' id='word_1_777' title='bbox 3180 4829 3349 4896; x_wconf 83' lang='lat' dir='ltr'><strong>magis</strong></span> <span class='ocrx_word' id='word_1_778' title='bbox 3392 4828 3667 4884; x_wconf 76' lang='lat' dir='ltr'><strong>Christum</strong></span> <span class='ocrx_word' id='word_1_779' title='bbox 3702 4844 3860 4899; x_wconf 84' lang='lat' dir='ltr'><strong>quam</strong></span> 
     </span>
    </p>
   </div>
   <div class='ocr_carea' id='block_1_102' title="bbox 2287 4911 3858 4989">
    <p class='ocr_par' dir='ltr' id='par_1_102' title="bbox 2287 4911 3858 4989">
     <span class='ocr_line' id='line_1_102' title="bbox 2287 4911 3858 4989; baseline 0.005 -22"><span class='ocrx_word' id='word_1_780' title='bbox 2287 4913 2472 4984; x_wconf 89' lang='lat' dir='ltr'><strong>epulas</strong></span> <span class='ocrx_word' id='word_1_781' title='bbox 2499 4911 2852 4969; x_wconf 87' lang='lat' dir='ltr'><strong>desiderabat.</strong></span> <span class='ocrx_word' id='word_1_782' title='bbox 2898 4914 3132 4972; x_wconf 80' lang='lat' dir='ltr'><strong>Joannes</strong></span> <span class='ocrx_word' id='word_1_783' title='bbox 3167 4932 3383 4988; x_wconf 87' lang='lat' dir='ltr'><strong>quoque</strong></span> <span class='ocrx_word' id='word_1_784' title='bbox 3425 4933 3727 4989; x_wconf 69' lang='lat' dir='ltr'><strong>pmcumr</strong></span> <span class='ocrx_word' id='word_1_785' title='bbox 3756 4920 3858 4974; x_wconf 89' lang='lat' dir='ltr'><strong>Do-</strong></span> 
     </span>
    </p>
   </div>
   <div class='ocr_carea' id='block_1_103' title="bbox 2864 5158 2873 5181">
    <p class='ocr_par' dir='ltr' id='par_1_103' title="bbox 2864 5158 2873 5181">
     <span class='ocr_line' id='line_1_103' title="bbox 2864 5158 2873 5181; baseline 0 0"><span class='ocrx_word' id='word_1_786' title='bbox 2864 5158 2873 5181; x_wconf 66' lang='grc' dir='ltr'><strong>ς</strong></span> 
     </span>
    </p>
   </div>
   <div class='ocr_carea' id='block_1_104' title="bbox 2281 5136 3855 5287">
    <p class='ocr_par' dir='ltr' id='par_1_104' title="bbox 2281 5136 3855 5287">
     <span class='ocr_line' id='line_1_104' title="bbox 2281 5136 3044 5210; baseline 0.008 -20"><span class='ocrx_word' id='word_1_787' title='bbox 2281 5136 2578 5206; x_wconf 80' lang='lat' dir='ltr'><strong>imperaret.</strong></span> <span class='ocrx_word' id='word_1_788' title='bbox 2612 5136 3044 5210; x_wconf 81' lang='lat' dir='ltr'><strong>Impetraveruut.</strong></span> 
     </span>
     <span class='ocr_line' id='line_1_105' title="bbox 2357 5204 3855 5287; baseline 0.005 -29"><span class='ocrx_word' id='word_1_789' title='bbox 2357 5204 2545 5287; x_wconf 43' lang='lat' dir='ltr'><strong>fﬂEad.</strong></span> <span class='ocrx_word' id='word_1_790' title='bbox 2572 5208 2701 5263; x_wconf 87' lang='lat' dir='ltr'><strong>edit.</strong></span> <span class='ocrx_word' id='word_1_791' title='bbox 2724 5210 2870 5287; x_wconf 73' lang='lat' dir='ltr'><strong>addit</strong></span> <span class='ocrx_word' id='word_1_792' title='bbox 2892 5212 3027 5264; x_wconf 82' lang='lat' dir='ltr'><strong>inter</strong></span> <span class='ocrx_word' id='word_1_793' title='bbox 3052 5220 3276 5287; x_wconf 82' lang='lat' dir='ltr'><strong>ventrem</strong></span> <span class='ocrx_word' id='word_1_794' title='bbox 3294 5227 3505 5267; x_wconf 73' lang='lat' dir='ltr'><strong>vacuum</strong></span> <span class='ocrx_word' id='word_1_795' title='bbox 3526 5219 3576 5266; x_wconf 81' lang='lat' dir='ltr'><strong>et</strong></span> <span class='ocrx_word' id='word_1_796' title='bbox 3591 5211 3855 5283; x_wconf 78' lang='lat' dir='ltr'><strong>pulmones</strong></span> 
     </span>
    </p>
   </div>
   <div class='ocr_carea' id='block_1_105' title="bbox 2279 5277 3429 5353">
    <p class='ocr_par' dir='ltr' id='par_1_105' title="bbox 2279 5277 3429 5353">
     <span class='ocr_line' id='line_1_106' title="bbox 2279 5277 3429 5353; baseline 0.007 -25"><span class='ocrx_word' id='word_1_797' title='bbox 2279 5277 2448 5353; x_wconf 52' lang='lat' dir='ltr'><strong>epulis</strong></span> <span class='ocrx_word' id='word_1_798' title='bbox 2465 5288 2759 5353; x_wconf 63' lang='lat' dir='ltr'><strong>testudines.</strong></span> <span class='ocrx_word' id='word_1_799' title='bbox 2783 5279 2997 5353; x_wconf 59' lang='lat' dir='ltr'><strong>Moyses</strong></span> <span class='ocrx_word' id='word_1_800' title='bbox 3017 5297 3167 5353; x_wconf 77' lang='lat' dir='ltr'><strong>ergo,</strong></span> <span class='ocrx_word' id='word_1_801' title='bbox 3186 5283 3293 5353; x_wconf 87' lang='lat' dir='ltr'><strong>qui,</strong></span> <span class='ocrx_word' id='word_1_802' title='bbox 3325 5290 3429 5337; x_wconf 88' lang='lat' dir='ltr'><strong>etc.</strong></span> 
     </span>
    </p>
   </div>
   <div class='ocr_carea' id='block_1_106' title="bbox 2351 5344 3187 5405">
    <p class='ocr_par' dir='ltr' id='par_1_106' title="bbox 2351 5344 3187 5405">
     <span class='ocr_line' id='line_1_107' title="bbox 2351 5344 3187 5405; baseline 0.011 -11"><span class='ocrx_word' id='word_1_803' title='bbox 2351 5356 2376 5394; x_wconf 79' lang='grc' dir='ltr'><strong>ιι</strong></span> <span class='ocrx_word' id='word_1_804' title='bbox 2407 5344 2537 5400; x_wconf 86' lang='lat' dir='ltr'><strong>Ead.</strong></span> <span class='ocrx_word' id='word_1_805' title='bbox 2570 5347 2698 5402; x_wconf 88' lang='lat' dir='ltr'><strong>edit.</strong></span> <span class='ocrx_word' id='word_1_806' title='bbox 2734 5344 2931 5403; x_wconf 69' lang='lat' dir='ltr'><strong>omittit</strong></span> <span class='ocrx_word' id='word_1_807' title='bbox 2962 5344 3187 5405; x_wconf 66' lang='lat' dir='ltr'><strong>Domini.</strong></span> 
     </span>
    </p>
   </div>
   <div class='ocr_carea' id='block_1_107' title="bbox 2348 5413 2977 5483">
    <p class='ocr_par' dir='ltr' id='par_1_107' title="bbox 2348 5413 2977 5483">
     <span class='ocr_line' id='line_1_108' title="bbox 2348 5413 2977 5483; baseline 0.008 -15"><span class='ocrx_word' id='word_1_808' title='bbox 2348 5413 2374 5452; x_wconf 80' lang='grc'><strong>¹²</strong></span> <span class='ocrx_word' id='word_1_809' title='bbox 2405 5413 2536 5483; x_wconf 82' lang='lat' dir='ltr'><strong>Ead.</strong></span> <span class='ocrx_word' id='word_1_810' title='bbox 2562 5417 2714 5483; x_wconf 90' lang='lat' dir='ltr'><strong>edit.,</strong></span> <span class='ocrx_word' id='word_1_811' title='bbox 2748 5418 2977 5473; x_wconf 53' lang='lat' dir='ltr'><strong>lascivia</strong></span> 
     </span>
    </p>
   </div>
   <div class='ocr_carea' id='block_1_108' title="bbox 2356 5482 3296 5562">
    <p class='ocr_par' dir='ltr' id='par_1_108' title="bbox 2356 5482 3296 5562">
     <span class='ocr_line' id='line_1_109' title="bbox 2356 5482 3296 5562; baseline 0.009 -26"><span class='ocrx_word' id='word_1_812' title='bbox 2356 5484 2372 5562; x_wconf 67' lang='grc' dir='ltr'><strong>ξ</strong></span> <span class='ocrx_word' id='word_1_813' title='bbox 2406 5482 2535 5562; x_wconf 57' lang='lat' dir='ltr'><strong>Ead.</strong></span> <span class='ocrx_word' id='word_1_814' title='bbox 2568 5482 2993 5562; x_wconf 59' lang='lat' dir='ltr'><strong>edit.,_Di.rimus</strong></span> <span class='ocrx_word' id='word_1_815' title='bbox 3019 5505 3159 5562; x_wconf 84' lang='lat' dir='ltr'><strong>ergo,</strong></span> <span class='ocrx_word' id='word_1_816' title='bbox 3191 5496 3296 5562; x_wconf 79' lang='lat' dir='ltr'><strong>etc.</strong></span> 
     </span>
    </p>
   </div>
   <div class='ocr_carea' id='block_1_109' title="bbox 2354 5551 3737 5630">
    <p class='ocr_par' dir='ltr' id='par_1_109' title="bbox 2354 5551 3737 5630">
     <span class='ocr_line' id='line_1_110' title="bbox 2354 5551 3737 5630; baseline 0.008 -25"><span class='ocrx_word' id='word_1_817' title='bbox 2354 5552 2369 5630; x_wconf 84' lang='lat' dir='ltr'><strong>_i</strong></span> <span class='ocrx_word' id='word_1_818' title='bbox 2407 5551 2538 5630; x_wconf 54' lang='lat' dir='ltr'><strong>glad.</strong></span> <span class='ocrx_word' id='word_1_819' title='bbox 2572 5551 2714 5630; x_wconf 65' lang='lat' dir='ltr'><strong>edit.</strong></span> <span class='ocrx_word' id='word_1_820' title='bbox 2735 5557 2861 5630; x_wconf 86' lang='lat' dir='ltr'><strong>legit</strong></span> <span class='ocrx_word' id='word_1_821' title='bbox 2888 5551 3115 5614; x_wconf 66' lang='lat' dir='ltr'><strong>clausit&#39;:</strong></span> <span class='ocrx_word' id='word_1_822' title='bbox 3137 5551 3207 5614; x_wconf 83' lang='lat' dir='ltr'><strong>ad</strong></span> <span class='ocrx_word' id='word_1_823' title='bbox 3231 5561 3377 5630; x_wconf 85' lang='lat' dir='ltr'><strong>cujus</strong></span> <span class='ocrx_word' id='word_1_824' title='bbox 3408 5576 3605 5628; x_wconf 70' lang='lat' dir='ltr'><strong>vocem,</strong></span> <span class='ocrx_word' id='word_1_825' title='bbox 3622 5567 3737 5616; x_wconf 81' lang='lat' dir='ltr'><strong>etc.</strong></span> 
     </span>
    </p>
   </div>
   <div class='ocr_carea' id='block_1_110' title="bbox 2353 5621 3061 5692">
    <p class='ocr_par' dir='ltr' id='par_1_110' title="bbox 2353 5621 3061 5692">
     <span class='ocr_line' id='line_1_111' title="bbox 2353 5621 3061 5692; baseline 0.011 -17"><span class='ocrx_word' id='word_1_826' title='bbox 2353 5622 2376 5659; x_wconf 82' lang='grc' dir='ltr'>¹ί</span> <span class='ocrx_word' id='word_1_827' title='bbox 2404 5621 2532 5692; x_wconf 74' lang='lat' dir='ltr'><strong>Ead.</strong></span> <span class='ocrx_word' id='word_1_828' title='bbox 2566 5626 2716 5692; x_wconf 90' lang='lat' dir='ltr'><strong>edit.,</strong></span> <span class='ocrx_word' id='word_1_829' title='bbox 2745 5621 3061 5683; x_wconf 77' lang='lat' dir='ltr'><strong>admoneret.</strong></span> 
     </span>
    </p>
   </div>
   <div class='ocr_carea' id='block_1_111' title="bbox 2359 5691 3561 5772">
    <p class='ocr_par' dir='ltr' id='par_1_111' title="bbox 2359 5691 3561 5772">
     <span class='ocr_line' id='line_1_112' title="bbox 2359 5691 3561 5772; baseline 0.007 -26"><span class='ocrx_word' id='word_1_830' title='bbox 2359 5693 2373 5729; x_wconf 78' lang='grc' dir='ltr'><strong>ι</strong></span> <span class='ocrx_word' id='word_1_831' title='bbox 2409 5691 2542 5749; x_wconf 87' lang='lat' dir='ltr'><strong>Ead.</strong></span> <span class='ocrx_word' id='word_1_832' title='bbox 2573 5696 2725 5762; x_wconf 87' lang='lat' dir='ltr'><strong>edit.,</strong></span> <span class='ocrx_word' id='word_1_833' title='bbox 2749 5699 2833 5769; x_wconf 86' lang='lat' dir='ltr'><strong>qui</strong></span> <span class='ocrx_word' id='word_1_834' title='bbox 2862 5700 3040 5754; x_wconf 75' lang='lat' dir='ltr'><strong>artum</strong></span> <span class='ocrx_word' id='word_1_835' title='bbox 3060 5709 3108 5754; x_wconf 80' lang='lat' dir='ltr'><strong>et</strong></span> <span class='ocrx_word' id='word_1_836' title='bbox 3139 5710 3326 5757; x_wconf 82' lang='lat' dir='ltr'><strong>terram</strong></span> <span class='ocrx_word' id='word_1_837' title='bbox 3347 5703 3561 5772; x_wconf 67' lang='lat' dir='ltr'><strong>fecerat.</strong></span> 
     </span>
    </p>
   </div>
  </div>
