4054 6190
171 323 283 375 ὄῗτ
1601 319 1832 374 δίη)ίο
1875 321 2054 375 XXIII.

3336 325 3436 378 513

168 435 308 489 mini
339 433 559 488 locustis
588 432 640 486 in
668 447 848 486 eremo
877 440 932 488 et
961 433 1156 502 agresti
1183 433 1342 487 melle
1371 432 1621 498 nutritur,
1653 447 1760 488 non
1793 441 1833 496 Λ
1865 441 1992 488 tem.
2024 435 2140 489 Non
2167 434 2288 490 dico
2311 434 2697 503 hebdomadas,
2728 450 2836 489 non
2863 435 3152 505 duplicata,
3179 453 3286 492 non
3309 441 3448 494 mul-

167 526 490 581 animalium
521 525 789 589 carnibus,
823 540 928 578 non
958 525 1233 579 volucrum
1274 523 1621 579 suavitatibus
1665 539 1764 593 pa-

166 620 365 674 scitur.
390 616 610 671 Poterat
632 618 815 685 utique
832 616 983 685 juxta
1003 615 1288 672 Iordanem
1310 615 1514 684 positus
1533 615 1762 683 piscium

167 712 278 766 sibi
310 709 570 764 exhibere
598 708 835 771 delicias,
870 707 963 761 sed
989 707 1352 776 pmnitentiam
1378 705 1762 774 pnndicaturus

169 811 196 838 ⁸
229 801 469 868 rigorem
493 797 680 866 jejunii
710 797 957 865 exemplo
987 813 1082 850 suo
1112 796 1278 863 magis
1315 796 1500 850 debuit
1527 803 1581 848 et
1608 795 1762 850 factis

167 890 466 944 ostendere
509 905 669 958 quam
733 903 882 941 voce.
933 887 990 940 In
1037 885 1326 952 Evangelio
1368 885 1579 953 (Matth.
1630 885 1759 955 xvu)

167 997 414 1051 quoque,
446 997 569 1034 cum
597 978 810 1048 quidam
839 978 1079 1032 dzemone
1107 977 1294 1046 plenus
1324 977 1549 1030 Domino
1576 974 1764 1029 fuisset

167 1070 415 1136 oblatus,
442 1084 600 1137 quem
623 1068 852 1136 apostoli
881 1082 1069 1120 curare
1089 1066 1248 1136 453
1279 1066 1647 1133 nequiverant,
1682 1065 1764 1118 in-

170 1170 518 1230 terrogantes
571 1159 793 1212 audiunt
820 1173 850 1211 a
880 1158 1107 1210 Domino
1137 1155 1432 1210 istiusmodi
1461 1169 1628 1222 genus
1652 1170 1761 1208 non

167 1265 341 1319 posse
369 1249 487 1318 ejici
515 1249 612 1301 nisi
641 1248 971 1301 orationibus
1008 1255 1061 1300 et
1099 1245 1335 1314 jejuniis.
1381 1245 1568 1299 Videte
1609 1258 1758 1312 ergo,

166 1342 392 1408 fratres,
423 1347 621 1408 quanta
649 1340 719 1392 sit
740 1338 1063 1407 jejuniorum
1103 1339 1289 1401 virtus,
1317 1345 1371 1391 ut
1397 1337 1448 1390 id
1477 1335 1650 1391 facere
1674 1336 1761 1404 je-

167 1430 326 1498 junia
353 1429 565 1482 valeant
594 1427 736 1497 quod
765 1427 993 1495 apostoli
1021 1426 1390 1494 nequiverant.
1432 1423 1632 1478 Omitto
1659 1439 1764 1477 ca:-

170 1528 325 1582 tera;
368 1519 464 1573 sed
512 1517 872 1586 unusquisque
919 1515 1222 1570 consideret
1267 1523 1466 1584 quanta
1508 1514 1578 1567 sit
1624 1513 1763 1566 inter

1867 523 2098 592 tiplicata
2125 524 2344 592 jejunio,
2367 525 2460 578 sed
2482 525 2562 579 vel
2591 525 2828 594 singulos
2848 524 2962 600 dies
2985 526 3445 602 absqueciborum

1863 610 2196 668 1t-nimictate
2239 623 2590 669 transeamus.
2631 613 2851 670 Cessent
2904 616 3128 684 lavacra,
3174 621 3316 684 vina,
3359 621 3444 675 vel

1864 719 2073 769 carnes,
2098 721 2203 760 non
2222 704 2364 774 quod
2391 714 2692 760 creaturam
2720 707 2810 760 Dei
2836 707 3134 775 judicemus
3151 725 3268 764 esse
3288 710 3443 764 dam-

1863 796 2128 859 nandam;
2171 796 2334 866 454
2381 797 2474 852 sed
2512 798 2602 864 qui
2651 806 2764 852 toto
2805 815 2945 853 anno
2991 801 3146 857 nobis
3191 803 3439 869 viximus,

1861 887 2050 939 saltem
2082 887 2164 940 vel
2190 902 2392 955 paucos
2419 888 2532 942 dies
2565 890 2803 944 vivamus
2824 899 2874 944 et
2898 892 3144 947 Domino.
3177 893 3282 949 Sed
3301 896 3442 964 jeju-

1861 976 1948 1030 nia
1977 986 2177 1042 nostra,
2212 988 2270 1032 ut
2296 979 2450 1048 plena
2486 980 2594 1034 sint
2631 989 2684 1033 et
2727 991 2750 1020 °
2799 982 3034 1048 sufferta,
3067 985 3443 1042 misericordia:

1863 1067 2183 1136 pinguedine
2230 1070 2557 1135 saginentur.
2609 1069 2804 1123 Demus
2851 1073 3203 1128 esurientibus
3248 1092 3442 1144 panem

1864 1167 2122 1210 nostrum.
2156 1157 2266 1212 Nec
2294 1157 2319 1193 ἀ
2348 1167 2597 1227 putemus
2620 1159 2821 1226 jejunia
2853 1162 2965 1214 sola
2995 1162 3239 1218 suﬂieere
3260 1165 3327 1218 ad
3355 1179 3443 1218 sa—

1862 1247 2036 1300 nanda
2067 1249 2287 1302 vulnera
2331 1257 2694 1317 peccatorum,
2733 1250 2832 1303 nisi
2875 1259 2900 1290 ο
2948 1251 3000 1304 in
3049 1253 3441 1308 medicamento

1861 1338 2213 1408 eleemosyna:
2258 1347 2585 1392 recreentur.
2618 1339 2887 1408 Jejunium
2933 1353 3062 1408 ergo
3094 1351 3240 1396 tuum
3273 1352 3324 1397 te
3351 1359 3442 1398 ca-

1860 1427 2036 1494 stiget,
2078 1427 2172 1481 sed
2215 1428 2446 1481 ltelilicet
2493 1429 2737 1493 alterum,
2765 1438 2819 1483 et
2860 1430 2930 1483 ita
2973 1429 3256 1485 fructuosa:
3285 1442 3444 1488 erunt

1862 1516 2118 1583 angustiae
2149 1526 2268 1579 tuac,
2301 1517 2346 1569 si
2375 1517 2526 1570 alteri
2570 1517 2903 1571 latitudinem
2944 1528 3214 1586 przestent.
3247 1521 3338 1575 Sic
3358 1522 3443 1590 je-

167 1609 435 1678 jejunium
464 1617 520 1663 et
555 1608 888 1664 saturitatem
915 1606 1194 1672 distantia,
1224 1605 1363 1658 inter
1389 1612 1632 1658 ventrem
1666 1619 1760 1657 va-
1855 1605 2003 1675 juna,
2033 1616 2088 1660 ut
2118 1609 2167 1660 in
2198 1608 2304 1660 alio
2328 1607 2680 1662 manducante
2724 1617 2777 1662 te
2808 1608 3083 1677 prandisse
3118 1611 3134 1649 ι
3165 1613 3398 1680 gaudeas
3424 1631 3437 1666 :

167 1717 337 1755 cuum
383 1709 439 1754 et
485 1699 764 1761 refertum,
816 1698 955 1751 inter
992 1697 1269 1750 rubentem
1321 1695 1510 1750 faciem
1563 1703 1616 1748 et
1664 1709 1758 1748 ora

1863 1695 2097 1750 Hilarem
2125 1699 2258 1750 enim
2289 1698 2522 1751 datorem
2549 1700 2715 1768 diligit
2751 1699 2890 1753 Deus
2922 1699 2976 1771 (I
3017 1699 3137 1755 Cor.
3180 1703 3276 1771 ιχ).
3309 1703 3440 1757 Nam

170 1792 450 1860 pallentia,
479 1791 616 1844 inter
643 1805 704 1845 os
726 1788 967 1858 jejunum
993 1795 1048 1842 et
1075 1787 1212 1841 labia
1238 1787 1457 1856 crapula
1479 1785 1754 1852 dissoluta,
1792 1801 1832 1860 Β
1862 1787 2218 1843 manducante
2248 1803 2481 1859 paupere
2500 1789 2567 1843 de
2597 1789 2750 1842 bonis
2777 1790 2902 1857 tuis,
2924 1792 3150 1859 prandet
3177 1793 3440 1861 Christus,

170 1881 320 1936 inter
347 1895 660 1951 oppressum
698 1880 868 1950 epulis
914 1886 968 1934 et
1015 1877 1202 1934 inedia:
1245 1879 1503 1934 tenuitate
1537 1878 1758 1946 vigilan-

1865 1879 1955 1948 qui
1984 1895 2042 1933 se
2070 1881 2122 1932 in
2151 1893 2385 1949 paupere
2413 1879 2614 1934 esurire
2644 1887 2886 1935 testatur.
2919 1880 3168 1953 Explicit.

1566 1992 1833 2053 SERMO
1871 1994 2075 2055 XXII.

1454 2091 1533 2146 De
1559 2092 1968 2163 Quadrugesima
2004 2094 2164 2148 VIII.

1599 2186 1988 2241 ΑΟΜΟΝΙΤΙΟ.

240 2277 544 2360 Dele-udum
571 2277 808 2360 profecto
831 2284 933 2360 est,
960 2283 1178 2346 propter
1205 2282 1526 2360 vetustatem
1551 2277 1747 2360 codicis
1765 2277 2095 2360 .monasterii
2124 2276 2249 2358 olim
2285 2276 2352 2360 de
2379 2275 2674 2360 Appannis,
2707 2277 2966 2348 majorem
2994 2277 3150 2360 hujus
3176 2282 3439 2338 sermonis

170 2358 388 2419 partem
420 2349 523 2416 legi
553 2346 698 2402 nullo
727 2346 886 2419 modo
916 2361 1108 2419 posse;
1141 2360 1306 2419 quare
1327 2346 1631 2419 diversisin
1674 2347 1806 2400 locis
1836 2348 2014 2419 multis
2057 2347 2166 2419 suis
2197 2347 2432 2419 partibus
2458 2346 2805 2419 diminutum,
2821 2346 3267 2419 quemadmodum
3287 2369 3439 2408 acce-

171 2415 370 2490 pimus,
406 2415 564 2473 edere
587 2417 836 2473 eumdem
864 2415 1122 2484 cogimur.
1175 2415 1469 2484 lnscriptus
1497 2415 1691 2470 ibide;n
1721 2425 1803 2470 est
1831 2435 1842 2470 :
1876 2415 2009 2471 Item
2036 2426 2086 2471 et
2107 2417 2170 2471 de
2201 2415 2614 2488 Quadragesima
2639 2434 2808 2473 sermo
2843 2415 2923 2472 γι
2930 2418 2978 2474 1.

168 2573 567 2629 Amenanus.
592 2601 662 2612 -——
686 2569 767 2623 Ea:
789 2570 867 2623 his
889 2584 1002 2637 quae
1026 2574 1252 2637 prarstat
1273 2566 1355 2618 ltic
1382 2567 1760 2637 sermoimper-

239 2588 567 2629 IGUIIENTUI.
592 2601 662 2612 -——
686 2586 767 2623 La:
789 2586 867 2623 ms
923 2586 1002 2621 ure
1026 2586 1239 2637 prwstar
1273 2586 1355 2618 Im:
1382 2586 1547 2620 sermo
1571 2586 1760 2636 tmper-

239 2648 414 2716 [ει-ηιξ
439 2681 452 2704 ,
501 2642 730 2716 nouimus
879 2586 1373 2716 ZlaximumnMogsi
1401 2646 1453 2716 et
1490 2635 1643 2716 ζῖζὶῳ,
1667 2653 1760 2716 nec

238 2705 346 2767 non
377 2712 505 2765 Iesu
541 2711 728 2763 Christi
750 2708 1006 2779 jejunium
1032 2705 1370 2778 prtedicasse,
1399 2713 1454 2758 ut
1481 2705 1661 2776 fideles
1689 2705 1760 2758 ad

226 2781 588 2854 jejunandum
616 2779 926 2834 incenderet.

238 2936 506 3006 Quamvis
529 2976 543 2999 ,
599 2934 789 2988 fratres
811 2973 825 2999 ,
875 2939 992 2988 toto
1028 2932 1150 2986 vita:
1194 2938 1386 2985 nostra:
1415 2939 1658 3000 tempore
1689 2931 1756 2986 ad

171 3031 452 3086 caelestem
499 3027 727 3096 patriam
777 3023 1104 3079 contendere
1133 3021 1448 3087 debeamus,
1498 3021 1548 3074 id
1578 3029 1758 3075 tamen

173 3123 445 3194 praecipue
472 3121 524 3174 in
554 3119 640 3172 bis
665 3117 862 3173 sanctis
890 3114 1316 3182 Quadragesimzn
1345 3114 1533 3168 diebus
1558 3121 1758 3182 quanta

172 3229 464 3287 possumus

171 3324 200 3362 a
245 3307 410 3362 nobis
458 3312 540 3360 est
578 3303 904 3376 enitendum.
953 3301 1417 3371 Quadragenarius
1453 3307 1631 3354 autem
1659 3299 1758 3353 iste

1866 2547 2064 2601 vatoris
2113 2548 2283 2601 nostri
2331 2547 2636 2617 exempium
2676 2549 2996 2612 addidimus,
3043 2551 3156 2618 qui,
3195 2559 3255 2607 ut
3290 2568 3349 2606 se
3374 2553 3439 2606 ad

1861 2635 2135 2704 Evangelii
2174 2637 2255 2690 sui
2293 2646 2620 2706 praepararet
2648 2639 3112 2707 prtedicationem,
3141 2642 3440 2709 quadrage-

1861 2726 2014 2779 nario
2043 2726 2247 2780 dierum
2277 2727 2619 2795 noctiumque
2640 2743 2864 2783 numero
2892 2730 2958 2783 ab
2984 2732 3128 2784 omni
3159 2732 3279 2786 cibo
3308 2735 3437 2788 abs-

1864 2817 2024 2870 tinuit
2073 2826 2232 2887 atque
2269 2826 2429 2887 potu;
2461 2818 2604 2873 unde
2632 2827 2688 2872 et
2713 2819 2780 2886 de
2807 2820 3085 2877 diabolicis
3127 2825 3439 2878 tentationi-

1857 2908 1958 2962 bus
1989 2907 2211 2977 (Desunt
2233 2910 2284 2960 in
2308 2893 2549 2980 originali
2572 2908 2673 2962 duo
2695 2910 2821 2980 folia
2836 2926 2856 2974 ;
2880 2911 3062 2963 deinde
3090 2911 3186 2965 hoc
3214 2915 3440 2980 sequ-itur

1860 3006 2253 3079 fragmentum).

1931 3100 2129 3154 Verum
2157 3099 2282 3168 quid
2313 3098 2535 3168 prodest
2560 3099 2780 3164 homini,
2814 3100 2856 3154 si
2887 3116 3080 3170 corpus
3106 3116 3135 3154 a
3165 3101 3286 3156 cibo
3299 3101 3441 3171 jeju-

1860 3201 1982 3255 net,
2014 3207 2166 3245 mens
2196 3201 2376 3244 autem
2407 3207 2511 3264 non
2535 3191 2776 3258 jejunet?
2817 3191 2952 3257 Quid
2984 3193 3028 3246 si
3057 3208 3086 3245 a
3115 3193 3247 3247 cibis
3275 3193 3435 3246 absti-

1861 3298 2020 3346 neas,
2061 3289 2116 3336 et
2155 3281 2340 3335 illicita
2371 3280 2568 3336 facias?
2595 3280 2651 3334 Si
2681 3281 2966 3350 pupillum,
3002 3281 3048 3335 si
3075 3282 3285 3336 viduam
3311 3298 3438 3352 per-

172 3400 382 3454 dierum
415 3411 687 3459 numerus,
717 3373 775 3448 ut
802 3394 1002 3464 pluries
1032 3393 1303 3448 sanctitati
1333 3398 1521 3446 vestrm
1551 3374 2126 3463 intima-CsequeﬁS.
2170 3373 2216 3428 Si
2257 3412 2270 3425 -
2350 3412 2364 3427 -
2442 3411 2455 3424 -
2537 3413 2552 3426 ο
2631 3411 2646 3424 ο
2727 3410 2739 3423 ·
2821 3410 2834 3423 -
2915 3410 2928 3423 -
3007 3411 3021 3424 ο
3101 3411 3114 3424 ο
3195 3411 3210 3424 ο
3286 3410 3301 3424 -
3383 3411 3400 3426 ο

174 3492 369 3552 vimus,
400 3490 451 3542 in
483 3487 649 3542 sacris
683 3485 971 3555 Scripturis
994 3485 1251 3556 mysticus
1279 3491 1360 3537 est
1388 3491 1547 3550 atque
1571 3495 1755 3535 conse-

173 3591 378 3636 cratus.
413 3579 591 3633 Nostis
619 3578 784 3642 enim,
815 3585 874 3630 ut
893 3591 1033 3645 smpe
1054 3576 1306 3641 diximus,
1334 3573 1390 3626 S.
1422 3572 1661 3642 Moysen,
1696 3577 1756 3623 ut

173 3675 404 3742 scriptas
435 3670 602 3738 digito
652 3667 748 3721 Dei
793 3667 1002 3720 tabulas
1052 3666 1120 3719 ab
1164 3665 1254 3718 illo
1282 3670 1581 3717 mereretur
1609 3659 1754 3714 acci-

175 3779 336 3833 pere,
386 3759 739 3831 quadraginta
783 3757 987 3810 dierum
1033 3764 1088 3809 et
1133 3755 1371 3808 noctium
1419 3765 1641 3806 numero
1688 3749 1755 3802 ab

173 3852 317 3906 omni
344 3864 476 3904 esca
505 3844 829 3900 abstinuisse
855 3853 911 3900 et
939 3852 1088 3913 potu.
1120 3842 1422 3910 Adjecimus
1449 3841 1608 3894 etiam
1631 3838 1758 3891 bea-

175 3953 281 3998 tum
307 3940 488 3995 Eliam
517 3945 640 4008 post
667 3936 1017 4006 quadraginta
1059 3933 1264 3988 dierum
1293 3932 1598 3986 continuata
1620 3927 1759 3996 jeju-

176 4035 258 4088 nia
295 4047 462 4088 curru
511 4030 666 4097 igneo
710 4028 766 4081 in
805 4026 999 4082 cwlum
1028 4039 1147 4079 esse
1177 4023 1508 4076 translatum.
1577 4019 1759 4086 Neque

177 4125 319 4181 hisee
350 4130 564 4177 tantum
588 4161 603 4186 ,
653 4119 746 4174 sed
793 4127 849 4173 et
882 4119 999 4172 aliis
1033 4116 1228 4170 veteris
1257 4114 1390 4181 legis
1417 4111 1676 4179 exemplis
1705 4109 1757 4161 id

178 4215 680 4272 demonstravimus.
731 4210 978 4278 Quinimo
1008 4209 1173 4279 ipsius
1202 4205 1412 4261 Domini
1443 4212 1600 4273 atque
1631 4201 1754 4254 Sal-

1859 3559 2007 3613 Tunc
2037 3559 2146 3612 Deo
2175 3565 2322 3625 grata
2347 3597 2361 3619 ,
2405 3562 2567 3622 atque
2594 3562 2810 3623 accepta
2841 3561 2998 3607 erunt
3025 3561 3111 3604 tua
3137 3551 3360 3620 jejunia,
3391 3551 3437 3604 si

1858 3650 2090 3704 alienum
2137 3647 2328 3702 reddas
2375 3644 2520 3714 quod
2569 3653 2749 3707 tenes;
2798 3645 2842 3698 si
2893 3641 3061 3704 fratri,
3092 3643 3182 3710 qui
3214 3640 3307 3694 tibi
3340 3639 3438 3693 fuit

1859 3741 2135 3802 molestus,
2169 3739 2442 3805 ignoscas;
2475 3735 2519 3789 si
2549 3735 2615 3788 ab
2645 3735 2818 3788 aliena
2868 3748 3034 3787 uxore
3061 3733 3354 3794 abstineas,
3387 3732 3433 3785 si

1861 3829 2188 3900 pauperibus
2229 3826 2295 3880 de
2334 3825 2416 3878 his
2457 3840 2574 3893 qute
2605 3831 2694 3876 tua
2723 3831 2846 3877 sunt
2876 3822 3116 3889 largiaris
3143 3821 3440 3892 eleemosy-

1863 3936 1962 3975 nas
1994 3918 2214 3974 {Desunt
2242 3918 2294 3969 in
2322 3915 2567 3985 originali
2591 3913 2876 3984 quindecim
2900 3911 3094 3982 linew.)
3125 3911 3250 3968 Hazc
3280 3911 3440 3980 igitur

1864 4013 2017 4067 vobis
2045 4011 2223 4064 divina
2252 4006 2616 4061 misericordia
2647 4007 2925 4069 concedat,
2943 4014 3001 4059 ut
3023 4005 3261 4074 jejuniis,
3292 4004 3438 4058 elec-

1863 4105 2121 4176 mosynis,
2155 4101 2459 4167 sanctisque
2487 4098 2740 4166 operibus
2767 4106 3022 4153 mternam
3053 4097 3215 4152 vitam
3245 4111 3440 4151 conse-

1863 4197 1954 4265 qui
1984 4192 2311 4248 mereatnini.
2344 4188 2591 4258 Explicit.

1533 4289 1800 4353 SEIlMO
1844 4286 2083 4348 XXIII.

1474 4391 1553 4445 De
1583 4389 1988 4458 Quadragesima
2033 4383 2135 4437 IX.

1639 4474 2030 4532 ADMONITIO.

245 4593 286 4659 ἀ
303 4586 671 4660 550ccun~it
695 4583 847 4638 nobis
867 4581 1003 4634 alter
1017 4591 1212 4660 sermo,
1237 4575 1287 4628 in
1309 4589 1419 4660 quo
1437 4563 2234 4660 vestigia'alitiquitatis.codicis
2254 4559 2478 4660 abba'tite
2499 4555 2716 4660 oli'rtrLSl.1
2725 4551 3286 4660 Dalmatii,
3304 4552 3438 4660 gig-

1011 4621 1377 4704 eiiimlacuri‘is
1407 4621 1634 4697 labor-aut.
1661 4639 1717 4694 In
1743 4621 1986 4706 originali
2013 4635 2198 4689 titulus
2218 4639 2301 4686 est
2324 4648 2336 4682 :
2371 4628 2503 4682 Item
2525 4627 2650 4681 etde
2672 4621 3269 4696 Quadrugesima'sermo
3293 4621 3432 4682 XII,

179 4792 570 4846 Annuusu'rnu.
598 4818 673 4830 —-
709 4785 927 4838 Disserit
960 4788 1138 4834 auctor
1177 4779 1240 4830 de
1285 4775 1482 4845 Moysis
1513 4771 1747 4896 gejum'o,
1785 4795 1832 4854 η
1856 4764 2288 4826 consecraverit,
2337 4776 2446 4829 quo
2483 4766 2644 4828 pacto
2672 4757 2834 4810 etiam
2867 4754 3076 4824 Moyses
3105 4762 3264 4821 atque
3293 4751 3437 4804 Elias

244 4870 516 4896 ...ωηιηηρ
554 4867 610 4896 ,ιι
636 4858 781 4896 mam
825 4869 933 4896 ιιι-ηρ
969 4851 1128 4896 oculis
1158 4847 1453 4896 habeamus.
1556 4843 1575 4894 i
1613 4841 1750 4894 enim
1856 4859 1954 4896 αηιι
1987 4855 2162 4896 νριριοί
2194 4853 2539 4896 Testamento
2567 4846 3048 4896 sanctilicaverint.
3079 4842 3302 4896 fratres.
3326 4841 3436 4896 iam

244 4841 610 4930 abiiéiqahz
636 4858 782 4909 illum
825 4869 933 4922 pra:
969 4851 1128 4930 oculis
1158 4841 1453 4930 (iubeamus.
1479 4914 1489 4924 .
1513 4841 1575 4922 Si
1613 4841 1750 4930 enim

243 4910 568 5000 gustus
597 4937 645 4979 et
675 4910 883 5000 sanctus
913 4919 1270 5000 guadraginta
1313 4916 1422 5000 dies

589 4976 745 5049 multo
787 4976 962 5068 magis
992 5007 1023 5042 a
1059 4976 1202 5068 nobis
1233 4976 1588 5068 peccatoribus
1620 4980 1755 5068 idem

241 5049 565 5140 jejunidrunt
587 5079 824 5119 numerus
845 5049 899 5114 ίῆ
923 5049 1332 5127 Quadragesima
1361 5061 1435 5105 est
1451 5049 1754 5104 servandus.

181 5305 184 5308 ,
248 5247 464 5302 Sancta:
493 5239 918 5310 Quadragesimre
955 5233 1100 5293 dies,
1150 5229 1300 5297 cujus
1326 5227 1483 5281 hodie
1511 5237 1761 5279 curamus

179 5338 502 5402 exordium,
562 5331 832 5402 quomodo
892 5325 1148 5379 Dominus
1207 5319 1535 5386 Redemptor
1581 5321 1763 5367 noster

252 5502 277 5530 η
313 5489 454 5544 Edit.
495 5487 665 5540 Maur.
687 5526 701 5547 ,
729 5481 819 5536 sed
847 5478 1194 5550 paenitentiam
1232 5467 1755 5550 prtrdicaturus‘dact

179 5536 701 5628 trinam-rigarisﬂet'
729 5536 938 5622 jejunii,
983 5547 1212 5617 exemplo
1233 5536 1335 5598 ’δυο
1383 5541 1548 5611 magis
1586 5536 1756 5590 debuit

182 5637 374 5687 docere
403 5644 554 5687 quam
583 5641 718 5679 rore.

254 5647 374 5684 cere
436 5647 554 5680 uam
583 5647 718 5679 race.

253 5703 279 5738 ι’
315 5647 450 5752 Eax.
482 5697 612 5751 edit.
645 5693 833 5756 Maur,
858 5691 1078 5744 ciborum
1110 5685 1310 5740 luxuria
1334 5692 1702 5750 transigantus.

1856 4859 1954 4912 sub
1987 4855 2164 4909 Veteri
2194 4853 2539 4904 Testamento
2567 4846 3048 4905 sanctilicaverint.
3079 4842 3302 4904 fratres,
3323 4841 3436 4908 jam

1857 4948 2055 5018 pluries
2077 4943 2228 4997 vobis
2250 4941 2530 4996 ediximus.
2563 4937 2629 4988 Et
2658 4951 2842 4989 revera
2874 4933 2975 4986 illis
3005 4933 3056 4985 in
3087 4931 3436 4999 quadraginta

1859 5038 2066 5100 diebus,
2089 5034 2280 5102 quibus
2301 5030 2512 5100 Moyses
2541 5036 2700 5095 atque
2728 5024 2870 5076 Elias
2892 5023 2942 5075 in
2975 5021 3140 5074 veteri
3168 5020 3282 5088 lege
3299 5021 3436 5090 jeju-

1862 5129 1948 5183 nia
1994 5133 2179 5181 sancta
2226 5127 2548 5182 servarunt,
2596 5115 2758 5170 veluti
2801 5111 3436 5180 Quadragesimamjeju-

1861 5233 2018 5273 nasse
2041 5254 2055 5277 ,
2098 5222 2259 5282 atque
2287 5211 2423 5264 adeo
2451 5207 2619 5261 sancti
2644 5203 2831 5272 jejunii
2858 5202 2999 5270 quod
3026 5201 3184 5256 hodie
3213 5201 3436 5255 inchoa-

1864 5323 2000 5372 mus,
2029 5303 2193 5358 veluti
2223 5310 2406 5371 typum
2427 5298 2809 5367 prmligurasse,
2835 5288 3101 5346 sanctitati
3121 5296 3310 5344 vestri:
3333 5283 3444 5354 jam

1935 5472 1954 5499 ε
1989 5458 2119 5512 Ead.
2150 5456 2302 5519 edit.,
2331 5463 2381 5506 et
2399 5451 2639 5520 su/farta.

1933 5527 1958 5566 ἀ
1991 5529 2121 5581 Ead.
2146 5526 2296 5587 edit.,
2331 5522 2442 5575 Nec
2468 5528 2632 5590 putes.

1939 5608 1961 5638 ε
1992 5598 2126 5650 Ead.
2155 5595 2284 5648 edit.
2313 5593 2512 5647 omittit
2534 5591 2606 5642 in.

1941 5668 1958 5707 ί
1997 5669 2070 5721 Ea
2091 5667 2124 5718 l.
2153 5665 2306 5729 edit.,
2336 5661 2606 5732 prandisse
2634 5668 2679 5712 te
2705 5655 2982 5729 gaudeam.
