4054 6190
556 331 662 387 579

559 575 573 590 .
654 575 669 589 .
749 573 764 589 .
843 572 858 588 .
939 573 953 588 .
1030 572 1046 588 .
1127 573 1141 588 .
1214 531 1271 587 Si
1308 532 1450 588 enim
1493 531 1712 606 libyses
1735 533 2138 605 lsraeliticipo-

552 626 798 696 puli‘dux
841 632 1001 692 atque
1027 623 1280 685 salvator,
1322 622 1413 691 qui
1441 621 1606 676 vitam
1645 636 1798 676 suam
1831 623 2141 678 immacula-

553 726 660 771 tam
691 716 764 770 ita
791 722 1142 782 transegerat,
1164 721 1220 767 ut
1239 713 1498 767 meruerit
1525 712 1728 782 pl‘uries
1754 727 1882 766 cum
1909 711 2139 768 Domino

552 809 696 878 loqui
726 807 859 862 facie
881 806 948 860 ad
975 806 1164 860 faciem
1181 846 1194 868 ,
1229 813 1390 874 prout
1417 805 1555 859 solet
1583 804 1789 858 amicus
1817 819 1938 859 cum
1961 805 2137 859 amico

550 913 667 961 suo,
700 912 868 966 quare
896 912 999 951 nos
1023 897 1186 968 556
1209 897 1300 965 qui
1326 895 1790 950 innumerabilium
1816 895 2131 952 delictorum

550 987 790 1056 pondere
829 987 1126 1056 premimur
1167 995 1329 1055 atque
1368 985 1694 1055 aporiamur,
1720 984 1920 1053 jejunia
1947 994 2130 1040 sancta

551 1093 656 1132 non
687 1078 1128 1133 observabimus?
1155 1076 1212 1132 Si
1241 1077 1332 1130 ille
1359 1077 1449 1144 qui
1474 1075 1654 1144 justus
1682 1083 1798 1129 erat
1825 1084 1986 1145 atque
2007 1091 2134 1131 san-

545 1175 666 1221 ctus
713 1166 975 1235 jejunavit
999 1205 1015 1232 ,
1057 1181 1225 1235 quare
1269 1179 1387 1232 nos,
1417 1165 1508 1233 qui
1538 1164 1703 1232 iniqui
1736 1171 1791 1218 et
1818 1172 2133 1234 peccatores

546 1270 739 1309 sumus
762 1296 777 1320 ,
825 1255 878 1310 id
915 1254 1092 1311 facere
1139 1254 1422 1309 nolumus?
1467 1253 1534 1308 Si
1562 1253 1607 1307 is
1633 1253 1725 1323 qui
1751 1261 1869 1306 erat
1893 1252 2131 1322 humilis,

551 1354 860 1400 mansuetus
889 1355 944 1400 et
973 1356 1190 1400 castus.
1269 1384 1283 1396 .
1363 1383 1378 1397 .
1457 1383 1472 1398 .
1547 1382 1566 1398 .
1645 1383 1659 1398 .
1740 1383 1753 1395 .
1833 1382 1846 1397 .
1926 1383 1940 1397 .
2020 1383 2034 1397 .
2109 1383 2127 1400 .

544 1452 644 1492 cur
697 1451 794 1491 nos
843 1436 1096 1506 superbi,
1149 1436 1305 1500 irati,
1351 1444 1405 1490 et
1446 1436 1842 1490 incontinentes
1872 1435 1923 1489 id
1955 1435 2131 1491 facere

549 1527 898 1594 negligimus?
937 1526 1005 1580 Si
1021 1526 1235 1580 demum
1263 1527 1370 1588 ille,
1401 1526 1492 1596 qui
1524 1525 1701 1580 Deum
1721 1526 1773 1579 in
1800 1527 2049 1581 omnibus
2073 1533 2137 1581 et-

548 1633 713 1690 super
739 1619 919 1673 omnia
951 1625 1065 1673 toto
1096 1618 1292 1673 mentis
1319 1617 1558 1672 ail‘ectu.
1635 1655 1651 1672 .
1728 1656 1745 1672 .
1823 1655 1839 1672 .
1917 1655 1933 1671 .
2007 1658 2029 1671 .
2108 1657 2123 1672 .

1763 330 1822 386 S.
1867 329 2107 384 MAXIM!
2146 329 2599 388 TAURINENSIS

552 441 2816 513 aliasexposuimus............A.......

3718 334 3818 389 εδει

2890 459 3064 518 quare
3098 463 3217 512 nos,
3247 446 3338 516 qui
3365 456 3579 500 terrena
3609 463 3825 518 semper.

2238 536 2498 606 sapimus,
2528 535 2818 592 ad'ead'em
2842 545 2957 594 toto
2986 539 3185 593 mentis
3211 538 3406 592 all‘cctu
3514 577 3533 593 .
3613 577 3628 592 .
3709 579 3727 595 .
3801 579 3826 594 α

2242 656 2257 680 δ
2337 665 2352 680 .
2431 664 2446 678 .
2526 665 2541 680 .
2621 665 2636 680 .
2713 664 2728 681 .
2901 665 2922 682 ,μ
2994 667 3009 682 .
3085 627 3154 683 de
3200 627 3286 681 his
3340 641 3556 696 semper
3615 629 3822 696 cogita-

2236 733 2382 783 mus,
2417 717 2494 771 de’
2511 716 2785 773 Deo-vero
2820 733 3095 789 nunquam
3125 720 3222 774 his
3237 727 3444 774 sanctas
3463 718 3824 790 Quadragesi-

2237 823 2346 863 mar
2385 809 2576 864 diebus
2609 809 2870 880 jejunio.
2950 849 2968 866 .
3043 851 3058 866 .
3136 851 3155 866 .
3235 851 3251 866 .
3328 850 3345 865 .
3423 849 3448 865 .-
3517 847 3543 866 .-
3615 850 3634 867 .
3710 851 3727 868 .
3801 851 3817 868 .

2241 899 3818 959 Verum...............

2239 1005 2405 1058 quare
2429 990 2647 1061 Moyses
2663 992 3012 1060 quadraginta
3043 992 3248 1047 dierum
3267 991 3688 1062 jejuniarsancta
3715 1009 3822 1049 ser-

2236 1082 2398 1146 vavit,
2432 1090 2497 1136 nt-
2515 1082 2686 1150 legem
2716 1083 2830 1145 Dei,
2851 1083 3023 1152 inquit
3053 1098 3230 1138 sermo
3254 1083 3488 1148 divinus,
3520 1092 3822 1139 mereretur

2235 1171 2500 1240 accipere.
2548 1171 2768 1241 (Desunt
2806 1172 2888 1226 hic
2923 1173 2978 1226 in
3007 1173 3262 1244 originali
3279 1174 3382 1227 tria
3411 1174 3541 1245 folia
3567 1174 3694 1243 ﬁnis
3721 1189 3818 1226 au»

2236 1268 2348 1314 teme
2358 1271 2435 1314 est
2457 1260 2801 1333 hujusmodi.)

2306 1348 2590 1405 Credendo
2634 1352 2804 1420 igitur
2836 1360 2892 1406 et
2931 1352 3089 1407 bonis
3114 1353 3369 1423 operibus
3393 1361 3713 1408 constanter
3738 1353 3818 1407 in-

2235 1440 2518 1504 hmrcndo,
2557 1440 3028 1510 periculum-quod
3057 1442 3585 1512 videmus-superare
3613 1442 3816 1512 pateri-

2234 1547 2373 1596 mus,
2397 1539 2685 1602 prtestanb'e
2708 1531 2936 1588 Domino
2953 1540 3144 1589 nostro
3165 1533 3548 1590 Jesuﬂhristo.
3564 1530 3814 1604 Esplieit.

1907 1710 2177 1771 SERMO
2220 1713 2454 1774 XXIV.

1864 1805 1946 1860 De
1971 1807 2382 1882 Quadragesi'ma
2411 1810 2482 1864 Χ.

1999 1899 2394 1957 ADM-ONITIO'.

618 1989 891 2069 Eii-supra
919 1989 1136 2069 lanudato
1163 1989 1351 2069 colice
1379 1991 1692 2069 monasterii
1717 1991 1784 2048 de
1816 1991 2088 2062 Appaunis
2119 1991 2460 2065 depromptie'
2479 2004 2605 2052 sunt
2639 1997 2723 2053 ha:
2750 1995 2808 2054 S.
2836 1995 3050 2052 Maximi
3087 1998 3351 2054 sermonis
3378 1999 3659 2069 reliquiae,
3686 2001 3816 2056 titu-

545 2061 630 2114 lus
656 2077 669 2113 ε
705 2059 836 2114 [tein
855 2060 920 2114 de
943 2059 1353 2144 Quadragesima
1377 2077 1544 2115 sermo
1572 2060 1713 2115 XII.

544 2151 936 2229 Anapusuruu.
961 2151 1371 2229 T—_Adhortatur
1411 2152 1472 2207 S.
1526 2151 1791 2229 llas-imus
1829 2153 2127 2229 ﬁdetes,_ut
2162 2158 2203 2218 Β
2232 2157 2332 2227 prii
2397 2159 2703 2229 patrimonii
2759 2157 3024 2229 stipendia
3068 2158 3308 2227 largitur.
3376 2157 3442 2212 Et
3496 2162 3628 2213 tunc
3667 2159 3818 2227 quod

611 2222 709 2277 sibi
730 2222 936 2292 jejunia
964 2223 1264 2286 indicentes,
1290 2223 1510 2292 primum
1531 2224 1665 2276 vitiis
1702 2222 2011 2288 renuntient,
2033 2224 2127 2277 im-

615 2291 888 2363 pleant’que
913 2302 1110 2346 sancta:
1129 2291 1474 2346 miserationis
1497 2293 1683 2362 ofﬁcia.

617 2426 881 2494 Quoniam
899 2467 916 2495 ,
947 2427 1165 2492 fratres,
1195 2427 1457 2483 hodierna
1487 2427 1574 2483 die
1602 2429 1958 2483 sacratissima
1983 2427 2131 2494 Qua-

546 2518 862 2587 dragesima:
892 2533 1144 2572 curamus
1171 2518 1349 2584 initia,
1373 2519 1442 2573 de
1458 2518 1665 2588 jejunio
1693 2519 2128 2588 Quadragesimte

541 2607 2118 2664 cumsanctitatevestra..........

544 2832 560 2846 .
645 2832 662 2847 .
739 2833 756 2849 .
833 2831 850 2849 .
927 2831 946 2850 .
1025 2833 1042 2850 .
1116 2832 1142 2849 ..
1207 2793 1362 2865 (ila-4
1401 2795 1456 2847 in
1503 2793 1752 2864 θήθὶωᾶ
1795 2793 2127 2862 omnino-pe-

542 2886 692 2950 riere,
715 2884 858 2939 deest
878 2893 1137 2955 praeterea
1154 2885 1412 2956 integrum
1440 2881 1766 2955 folium-hec
1795 2882 1938 2938 aliud
1963 2897 2130 2937 rema-

543 2985 630 3030 net
656 2977 756 3031 nisi
785 2993 998 3049 sequens
1019 2977 1409 3048 fragmentum.)

1013 3080 1141 3134 ergo
1163 3066 1373 3121 animus
1384 3066 1652 3137 praecipue
1673 3081 1704 3120 a
1720 3065 1876 3120 malis
1887 3063 2115 3134 jejunet.

539 3157 640 3224 Qui
670 3156 815 3211 enim
843 3156 1057 3227 corpori
1085 3172 1183 3211 suo
1204 3155 1407 3226 jejunia
1435 3164 1618 3211 sancta
1657 3155 1883 3212 devotus
1934 3153 2124 3209 indicit

541 3249 769 3318 primum
799 3249 944 3304 vitiis
963 3249 1157 3318 quibus
1177 3257 1337 3305 antea
1365 3249 1547 3304 infelix
1575 3249 1802 3303 adhaesit
1827 3246 2119 3313 renuntiat,

541 3357 715 3410 prava:
742 3341 1048 3412 cupiditatis
1068 3341 1304 3396 fomitem
1326 3341 1652 3412 comprimit,
1683 3340 1897 3396 Satanae
1926 3340 2125 3395 mentis

548 3433 776 3502 impetus
822 3431 1054 3500 frangit,
1096 3447 1292 3504 caecam
1340 3433 1612 3488 libidinem
1658 3433 1854 3497 vincit,
1887 3432 2123 3486 avaritiae

539 3521 686 3579 faces
709 3524 1028 3591 exstinguit,
1064 3523 1328 3594 latiusque
1360 3525 1517 3581 bonis
1555 3525 1810 3596 operibus
1851 3526 1954 3579 vim
1982 3524 2126 3578 (ωε-

2234 2249 2486 2305 ardenter
2508 2258 2675 2320 Optat,
2708 2249 2864 2320 [‘57.
2894 2257 3043 2305 certe
3071 2249 3314 2305 obtinere
3330 2250 3551 2319 poterit,
3586 2250 3630 2303 si
3663 2258 3817 2304 cato

2232 2354 2460 2408 corpore
2489 2341 2776 2408 animoque
2803 2338 3032 2404 devoto,
3065 2354 3162 2408 per
3193 2347 3394 2393 sancta:
3421 2339 3818 2394 observationis

2231 2445 2413 2484 curam
2461 2429 2700 2498 quisquis
2731 2428 2960 2483 incedat.
3009 2427 3165 2492 limo,
3215 2427 3434 2491 fratues,
3467 2435 3594 2482 sunt
3619 2429 3818 2496 quibus

2231 2520 2393 2574 homo
2421 2529 2474 2575 et
2499 2519 2731 2575 refectus
2760 2520 2880 2575 cibo
2897 2519 3202 2588 frequenter
3228 2519 3478 2588 impeth
3503 2518 3652 2587 quod
3683 2534 3817 2573 emo

2230 2619 2363 2680 ptat,
2391 2618 2446 2666 et
2469 2609 2717 2679 jejunans
2741 2611 2944 2679 majora
2986 2610 3336 2678 consequitur
3357 2610 3576 2679 praemia
3617 2609 3816 2664 sancti-

2233 2703 2388 2758 tatis.
2411 2702 2540 2756 Tale
2564 2701 2825 2771 jejunium
2849 2700 3122 2756 Christum
3149 2700 3400 2763 delectat,
3425 2701 3494 2754 ad
3517 2716 3680 2770 quem
3713 2715 3814 2756 nec

2231 2791 2535 2847 obtinenda:
2565 2791 2875 2861 temporalis
2897 2779 3084 2859 gloriae
3103 2791 3234 2853 ,-vel
3263 2791 3572 2845 cumulandi
3603 2799 3812 2845 tantum

2227 2883 2609 2953 patrimonium
2663 2883 2926 2953 cupiditas
2974 2882 3146 2936 inanis
3191 2882 3469 2947 accendit;
3516 2883 3613 2938 sed
3656 2893 3815 2952 uiget

2219 2989 2438 3046 semper
2463 2974 2706 3030 sincerus
2738 2975 3012 3043 religionis
3039 2975 3282 3040 affectas,
3323 2983 3484 3046 atque
3512 2977 3709 3032 devota
3739 3019 3756 3033 .
3789 3017 3810 3032 .

2229 3102 2246 3120 .
2280 3104 2294 3118 .
2330 3103 2345 3119 .
2379 3104 2392 3118 .
2429 3106 2445 3120 .
2478 3105 2492 3118 .
2523 3079 2684 3133 quam
2725 3081 2844 3118 cum
2894 3063 3093 3119 fuerint
3137 3067 3394 3120 comitata
3438 3065 3603 3136 358
3629 3067 3810 3136 plenae

2224 3156 2438 3225 pietatis
2463 3154 2659 3217 oﬂicia,
2691 3164 2947 3224 quantum
2969 3155 3059 3210 ille
3086 3155 3304 3221 valebit,
3333 3164 3546 3210 tantum
3571 3157 3660 3211 ille
3682 3171 3814 3226 pro-

2230 3246 2399 3311 ticiet;
2431 3253 2592 3314 atque
2623 3245 2694 3298 ita
2715 3245 2922 3313 agendo
2944 3254 3262 3315 praesentem
3284 3246 3568 3300 Dominum
3593 3262 3812 3318 semper

2229 3335 2408 3389 statim
2454 3333 2674 3388 habebit
2714 3342 2875 3404 atque
2904 3335 3212 3404 propitium.
3258 3333 3428 3405 ltiiple
3449 3350 3579 3404 ergo
3605 3344 3811 3392 sancta

2228 3425 2590 3480 miserationis
2619 3421 2813 3490 oﬂicia,
2857 3432 2913 3479 et
2942 3433 3032 3478 tua
3061 3424 3406 3480 sanctiﬁcasti
3429 3424 3654 3494 jejunia.
3701 3425 3810 3480 νε-

2227 3517 2297 3570 sti
2327 3515 2556 3580 nudum,
2587 3515 2927 3584 peregrinum
2953 3514 3184 3584 hospitio
3213 3513 3478 3569 contende
3505 3515 3804 3586 suscipere.

535 3613 734 3670 ctionis
759 3613 1036 3680 extendit,
1067 3621 1231 3684 atque
1259 3615 1314 3670 in
1341 3615 1649 3672 alimoniam
1678 3630 1974 3687 pauperum
2002 3630 2126 3685 pro-
2231 3606 2628 3677 (Desideranm
2656 3604 2738 3657 hic
2766 3605 2939 3658 decem
2963 3603 3160 3674 linem.)
3194 3603 3442 3675 Explicit.

1907 3704 2175 3760 SERMO
2220 3699 2423 3760 XXV.

1907 3704 2175 3770 SERMO
2220 3703 2423 3763 XXV.

1841 3809 1916 3867 De
1943 3806 2352 3878 Quadragesima
2379 3798 2492 3856 XI.

1959 3891 2350 3953 ADMONITIO.

604 3992 650 4045 Δ
670 3988 952 4060 Gennadio
980 3988 1242 4060 docemur
1267 3989 1324 4044 S.
1357 3988 1647 4060 niaximum
1663 3986 1754 4060 De
1773 3988 1976 4060 jejunio
2003 3985 2217 4060 speciali
2257 3980 2718 4060 .Quadragesitnm,
2741 3980 2954 4060 etquod
2980 3997 3083 4060 non
3097 3982 3171 4036 sit
3196 3981 3250 4060 in
3271 3998 3332 4060 eo
3346 3981 3633 4060 iocandum
3658 3995 3798 4060 cog-

530 4063 743 4115 cionem
787 4058 1058 4125 habuisse.
1106 4057 1223 4114 Non
1276 4057 1524 4114 eumdem
1554 4049 1792 4120 titulum;
1824 4049 1933 4111 'sed
1962 4049 2087 4111 huic
2115 4053 2434 4125 proximum
2467 4049 2770 4106 invenimus
2797 4051 2850 4105 in
2899 4049 3111 4125 duobus
3155 4049 3597 4125 celebratissimis
3639 4055 3802 4110 codi-

530 4130 682 4184 cibus
730 4127 800 4182 90
844 4134 899 4182 et
947 4123 1023 4182 99‘
1061 4125 1117 4181 S.
1144 4126 1331 4184 Crucis
1366 4129 1418 4182 in
1445 4125 1760 4192 Jerusalem,
1788 4120 2174 4197 prmiixumqﬁe
2202 4122 2438 4197 sermoni
2468 4135 2638 4197 queui
2650 4135 2820 4197 ‘nunc
2843 4120 3114 4197 prodityri
3135 4136 3345 4197 sumus._
3364 4120 3578 4197 Habeat
3605 4125 3750 4178 enim
3773 4144 3793 4178 :

531 4197 675 4270 [teut
697 4199 989 4270 sequentia,
1008 4207 1061 4251 et
1087 4206 1312 4269 tempore
1332 4199 1649 4270 jejuniomin
1672 4189 1774 4270 non
1790 4189 2191 4270 iluxuriandum.
2224 4192 2280 4247 ln
2303 4189 2579 4270 vetustiori
2705 4199 2788 4245 est
2813 4189 3003 4245 sermo
3014 4189 3104 4270 31.8,
3123 4198 3194 4270 _et'
3218 4191 3283 4245 in
3299 4191 3470 4270 altero
3497 4190 3578 4270 99_
3612 4208 3795 4270 sermo

526 4267 616 4326 36.
635 4258 800 4322 Nemo
819 4258 1198 4336 enimignorat'
1214 4258 1436 4324 verb'uin
1465 4268 1735 4322 luxuriare
1764 4267 1901 4336 idem
1932 4266 2234 4336 exprimere
2259 4278 2322 4318 ac
2335 4261 2538 4336 deliciis
2545 4261 2790 4336 iocisque
2803 4258 3210 4336 vacaretco‘dex
3221 4270 3402 4336 autem
3419 4260 3790 4336 Taurinensis,

524 4327 1091 4410 cujus__testi_monium
1120 4338 1197 4410 _in
1236 4339 1702 4410 continuationem
1727 4327 2126 4410 aﬂ‘erimus'hac
2154 4334 2318 4410 utitur
2347 4327 2717 4410 inscriptione.
2746 4328 2878 4382 Item
2905 4327 3488 4410 etnde‘Quadragesima
3516 4347 3686 4410 sergio
3704 4331 3789 4410 .

527 4398 857 4463 Be'nedictini
886 4407 1133 4461 monachi
1162 4421 1414 4476 congreg.
1449 4405 1506 4460 S.
1539 4406 1706 4460 Mauri
1737 4408 1887 4462 hunc
1917 4419 2218 4461 sermonem
2249 4404 2302 4456 in
2322 4398 2696 4476 appendicem
2740 4414 2916 4476 δεηηᾷ
2954 4398 3012 4453 S.
3037 4398 3486 4476 Augustininum.
3521 4398 3624 4476 μϐ
3652 4401 3788 4476 edit.

526 4477 784 4550 Antuerp.
819 4475 975 4550 1700,
1001 4467 1628 4550 pag._181_:reiulerunt,
1658 4485 1938 4531 monentes
1967 4489 2088 4550 eum
2113 4475 2163 4528 in
2177 4467 2435 4550 .quodafn‘
2457 4469 2771 4550 Remigiano
2800 4467 3005 4532 codice,
3032 4477 3094 4550 et
3122 4469 3175 4550 in
3199 4469 3523 4550 editionibus
3547 4469 3790 4550 _Ambro_-

519 4547 605 4599 sio
631 4538 870 4608 attribui,
896 4538 1145 4599 et’vidéri
1171 4538 1298 4615 ipsis
1321 4545 1614 4600 Caesarium
1630 4560 1839 4613 sapere,
1866 4561 1988 4601 cum
2011 4546 2054 4601 is
2082 4538 2256 4598 acrius
2281 4549 2468 4615 contra
2496 4538 2784 4615 venatores
2812 4538 3094 4592 exarserit.
3117 4538 3216 4615 _At
3261 4539 3512 4615 quamvis
3530 4539 3791 4615 doctissi-

519 4630 731 4670 morum
754 4605 1062 4689 criticorum
1084 4605 1646 4689 seuientiamplurimi
1675 4605 1872 4689 habere
1898 4610 2458 4689 frequentcruprofessi
2483 4611 2668 4673 simus,
2693 4609 2775 4662 his
2799 4605 3362 4689 tam_en.prmfere‘ndus
3384 4608 3543 4689 nobis
3569 4610 3789 4663 videtur

519 4684 1083 4752 ptmstantissimorum
1113 4683 1357 4738 codicum
1387 4677 1449 4738 ρι’
1465 4681 1727 4738 Gennadii
1749 4677 2063 4739 consensus.
2095 4677 2432 4737 Nihil‘autem
2459 4693 2750 4746 moramur,
2773 4677 2920 4746 quod
2939 4677 3089 4732 aiunt
3114 4677 3181 4733 de
3201 4677 3456 4732 Caesarie.
3480 4678 3615 4732 Nam
3636 4694 3787 4734 com-

525 4754 709 4820 plures
728 4754 804 4808 de‘
824 4753 1012 4809 eadem
1044 4769 1102 4808 re
1129 4755 1418 4823 scriptores
1447 4754 1648 4820 egisse,
1667 4755 1795 4810 satis
1822 4755 2093 4823 cognitum
2110 4759 2534 4823 perceptumque
2556 4757 2658 4802 est.

520 4843 1202 4919 Mensarum—Inutile
1228 4861 1339 4919 esse
1358 4846 1616 4919 jejunium
1643 4847 1780 4919 quod
1807 4849 2037 4902 animum
2065 4863 2098 4900 a
2123 4847 2166 4907 ρ
2200 4843 2498 4906 modemus,
2531 4851 2696 4910 atque.
2740 4838 2880 4904 ideo,
2912 4837 3106 4895 fratres
3130 4837 3486 4906 dilectissimi,
3517 4839 3786 4909 inspicere

583 4916 875 4988 perditione
921 4933 1047 4988 non
1069 4916 1252 4988 liberat
1282 4915 1632 4988 SJfaatimus
1657 4915 1855 4981 'docet;
1907 4933 2091 4988 eosque

583 4985 840 5054 imprimis
880 4986 1203 5057 reprehendit
1247 4987 1334 5056 qui
1355 4995 1463 5041 tota
1485 4986 1566 5040 die
1592 4987 1942 5041 venationibus
1964 4985 2091 5040 dant

585 5057 920 5134 operam,_qui
939 5073 1110 5110 servos
1132 5057 1310 5127 ﬂagris
1334 5057 1536 5110 credunt
1553 5057 1812 5126 poenisque
1841 5057 2088 5134 inﬁciunt,

585 5125 869 5203 quianagis
893 5140 1077 5203 canum
1106 5125 1255 5203 quam
1284 5125 1748 5203 seruorum'cu‘ram
1773 5125 1952 5203 gerunt
1969 5127 2088 5203 ςλα-

573 5191 799 5268 junium
833 5206 952 5245 esset
980 5197 1058 5268 ait
1077 5191 1312 5252 salutare
1339 5204 1489 5268 atque
1516 5191 1815 5268 perfectum,
1845 5196 1890 5248 si
1916 5191 2090 5249 anima

581 5261 872 5336 terrentur
896 5277 930 5313 a
947 5263 1100 5328 uitiis,
1119 5267 1164 5319 si
1189 5261 1416 5334 prandia
1439 5261 1618 5321 nostra
1637 5265 1885 5336 fratribus
1898 5275 1953 5320 et
1966 5281 2093 5336 pau-

579 5327 788 5401 peribus
807 5327 1092 5401 erogemus.

581 5461 824 5518 Diximus
845 5462 1124 5532 superiore
1151 5463 1421 5522 dominica
1447 5467 1552 5522 hoc
1597 5479 1718 5522 esse
1743 5464 1869 5521 tidei
1897 5472 2093 5521 nostra:

507 5567 649 5624 opus
671 5553 928 5624 primum,
956 5561 1018 5608 ut
1057 5555 1250 5614 horum
1278 5556 1630 5626 quadraginta
1657 5557 1866 5612 dierum
1913 5555 2091 5612 curri-

507 5644 634 5700 culo
653 5644 998 5702 devotissime
1015 5644 1341 5716 jejunemus,
1367 5654 1426 5701 et
1453 5647 1608 5702 istam
1629 5663 1748 5704 esse
1773 5663 1991 5704 causam
2011 5663 2092 5704 sa-

508 5735 636 5792 lutis
658 5744 872 5807 nostrae,
903 5738 946 5793 si
967 5739 1070 5795 hoc
1099 5746 1341 5807 tempore
1360 5733 1694 5794 abstinentia:
1715 5753 1933 5808 operam
1949 5755 2093 5795 com-

1194 5855 1280 5881 -o_‘
1313 5871 1352 5884 ‘-

2194 4932 2450 4987 debemus
2486 4941 2606 4998 qua
2633 4930 2703 4984 sit
2731 4928 2888 4997 hujus
2911 4928 3081 4983 forma
3095 4929 3306 4998 jejunii,
3339 4938 3398 4982 ut
3426 4929 3788 4999 respiciamus

2197 5031 2397 5093 quanta
2426 5023 2495 5076 sit
2523 5021 2638 5090 ejus
2667 5021 2889 5076 utilitas.
2923 5021 3018 5076 Est
3046 5021 3187 5075 enim
3213 5020 3481 5074 interdum
3512 5020 3705 5076 inutile
3729 5032 3783 5076 et

2193 5115 2351 5169 inane
2390 5112 2670 5182 jejunium,
2701 5112 2845 5181 quod
2871 5113 2995 5168 licet
3024 5120 3262 5167 ventrem
3291 5119 3347 5166 et
3369 5113 3551 5166 omnia
3573 5113 3781 5168 viscera

2191 5220 2353 5260 succo
2381 5204 2674 5259 saturitatis
2703 5202 3006 5268 exhauriat,
3033 5219 3143 5257 non
3167 5211 3342 5256 tamen
3383 5211 3664 5272 acceptum
3695 5212 3782 5258 est

2194 5293 2327 5355 Deo,
2358 5292 2482 5361 quia
2514 5301 2748 5348 mentem
2778 5300 2832 5346 et
2863 5291 3080 5346 intimos
3107 5304 3297 5345 sensus
3318 5291 3538 5346 minime
3555 5292 3776 5347 vinculo

2197 5383 2491 5454 iniquitatis
2512 5391 2758 5438 evacuat.
2787 5382 2924 5450 Quid
2947 5383 3089 5437 enim
3114 5382 3335 5452 prodest
3372 5381 3621 5450 jejunare
3661 5385 3775 5438 vis~

2193 5474 2423 5536 ceribus,
2455 5480 2513 5527 et
2535 5471 2812 5527 luxuriare
2835 5471 3148 5537 venatibus;
3196 5471 3474 5527 abstinere
3520 5471 3686 5537 cibis...
3717 5483 3780 5528 et

2197 5577 2379 5618 errare
2401 5562 2663 5632 peccatis;
2695 5561 2956 5631 castigare
2983 5577 3181 5632 corpus
3197 5561 3394 5625 inedia,
3426 5563 3610 5617 vinum
3634 5561 3780 5618 forte

2195 5669 2300 5706 non
2331 5654 2535 5721 bibere,
2561 5661 2609 5708 et
2643 5653 2847 5708 ebrium
2881 5654 3204 5722 cogitatione
3231 5654 3582 5722 malignitatis
3619 5671 3773 5710 mce-

2191 5743 2357 5797 dcre?
2387 5741 2495 5796 Nisi
2524 5741 2666 5810 quod
2699 5741 2902 5797 facilior
2931 5757 3093 5796 causa
3123 5751 3206 5797 est
3233 5742 3398 5798 saturi
3428 5743 3541 5797 sive
3592 5752 3768 5800 temu-
