  <div class='ocr_page' id='page_1' title='image "/cluster/home/n/w/nwhite01/storage/ocr_20150623/57/hvd.32044054758669/306.png"; bbox 0 0 4054 6190; ppageno 0'>
   <div class='ocr_carea' id='block_1_1' title="bbox 190 343 286 397">
    <p class='ocr_par' dir='ltr' id='par_1_1' title="bbox 190 343 286 397">
     <span class='ocr_line' id='line_1_1' title="bbox 190 343 286 397; baseline 0 0"><span class='ocrx_word' id='word_1_1' title='bbox 190 343 286 397; x_wconf 57' lang='grc' dir='ltr'><strong>Μ</strong></span> 
     </span>
    </p>
   </div>
   <div class='ocr_carea' id='block_1_2' title="bbox 1596 332 2043 388">
    <p class='ocr_par' dir='ltr' id='par_1_2' title="bbox 1596 332 2043 388">
     <span class='ocr_line' id='line_1_2' title="bbox 1596 332 2043 388; baseline -0.009 1"><span class='ocrx_word' id='word_1_2' title='bbox 1596 332 1827 388; x_wconf 73' lang='lat' dir='ltr'><strong>SERllO</strong></span> <span class='ocrx_word' id='word_1_3' title='bbox 1868 332 2043 386; x_wconf 67' lang='lat' dir='ltr'><strong>XXVI.</strong></span> 
     </span>
    </p>
   </div>
   <div class='ocr_carea' id='block_1_3' title="bbox 3352 336 3454 391">
    <p class='ocr_par' dir='ltr' id='par_1_3' title="bbox 3352 336 3454 391">
     <span class='ocr_line' id='line_1_3' title="bbox 3352 336 3454 391; baseline 0.01 -1"><span class='ocrx_word' id='word_1_4' title='bbox 3352 336 3454 391; x_wconf 68' lang='grc' dir='ltr'><strong>’ςδε</strong></span> 
     </span>
    </p>
   </div>
   <div class='ocr_carea' id='block_1_4' title="bbox 186 439 3454 518">
    <p class='ocr_par' dir='ltr' id='par_1_4' title="bbox 186 439 3454 518">
     <span class='ocr_line' id='line_1_4' title="bbox 186 439 3454 518; baseline -0.001 -13"><span class='ocrx_word' id='word_1_5' title='bbox 186 451 345 518; x_wconf 87' lang='lat' dir='ltr'><strong>lenti,</strong></span> <span class='ocrx_word' id='word_1_6' title='bbox 398 461 559 518; x_wconf 83' lang='lat' dir='ltr'><strong>quam</strong></span> <span class='ocrx_word' id='word_1_7' title='bbox 601 447 775 516; x_wconf 83' lang='lat' dir='ltr'><strong>iniqui</strong></span> <span class='ocrx_word' id='word_1_8' title='bbox 819 448 1023 518; x_wconf 87' lang='lat' dir='ltr'><strong>pariter</strong></span> <span class='ocrx_word' id='word_1_9' title='bbox 1048 444 1307 516; x_wconf 90' lang='lat' dir='ltr'><strong>etjcjuni.</strong></span> <span class='ocrx_word' id='word_1_10' title='bbox 1340 443 1433 500; x_wconf 85' lang='lat' dir='ltr'><strong>ille</strong></span> <span class='ocrx_word' id='word_1_11' title='bbox 1460 443 1611 498; x_wconf 86' lang='lat' dir='ltr'><strong>enim</strong></span> <span class='ocrx_word' id='word_1_12' title='bbox 1633 457 1761 513; x_wconf 85' lang='lat' dir='ltr'><strong>pec-</strong></span> <span class='ocrx_word' id='word_1_13' title='bbox 1795 451 1844 508; x_wconf 77' lang='grc' dir='ltr'><strong>Α</strong></span> <span class='ocrx_word' id='word_1_14' title='bbox 1872 442 1925 495; x_wconf 93' lang='lat' dir='ltr'><strong>in</strong></span> <span class='ocrx_word' id='word_1_15' title='bbox 1954 440 2039 495; x_wconf 84' lang='lat' dir='ltr'><strong>his</strong></span> <span class='ocrx_word' id='word_1_16' title='bbox 2064 439 2255 495; x_wconf 81' lang='lat' dir='ltr'><strong>diebus</strong></span> <span class='ocrx_word' id='word_1_17' title='bbox 2294 454 2469 496; x_wconf 72' lang='lat' dir='ltr'><strong>servo</strong></span> <span class='ocrx_word' id='word_1_18' title='bbox 2500 454 2610 496; x_wconf 89' lang='lat' dir='ltr'><strong>non</strong></span> <span class='ocrx_word' id='word_1_19' title='bbox 2651 441 2844 511; x_wconf 90' lang='lat' dir='ltr'><strong>parcit,</strong></span> <span class='ocrx_word' id='word_1_20' title='bbox 2896 442 3123 499; x_wconf 83' lang='lat' dir='ltr'><strong>minime</strong></span> <span class='ocrx_word' id='word_1_21' title='bbox 3162 444 3454 515; x_wconf 79' lang='lat' dir='ltr'><strong>respiciens</strong></span> 
     </span>
    </p>
   </div>
   <div class='ocr_carea' id='block_1_5' title="bbox 185 534 1768 609">
    <p class='ocr_par' dir='ltr' id='par_1_5' title="bbox 185 534 1768 609">
     <span class='ocr_line' id='line_1_5' title="bbox 185 534 1768 609; baseline -0.006 -12"><span class='ocrx_word' id='word_1_22' title='bbox 185 555 316 597; x_wconf 82' lang='lat' dir='ltr'><strong>care</strong></span> <span class='ocrx_word' id='word_1_23' title='bbox 335 536 624 609; x_wconf 83' lang='lat' dir='ltr'><strong>aliquando</strong></span> <span class='ocrx_word' id='word_1_24' title='bbox 649 537 864 603; x_wconf 76' lang='lat' dir='ltr'><strong>desinit,</strong></span> <span class='ocrx_word' id='word_1_25' title='bbox 888 538 980 606; x_wconf 89' lang='lat' dir='ltr'><strong>qui</strong></span> <span class='ocrx_word' id='word_1_26' title='bbox 1029 537 1208 593; x_wconf 89' lang='lat' dir='ltr'><strong>ebrius</strong></span> <span class='ocrx_word' id='word_1_27' title='bbox 1236 534 1524 605; x_wconf 83' lang='lat' dir='ltr'><strong>aliquando</strong></span> <span class='ocrx_word' id='word_1_28' title='bbox 1567 534 1768 589; x_wconf 89' lang='lat' dir='ltr'><strong>obdor-</strong></span> 
     </span>
    </p>
   </div>
   <div class='ocr_carea' id='block_1_6' title="bbox 184 624 1771 696">
    <p class='ocr_par' dir='ltr' id='par_1_6' title="bbox 184 624 1771 696">
     <span class='ocr_line' id='line_1_6' title="bbox 184 624 1771 696; baseline -0.005 -11"><span class='ocrx_word' id='word_1_29' title='bbox 184 631 320 696; x_wconf 50' lang='lat' dir='ltr'><strong>mit»;</strong></span> <span class='ocrx_word' id='word_1_30' title='bbox 367 629 458 684; x_wconf 87' lang='lat' dir='ltr'><strong>hic</strong></span> <span class='ocrx_word' id='word_1_31' title='bbox 510 634 691 682; x_wconf 87' lang='lat' dir='ltr'><strong>autem</strong></span> <span class='ocrx_word' id='word_1_32' title='bbox 718 642 900 682; x_wconf 87' lang='lat' dir='ltr'><strong>errare</strong></span> <span class='ocrx_word' id='word_1_33' title='bbox 929 642 1035 682; x_wconf 91' lang='lat' dir='ltr'><strong>non</strong></span> <span class='ocrx_word' id='word_1_34' title='bbox 1064 635 1259 691; x_wconf 89' lang='lat' dir='ltr'><strong>cessat,</strong></span> <span class='ocrx_word' id='word_1_35' title='bbox 1308 624 1399 694; x_wconf 88' lang='lat' dir='ltr'><strong>qui</strong></span> <span class='ocrx_word' id='word_1_36' title='bbox 1445 624 1771 679; x_wconf 80' lang='lat' dir='ltr'><strong>exercitatus</strong></span> 
     </span>
    </p>
   </div>
   <div class='ocr_carea' id='block_1_7' title="bbox 183 714 1772 789">
    <p class='ocr_par' dir='ltr' id='par_1_7' title="bbox 183 714 1772 789">
     <span class='ocr_line' id='line_1_7' title="bbox 183 714 1772 789; baseline -0.006 -13"><span class='ocrx_word' id='word_1_37' title='bbox 183 722 354 787; x_wconf 85' lang='lat' dir='ltr'><strong>malo,</strong></span> <span class='ocrx_word' id='word_1_38' title='bbox 377 719 609 789; x_wconf 67' lang='lat' dir='ltr'><strong>jejuniis:</strong></span> <span class='ocrx_word' id='word_1_39' title='bbox 622 733 836 788; x_wconf 77' lang='lat' dir='ltr'><strong>semper</strong></span> <span class='ocrx_word' id='word_1_40' title='bbox 864 718 1128 787; x_wconf 70' lang='lat' dir='ltr'><strong>invigilat;</strong></span> <span class='ocrx_word' id='word_1_41' title='bbox 1160 715 1304 770; x_wconf 88' lang='lat' dir='ltr'><strong>unde</strong></span> <span class='ocrx_word' id='word_1_42' title='bbox 1324 714 1523 769; x_wconf 76' lang='lat' dir='ltr'><strong>inutile</strong></span> <span class='ocrx_word' id='word_1_43' title='bbox 1538 723 1596 769; x_wconf 90' lang='lat' dir='ltr'><strong>et</strong></span> <span class='ocrx_word' id='word_1_44' title='bbox 1612 715 1772 768; x_wconf 86' lang='lat' dir='ltr'><strong>inane</strong></span> 
     </span>
    </p>
   </div>
   <div class='ocr_carea' id='block_1_8' title="bbox 182 806 1771 880">
    <p class='ocr_par' dir='ltr' id='par_1_8' title="bbox 182 806 1771 880">
     <span class='ocr_line' id='line_1_8' title="bbox 182 806 1771 880; baseline -0.006 -12"><span class='ocrx_word' id='word_1_45' title='bbox 182 821 267 868; x_wconf 90' lang='lat' dir='ltr'><strong>est</strong></span> <span class='ocrx_word' id='word_1_46' title='bbox 301 812 412 867; x_wconf 86' lang='lat' dir='ltr'><strong>tale</strong></span> <span class='ocrx_word' id='word_1_47' title='bbox 449 810 733 880; x_wconf 87' lang='lat' dir='ltr'><strong>jejunimn,</strong></span> <span class='ocrx_word' id='word_1_48' title='bbox 766 810 909 879; x_wconf 91' lang='lat' dir='ltr'><strong>quod</strong></span> <span class='ocrx_word' id='word_1_49' title='bbox 952 810 1125 865; x_wconf 80' lang='lat' dir='ltr'><strong>inedia</strong></span> <span class='ocrx_word' id='word_1_50' title='bbox 1154 809 1395 864; x_wconf 89' lang='lat' dir='ltr'><strong>membra</strong></span> <span class='ocrx_word' id='word_1_51' title='bbox 1426 806 1688 867; x_wconf 89' lang='lat' dir='ltr'><strong>debilitat,</strong></span> <span class='ocrx_word' id='word_1_52' title='bbox 1716 813 1771 859; x_wconf 91' lang='lat' dir='ltr'><strong>et</strong></span> 
     </span>
    </p>
   </div>
   <div class='ocr_carea' id='block_1_9' title="bbox 183 895 1773 970">
    <p class='ocr_par' dir='ltr' id='par_1_9' title="bbox 183 895 1773 970">
     <span class='ocr_line' id='line_1_9' title="bbox 183 895 1773 970; baseline -0.004 -13"><span class='ocrx_word' id='word_1_53' title='bbox 183 903 424 957; x_wconf 87' lang='lat' dir='ltr'><strong>animam</strong></span> <span class='ocrx_word' id='word_1_54' title='bbox 443 916 475 954; x_wconf 88' lang='lat' dir='ltr'><strong>a</strong></span> <span class='ocrx_word' id='word_1_55' title='bbox 497 900 802 970; x_wconf 82' lang='lat' dir='ltr'><strong>perditione</strong></span> <span class='ocrx_word' id='word_1_56' title='bbox 824 915 933 954; x_wconf 91' lang='lat' dir='ltr'><strong>non</strong></span> <span class='ocrx_word' id='word_1_57' title='bbox 963 900 1175 963; x_wconf 83' lang='lat' dir='ltr'><strong>liberat,</strong></span> <span class='ocrx_word' id='word_1_58' title='bbox 1204 899 1269 952; x_wconf 92' lang='lat' dir='ltr'><strong>de</strong></span> <span class='ocrx_word' id='word_1_59' title='bbox 1291 913 1398 966; x_wconf 90' lang='lat' dir='ltr'><strong>quo</strong></span> <span class='ocrx_word' id='word_1_60' title='bbox 1415 896 1620 965; x_wconf 83' lang='lat' dir='ltr'><strong>jejunio</strong></span> <span class='ocrx_word' id='word_1_61' title='bbox 1642 895 1773 950; x_wconf 89' lang='lat' dir='ltr'><strong>dicit</strong></span> 
     </span>
    </p>
   </div>
   <div class='ocr_carea' id='block_1_10' title="bbox 182 987 1771 1062">
    <p class='ocr_par' dir='ltr' id='par_1_10' title="bbox 182 987 1771 1062">
     <span class='ocr_line' id='line_1_10' title="bbox 182 987 1771 1062; baseline -0.006 -14"><span class='ocrx_word' id='word_1_62' title='bbox 182 1001 409 1048; x_wconf 82' lang='lat' dir='ltr'><strong>sanctus</strong></span> <span class='ocrx_word' id='word_1_63' title='bbox 430 991 703 1062; x_wconf 79' lang='lat' dir='ltr'><strong>propheta</strong></span> <span class='ocrx_word' id='word_1_64' title='bbox 724 1006 789 1044; x_wconf 80' lang='lat' dir='ltr'><strong>ex</strong></span> <span class='ocrx_word' id='word_1_65' title='bbox 818 1005 1057 1059; x_wconf 86' lang='lat' dir='ltr'><strong>persona</strong></span> <span class='ocrx_word' id='word_1_66' title='bbox 1077 989 1325 1043; x_wconf 88' lang='lat' dir='ltr'><strong>Domini:</strong></span> <span class='ocrx_word' id='word_1_67' title='bbox 1374 987 1442 1042; x_wconf 92' lang='lat' dir='ltr'><strong>Ut</strong></span> <span class='ocrx_word' id='word_1_68' title='bbox 1469 987 1593 1041; x_wconf 87' lang='lat' dir='ltr'><strong>mihi</strong></span> <span class='ocrx_word' id='word_1_69' title='bbox 1626 987 1771 1057; x_wconf 82' lang='lat' dir='ltr'><strong>jeju-</strong></span> 
     </span>
    </p>
   </div>
   <div class='ocr_carea' id='block_1_11' title="bbox 182 1077 1767 1151">
    <p class='ocr_par' dir='ltr' id='par_1_11' title="bbox 182 1077 1767 1151">
     <span class='ocr_line' id='line_1_11' title="bbox 182 1077 1767 1151; baseline -0.002 -16"><span class='ocrx_word' id='word_1_70' title='bbox 182 1084 367 1137; x_wconf 73' lang='lat' dir='ltr'><strong>natis?</strong></span> <span class='ocrx_word' id='word_1_71' title='bbox 393 1080 631 1136; x_wconf 81' lang='lat' dir='ltr'><strong>nontale</strong></span> <span class='ocrx_word' id='word_1_72' title='bbox 668 1081 929 1151; x_wconf 80' lang='lat' dir='ltr'><strong>jejunium</strong></span> <span class='ocrx_word' id='word_1_73' title='bbox 979 1082 1129 1151; x_wconf 82' lang='lat' dir='ltr'><strong>elegi,</strong></span> <span class='ocrx_word' id='word_1_74' title='bbox 1160 1080 1283 1132; x_wconf 80' lang='lat' dir='ltr'><strong>dicit</strong></span> <span class='ocrx_word' id='word_1_75' title='bbox 1330 1079 1583 1131; x_wconf 76' lang='lat' dir='ltr'><strong>Dominus</strong></span> <span class='ocrx_word' id='word_1_76' title='bbox 1632 1077 1767 1147; x_wconf 81' lang='lat' dir='ltr'><strong>(Isa.</strong></span> 
     </span>
    </p>
   </div>
   <div class='ocr_carea' id='block_1_12' title="bbox 183 1168 1769 1243">
    <p class='ocr_par' dir='ltr' id='par_1_12' title="bbox 183 1168 1769 1243">
     <span class='ocr_line' id='line_1_12' title="bbox 183 1168 1769 1243; baseline -0.006 -13"><span class='ocrx_word' id='word_1_77' title='bbox 183 1175 361 1243; x_wconf 75' lang='lat' dir='ltr'><strong>LVIII).</strong></span> <span class='ocrx_word' id='word_1_78' title='bbox 396 1173 473 1227; x_wconf 80' lang='lat' dir='ltr'><strong>An</strong></span> <span class='ocrx_word' id='word_1_79' title='bbox 504 1172 702 1242; x_wconf 87' lang='lat' dir='ltr'><strong>putatis</strong></span> <span class='ocrx_word' id='word_1_80' title='bbox 748 1172 896 1224; x_wconf 91' lang='lat' dir='ltr'><strong>illum</strong></span> <span class='ocrx_word' id='word_1_81' title='bbox 921 1173 1185 1239; x_wconf 84' lang='lat' dir='ltr'><strong>jejunare,</strong></span> <span class='ocrx_word' id='word_1_82' title='bbox 1219 1169 1429 1232; x_wconf 81' lang='lat' dir='ltr'><strong>fratres,</strong></span> <span class='ocrx_word' id='word_1_83' title='bbox 1459 1168 1548 1239; x_wconf 87' lang='lat' dir='ltr'><strong>qui</strong></span> <span class='ocrx_word' id='word_1_84' title='bbox 1596 1168 1769 1238; x_wconf 91' lang='lat' dir='ltr'><strong>primo</strong></span> 
     </span>
    </p>
   </div>
   <div class='ocr_carea' id='block_1_13' title="bbox 182 1263 1769 1332">
    <p class='ocr_par' dir='ltr' id='par_1_13' title="bbox 182 1263 1769 1332">
     <span class='ocr_line' id='line_1_13' title="bbox 182 1263 1769 1332; baseline -0.004 -11"><span class='ocrx_word' id='word_1_85' title='bbox 182 1267 426 1321; x_wconf 88' lang='lat' dir='ltr'><strong>diluculo</strong></span> <span class='ocrx_word' id='word_1_86' title='bbox 478 1282 584 1320; x_wconf 91' lang='lat' dir='ltr'><strong>non</strong></span> <span class='ocrx_word' id='word_1_87' title='bbox 626 1264 692 1318; x_wconf 90' lang='lat' dir='ltr'><strong>ad</strong></span> <span class='ocrx_word' id='word_1_88' title='bbox 749 1265 1035 1319; x_wconf 84' lang='lat' dir='ltr'><strong>ecclesiam</strong></span> <span class='ocrx_word' id='word_1_89' title='bbox 1092 1263 1293 1332; x_wconf 80' lang='lat' dir='ltr'><strong>vigilat,</strong></span> <span class='ocrx_word' id='word_1_90' title='bbox 1338 1279 1443 1316; x_wconf 93' lang='lat' dir='ltr'><strong>non</strong></span> <span class='ocrx_word' id='word_1_91' title='bbox 1492 1263 1769 1316; x_wconf 86' lang='lat' dir='ltr'><strong>beatorum</strong></span> 
     </span>
    </p>
   </div>
   <div class='ocr_carea' id='block_1_14' title="bbox 183 1354 1772 1427">
    <p class='ocr_par' dir='ltr' id='par_1_14' title="bbox 183 1354 1772 1427">
     <span class='ocr_line' id='line_1_14' title="bbox 183 1354 1772 1427; baseline -0.003 -17"><span class='ocrx_word' id='word_1_92' title='bbox 183 1365 483 1427; x_wconf 77' lang='lat' dir='ltr'><strong>martyrum</strong></span> <span class='ocrx_word' id='word_1_93' title='bbox 513 1355 629 1409; x_wconf 91' lang='lat' dir='ltr'><strong>loca</strong></span> <span class='ocrx_word' id='word_1_94' title='bbox 658 1361 841 1408; x_wconf 89' lang='lat' dir='ltr'><strong>sancta</strong></span> <span class='ocrx_word' id='word_1_95' title='bbox 870 1354 1148 1422; x_wconf 86' lang='lat' dir='ltr'><strong>perquirit,</strong></span> <span class='ocrx_word' id='word_1_96' title='bbox 1181 1355 1273 1407; x_wconf 88' lang='lat' dir='ltr'><strong>sed</strong></span> <span class='ocrx_word' id='word_1_97' title='bbox 1300 1367 1522 1421; x_wconf 75' lang='lat' dir='ltr'><strong>surgens</strong></span> <span class='ocrx_word' id='word_1_98' title='bbox 1549 1366 1772 1421; x_wconf 86' lang='lat' dir='ltr'><strong>congre-</strong></span> 
     </span>
    </p>
   </div>
   <div class='ocr_carea' id='block_1_15' title="bbox 183 1443 1772 1515">
    <p class='ocr_par' dir='ltr' id='par_1_15' title="bbox 183 1443 1772 1515">
     <span class='ocr_line' id='line_1_15' title="bbox 183 1443 1772 1515; baseline -0.001 -16"><span class='ocrx_word' id='word_1_99' title='bbox 183 1453 274 1515; x_wconf 89' lang='lat' dir='ltr'><strong>gat</strong></span> <span class='ocrx_word' id='word_1_100' title='bbox 326 1445 590 1512; x_wconf 86' lang='lat' dir='ltr'><strong>servulos,</strong></span> <span class='ocrx_word' id='word_1_101' title='bbox 644 1444 880 1514; x_wconf 91' lang='lat' dir='ltr'><strong>disponit</strong></span> <span class='ocrx_word' id='word_1_102' title='bbox 928 1444 1084 1511; x_wconf 86' lang='lat' dir='ltr'><strong>retia,</strong></span> <span class='ocrx_word' id='word_1_103' title='bbox 1115 1459 1277 1498; x_wconf 90' lang='lat' dir='ltr'><strong>canes</strong></span> <span class='ocrx_word' id='word_1_104' title='bbox 1307 1443 1571 1513; x_wconf 87' lang='lat' dir='ltr'><strong>producit,</strong></span> <span class='ocrx_word' id='word_1_105' title='bbox 1604 1443 1772 1497; x_wconf 89' lang='lat' dir='ltr'><strong>saltus</strong></span> 
     </span>
    </p>
   </div>
   <div class='ocr_carea' id='block_1_16' title="bbox 184 1533 1773 1604">
    <p class='ocr_par' dir='ltr' id='par_1_16' title="bbox 184 1533 1773 1604">
     <span class='ocr_line' id='line_1_16' title="bbox 184 1533 1773 1604; baseline -0.003 -15"><span class='ocrx_word' id='word_1_106' title='bbox 184 1536 455 1604; x_wconf 77' lang='lat' dir='ltr'><strong>silvasque</strong></span> <span class='ocrx_word' id='word_1_107' title='bbox 484 1535 772 1604; x_wconf 78' lang='lat' dir='ltr'><strong>perlustrat</strong></span> <span class='ocrx_word' id='word_1_108' title='bbox 801 1550 814 1585; x_wconf 89' lang='lat'>:</span> <span class='ocrx_word' id='word_1_109' title='bbox 846 1533 1109 1600; x_wconf 86' lang='lat' dir='ltr'><strong>servulos,</strong></span> <span class='ocrx_word' id='word_1_110' title='bbox 1142 1533 1378 1601; x_wconf 89' lang='lat' dir='ltr'><strong>inquam,</strong></span> <span class='ocrx_word' id='word_1_111' title='bbox 1424 1547 1607 1587; x_wconf 88' lang='lat' dir='ltr'><strong>secum</strong></span> <span class='ocrx_word' id='word_1_112' title='bbox 1650 1548 1773 1601; x_wconf 91' lang='lat' dir='ltr'><strong>per-</strong></span> 
     </span>
    </p>
   </div>
   <div class='ocr_carea' id='block_1_17' title="bbox 185 1623 1769 1694">
    <p class='ocr_par' dir='ltr' id='par_1_17' title="bbox 185 1623 1769 1694">
     <span class='ocr_line' id='line_1_17' title="bbox 185 1623 1769 1694; baseline -0.002 -14"><span class='ocrx_word' id='word_1_113' title='bbox 185 1626 375 1689; x_wconf 86' lang='lat' dir='ltr'><strong>trahit,</strong></span> <span class='ocrx_word' id='word_1_114' title='bbox 410 1623 637 1680; x_wconf 82' lang='lat' dir='ltr'><strong>fortasse</strong></span> <span class='ocrx_word' id='word_1_115' title='bbox 664 1624 832 1692; x_wconf 84' lang='lat' dir='ltr'><strong>magis</strong></span> <span class='ocrx_word' id='word_1_116' title='bbox 857 1624 929 1677; x_wconf 81' lang='lat' dir='ltr'><strong>ad</strong></span> <span class='ocrx_word' id='word_1_117' title='bbox 954 1624 1237 1679; x_wconf 86' lang='lat' dir='ltr'><strong>ecclesiam</strong></span> <span class='ocrx_word' id='word_1_118' title='bbox 1264 1624 1446 1678; x_wconf 90' lang='lat' dir='ltr'><strong>venire</strong></span> <span class='ocrx_word' id='word_1_119' title='bbox 1471 1625 1769 1694; x_wconf 86' lang='lat' dir='ltr'><strong>cupientes,</strong></span> 
     </span>
    </p>
   </div>
   <div class='ocr_carea' id='block_1_18' title="bbox 184 1714 1771 1785">
    <p class='ocr_par' dir='ltr' id='par_1_18' title="bbox 184 1714 1771 1785">
     <span class='ocr_line' id='line_1_18' title="bbox 184 1714 1771 1785; baseline -0.001 -14"><span class='ocrx_word' id='word_1_120' title='bbox 184 1724 238 1771; x_wconf 86' lang='lat' dir='ltr'><strong>et</strong></span> <span class='ocrx_word' id='word_1_121' title='bbox 263 1715 636 1785; x_wconf 84' lang='lat' dir='ltr'><strong>voluptatibus</strong></span> <span class='ocrx_word' id='word_1_122' title='bbox 665 1715 773 1769; x_wconf 89' lang='lat' dir='ltr'><strong>suis</strong></span> <span class='ocrx_word' id='word_1_123' title='bbox 801 1723 1022 1784; x_wconf 89' lang='lat' dir='ltr'><strong>peccata</strong></span> <span class='ocrx_word' id='word_1_124' title='bbox 1078 1714 1377 1769; x_wconf 87' lang='lat' dir='ltr'><strong>accumulat</strong></span> <span class='ocrx_word' id='word_1_125' title='bbox 1425 1714 1619 1781; x_wconf 89' lang='lat' dir='ltr'><strong>aliena,</strong></span> <span class='ocrx_word' id='word_1_126' title='bbox 1674 1730 1771 1769; x_wconf 86' lang='lat' dir='ltr'><strong>ne-</strong></span> 
     </span>
    </p>
   </div>
   <div class='ocr_carea' id='block_1_19' title="bbox 1871 531 3453 601">
    <p class='ocr_par' dir='ltr' id='par_1_19' title="bbox 1871 531 3453 601">
     <span class='ocr_line' id='line_1_19' title="bbox 1871 531 3453 601; baseline 0.003 -15"><span class='ocrx_word' id='word_1_127' title='bbox 1871 532 2015 601; x_wconf 87' lang='lat' dir='ltr'><strong>quod</strong></span> <span class='ocrx_word' id='word_1_128' title='bbox 2066 531 2113 585; x_wconf 89' lang='lat' dir='ltr'><strong>si</strong></span> <span class='ocrx_word' id='word_1_129' title='bbox 2165 546 2353 586; x_wconf 89' lang='lat' dir='ltr'><strong>servus</strong></span> <span class='ocrx_word' id='word_1_130' title='bbox 2397 539 2480 585; x_wconf 84' lang='lat' dir='ltr'><strong>est</strong></span> <span class='ocrx_word' id='word_1_131' title='bbox 2507 532 2837 601; x_wconf 86' lang='lat' dir='ltr'><strong>conditione,</strong></span> <span class='ocrx_word' id='word_1_132' title='bbox 2867 534 3037 601; x_wconf 82' lang='lat' dir='ltr'><strong>gratia</strong></span> <span class='ocrx_word' id='word_1_133' title='bbox 3062 540 3243 590; x_wconf 91' lang='lat' dir='ltr'><strong>tamen</strong></span> <span class='ocrx_word' id='word_1_134' title='bbox 3290 534 3453 591; x_wconf 78' lang='lat' dir='ltr'><strong>frater</strong></span> 
     </span>
    </p>
   </div>
   <div class='ocr_carea' id='block_1_20' title="bbox 1868 622 3452 701">
    <p class='ocr_par' dir='ltr' id='par_1_20' title="bbox 1868 622 3452 701">
     <span class='ocr_line' id='line_1_20' title="bbox 1868 622 3452 701; baseline 0.004 -23"><span class='ocrx_word' id='word_1_135' title='bbox 1868 631 1971 678; x_wconf 87' lang='lat' dir='ltr'><strong>est.</strong></span> <span class='ocrx_word' id='word_1_136' title='bbox 2003 622 2211 677; x_wconf 86' lang='lat' dir='ltr'><strong>Etenim</strong></span> <span class='ocrx_word' id='word_1_137' title='bbox 2240 624 2487 679; x_wconf 85' lang='lat' dir='ltr'><strong>similiter</strong></span> <span class='ocrx_word' id='word_1_138' title='bbox 2513 625 2783 680; x_wconf 81' lang='lat' dir='ltr'><strong>Christum</strong></span> <span class='ocrx_word' id='word_1_139' title='bbox 2810 625 3030 695; x_wconf 86' lang='lat' dir='ltr'><strong>inducit,</strong></span> <span class='ocrx_word' id='word_1_140' title='bbox 3071 627 3259 701; x_wconf 87' lang='lat' dir='ltr'><strong>iisdem</strong></span> <span class='ocrx_word' id='word_1_141' title='bbox 3286 631 3452 698; x_wconf 62' lang='lat' dir='ltr'><strong>partio</strong></span> 
     </span>
    </p>
   </div>
   <div class='ocr_carea' id='block_1_21' title="bbox 1869 716 3447 788">
    <p class='ocr_par' dir='ltr' id='par_1_21' title="bbox 1869 716 3447 788">
     <span class='ocr_line' id='line_1_21' title="bbox 1869 716 3447 788; baseline 0.006 -20"><span class='ocrx_word' id='word_1_142' title='bbox 1869 716 2012 785; x_wconf 87' lang='lat' dir='ltr'><strong>cipat</strong></span> <span class='ocrx_word' id='word_1_143' title='bbox 2037 718 2415 781; x_wconf 67' lang='lat' dir='ltr'><strong>sacramentis;</strong></span> <span class='ocrx_word' id='word_1_144' title='bbox 2448 718 2637 771; x_wconf 86' lang='lat' dir='ltr'><strong>eodem</strong></span> <span class='ocrx_word' id='word_1_145' title='bbox 2669 719 2759 786; x_wconf 86' lang='lat' dir='ltr'><strong>qui</strong></span> <span class='ocrx_word' id='word_1_146' title='bbox 2784 725 2839 772; x_wconf 89' lang='lat' dir='ltr'><strong>et</strong></span> <span class='ocrx_word' id='word_1_147' title='bbox 2867 726 2923 772; x_wconf 92' lang='lat' dir='ltr'><strong>tu</strong></span> <span class='ocrx_word' id='word_1_148' title='bbox 2950 722 3115 773; x_wconf 83' lang='lat' dir='ltr'><strong>utitur</strong></span> <span class='ocrx_word' id='word_1_149' title='bbox 3137 720 3247 775; x_wconf 87' lang='lat' dir='ltr'><strong>Deo</strong></span> <span class='ocrx_word' id='word_1_150' title='bbox 3266 720 3447 788; x_wconf 85' lang='lat' dir='ltr'><strong>Patre,</strong></span> 
     </span>
    </p>
   </div>
   <div class='ocr_carea' id='block_1_22' title="bbox 1868 807 3457 882">
    <p class='ocr_par' dir='ltr' id='par_1_22' title="bbox 1868 807 3457 882">
     <span class='ocr_line' id='line_1_22' title="bbox 1868 807 3457 882; baseline 0.006 -23"><span class='ocrx_word' id='word_1_151' title='bbox 1868 821 1964 859; x_wconf 89' lang='lat' dir='ltr'><strong>cur</strong></span> <span class='ocrx_word' id='word_1_152' title='bbox 1992 814 2043 861; x_wconf 91' lang='lat' dir='ltr'><strong>te</strong></span> <span class='ocrx_word' id='word_1_153' title='bbox 2088 821 2195 860; x_wconf 90' lang='lat' dir='ltr'><strong>non</strong></span> <span class='ocrx_word' id='word_1_154' title='bbox 2226 815 2404 860; x_wconf 80' lang='lat' dir='ltr'><strong>utatur</strong></span> <span class='ocrx_word' id='word_1_155' title='bbox 2425 815 2491 861; x_wconf 82' lang='lat' dir='ltr'><strong>ut‘</strong></span> <span class='ocrx_word' id='word_1_156' title='bbox 2517 807 2715 862; x_wconf 80' lang='lat' dir='ltr'><strong>fratre?</strong></span> <span class='ocrx_word' id='word_1_157' title='bbox 2743 809 2881 863; x_wconf 87' lang='lat' dir='ltr'><strong>Sunt</strong></span> <span class='ocrx_word' id='word_1_158' title='bbox 2910 812 3051 864; x_wconf 84' lang='lat' dir='ltr'><strong>enim</strong></span> <span class='ocrx_word' id='word_1_159' title='bbox 3082 812 3325 881; x_wconf 84' lang='lat' dir='ltr'><strong>plerique</strong></span> <span class='ocrx_word' id='word_1_160' title='bbox 3352 816 3457 882; x_wconf 87' lang='lat' dir='ltr'><strong>qui</strong></span> 
     </span>
    </p>
   </div>
   <div class='ocr_carea' id='block_1_23' title="bbox 1869 886 3450 973">
    <p class='ocr_par' dir='ltr' id='par_1_23' title="bbox 1869 886 3450 973">
     <span class='ocr_line' id='line_1_23' title="bbox 1869 886 3450 973; baseline 0.007 -24"><span class='ocrx_word' id='word_1_161' title='bbox 1869 895 1937 951; x_wconf 89' lang='lat' dir='ltr'><strong>de</strong></span> <span class='ocrx_word' id='word_1_162' title='bbox 1961 898 2335 953; x_wconf 83' lang='lat' dir='ltr'><strong>venationibus</strong></span> <span class='ocrx_word' id='word_1_163' title='bbox 2359 886 2659 955; x_wconf 85' lang='lat' dir='ltr'><strong>redeuntes</strong></span> <span class='ocrx_word' id='word_1_164' title='bbox 2676 902 2843 968; x_wconf 82' lang='lat' dir='ltr'><strong>magis</strong></span> <span class='ocrx_word' id='word_1_165' title='bbox 2866 917 3056 957; x_wconf 91' lang='lat' dir='ltr'><strong>canum</strong></span> <span class='ocrx_word' id='word_1_166' title='bbox 3085 920 3245 973; x_wconf 88' lang='lat' dir='ltr'><strong>quam</strong></span> <span class='ocrx_word' id='word_1_167' title='bbox 3265 922 3450 960; x_wconf 89' lang='lat' dir='ltr'><strong>servo-</strong></span> 
     </span>
    </p>
   </div>
   <div class='ocr_carea' id='block_1_24' title="bbox 1870 989 3449 1059">
    <p class='ocr_par' dir='ltr' id='par_1_24' title="bbox 1870 989 3449 1059">
     <span class='ocr_line' id='line_1_24' title="bbox 1870 989 3449 1059; baseline 0.008 -22"><span class='ocrx_word' id='word_1_168' title='bbox 1870 1000 1987 1039; x_wconf 87' lang='lat' dir='ltr'><strong>rum</strong></span> <span class='ocrx_word' id='word_1_169' title='bbox 2015 1002 2196 1040; x_wconf 89' lang='lat' dir='ltr'><strong>ouram</strong></span> <span class='ocrx_word' id='word_1_170' title='bbox 2222 996 2435 1055; x_wconf 89' lang='lat' dir='ltr'><strong>gerunt,</strong></span> <span class='ocrx_word' id='word_1_171' title='bbox 2460 998 2517 1043; x_wconf 88' lang='lat' dir='ltr'><strong>et</strong></span> <span class='ocrx_word' id='word_1_172' title='bbox 2538 989 2740 1043; x_wconf 86' lang='lat' dir='ltr'><strong>faciunt</strong></span> <span class='ocrx_word' id='word_1_173' title='bbox 2758 1006 2854 1045; x_wconf 88' lang='lat' dir='ltr'><strong>eos</strong></span> <span class='ocrx_word' id='word_1_174' title='bbox 2869 991 3103 1059; x_wconf 70' lang='lat' dir='ltr'><strong>juxtase</strong></span> <span class='ocrx_word' id='word_1_175' title='bbox 3124 995 3219 1047; x_wconf 88' lang='lat' dir='ltr'><strong>vel</strong></span> <span class='ocrx_word' id='word_1_176' title='bbox 3237 1010 3449 1049; x_wconf 86' lang='lat' dir='ltr'><strong>recum-</strong></span> 
     </span>
    </p>
   </div>
   <div class='ocr_carea' id='block_1_25' title="bbox 1870 1076 3450 1154">
    <p class='ocr_par' dir='ltr' id='par_1_25' title="bbox 1870 1076 3450 1154">
     <span class='ocr_line' id='line_1_25' title="bbox 1870 1076 3450 1154; baseline 0.007 -26"><span class='ocrx_word' id='word_1_177' title='bbox 1870 1076 2017 1139; x_wconf 87' lang='lat' dir='ltr'><strong>bere,</strong></span> <span class='ocrx_word' id='word_1_178' title='bbox 2040 1077 2131 1131; x_wconf 87' lang='lat' dir='ltr'><strong>vel</strong></span> <span class='ocrx_word' id='word_1_179' title='bbox 2152 1076 2405 1143; x_wconf 84' lang='lat' dir='ltr'><strong>dormire,</strong></span> <span class='ocrx_word' id='word_1_180' title='bbox 2436 1079 2805 1146; x_wconf 83' lang='lat' dir='ltr'><strong>quotidianum</strong></span> <span class='ocrx_word' id='word_1_181' title='bbox 2828 1081 2931 1135; x_wconf 90' lang='lat' dir='ltr'><strong>illis</strong></span> <span class='ocrx_word' id='word_1_182' title='bbox 2952 1082 3126 1136; x_wconf 89' lang='lat' dir='ltr'><strong>cibum</strong></span> <span class='ocrx_word' id='word_1_183' title='bbox 3149 1080 3173 1120; x_wconf 73' lang='grc'><strong>’³</strong></span> <span class='ocrx_word' id='word_1_184' title='bbox 3200 1084 3279 1137; x_wconf 86' lang='lat' dir='ltr'><strong>sui</strong></span> <span class='ocrx_word' id='word_1_185' title='bbox 3310 1100 3450 1154; x_wconf 73' lang='lat' dir='ltr'><strong>pne-</strong></span> 
     </span>
    </p>
   </div>
   <div class='ocr_carea' id='block_1_26' title="bbox 1870 1168 3459 1239">
    <p class='ocr_par' dir='ltr' id='par_1_26' title="bbox 1870 1168 3459 1239">
     <span class='ocr_line' id='line_1_26' title="bbox 1870 1168 3459 1239; baseline 0.006 -19"><span class='ocrx_word' id='word_1_186' title='bbox 1870 1168 2044 1221; x_wconf 88' lang='lat' dir='ltr'><strong>sentia</strong></span> <span class='ocrx_word' id='word_1_187' title='bbox 2073 1168 2461 1237; x_wconf 88' lang='lat' dir='ltr'><strong>ministrantes,</strong></span> <span class='ocrx_word' id='word_1_188' title='bbox 2490 1170 2582 1239; x_wconf 85' lang='lat' dir='ltr'><strong>qui</strong></span> <span class='ocrx_word' id='word_1_189' title='bbox 2614 1178 2786 1223; x_wconf 89' lang='lat' dir='ltr'><strong>utrum</strong></span> <span class='ocrx_word' id='word_1_190' title='bbox 2809 1172 2950 1225; x_wconf 86' lang='lat' dir='ltr'><strong>servi</strong></span> <span class='ocrx_word' id='word_1_191' title='bbox 2972 1186 3158 1225; x_wconf 88' lang='lat' dir='ltr'><strong>eorum</strong></span> <span class='ocrx_word' id='word_1_192' title='bbox 3180 1170 3318 1227; x_wconf 88' lang='lat' dir='ltr'><strong>fame</strong></span> <span class='ocrx_word' id='word_1_193' title='bbox 3345 1190 3459 1229; x_wconf 85' lang='lat' dir='ltr'><strong>mo-</strong></span> 
     </span>
    </p>
   </div>
   <div class='ocr_carea' id='block_1_27' title="bbox 1870 1256 3455 1332">
    <p class='ocr_par' dir='ltr' id='par_1_27' title="bbox 1870 1256 3455 1332">
     <span class='ocr_line' id='line_1_27' title="bbox 1870 1256 3455 1332; baseline 0.005 -22"><span class='ocrx_word' id='word_1_194' title='bbox 1870 1256 2076 1311; x_wconf 90' lang='lat' dir='ltr'><strong>riantur</strong></span> <span class='ocrx_word' id='word_1_195' title='bbox 2104 1257 2352 1327; x_wconf 87' lang='lat' dir='ltr'><strong>ignorant</strong></span> <span class='ocrx_word' id='word_1_196' title='bbox 2382 1276 2395 1310; x_wconf 88' lang='lat'><strong>:</strong></span> <span class='ocrx_word' id='word_1_197' title='bbox 2432 1266 2508 1326; x_wconf 93' lang='lat' dir='ltr'><strong>et,</strong></span> <span class='ocrx_word' id='word_1_198' title='bbox 2531 1262 2676 1327; x_wconf 87' lang='lat' dir='ltr'><strong>quod</strong></span> <span class='ocrx_word' id='word_1_199' title='bbox 2707 1268 2789 1314; x_wconf 89' lang='lat' dir='ltr'><strong>est</strong></span> <span class='ocrx_word' id='word_1_200' title='bbox 2817 1261 3052 1328; x_wconf 78' lang='lat' dir='ltr'><strong>gravius,</strong></span> <span class='ocrx_word' id='word_1_201' title='bbox 3084 1262 3182 1317; x_wconf 85' lang='lat' dir='ltr'><strong>nisi</strong></span> <span class='ocrx_word' id='word_1_202' title='bbox 3229 1262 3455 1332; x_wconf 80' lang='lat' dir='ltr'><strong>diligen-</strong></span> 
     </span>
    </p>
   </div>
   <div class='ocr_carea' id='block_1_28' title="bbox 1874 1348 3455 1418">
    <p class='ocr_par' dir='ltr' id='par_1_28' title="bbox 1874 1348 3455 1418">
     <span class='ocr_line' id='line_1_28' title="bbox 1874 1348 3455 1418; baseline 0.004 -17"><span class='ocrx_word' id='word_1_203' title='bbox 1874 1354 1955 1402; x_wconf 86' lang='lat' dir='ltr'><strong>ter</strong></span> <span class='ocrx_word' id='word_1_204' title='bbox 1977 1348 2061 1401; x_wconf 92' lang='lat' dir='ltr'><strong>his</strong></span> <span class='ocrx_word' id='word_1_205' title='bbox 2082 1357 2439 1417; x_wconf 54' lang='lat' dir='ltr'><strong>praeparatum</strong></span> <span class='ocrx_word' id='word_1_206' title='bbox 2463 1348 2640 1414; x_wconf 90' lang='lat' dir='ltr'><strong>fuerit,</strong></span> <span class='ocrx_word' id='word_1_207' title='bbox 2674 1365 2770 1418; x_wconf 89' lang='lat' dir='ltr'><strong>pro</strong></span> <span class='ocrx_word' id='word_1_208' title='bbox 2814 1365 2948 1404; x_wconf 88' lang='lat' dir='ltr'><strong>cane</strong></span> <span class='ocrx_word' id='word_1_209' title='bbox 2973 1366 3159 1405; x_wconf 78' lang='lat' dir='ltr'><strong>servus</strong></span> <span class='ocrx_word' id='word_1_210' title='bbox 3206 1350 3455 1408; x_wconf 67' lang='lat' dir='ltr'><strong>adicitur.</strong></span> 
     </span>
    </p>
   </div>
   <div class='ocr_carea' id='block_1_29' title="bbox 1872 1438 3454 1498">
    <p class='ocr_par' dir='ltr' id='par_1_29' title="bbox 1872 1438 3454 1498">
     <span class='ocr_line' id='line_1_29' title="bbox 1872 1438 3454 1498; baseline 0.004 -6"><span class='ocrx_word' id='word_1_211' title='bbox 1872 1438 2031 1493; x_wconf 83' lang='lat' dir='ltr'><strong>Vides</strong></span> <span class='ocrx_word' id='word_1_212' title='bbox 2060 1440 2203 1493; x_wconf 90' lang='lat' dir='ltr'><strong>enim</strong></span> <span class='ocrx_word' id='word_1_213' title='bbox 2234 1439 2287 1493; x_wconf 92' lang='lat' dir='ltr'><strong>in</strong></span> <span class='ocrx_word' id='word_1_214' title='bbox 2318 1440 2696 1494; x_wconf 88' lang='lat' dir='ltr'><strong>nonnullorum</strong></span> <span class='ocrx_word' id='word_1_215' title='bbox 2716 1440 2961 1494; x_wconf 89' lang='lat' dir='ltr'><strong>domibus</strong></span> <span class='ocrx_word' id='word_1_216' title='bbox 2989 1441 3187 1496; x_wconf 89' lang='lat' dir='ltr'><strong>nitidos</strong></span> <span class='ocrx_word' id='word_1_217' title='bbox 3231 1451 3285 1497; x_wconf 89' lang='lat' dir='ltr'><strong>et</strong></span> <span class='ocrx_word' id='word_1_218' title='bbox 3312 1458 3454 1498; x_wconf 80' lang='lat' dir='ltr'><strong>cras-</strong></span> 
     </span>
    </p>
   </div>
   <div class='ocr_carea' id='block_1_30' title="bbox 1872 1530 3456 1603">
    <p class='ocr_par' dir='ltr' id='par_1_30' title="bbox 1872 1530 3456 1603">
     <span class='ocr_line' id='line_1_30' title="bbox 1872 1530 3456 1603; baseline 0.001 -18"><span class='ocrx_word' id='word_1_219' title='bbox 1872 1545 1963 1585; x_wconf 89' lang='lat' dir='ltr'><strong>sos</strong></span> <span class='ocrx_word' id='word_1_220' title='bbox 1983 1545 2145 1585; x_wconf 89' lang='lat' dir='ltr'><strong>canes</strong></span> <span class='ocrx_word' id='word_1_221' title='bbox 2165 1531 2486 1597; x_wconf 86' lang='lat' dir='ltr'><strong>discurrere,</strong></span> <span class='ocrx_word' id='word_1_222' title='bbox 2516 1530 2761 1585; x_wconf 88' lang='lat' dir='ltr'><strong>homines</strong></span> <span class='ocrx_word' id='word_1_223' title='bbox 2780 1538 2958 1583; x_wconf 88' lang='lat' dir='ltr'><strong>autem</strong></span> <span class='ocrx_word' id='word_1_224' title='bbox 3004 1532 3265 1599; x_wconf 86' lang='lat' dir='ltr'><strong>pallentes</strong></span> <span class='ocrx_word' id='word_1_225' title='bbox 3292 1533 3456 1603; x_wconf 63' lang='grc' dir='ltr'><em>ιω</em></span> 
     </span>
    </p>
   </div>
   <div class='ocr_carea' id='block_1_31' title="bbox 1872 1621 3456 1687">
    <p class='ocr_par' dir='ltr' id='par_1_31' title="bbox 1872 1621 3456 1687">
     <span class='ocr_line' id='line_1_31' title="bbox 1872 1621 3456 1687; baseline 0 -11"><span class='ocrx_word' id='word_1_226' title='bbox 1872 1630 1927 1676; x_wconf 92' lang='lat' dir='ltr'><strong>et</strong></span> <span class='ocrx_word' id='word_1_227' title='bbox 1969 1622 2262 1677; x_wconf 89' lang='lat' dir='ltr'><strong>titubantes</strong></span> <span class='ocrx_word' id='word_1_228' title='bbox 2316 1622 2584 1677; x_wconf 86' lang='lat' dir='ltr'><strong>incedere.</strong></span> <span class='ocrx_word' id='word_1_229' title='bbox 2642 1621 2733 1675; x_wconf 92' lang='lat' dir='ltr'><strong>lsti</strong></span> <span class='ocrx_word' id='word_1_230' title='bbox 2774 1634 2904 1687; x_wconf 81' lang='lat' dir='ltr'><strong>ergo</strong></span> <span class='ocrx_word' id='word_1_231' title='bbox 2932 1621 3333 1675; x_wconf 81' lang='lat' dir='ltr'><strong>miserebantur</strong></span> <span class='ocrx_word' id='word_1_232' title='bbox 3356 1624 3456 1676; x_wconf 87' lang='lat' dir='ltr'><strong>ali-</strong></span> 
     </span>
    </p>
   </div>
   <div class='ocr_carea' id='block_1_32' title="bbox 1871 1709 3453 1782">
    <p class='ocr_par' dir='ltr' id='par_1_32' title="bbox 1871 1709 3453 1782">
     <span class='ocr_line' id='line_1_32' title="bbox 1871 1709 3453 1782; baseline 0.001 -17"><span class='ocrx_word' id='word_1_233' title='bbox 1871 1712 2086 1781; x_wconf 88' lang='lat' dir='ltr'><strong>quando</strong></span> <span class='ocrx_word' id='word_1_234' title='bbox 2110 1712 2455 1782; x_wconf 86' lang='lat' dir='ltr'><strong>pauperibus,</strong></span> <span class='ocrx_word' id='word_1_235' title='bbox 2488 1712 2579 1780; x_wconf 88' lang='lat' dir='ltr'><strong>qui</strong></span> <span class='ocrx_word' id='word_1_236' title='bbox 2608 1711 2831 1765; x_wconf 90' lang='lat' dir='ltr'><strong>minime</strong></span> <span class='ocrx_word' id='word_1_237' title='bbox 2858 1711 2971 1765; x_wconf 88' lang='lat' dir='ltr'><strong>suis</strong></span> <span class='ocrx_word' id='word_1_238' title='bbox 3008 1709 3221 1766; x_wconf 77' lang='lat' dir='ltr'><strong>famulis</strong></span> <span class='ocrx_word' id='word_1_239' title='bbox 3272 1712 3453 1767; x_wconf 82' lang='lat' dir='ltr'><strong>domi-</strong></span> 
     </span>
    </p>
   </div>
   <div class='ocr_carea' id='block_1_33' title="bbox 182 1800 3459 1876">
    <p class='ocr_par' dir='ltr' id='par_1_33' title="bbox 182 1800 3459 1876">
     <span class='ocr_line' id='line_1_33' title="bbox 182 1800 3459 1876; baseline -0.002 -14"><span class='ocrx_word' id='word_1_240' title='bbox 182 1807 366 1863; x_wconf 87' lang='lat' dir='ltr'><strong>sciens</strong></span> <span class='ocrx_word' id='word_1_241' title='bbox 390 1822 544 1860; x_wconf 90' lang='lat' dir='ltr'><strong>reum</strong></span> <span class='ocrx_word' id='word_1_242' title='bbox 573 1821 630 1859; x_wconf 89' lang='lat' dir='ltr'><strong>se</strong></span> <span class='ocrx_word' id='word_1_243' title='bbox 655 1804 887 1859; x_wconf 89' lang='lat' dir='ltr'><strong>futurum</strong></span> <span class='ocrx_word' id='word_1_244' title='bbox 918 1812 1026 1857; x_wconf 88' lang='lat' dir='ltr'><strong>tam</strong></span> <span class='ocrx_word' id='word_1_245' title='bbox 1056 1804 1122 1858; x_wconf 91' lang='lat' dir='ltr'><strong>de</strong></span> <span class='ocrx_word' id='word_1_246' title='bbox 1164 1820 1261 1859; x_wconf 91' lang='lat' dir='ltr'><strong>suo</strong></span> <span class='ocrx_word' id='word_1_247' title='bbox 1290 1804 1485 1859; x_wconf 88' lang='lat' dir='ltr'><strong>delicto</strong></span> <span class='ocrx_word' id='word_1_248' title='bbox 1515 1820 1677 1873; x_wconf 86' lang='lat' dir='ltr'><strong>quam</strong></span> <span class='ocrx_word' id='word_1_249' title='bbox 1707 1805 1772 1859; x_wconf 87' lang='lat' dir='ltr'><strong>de</strong></span> <span class='ocrx_word' id='word_1_250' title='bbox 1807 1818 1846 1876; x_wconf 78' lang='grc' dir='ltr'>ῃ</span> <span class='ocrx_word' id='word_1_251' title='bbox 1874 1803 1975 1857; x_wconf 91' lang='lat' dir='ltr'><strong>bus</strong></span> <span class='ocrx_word' id='word_1_252' title='bbox 2016 1803 2373 1858; x_wconf 89' lang='lat' dir='ltr'><strong>miserentur?</strong></span> <span class='ocrx_word' id='word_1_253' title='bbox 2421 1801 2571 1856; x_wconf 89' lang='lat' dir='ltr'><strong>Scire</strong></span> <span class='ocrx_word' id='word_1_254' title='bbox 2601 1802 2762 1871; x_wconf 82' lang='lat' dir='ltr'><strong>igitur</strong></span> <span class='ocrx_word' id='word_1_255' title='bbox 2781 1801 3072 1865; x_wconf 72' lang='lat' dir='ltr'><strong>debemus,</strong></span> <span class='ocrx_word' id='word_1_256' title='bbox 3094 1800 3303 1867; x_wconf 86' lang='lat' dir='ltr'><strong>fratres,</strong></span> <span class='ocrx_word' id='word_1_257' title='bbox 3354 1803 3459 1857; x_wconf 86' lang='lat' dir='ltr'><strong>hoc</strong></span> 
     </span>
    </p>
   </div>
   <div class='ocr_carea' id='block_1_34' title="bbox 186 1895 1771 1967">
    <p class='ocr_par' dir='ltr' id='par_1_34' title="bbox 186 1895 1771 1967">
     <span class='ocr_line' id='line_1_34' title="bbox 186 1895 1771 1967; baseline -0.002 -16"><span class='ocrx_word' id='word_1_258' title='bbox 186 1897 496 1967; x_wconf 88' lang='lat' dir='ltr'><strong>perditione</strong></span> <span class='ocrx_word' id='word_1_259' title='bbox 543 1895 854 1951; x_wconf 86' lang='lat' dir='ltr'><strong>servorum?</strong></span> <span class='ocrx_word' id='word_1_260' title='bbox 883 1895 1018 1949; x_wconf 78' lang='lat' dir='ltr'><strong>Tota</strong></span> <span class='ocrx_word' id='word_1_261' title='bbox 1057 1895 1219 1962; x_wconf 89' lang='lat' dir='ltr'><strong>igitur</strong></span> <span class='ocrx_word' id='word_1_262' title='bbox 1245 1895 1331 1949; x_wconf 91' lang='lat' dir='ltr'><strong>die</strong></span> <span class='ocrx_word' id='word_1_263' title='bbox 1362 1896 1639 1949; x_wconf 87' lang='lat' dir='ltr'><strong>venatibus</strong></span> <span class='ocrx_word' id='word_1_264' title='bbox 1670 1896 1771 1948; x_wconf 90' lang='lat' dir='ltr'><strong>im-</strong></span> 
     </span>
    </p>
   </div>
   <div class='ocr_carea' id='block_1_35' title="bbox 184 1984 1769 2051">
    <p class='ocr_par' dir='ltr' id='par_1_35' title="bbox 184 1984 1769 2051">
     <span class='ocr_line' id='line_1_35' title="bbox 184 1984 1769 2051; baseline 0 -10"><span class='ocrx_word' id='word_1_265' title='bbox 184 1995 464 2051; x_wconf 83' lang='lat' dir='ltr'><strong>moratur;</strong></span> <span class='ocrx_word' id='word_1_266' title='bbox 520 2002 659 2039; x_wconf 90' lang='lat' dir='ltr'><strong>nunc</strong></span> <span class='ocrx_word' id='word_1_267' title='bbox 702 1986 994 2039; x_wconf 90' lang='lat' dir='ltr'><strong>clamorem</strong></span> <span class='ocrx_word' id='word_1_268' title='bbox 1064 1984 1471 2039; x_wconf 88' lang='lat' dir='ltr'><strong>immoderatum</strong></span> <span class='ocrx_word' id='word_1_269' title='bbox 1524 1985 1769 2051; x_wconf 72' lang='lat' dir='ltr'><strong>ederetis,</strong></span> 
     </span>
    </p>
   </div>
   <div class='ocr_carea' id='block_1_36' title="bbox 187 2074 1771 2148">
    <p class='ocr_par' dir='ltr' id='par_1_36' title="bbox 187 2074 1771 2148">
     <span class='ocr_line' id='line_1_36' title="bbox 187 2074 1771 2148; baseline 0.003 -20"><span class='ocrx_word' id='word_1_270' title='bbox 187 2091 332 2130; x_wconf 86' lang='lat' dir='ltr'><strong>nunc</strong></span> <span class='ocrx_word' id='word_1_271' title='bbox 351 2076 627 2129; x_wconf 87' lang='lat' dir='ltr'><strong>silentium</strong></span> <span class='ocrx_word' id='word_1_272' title='bbox 649 2076 878 2129; x_wconf 89' lang='lat' dir='ltr'><strong>latenter</strong></span> <span class='ocrx_word' id='word_1_273' title='bbox 908 2074 1179 2140; x_wconf 90' lang='lat' dir='ltr'><strong>indicens;</strong></span> <span class='ocrx_word' id='word_1_274' title='bbox 1203 2076 1356 2131; x_wconf 64' lang='lat' dir='ltr'><strong>laetus</strong></span> <span class='ocrx_word' id='word_1_275' title='bbox 1383 2077 1426 2131; x_wconf 92' lang='lat' dir='ltr'><strong>si</strong></span> <span class='ocrx_word' id='word_1_276' title='bbox 1457 2077 1654 2148; x_wconf 89' lang='lat' dir='ltr'><strong>aliquid</strong></span> <span class='ocrx_word' id='word_1_277' title='bbox 1680 2093 1771 2133; x_wconf 83' lang='lat' dir='ltr'><strong>ce-</strong></span> 
     </span>
    </p>
   </div>
   <div class='ocr_carea' id='block_1_37' title="bbox 185 2165 1779 2235">
    <p class='ocr_par' dir='ltr' id='par_1_37' title="bbox 185 2165 1779 2235">
     <span class='ocr_line' id='line_1_37' title="bbox 185 2165 1779 2235; baseline 0.003 -16"><span class='ocrx_word' id='word_1_278' title='bbox 185 2167 343 2235; x_wconf 86' lang='lat' dir='ltr'><strong>perit,</strong></span> <span class='ocrx_word' id='word_1_279' title='bbox 404 2167 571 2219; x_wconf 90' lang='lat' dir='ltr'><strong>iratus</strong></span> <span class='ocrx_word' id='word_1_280' title='bbox 618 2166 662 2219; x_wconf 91' lang='lat' dir='ltr'><strong>si</strong></span> <span class='ocrx_word' id='word_1_281' title='bbox 713 2166 766 2221; x_wconf 91' lang='lat' dir='ltr'><strong>id</strong></span> <span class='ocrx_word' id='word_1_282' title='bbox 810 2165 955 2234; x_wconf 87' lang='lat' dir='ltr'><strong>quod</strong></span> <span class='ocrx_word' id='word_1_283' title='bbox 1010 2181 1117 2221; x_wconf 92' lang='lat' dir='ltr'><strong>non</strong></span> <span class='ocrx_word' id='word_1_284' title='bbox 1145 2166 1375 2221; x_wconf 87' lang='lat' dir='ltr'><strong>habebat</strong></span> <span class='ocrx_word' id='word_1_285' title='bbox 1403 2168 1639 2222; x_wconf 88' lang='lat' dir='ltr'><strong>amiserit</strong></span> <span class='ocrx_word' id='word_1_286' title='bbox 1673 2186 1686 2221; x_wconf 90' lang='lat'><strong>:</strong></span> <span class='ocrx_word' id='word_1_287' title='bbox 1719 2178 1779 2223; x_wconf 90' lang='lat' dir='ltr'><strong>et</strong></span> 
     </span>
    </p>
   </div>
   <div class='ocr_carea' id='block_1_38' title="bbox 180 2258 1771 2329">
    <p class='ocr_par' dir='ltr' id='par_1_38' title="bbox 180 2258 1771 2329">
     <span class='ocr_line' id='line_1_38' title="bbox 180 2258 1771 2329; baseline 0.002 -17"><span class='ocrx_word' id='word_1_288' title='bbox 180 2269 341 2315; x_wconf 81' lang='lat' dir='ltr'><strong>tanto</strong></span> <span class='ocrx_word' id='word_1_289' title='bbox 369 2258 552 2315; x_wconf 90' lang='lat' dir='ltr'><strong>studio</strong></span> <span class='ocrx_word' id='word_1_290' title='bbox 580 2260 736 2327; x_wconf 85' lang='lat' dir='ltr'><strong>gerit,</strong></span> <span class='ocrx_word' id='word_1_291' title='bbox 761 2259 914 2329; x_wconf 89' lang='lat' dir='ltr'><strong>quasi</strong></span> <span class='ocrx_word' id='word_1_292' title='bbox 938 2259 1055 2313; x_wconf 90' lang='lat' dir='ltr'><strong>ideo</strong></span> <span class='ocrx_word' id='word_1_293' title='bbox 1078 2259 1334 2313; x_wconf 89' lang='lat' dir='ltr'><strong>indictum</strong></span> <span class='ocrx_word' id='word_1_294' title='bbox 1352 2258 1612 2329; x_wconf 90' lang='lat' dir='ltr'><strong>jejunium</strong></span> <span class='ocrx_word' id='word_1_295' title='bbox 1652 2258 1771 2315; x_wconf 91' lang='lat' dir='ltr'><strong>fue-</strong></span> 
     </span>
    </p>
   </div>
   <div class='ocr_carea' id='block_1_39' title="bbox 183 2349 1767 2417">
    <p class='ocr_par' dir='ltr' id='par_1_39' title="bbox 183 2349 1767 2417">
     <span class='ocr_line' id='line_1_39' title="bbox 183 2349 1767 2417; baseline -0.001 -10"><span class='ocrx_word' id='word_1_296' title='bbox 183 2354 253 2407; x_wconf 88' lang='lat' dir='ltr'><strong>rit</strong></span> <span class='ocrx_word' id='word_1_297' title='bbox 297 2359 362 2404; x_wconf 92' lang='lat' dir='ltr'><strong>ut</strong></span> <span class='ocrx_word' id='word_1_298' title='bbox 406 2357 653 2404; x_wconf 85' lang='lat' dir='ltr'><strong>venetur.</strong></span> <span class='ocrx_word' id='word_1_299' title='bbox 711 2349 768 2403; x_wconf 87' lang='lat' dir='ltr'><strong>lu</strong></span> <span class='ocrx_word' id='word_1_300' title='bbox 798 2350 882 2404; x_wconf 89' lang='lat' dir='ltr'><strong>bis</strong></span> <span class='ocrx_word' id='word_1_301' title='bbox 928 2364 1056 2417; x_wconf 89' lang='lat' dir='ltr'><strong>ergo</strong></span> <span class='ocrx_word' id='word_1_302' title='bbox 1086 2349 1325 2413; x_wconf 79' lang='lat' dir='ltr'><strong>luxuriis,</strong></span> <span class='ocrx_word' id='word_1_303' title='bbox 1358 2350 1565 2414; x_wconf 85' lang='lat' dir='ltr'><strong>fratres,</strong></span> <span class='ocrx_word' id='word_1_304' title='bbox 1588 2350 1767 2413; x_wconf 89' lang='lat' dir='ltr'><strong>dicite,</strong></span> 
     </span>
    </p>
   </div>
   <div class='ocr_carea' id='block_1_40' title="bbox 184 2440 1771 2511">
    <p class='ocr_par' dir='ltr' id='par_1_40' title="bbox 184 2440 1771 2511">
     <span class='ocr_line' id='line_1_40' title="bbox 184 2440 1771 2511; baseline 0.001 -16"><span class='ocrx_word' id='word_1_305' title='bbox 184 2443 302 2511; x_wconf 83' lang='lat' dir='ltr'><strong>quis</strong></span> <span class='ocrx_word' id='word_1_306' title='bbox 355 2440 532 2495; x_wconf 92' lang='lat' dir='ltr'><strong>cultus</strong></span> <span class='ocrx_word' id='word_1_307' title='bbox 570 2440 641 2495; x_wconf 89' lang='lat' dir='ltr'><strong>sit</strong></span> <span class='ocrx_word' id='word_1_308' title='bbox 667 2440 780 2505; x_wconf 88' lang='lat' dir='ltr'><strong>Dei,</strong></span> <span class='ocrx_word' id='word_1_309' title='bbox 805 2454 926 2509; x_wconf 75' lang='lat' dir='ltr'><strong>qua:</strong></span> <span class='ocrx_word' id='word_1_310' title='bbox 974 2440 1170 2493; x_wconf 90' lang='lat' dir='ltr'><strong>mentis</strong></span> <span class='ocrx_word' id='word_1_311' title='bbox 1192 2440 1363 2508; x_wconf 88' lang='lat' dir='ltr'><strong>possit</strong></span> <span class='ocrx_word' id='word_1_312' title='bbox 1387 2455 1505 2495; x_wconf 90' lang='lat' dir='ltr'><strong>esse</strong></span> <span class='ocrx_word' id='word_1_313' title='bbox 1533 2441 1771 2511; x_wconf 89' lang='lat' dir='ltr'><strong>devotio,</strong></span> 
     </span>
    </p>
   </div>
   <div class='ocr_carea' id='block_1_41' title="bbox 184 2531 1773 2605">
    <p class='ocr_par' dir='ltr' id='par_1_41' title="bbox 184 2531 1773 2605">
     <span class='ocr_line' id='line_1_41' title="bbox 184 2531 1773 2605; baseline -0.001 -16"><span class='ocrx_word' id='word_1_314' title='bbox 184 2535 271 2605; x_wconf 90' lang='lat' dir='ltr'><strong>qui</strong></span> <span class='ocrx_word' id='word_1_315' title='bbox 302 2541 596 2604; x_wconf 86' lang='lat' dir='ltr'><strong>propterea</strong></span> <span class='ocrx_word' id='word_1_316' title='bbox 621 2532 847 2602; x_wconf 86' lang='lat' dir='ltr'><strong>jejunat,</strong></span> <span class='ocrx_word' id='word_1_317' title='bbox 875 2548 983 2587; x_wconf 91' lang='lat' dir='ltr'><strong>non</strong></span> <span class='ocrx_word' id='word_1_318' title='bbox 1006 2540 1065 2586; x_wconf 93' lang='lat' dir='ltr'><strong>ut</strong></span> <span class='ocrx_word' id='word_1_319' title='bbox 1092 2531 1203 2587; x_wconf 90' lang='lat' dir='ltr'><strong>Deo</strong></span> <span class='ocrx_word' id='word_1_320' title='bbox 1244 2541 1406 2601; x_wconf 90' lang='lat' dir='ltr'><strong>atque</strong></span> <span class='ocrx_word' id='word_1_321' title='bbox 1443 2532 1773 2588; x_wconf 87' lang='lat' dir='ltr'><strong>orationibus</strong></span> 
     </span>
    </p>
   </div>
   <div class='ocr_carea' id='block_1_42' title="bbox 186 2621 1770 2691">
    <p class='ocr_par' dir='ltr' id='par_1_42' title="bbox 186 2621 1770 2691">
     <span class='ocr_line' id='line_1_42' title="bbox 186 2621 1770 2691; baseline 0 -15"><span class='ocrx_word' id='word_1_322' title='bbox 186 2633 368 2689; x_wconf 70' lang='lat' dir='ltr'><strong>vacet,</strong></span> <span class='ocrx_word' id='word_1_323' title='bbox 404 2639 499 2679; x_wconf 89' lang='lat' dir='ltr'><strong>seu</strong></span> <span class='ocrx_word' id='word_1_324' title='bbox 528 2631 588 2678; x_wconf 86' lang='lat' dir='ltr'><strong>ut</strong></span> <span class='ocrx_word' id='word_1_325' title='bbox 615 2631 725 2677; x_wconf 90' lang='lat' dir='ltr'><strong>tota</strong></span> <span class='ocrx_word' id='word_1_326' title='bbox 754 2622 840 2677; x_wconf 91' lang='lat' dir='ltr'><strong>die</strong></span> <span class='ocrx_word' id='word_1_327' title='bbox 865 2622 1069 2677; x_wconf 91' lang='lat' dir='ltr'><strong>otiosus</strong></span> <span class='ocrx_word' id='word_1_328' title='bbox 1098 2629 1153 2675; x_wconf 90' lang='lat' dir='ltr'><strong>et</strong></span> <span class='ocrx_word' id='word_1_329' title='bbox 1182 2621 1316 2675; x_wconf 88' lang='lat' dir='ltr'><strong>liber</strong></span> <span class='ocrx_word' id='word_1_330' title='bbox 1340 2623 1583 2691; x_wconf 88' lang='lat' dir='ltr'><strong>proprias</strong></span> <span class='ocrx_word' id='word_1_331' title='bbox 1613 2638 1770 2677; x_wconf 84' lang='lat' dir='ltr'><strong>exer-</strong></span> 
     </span>
    </p>
   </div>
   <div class='ocr_carea' id='block_1_43' title="bbox 186 2709 1771 2783">
    <p class='ocr_par' dir='ltr' id='par_1_43' title="bbox 186 2709 1771 2783">
     <span class='ocr_line' id='line_1_43' title="bbox 186 2709 1771 2783; baseline -0.004 -12"><span class='ocrx_word' id='word_1_332' title='bbox 186 2723 309 2771; x_wconf 84' lang='lat' dir='ltr'><strong>ceat</strong></span> <span class='ocrx_word' id='word_1_333' title='bbox 353 2713 696 2783; x_wconf 84' lang='lat' dir='ltr'><strong>voluptates?</strong></span> <span class='ocrx_word' id='word_1_334' title='bbox 741 2709 998 2779; x_wconf 83' lang='lat' dir='ltr'><strong>Quamvis</strong></span> <span class='ocrx_word' id='word_1_335' title='bbox 1047 2710 1227 2778; x_wconf 81' lang='lat' dir='ltr'><strong>igitur,</strong></span> <span class='ocrx_word' id='word_1_336' title='bbox 1267 2711 1358 2779; x_wconf 91' lang='lat' dir='ltr'><strong>qui</strong></span> <span class='ocrx_word' id='word_1_337' title='bbox 1405 2711 1663 2779; x_wconf 89' lang='lat' dir='ltr'><strong>ejusmodi</strong></span> <span class='ocrx_word' id='word_1_338' title='bbox 1692 2727 1771 2777; x_wconf 91' lang='lat' dir='ltr'><strong>es,</strong></span> 
     </span>
    </p>
   </div>
   <div class='ocr_carea' id='block_1_44' title="bbox 184 2804 1771 2885">
    <p class='ocr_par' dir='ltr' id='par_1_44' title="bbox 184 2804 1771 2885">
     <span class='ocr_line' id='line_1_44' title="bbox 184 2804 1771 2885; baseline -0.003 -21"><span class='ocrx_word' id='word_1_339' title='bbox 184 2811 350 2885; x_wconf 59' lang='lat'><strong>559</strong></span> <span class='ocrx_word' id='word_1_340' title='bbox 378 2809 565 2875; x_wconf 84' lang='lat' dir='ltr'><strong>frater,</strong></span> <span class='ocrx_word' id='word_1_341' title='bbox 585 2823 808 2877; x_wconf 88' lang='lat' dir='ltr'><strong>vespere</strong></span> <span class='ocrx_word' id='word_1_342' title='bbox 830 2806 896 2861; x_wconf 89' lang='lat' dir='ltr'><strong>ad</strong></span> <span class='ocrx_word' id='word_1_343' title='bbox 926 2806 1141 2860; x_wconf 89' lang='lat' dir='ltr'><strong>domum</strong></span> <span class='ocrx_word' id='word_1_344' title='bbox 1168 2804 1356 2859; x_wconf 87' lang='lat' dir='ltr'><strong>redeas</strong></span> <span class='ocrx_word' id='word_1_345' title='bbox 1375 2847 1388 2869; x_wconf 92' lang='lat'><strong>,</strong></span> <span class='ocrx_word' id='word_1_346' title='bbox 1412 2806 1654 2873; x_wconf 85' lang='lat' dir='ltr'><strong>quamvis</strong></span> <span class='ocrx_word' id='word_1_347' title='bbox 1675 2804 1771 2860; x_wconf 90' lang='lat' dir='ltr'><strong>de-</strong></span> 
     </span>
    </p>
   </div>
   <div class='ocr_carea' id='block_1_45' title="bbox 185 2894 1773 2969">
    <p class='ocr_par' dir='ltr' id='par_1_45' title="bbox 185 2894 1773 2969">
     <span class='ocr_line' id='line_1_45' title="bbox 185 2894 1773 2969; baseline -0.006 -12"><span class='ocrx_word' id='word_1_348' title='bbox 185 2904 431 2958; x_wconf 59' lang='lat' dir='ltr'><strong>clinante</strong></span> <span class='ocrx_word' id='word_1_349' title='bbox 448 2900 562 2969; x_wconf 90' lang='lat' dir='ltr'><strong>jam</strong></span> <span class='ocrx_word' id='word_1_350' title='bbox 591 2899 704 2953; x_wconf 90' lang='lat' dir='ltr'><strong>sole</strong></span> <span class='ocrx_word' id='word_1_351' title='bbox 726 2896 1033 2959; x_wconf 85' lang='lat' dir='ltr'><strong>manduces,</strong></span> <span class='ocrx_word' id='word_1_352' title='bbox 1064 2903 1218 2965; x_wconf 88' lang='lat' dir='ltr'><strong>potes</strong></span> <span class='ocrx_word' id='word_1_353' title='bbox 1246 2894 1411 2948; x_wconf 90' lang='lat' dir='ltr'><strong>videri</strong></span> <span class='ocrx_word' id='word_1_354' title='bbox 1444 2894 1644 2947; x_wconf 84' lang='lat' dir='ltr'><strong>tardius</strong></span> <span class='ocrx_word' id='word_1_355' title='bbox 1684 2909 1773 2948; x_wconf 82' lang='lat' dir='ltr'><strong>re-</strong></span> 
     </span>
    </p>
   </div>
   <div class='ocr_carea' id='block_1_46' title="bbox 186 2987 1775 3059">
    <p class='ocr_par' dir='ltr' id='par_1_46' title="bbox 186 2987 1775 3059">
     <span class='ocr_line' id='line_1_46' title="bbox 186 2987 1775 3059; baseline -0.005 -10"><span class='ocrx_word' id='word_1_356' title='bbox 186 2996 401 3059; x_wconf 90' lang='lat' dir='ltr'><strong>fecisse,</strong></span> <span class='ocrx_word' id='word_1_357' title='bbox 425 3010 531 3048; x_wconf 91' lang='lat' dir='ltr'><strong>non</strong></span> <span class='ocrx_word' id='word_1_358' title='bbox 559 3001 733 3047; x_wconf 89' lang='lat' dir='ltr'><strong>tamen</strong></span> <span class='ocrx_word' id='word_1_359' title='bbox 756 2988 983 3045; x_wconf 91' lang='lat' dir='ltr'><strong>Domino</strong></span> <span class='ocrx_word' id='word_1_360' title='bbox 999 2988 1289 3058; x_wconf 87' lang='lat' dir='ltr'><strong>jejunasse.</strong></span> <span class='ocrx_word' id='word_1_361' title='bbox 1316 2987 1427 3041; x_wconf 85' lang='lat' dir='ltr'><strong>Nec</strong></span> <span class='ocrx_word' id='word_1_362' title='bbox 1456 2987 1594 3040; x_wconf 67' lang='lat' dir='ltr'><strong>enim</strong></span> <span class='ocrx_word' id='word_1_363' title='bbox 1620 2995 1775 3056; x_wconf 89' lang='lat' dir='ltr'><strong>potes</strong></span> 
     </span>
    </p>
   </div>
   <div class='ocr_carea' id='block_1_47' title="bbox 187 3075 1773 3154">
    <p class='ocr_par' dir='ltr' id='par_1_47' title="bbox 187 3075 1773 3154">
     <span class='ocr_line' id='line_1_47' title="bbox 187 3075 1773 3154; baseline -0.009 -12"><span class='ocrx_word' id='word_1_364' title='bbox 187 3088 360 3142; x_wconf 76' lang='lat' dir='ltr'><strong>videri</strong></span> <span class='ocrx_word' id='word_1_365' title='bbox 391 3095 417 3123; x_wconf 70' lang='grc' dir='ltr'><strong><em>λ</em></strong></span> <span class='ocrx_word' id='word_1_366' title='bbox 442 3085 778 3154; x_wconf 73' lang='lat' dir='ltr'><strong>voluptatem</strong></span> <span class='ocrx_word' id='word_1_367' title='bbox 822 3088 966 3135; x_wconf 89' lang='lat' dir='ltr'><strong>tuam</strong></span> <span class='ocrx_word' id='word_1_368' title='bbox 1021 3092 1278 3134; x_wconf 80' lang='lat' dir='ltr'><strong>exercens</strong></span> <span class='ocrx_word' id='word_1_369' title='bbox 1324 3076 1513 3131; x_wconf 89' lang='lat' dir='ltr'><strong>fecisse</strong></span> <span class='ocrx_word' id='word_1_370' title='bbox 1566 3075 1773 3130; x_wconf 89' lang='lat' dir='ltr'><strong>Domini</strong></span> 
     </span>
    </p>
   </div>
   <div class='ocr_carea' id='block_1_48' title="bbox 1876 1891 3456 1964">
    <p class='ocr_par' dir='ltr' id='par_1_48' title="bbox 1876 1891 3456 1964">
     <span class='ocr_line' id='line_1_48' title="bbox 1876 1891 3456 1964; baseline -0.001 -17"><span class='ocrx_word' id='word_1_371' title='bbox 1876 1903 2153 1964; x_wconf 89' lang='lat' dir='ltr'><strong>acceptum</strong></span> <span class='ocrx_word' id='word_1_372' title='bbox 2185 1893 2295 1947; x_wconf 88' lang='lat' dir='ltr'><strong>Deo</strong></span> <span class='ocrx_word' id='word_1_373' title='bbox 2322 1908 2440 1949; x_wconf 88' lang='lat' dir='ltr'><strong>esse</strong></span> <span class='ocrx_word' id='word_1_374' title='bbox 2462 1892 2749 1961; x_wconf 87' lang='lat' dir='ltr'><strong>jejunium,</strong></span> <span class='ocrx_word' id='word_1_375' title='bbox 2779 1892 2824 1944; x_wconf 91' lang='lat' dir='ltr'><strong>si</strong></span> <span class='ocrx_word' id='word_1_376' title='bbox 2850 1906 2953 1945; x_wconf 89' lang='lat' dir='ltr'><strong>non</strong></span> <span class='ocrx_word' id='word_1_377' title='bbox 2976 1891 3149 1945; x_wconf 91' lang='lat' dir='ltr'><strong>solum</strong></span> <span class='ocrx_word' id='word_1_378' title='bbox 3180 1891 3456 1945; x_wconf 88' lang='lat' dir='ltr'><strong>abstinen-</strong></span> 
     </span>
    </p>
   </div>
   <div class='ocr_carea' id='block_1_49' title="bbox 1878 1982 3460 2054">
    <p class='ocr_par' dir='ltr' id='par_1_49' title="bbox 1878 1982 3460 2054">
     <span class='ocr_line' id='line_1_49' title="bbox 1878 1982 3460 2054; baseline -0.001 -15"><span class='ocrx_word' id='word_1_379' title='bbox 1878 1986 1950 2040; x_wconf 89' lang='lat' dir='ltr'><strong>tia</strong></span> <span class='ocrx_word' id='word_1_380' title='bbox 1979 1986 2303 2054; x_wconf 84' lang='lat' dir='ltr'><strong>castigemus</strong></span> <span class='ocrx_word' id='word_1_381' title='bbox 2322 1999 2571 2054; x_wconf 86' lang='lat' dir='ltr'><strong>eorpora,</strong></span> <span class='ocrx_word' id='word_1_382' title='bbox 2595 1983 2688 2038; x_wconf 82' lang='lat' dir='ltr'><strong>sed</strong></span> <span class='ocrx_word' id='word_1_383' title='bbox 2737 1985 2897 2037; x_wconf 90' lang='lat' dir='ltr'><strong>etiam</strong></span> <span class='ocrx_word' id='word_1_384' title='bbox 2927 1982 3227 2037; x_wconf 87' lang='lat' dir='ltr'><strong>humilitate</strong></span> <span class='ocrx_word' id='word_1_385' title='bbox 3253 1982 3460 2038; x_wconf 88' lang='lat' dir='ltr'><strong>animas</strong></span> 
     </span>
    </p>
   </div>
   <div class='ocr_carea' id='block_1_50' title="bbox 1877 2072 3460 2138">
    <p class='ocr_par' dir='ltr' id='par_1_50' title="bbox 1877 2072 3460 2138">
     <span class='ocr_line' id='line_1_50' title="bbox 1877 2072 3460 2138; baseline -0.002 -10"><span class='ocrx_word' id='word_1_386' title='bbox 1877 2076 2177 2130; x_wconf 89' lang='lat' dir='ltr'><strong>induamus.</strong></span> <span class='ocrx_word' id='word_1_387' title='bbox 2234 2073 2413 2128; x_wconf 87' lang='lat' dir='ltr'><strong>Simus</strong></span> <span class='ocrx_word' id='word_1_388' title='bbox 2441 2074 2507 2127; x_wconf 91' lang='lat' dir='ltr'><strong>ad</strong></span> <span class='ocrx_word' id='word_1_389' title='bbox 2535 2073 2779 2129; x_wconf 84' lang='lat' dir='ltr'><strong>servulos</strong></span> <span class='ocrx_word' id='word_1_390' title='bbox 2807 2074 2983 2138; x_wconf 87' lang='lat' dir='ltr'><strong>mites,</strong></span> <span class='ocrx_word' id='word_1_391' title='bbox 3036 2073 3219 2126; x_wconf 85' lang='lat' dir='ltr'><strong>blandi</strong></span> <span class='ocrx_word' id='word_1_392' title='bbox 3247 2072 3316 2126; x_wconf 92' lang='lat' dir='ltr'><strong>ad</strong></span> <span class='ocrx_word' id='word_1_393' title='bbox 3364 2087 3460 2125; x_wconf 80' lang='lat' dir='ltr'><strong>ex-</strong></span> 
     </span>
    </p>
   </div>
   <div class='ocr_carea' id='block_1_51' title="bbox 1874 2163 3457 2232">
    <p class='ocr_par' dir='ltr' id='par_1_51' title="bbox 1874 2163 3457 2232">
     <span class='ocr_line' id='line_1_51' title="bbox 1874 2163 3457 2232; baseline -0.001 -13"><span class='ocrx_word' id='word_1_394' title='bbox 1874 2174 2111 2232; x_wconf 90' lang='lat' dir='ltr'><strong>traneos,</strong></span> <span class='ocrx_word' id='word_1_395' title='bbox 2162 2164 2536 2220; x_wconf 88' lang='lat' dir='ltr'><strong>misericordes</strong></span> <span class='ocrx_word' id='word_1_396' title='bbox 2566 2163 2632 2217; x_wconf 92' lang='lat' dir='ltr'><strong>ad</strong></span> <span class='ocrx_word' id='word_1_397' title='bbox 2660 2179 2946 2232; x_wconf 88' lang='lat' dir='ltr'><strong>pauperes,</strong></span> <span class='ocrx_word' id='word_1_398' title='bbox 2976 2170 3255 2231; x_wconf 84' lang='lat' dir='ltr'><strong>surgentes</strong></span> <span class='ocrx_word' id='word_1_399' title='bbox 3284 2163 3457 2231; x_wconf 90' lang='lat' dir='ltr'><strong>primo</strong></span> 
     </span>
    </p>
   </div>
   <div class='ocr_carea' id='block_1_52' title="bbox 1873 2254 3456 2323">
    <p class='ocr_par' dir='ltr' id='par_1_52' title="bbox 1873 2254 3456 2323">
     <span class='ocr_line' id='line_1_52' title="bbox 1873 2254 3456 2323; baseline -0.001 -12"><span class='ocrx_word' id='word_1_400' title='bbox 1873 2257 2106 2311; x_wconf 88' lang='lat' dir='ltr'><strong>diluculo</strong></span> <span class='ocrx_word' id='word_1_401' title='bbox 2156 2256 2223 2310; x_wconf 91' lang='lat' dir='ltr'><strong>ad</strong></span> <span class='ocrx_word' id='word_1_402' title='bbox 2270 2256 2552 2311; x_wconf 85' lang='lat' dir='ltr'><strong>ecclesiam</strong></span> <span class='ocrx_word' id='word_1_403' title='bbox 2616 2254 2951 2323; x_wconf 88' lang='lat' dir='ltr'><strong>festinemus,</strong></span> <span class='ocrx_word' id='word_1_404' title='bbox 2995 2255 3290 2311; x_wconf 86' lang='lat' dir='ltr'><strong>referamus</strong></span> <span class='ocrx_word' id='word_1_405' title='bbox 3343 2256 3456 2310; x_wconf 93' lang='lat' dir='ltr'><strong>Deo</strong></span> 
     </span>
    </p>
   </div>
   <div class='ocr_carea' id='block_1_53' title="bbox 1871 2346 3458 2416">
    <p class='ocr_par' dir='ltr' id='par_1_53' title="bbox 1871 2346 3458 2416">
     <span class='ocr_line' id='line_1_53' title="bbox 1871 2346 3458 2416; baseline 0 -17"><span class='ocrx_word' id='word_1_406' title='bbox 1871 2347 2089 2414; x_wconf 83' lang='lat' dir='ltr'><strong>gratias,</strong></span> <span class='ocrx_word' id='word_1_407' title='bbox 2138 2347 2371 2416; x_wconf 89' lang='lat' dir='ltr'><strong>peccatis</strong></span> <span class='ocrx_word' id='word_1_408' title='bbox 2400 2347 2609 2401; x_wconf 87' lang='lat' dir='ltr'><strong>veniam</strong></span> <span class='ocrx_word' id='word_1_409' title='bbox 2640 2346 2989 2415; x_wconf 82' lang='lat' dir='ltr'><strong>postulemus,</strong></span> <span class='ocrx_word' id='word_1_410' title='bbox 3034 2355 3285 2413; x_wconf 84' lang='lat' dir='ltr'><strong>rogantes</strong></span> <span class='ocrx_word' id='word_1_411' title='bbox 3322 2361 3458 2413; x_wconf 74' lang='lat' dir='ltr'><strong>prm-</strong></span> 
     </span>
    </p>
   </div>
   <div class='ocr_carea' id='block_1_54' title="bbox 1874 2434 3455 2503">
    <p class='ocr_par' dir='ltr' id='par_1_54' title="bbox 1874 2434 3455 2503">
     <span class='ocr_line' id='line_1_54' title="bbox 1874 2434 3455 2503; baseline -0.001 -12"><span class='ocrx_word' id='word_1_412' title='bbox 1874 2437 2045 2491; x_wconf 80' lang='lat' dir='ltr'><strong>teritis</strong></span> <span class='ocrx_word' id='word_1_413' title='bbox 2070 2436 2281 2491; x_wconf 81' lang='lat' dir='ltr'><strong>delictis</strong></span> <span class='ocrx_word' id='word_1_414' title='bbox 2311 2435 2716 2503; x_wconf 82' lang='lat' dir='ltr'><strong>indulgentiam,</strong></span> <span class='ocrx_word' id='word_1_415' title='bbox 2748 2436 3013 2490; x_wconf 84' lang='lat' dir='ltr'><strong>cautelam</strong></span> <span class='ocrx_word' id='word_1_416' title='bbox 3071 2434 3291 2496; x_wconf 87' lang='lat' dir='ltr'><strong>futuris;</strong></span> <span class='ocrx_word' id='word_1_417' title='bbox 3340 2442 3455 2489; x_wconf 86' lang='lat' dir='ltr'><strong>tota</strong></span> 
     </span>
    </p>
   </div>
   <div class='ocr_carea' id='block_1_55' title="bbox 1872 2524 3460 2591">
    <p class='ocr_par' dir='ltr' id='par_1_55' title="bbox 1872 2524 3460 2591">
     <span class='ocr_line' id='line_1_55' title="bbox 1872 2524 3460 2591; baseline 0 -11"><span class='ocrx_word' id='word_1_418' title='bbox 1872 2526 1960 2581; x_wconf 91' lang='lat' dir='ltr'><strong>die</strong></span> <span class='ocrx_word' id='word_1_419' title='bbox 1987 2527 2057 2581; x_wconf 91' lang='lat' dir='ltr'><strong>sit</strong></span> <span class='ocrx_word' id='word_1_420' title='bbox 2073 2525 2229 2580; x_wconf 87' lang='lat' dir='ltr'><strong>nobis</strong></span> <span class='ocrx_word' id='word_1_421' title='bbox 2249 2525 2461 2581; x_wconf 89' lang='lat' dir='ltr'><strong>assidua</strong></span> <span class='ocrx_word' id='word_1_422' title='bbox 2481 2525 2567 2580; x_wconf 87' lang='lat' dir='ltr'><strong>vel</strong></span> <span class='ocrx_word' id='word_1_423' title='bbox 2596 2525 2789 2591; x_wconf 91' lang='lat' dir='ltr'><strong>oratio,</strong></span> <span class='ocrx_word' id='word_1_424' title='bbox 2814 2525 2899 2579; x_wconf 90' lang='lat' dir='ltr'><strong>vel</strong></span> <span class='ocrx_word' id='word_1_425' title='bbox 2920 2525 3103 2579; x_wconf 90' lang='lat' dir='ltr'><strong>lectio.</strong></span> <span class='ocrx_word' id='word_1_426' title='bbox 3126 2524 3227 2590; x_wconf 85' lang='lat' dir='ltr'><strong>Qui</strong></span> <span class='ocrx_word' id='word_1_427' title='bbox 3252 2524 3460 2580; x_wconf 83' lang='lat' dir='ltr'><strong>litteras</strong></span> 
     </span>
    </p>
   </div>
   <div class='ocr_carea' id='block_1_56' title="bbox 1872 2613 3460 2685">
    <p class='ocr_par' dir='ltr' id='par_1_56' title="bbox 1872 2613 3460 2685">
     <span class='ocr_line' id='line_1_56' title="bbox 1872 2613 3460 2685; baseline 0.001 -16"><span class='ocrx_word' id='word_1_428' title='bbox 1872 2617 2061 2681; x_wconf 90' lang='lat' dir='ltr'><strong>nescit,</strong></span> <span class='ocrx_word' id='word_1_429' title='bbox 2086 2625 2331 2672; x_wconf 86' lang='lat' dir='ltr'><strong>sanctum</strong></span> <span class='ocrx_word' id='word_1_430' title='bbox 2353 2617 2525 2670; x_wconf 89' lang='lat' dir='ltr'><strong>virum</strong></span> <span class='ocrx_word' id='word_1_431' title='bbox 2549 2616 2862 2685; x_wconf 87' lang='lat' dir='ltr'><strong>perquirens</strong></span> <span class='ocrx_word' id='word_1_432' title='bbox 2885 2615 3004 2684; x_wconf 89' lang='lat' dir='ltr'><strong>ejus</strong></span> <span class='ocrx_word' id='word_1_433' title='bbox 3024 2613 3460 2670; x_wconf 84' lang='lat' dir='ltr'><strong>confabulatione</strong></span> 
     </span>
    </p>
   </div>
   <div class='ocr_carea' id='block_1_57' title="bbox 1872 2705 3459 2777">
    <p class='ocr_par' dir='ltr' id='par_1_57' title="bbox 1872 2705 3459 2777">
     <span class='ocr_line' id='line_1_57' title="bbox 1872 2705 3459 2777; baseline -0.002 -15"><span class='ocrx_word' id='word_1_434' title='bbox 1872 2715 2141 2777; x_wconf 88' lang='lat' dir='ltr'><strong>pascatur.</strong></span> <span class='ocrx_word' id='word_1_435' title='bbox 2174 2707 2313 2762; x_wconf 83' lang='lat' dir='ltr'><strong>Nulli</strong></span> <span class='ocrx_word' id='word_1_436' title='bbox 2342 2715 2496 2762; x_wconf 89' lang='lat' dir='ltr'><strong>actus</strong></span> <span class='ocrx_word' id='word_1_437' title='bbox 2521 2706 2702 2762; x_wconf 67' lang='lat' dir='ltr'><strong>saeculi</strong></span> <span class='ocrx_word' id='word_1_438' title='bbox 2744 2713 2901 2761; x_wconf 89' lang='lat' dir='ltr'><strong>actus</strong></span> <span class='ocrx_word' id='word_1_439' title='bbox 2948 2705 3249 2759; x_wconf 80' lang='lat' dir='ltr'><strong>Divinitatis</strong></span> <span class='ocrx_word' id='word_1_440' title='bbox 3288 2706 3459 2774; x_wconf 80' lang='lat' dir='ltr'><strong>impe-</strong></span> 
     </span>
    </p>
   </div>
   <div class='ocr_carea' id='block_1_58' title="bbox 1872 2796 3459 2864">
    <p class='ocr_par' dir='ltr' id='par_1_58' title="bbox 1872 2796 3459 2864">
     <span class='ocr_line' id='line_1_58' title="bbox 1872 2796 3459 2864; baseline -0.002 -12"><span class='ocrx_word' id='word_1_441' title='bbox 1872 2798 2051 2864; x_wconf 88' lang='lat' dir='ltr'><strong>diant;</strong></span> <span class='ocrx_word' id='word_1_442' title='bbox 2101 2814 2209 2853; x_wconf 87' lang='lat' dir='ltr'><strong>non</strong></span> <span class='ocrx_word' id='word_1_443' title='bbox 2250 2798 2403 2852; x_wconf 92' lang='lat' dir='ltr'><strong>ludus</strong></span> <span class='ocrx_word' id='word_1_444' title='bbox 2443 2798 2637 2853; x_wconf 68' lang='lat' dir='ltr'><strong>tabula:</strong></span> <span class='ocrx_word' id='word_1_445' title='bbox 2665 2806 2900 2853; x_wconf 85' lang='lat' dir='ltr'><strong>mentem</strong></span> <span class='ocrx_word' id='word_1_446' title='bbox 2929 2806 3139 2863; x_wconf 85' lang='lat' dir='ltr'><strong>avocet,</strong></span> <span class='ocrx_word' id='word_1_447' title='bbox 3170 2812 3277 2850; x_wconf 89' lang='lat' dir='ltr'><strong>non</strong></span> <span class='ocrx_word' id='word_1_448' title='bbox 3305 2796 3459 2851; x_wconf 85' lang='lat' dir='ltr'><strong>volu-</strong></span> 
     </span>
    </p>
   </div>
   <div class='ocr_carea' id='block_1_59' title="bbox 1875 2885 3517 2959">
    <p class='ocr_par' dir='ltr' id='par_1_59' title="bbox 1875 2885 3517 2959">
     <span class='ocr_line' id='line_1_59' title="bbox 1875 2885 3517 2959; baseline -0.003 -16"><span class='ocrx_word' id='word_1_449' title='bbox 1875 2898 1993 2959; x_wconf 88' lang='lat' dir='ltr'><strong>ptas</strong></span> <span class='ocrx_word' id='word_1_450' title='bbox 2014 2896 2417 2945; x_wconf 81' lang='lat' dir='ltr'><strong>canumsens&#39;us</strong></span> <span class='ocrx_word' id='word_1_451' title='bbox 2439 2888 2694 2955; x_wconf 87' lang='lat' dir='ltr'><strong>obducat,</strong></span> <span class='ocrx_word' id='word_1_452' title='bbox 2725 2904 2829 2942; x_wconf 91' lang='lat' dir='ltr'><strong>non</strong></span> <span class='ocrx_word' id='word_1_453' title='bbox 2856 2888 3056 2955; x_wconf 82' lang='lat' dir='ltr'><strong>negotii</strong></span> <span class='ocrx_word' id='word_1_454' title='bbox 3078 2885 3456 2954; x_wconf 84' lang='lat' dir='ltr'><strong>compendium</strong></span> <span class='ocrx_word' id='word_1_455' title='bbox 3513 2944 3517 2947; x_wconf 27' lang='grc' dir='ltr'><strong><em>τ</em></strong></span> 
     </span>
    </p>
   </div>
   <div class='ocr_carea' id='block_1_60' title="bbox 1876 2977 3460 3047">
    <p class='ocr_par' dir='ltr' id='par_1_60' title="bbox 1876 2977 3460 3047">
     <span class='ocr_line' id='line_1_60' title="bbox 1876 2977 3460 3047; baseline -0.004 -13"><span class='ocrx_word' id='word_1_456' title='bbox 1876 2980 2110 3034; x_wconf 86' lang='lat' dir='ltr'><strong>animam</strong></span> <span class='ocrx_word' id='word_1_457' title='bbox 2141 2978 2399 3033; x_wconf 87' lang='lat' dir='ltr'><strong>aviditate</strong></span> <span class='ocrx_word' id='word_1_458' title='bbox 2429 2986 2720 3047; x_wconf 88' lang='lat' dir='ltr'><strong>pervertat.</strong></span> <span class='ocrx_word' id='word_1_459' title='bbox 2752 2977 3019 3047; x_wconf 86' lang='lat' dir='ltr'><strong>Quidquid</strong></span> <span class='ocrx_word' id='word_1_460' title='bbox 3074 2977 3215 3030; x_wconf 86' lang='lat' dir='ltr'><strong>enim</strong></span> <span class='ocrx_word' id='word_1_461' title='bbox 3263 2984 3460 3045; x_wconf 84' lang='lat' dir='ltr'><strong>praeter</strong></span> 
     </span>
    </p>
   </div>
   <div class='ocr_carea' id='block_1_61' title="bbox 1878 3063 3456 3137">
    <p class='ocr_par' dir='ltr' id='par_1_61' title="bbox 1878 3063 3456 3137">
     <span class='ocr_line' id='line_1_61' title="bbox 1878 3063 3456 3137; baseline -0.004 -14"><span class='ocrx_word' id='word_1_462' title='bbox 1878 3069 2186 3123; x_wconf 89' lang='lat' dir='ltr'><strong>mandatum</strong></span> <span class='ocrx_word' id='word_1_463' title='bbox 2211 3069 2306 3123; x_wconf 89' lang='lat' dir='ltr'><strong>Dei</strong></span> <span class='ocrx_word' id='word_1_464' title='bbox 2335 3069 2546 3134; x_wconf 88' lang='lat' dir='ltr'><strong>feceris,</strong></span> <span class='ocrx_word' id='word_1_465' title='bbox 2571 3068 2817 3137; x_wconf 82' lang='lat' dir='ltr'><strong>quamvis</strong></span> <span class='ocrx_word' id='word_1_466' title='bbox 2846 3067 3137 3129; x_wconf 86' lang='lat' dir='ltr'><strong>abstineas,</strong></span> <span class='ocrx_word' id='word_1_467' title='bbox 3168 3081 3274 3119; x_wconf 91' lang='lat' dir='ltr'><strong>non</strong></span> <span class='ocrx_word' id='word_1_468' title='bbox 3318 3063 3456 3132; x_wconf 86' lang='lat' dir='ltr'><strong>jeju-</strong></span> 
     </span>
    </p>
   </div>
   <div class='ocr_carea' id='block_1_62' title="bbox 192 3155 3461 3242">
    <p class='ocr_par' dir='ltr' id='par_1_62' title="bbox 192 3155 3461 3242">
     <span class='ocr_line' id='line_1_62' title="bbox 192 3155 3461 3242; baseline -0.007 -10"><span class='ocrx_word' id='word_1_469' title='bbox 192 3180 551 3234; x_wconf 91' lang='lat' dir='ltr'><strong>voluntatem.</strong></span> <span class='ocrx_word' id='word_1_470' title='bbox 583 3174 708 3229; x_wconf 70' lang='lat' dir='ltr'><strong>Hzec</strong></span> <span class='ocrx_word' id='word_1_471' title='bbox 735 3174 875 3227; x_wconf 88' lang='lat' dir='ltr'><strong>enim</strong></span> <span class='ocrx_word' id='word_1_472' title='bbox 905 3170 1150 3225; x_wconf 88' lang='lat' dir='ltr'><strong>voluntas</strong></span> <span class='ocrx_word' id='word_1_473' title='bbox 1176 3178 1257 3223; x_wconf 90' lang='lat' dir='ltr'><strong>est</strong></span> <span class='ocrx_word' id='word_1_474' title='bbox 1287 3168 1517 3231; x_wconf 90' lang='lat' dir='ltr'><strong>Domini,</strong></span> <span class='ocrx_word' id='word_1_475' title='bbox 1549 3175 1607 3219; x_wconf 92' lang='lat' dir='ltr'><strong>ut</strong></span> <span class='ocrx_word' id='word_1_476' title='bbox 1630 3166 1772 3235; x_wconf 88' lang='lat' dir='ltr'><strong>jeju-</strong></span> <span class='ocrx_word' id='word_1_477' title='bbox 1799 3182 1843 3242; x_wconf 67' lang='grc' dir='ltr'><strong>ρ</strong></span> <span class='ocrx_word' id='word_1_478' title='bbox 1877 3174 1990 3213; x_wconf 89' lang='lat' dir='ltr'><strong>nas.</strong></span> <span class='ocrx_word' id='word_1_479' title='bbox 2022 3160 2139 3214; x_wconf 86' lang='lat' dir='ltr'><strong>Hoc</strong></span> <span class='ocrx_word' id='word_1_480' title='bbox 2166 3168 2250 3213; x_wconf 90' lang='lat' dir='ltr'><strong>est</strong></span> <span class='ocrx_word' id='word_1_481' title='bbox 2288 3160 2430 3213; x_wconf 92' lang='lat' dir='ltr'><strong>enim</strong></span> <span class='ocrx_word' id='word_1_482' title='bbox 2460 3160 2696 3214; x_wconf 90' lang='lat' dir='ltr'><strong>salutare</strong></span> <span class='ocrx_word' id='word_1_483' title='bbox 2738 3157 3017 3226; x_wconf 86' lang='lat' dir='ltr'><strong>jejunium,</strong></span> <span class='ocrx_word' id='word_1_484' title='bbox 3044 3156 3267 3211; x_wconf 89' lang='lat' dir='ltr'><strong>utsicut</strong></span> <span class='ocrx_word' id='word_1_485' title='bbox 3292 3155 3461 3209; x_wconf 79' lang='lat' dir='ltr'><strong>absti—</strong></span> 
     </span>
    </p>
   </div>
   <div class='ocr_carea' id='block_1_63' title="bbox 189 3256 1778 3333">
    <p class='ocr_par' dir='ltr' id='par_1_63' title="bbox 189 3256 1778 3333">
     <span class='ocr_line' id='line_1_63' title="bbox 189 3256 1778 3333; baseline -0.009 -10"><span class='ocrx_word' id='word_1_486' title='bbox 189 3284 385 3323; x_wconf 89' lang='lat' dir='ltr'><strong>nemus</strong></span> <span class='ocrx_word' id='word_1_487' title='bbox 404 3282 435 3319; x_wconf 90' lang='lat' dir='ltr'><strong>a</strong></span> <span class='ocrx_word' id='word_1_488' title='bbox 462 3266 599 3321; x_wconf 89' lang='lat' dir='ltr'><strong>cibis</strong></span> <span class='ocrx_word' id='word_1_489' title='bbox 640 3264 840 3333; x_wconf 88' lang='lat' dir='ltr'><strong>pariter</strong></span> <span class='ocrx_word' id='word_1_490' title='bbox 863 3268 918 3315; x_wconf 91' lang='lat' dir='ltr'><strong>et</strong></span> <span class='ocrx_word' id='word_1_491' title='bbox 942 3276 971 3314; x_wconf 91' lang='lat' dir='ltr'><strong>a</strong></span> <span class='ocrx_word' id='word_1_492' title='bbox 1000 3260 1252 3330; x_wconf 87' lang='lat' dir='ltr'><strong>peccatis.</strong></span> <span class='ocrx_word' id='word_1_493' title='bbox 1279 3257 1669 3312; x_wconf 82' lang='lat' dir='ltr'><strong>Abstinentiam</strong></span> <span class='ocrx_word' id='word_1_494' title='bbox 1695 3256 1778 3311; x_wconf 89' lang='lat' dir='ltr'><strong>in-</strong></span> 
     </span>
    </p>
   </div>
   <div class='ocr_carea' id='block_1_64' title="bbox 188 3345 1777 3425">
    <p class='ocr_par' dir='ltr' id='par_1_64' title="bbox 188 3345 1777 3425">
     <span class='ocr_line' id='line_1_64' title="bbox 188 3345 1777 3425; baseline -0.006 -13"><span class='ocrx_word' id='word_1_495' title='bbox 188 3360 435 3414; x_wconf 88' lang='lat' dir='ltr'><strong>dicamus</strong></span> <span class='ocrx_word' id='word_1_496' title='bbox 462 3355 699 3425; x_wconf 86' lang='lat' dir='ltr'><strong>corpori,</strong></span> <span class='ocrx_word' id='word_1_497' title='bbox 730 3361 789 3408; x_wconf 90' lang='lat' dir='ltr'><strong>ut</strong></span> <span class='ocrx_word' id='word_1_498' title='bbox 816 3368 845 3406; x_wconf 87' lang='lat' dir='ltr'><strong>a</strong></span> <span class='ocrx_word' id='word_1_499' title='bbox 875 3352 1018 3406; x_wconf 84' lang='lat' dir='ltr'><strong>vitiis</strong></span> <span class='ocrx_word' id='word_1_500' title='bbox 1048 3350 1216 3418; x_wconf 81' lang='lat' dir='ltr'><strong>magis</strong></span> <span class='ocrx_word' id='word_1_501' title='bbox 1244 3349 1479 3402; x_wconf 89' lang='lat' dir='ltr'><strong>animam</strong></span> <span class='ocrx_word' id='word_1_502' title='bbox 1511 3345 1777 3402; x_wconf 86' lang='lat' dir='ltr'><strong>abstinere</strong></span> 
     </span>
    </p>
   </div>
   <div class='ocr_carea' id='block_1_65' title="bbox 188 3437 1783 3519">
    <p class='ocr_par' dir='ltr' id='par_1_65' title="bbox 188 3437 1783 3519">
     <span class='ocr_line' id='line_1_65' title="bbox 188 3437 1783 3519; baseline -0.007 -16"><span class='ocrx_word' id='word_1_503' title='bbox 188 3451 483 3519; x_wconf 86' lang='lat' dir='ltr'><strong>possimus.</strong></span> <span class='ocrx_word' id='word_1_504' title='bbox 543 3445 774 3500; x_wconf 68' lang='lat' dir='ltr'><strong>Faenum</strong></span> <span class='ocrx_word' id='word_1_505' title='bbox 821 3443 962 3496; x_wconf 82' lang='lat' dir='ltr'><strong>enim</strong></span> <span class='ocrx_word' id='word_1_506' title='bbox 1015 3448 1097 3496; x_wconf 89' lang='lat' dir='ltr'><strong>est</strong></span> <span class='ocrx_word' id='word_1_507' title='bbox 1149 3438 1418 3509; x_wconf 86' lang='lat' dir='ltr'><strong>quoddam</strong></span> <span class='ocrx_word' id='word_1_508' title='bbox 1464 3437 1783 3492; x_wconf 81' lang='lat' dir='ltr'><strong>luxuriantis</strong></span> 
     </span>
    </p>
   </div>
   <div class='ocr_carea' id='block_1_66' title="bbox 188 3526 1779 3607">
    <p class='ocr_par' dir='ltr' id='par_1_66' title="bbox 188 3526 1779 3607">
     <span class='ocr_line' id='line_1_66' title="bbox 188 3526 1779 3607; baseline -0.01 -11"><span class='ocrx_word' id='word_1_509' title='bbox 188 3544 384 3596; x_wconf 65' lang='lat' dir='ltr'><strong>animae</strong></span> <span class='ocrx_word' id='word_1_510' title='bbox 432 3553 631 3607; x_wconf 86' lang='lat' dir='ltr'><strong>corpus</strong></span> <span class='ocrx_word' id='word_1_511' title='bbox 678 3536 1017 3589; x_wconf 80' lang='lat' dir='ltr'><strong>exhaustum.</strong></span> <span class='ocrx_word' id='word_1_512' title='bbox 1050 3530 1300 3598; x_wconf 82' lang='lat' dir='ltr'><strong>Quisquis</strong></span> <span class='ocrx_word' id='word_1_513' title='bbox 1322 3528 1469 3582; x_wconf 86' lang='lat' dir='ltr'><strong>enim</strong></span> <span class='ocrx_word' id='word_1_514' title='bbox 1496 3526 1705 3596; x_wconf 87' lang='lat' dir='ltr'><strong>jejunat</strong></span> <span class='ocrx_word' id='word_1_515' title='bbox 1724 3535 1779 3582; x_wconf 91' lang='lat' dir='ltr'><strong>et</strong></span> 
     </span>
    </p>
   </div>
   <div class='ocr_carea' id='block_1_67' title="bbox 188 3617 1773 3705">
    <p class='ocr_par' dir='ltr' id='par_1_67' title="bbox 188 3617 1773 3705">
     <span class='ocr_line' id='line_1_67' title="bbox 188 3617 1773 3705; baseline -0.011 -17"><span class='ocrx_word' id='word_1_516' title='bbox 188 3641 401 3705; x_wconf 87' lang='lat' dir='ltr'><strong>peccat,</strong></span> <span class='ocrx_word' id='word_1_517' title='bbox 427 3631 633 3685; x_wconf 88' lang='lat' dir='ltr'><strong>lucrum</strong></span> <span class='ocrx_word' id='word_1_518' title='bbox 665 3641 906 3682; x_wconf 88' lang='lat' dir='ltr'><strong>escarum</strong></span> <span class='ocrx_word' id='word_1_519' title='bbox 933 3622 1124 3677; x_wconf 89' lang='lat' dir='ltr'><strong>fecisse</strong></span> <span class='ocrx_word' id='word_1_520' title='bbox 1151 3620 1382 3686; x_wconf 88' lang='lat' dir='ltr'><strong>videtur,</strong></span> <span class='ocrx_word' id='word_1_521' title='bbox 1416 3635 1521 3673; x_wconf 92' lang='lat' dir='ltr'><strong>non</strong></span> <span class='ocrx_word' id='word_1_522' title='bbox 1553 3617 1773 3683; x_wconf 86' lang='lat' dir='ltr'><strong>salutis;</strong></span> 
     </span>
    </p>
   </div>
   <div class='ocr_carea' id='block_1_68' title="bbox 188 3712 1776 3795">
    <p class='ocr_par' dir='ltr' id='par_1_68' title="bbox 188 3712 1776 3795">
     <span class='ocr_line' id='line_1_68' title="bbox 188 3712 1776 3795; baseline -0.011 -16"><span class='ocrx_word' id='word_1_523' title='bbox 188 3736 243 3779; x_wconf 89' lang='lat' dir='ltr'><strong>et</strong></span> <span class='ocrx_word' id='word_1_524' title='bbox 290 3720 571 3795; x_wconf 87' lang='lat' dir='ltr'><strong>parcendo</strong></span> <span class='ocrx_word' id='word_1_525' title='bbox 600 3717 769 3788; x_wconf 89' lang='lat' dir='ltr'><strong>copiis</strong></span> <span class='ocrx_word' id='word_1_526' title='bbox 818 3716 1052 3785; x_wconf 89' lang='lat' dir='ltr'><strong>replesse</strong></span> <span class='ocrx_word' id='word_1_527' title='bbox 1074 3712 1367 3777; x_wconf 89' lang='lat' dir='ltr'><strong>cellarium,</strong></span> <span class='ocrx_word' id='word_1_528' title='bbox 1402 3726 1509 3765; x_wconf 91' lang='lat' dir='ltr'><strong>non</strong></span> <span class='ocrx_word' id='word_1_529' title='bbox 1538 3717 1776 3763; x_wconf 90' lang='lat' dir='ltr'><strong>mentem</strong></span> 
     </span>
    </p>
   </div>
   <div class='ocr_carea' id='block_1_69' title="bbox 187 3800 1781 3888">
    <p class='ocr_par' dir='ltr' id='par_1_69' title="bbox 187 3800 1781 3888">
     <span class='ocr_line' id='line_1_69' title="bbox 187 3800 1781 3888; baseline -0.011 -17"><span class='ocrx_word' id='word_1_530' title='bbox 187 3818 467 3888; x_wconf 87' lang='lat' dir='ltr'><strong>saginasse</strong></span> <span class='ocrx_word' id='word_1_531' title='bbox 516 3810 821 3866; x_wconf 87' lang='lat' dir='ltr'><strong>virtutibus.</strong></span> <span class='ocrx_word' id='word_1_532' title='bbox 871 3802 1118 3861; x_wconf 66' lang='lat' dir='ltr'><strong>Nonnulli</strong></span> <span class='ocrx_word' id='word_1_533' title='bbox 1166 3812 1347 3857; x_wconf 90' lang='lat' dir='ltr'><strong>autem</strong></span> <span class='ocrx_word' id='word_1_534' title='bbox 1378 3800 1405 3839; x_wconf 69' lang='grc' dir='ltr'>δ</span> <span class='ocrx_word' id='word_1_535' title='bbox 1434 3801 1781 3856; x_wconf 88' lang='lat' dir='ltr'><strong>immemores</strong></span> 
     </span>
    </p>
   </div>
   <div class='ocr_carea' id='block_1_70' title="bbox 191 3889 1778 3978">
    <p class='ocr_par' dir='ltr' id='par_1_70' title="bbox 191 3889 1778 3978">
     <span class='ocr_line' id='line_1_70' title="bbox 191 3889 1778 3978; baseline -0.013 -16"><span class='ocrx_word' id='word_1_536' title='bbox 191 3915 611 3978; x_wconf 62' lang='lat' dir='ltr'><strong>prnoeptorum,</strong></span> <span class='ocrx_word' id='word_1_537' title='bbox 645 3901 716 3955; x_wconf 92' lang='lat' dir='ltr'><strong>ita</strong></span> <span class='ocrx_word' id='word_1_538' title='bbox 750 3900 892 3959; x_wconf 85' lang='lat' dir='ltr'><strong>circa</strong></span> <span class='ocrx_word' id='word_1_539' title='bbox 921 3911 1110 3951; x_wconf 82' lang='lat' dir='ltr'><strong>servos</strong></span> <span class='ocrx_word' id='word_1_540' title='bbox 1137 3910 1262 3949; x_wconf 89' lang='lat' dir='ltr'><strong>suos</strong></span> <span class='ocrx_word' id='word_1_541' title='bbox 1309 3900 1364 3947; x_wconf 91' lang='lat' dir='ltr'><strong>et</strong></span> <span class='ocrx_word' id='word_1_542' title='bbox 1408 3891 1649 3947; x_wconf 90' lang='lat' dir='ltr'><strong>subditos</strong></span> <span class='ocrx_word' id='word_1_543' title='bbox 1677 3889 1778 3945; x_wconf 88' lang='lat' dir='ltr'><strong>sibi</strong></span> 
     </span>
    </p>
   </div>
   <div class='ocr_carea' id='block_1_71' title="bbox 192 3980 1780 4067">
    <p class='ocr_par' dir='ltr' id='par_1_71' title="bbox 192 3980 1780 4067">
     <span class='ocr_line' id='line_1_71' title="bbox 192 3980 1780 4067; baseline -0.012 -15"><span class='ocrx_word' id='word_1_544' title='bbox 192 4003 519 4067; x_wconf 86' lang='lat' dir='ltr'><strong>potestatem</strong></span> <span class='ocrx_word' id='word_1_545' title='bbox 549 3987 928 4046; x_wconf 89' lang='lat' dir='ltr'><strong>dominationis</strong></span> <span class='ocrx_word' id='word_1_546' title='bbox 968 3992 1241 4051; x_wconf 78' lang='lat' dir='ltr'><strong>exercent,</strong></span> <span class='ocrx_word' id='word_1_547' title='bbox 1292 3990 1350 4037; x_wconf 92' lang='lat' dir='ltr'><strong>ut</strong></span> <span class='ocrx_word' id='word_1_548' title='bbox 1380 3982 1432 4036; x_wconf 92' lang='lat' dir='ltr'><strong>in</strong></span> <span class='ocrx_word' id='word_1_549' title='bbox 1461 3982 1544 4037; x_wconf 85' lang='lat' dir='ltr'><strong>his</strong></span> <span class='ocrx_word' id='word_1_550' title='bbox 1589 3980 1780 4035; x_wconf 89' lang='lat' dir='ltr'><strong>diebus</strong></span> 
     </span>
    </p>
   </div>
   <div class='ocr_carea' id='block_1_72' title="bbox 190 4069 1779 4146">
    <p class='ocr_par' dir='ltr' id='par_1_72' title="bbox 190 4069 1779 4146">
     <span class='ocr_line' id='line_1_72' title="bbox 190 4069 1779 4146; baseline -0.013 -4"><span class='ocrx_word' id='word_1_551' title='bbox 190 4103 298 4141; x_wconf 76' lang='lat' dir='ltr'><strong>non</strong></span> <span class='ocrx_word' id='word_1_552' title='bbox 329 4084 581 4140; x_wconf 89' lang='lat' dir='ltr'><strong>dubitent</strong></span> <span class='ocrx_word' id='word_1_553' title='bbox 611 4077 786 4146; x_wconf 86' lang='lat' dir='ltr'><strong>flagris</strong></span> <span class='ocrx_word' id='word_1_554' title='bbox 810 4091 905 4131; x_wconf 91' lang='lat' dir='ltr'><strong>eos</strong></span> <span class='ocrx_word' id='word_1_555' title='bbox 925 4076 1150 4136; x_wconf 66' lang='lat' dir='ltr'><strong>caedere,</strong></span> <span class='ocrx_word' id='word_1_556' title='bbox 1183 4072 1355 4142; x_wconf 72' lang='lat' dir='ltr'><strong>pmnis</strong></span> <span class='ocrx_word' id='word_1_557' title='bbox 1378 4069 1610 4139; x_wconf 77' lang='lat' dir='ltr'><strong>allicere,</strong></span> <span class='ocrx_word' id='word_1_558' title='bbox 1629 4083 1779 4123; x_wconf 90' lang='lat' dir='ltr'><strong>eom-</strong></span> 
     </span>
    </p>
   </div>
   <div class='ocr_carea' id='block_1_73' title="bbox 192 4159 1781 4247">
    <p class='ocr_par' dir='ltr' id='par_1_73' title="bbox 192 4159 1781 4247">
     <span class='ocr_line' id='line_1_73' title="bbox 192 4159 1781 4247; baseline -0.013 -15"><span class='ocrx_word' id='word_1_559' title='bbox 192 4177 421 4247; x_wconf 89' lang='lat' dir='ltr'><strong>pedibus</strong></span> <span class='ocrx_word' id='word_1_560' title='bbox 473 4170 801 4244; x_wconf 73' lang='lat' dir='ltr'><strong>pncpcdirc;</strong></span> <span class='ocrx_word' id='word_1_561' title='bbox 835 4176 888 4223; x_wconf 91' lang='lat' dir='ltr'><strong>et</strong></span> <span class='ocrx_word' id='word_1_562' title='bbox 908 4168 955 4223; x_wconf 88' lang='lat' dir='ltr'><strong>si</strong></span> <span class='ocrx_word' id='word_1_563' title='bbox 999 4165 1157 4229; x_wconf 89' lang='lat' dir='ltr'><strong>forte,</strong></span> <span class='ocrx_word' id='word_1_564' title='bbox 1188 4179 1308 4219; x_wconf 91' lang='lat' dir='ltr'><strong>cum</strong></span> <span class='ocrx_word' id='word_1_565' title='bbox 1339 4162 1403 4217; x_wconf 89' lang='lat' dir='ltr'><strong>ad</strong></span> <span class='ocrx_word' id='word_1_566' title='bbox 1435 4159 1781 4216; x_wconf 79' lang='lat' dir='ltr'><strong>reficiendum</strong></span> 
     </span>
    </p>
   </div>
   <div class='ocr_carea' id='block_1_74' title="bbox 197 4252 1784 4340">
    <p class='ocr_par' dir='ltr' id='par_1_74' title="bbox 197 4252 1784 4340">
     <span class='ocr_line' id='line_1_74' title="bbox 197 4252 1784 4340; baseline -0.009 -18"><span class='ocrx_word' id='word_1_567' title='bbox 197 4270 433 4340; x_wconf 82' lang='lat' dir='ltr'><strong>venitur,</strong></span> <span class='ocrx_word' id='word_1_568' title='bbox 464 4262 666 4317; x_wconf 86' lang='lat' dir='ltr'><strong>tardius</strong></span> <span class='ocrx_word' id='word_1_569' title='bbox 695 4261 938 4314; x_wconf 88' lang='lat' dir='ltr'><strong>minister</strong></span> <span class='ocrx_word' id='word_1_570' title='bbox 960 4257 1205 4319; x_wconf 89' lang='lat' dir='ltr'><strong>adfuerit,</strong></span> <span class='ocrx_word' id='word_1_571' title='bbox 1234 4255 1412 4309; x_wconf 85' lang='lat' dir='ltr'><strong>statim</strong></span> <span class='ocrx_word' id='word_1_572' title='bbox 1443 4268 1565 4307; x_wconf 87' lang='lat' dir='ltr'><strong>eum</strong></span> <span class='ocrx_word' id='word_1_573' title='bbox 1594 4252 1784 4307; x_wconf 88' lang='lat' dir='ltr'><strong>verbe-</strong></span> 
     </span>
    </p>
   </div>
   <div class='ocr_carea' id='block_1_75' title="bbox 197 4344 1784 4421">
    <p class='ocr_par' dir='ltr' id='par_1_75' title="bbox 197 4344 1784 4421">
     <span class='ocr_line' id='line_1_75' title="bbox 197 4344 1784 4421; baseline -0.011 -9"><span class='ocrx_word' id='word_1_574' title='bbox 197 4360 345 4413; x_wconf 88' lang='lat' dir='ltr'><strong>ribus</strong></span> <span class='ocrx_word' id='word_1_575' title='bbox 377 4355 638 4421; x_wconf 85' lang='lat' dir='ltr'><strong>lanciare,</strong></span> <span class='ocrx_word' id='word_1_576' title='bbox 669 4361 722 4407; x_wconf 89' lang='lat' dir='ltr'><strong>et</strong></span> <span class='ocrx_word' id='word_1_577' title='bbox 768 4351 916 4421; x_wconf 90' lang='lat' dir='ltr'><strong>prius</strong></span> <span class='ocrx_word' id='word_1_578' title='bbox 961 4364 1019 4403; x_wconf 91' lang='lat' dir='ltr'><strong>se</strong></span> <span class='ocrx_word' id='word_1_579' title='bbox 1065 4348 1261 4401; x_wconf 88' lang='lat' dir='ltr'><strong>satiare</strong></span> <span class='ocrx_word' id='word_1_580' title='bbox 1286 4344 1481 4400; x_wconf 80' lang='lat' dir='ltr'><strong>servuli</strong></span> <span class='ocrx_word' id='word_1_581' title='bbox 1526 4344 1784 4411; x_wconf 80' lang='lat' dir='ltr'><strong>sanguine</strong></span> 
     </span>
    </p>
   </div>
   <div class='ocr_carea' id='block_1_76' title="bbox 195 4435 1780 4520">
    <p class='ocr_par' dir='ltr' id='par_1_76' title="bbox 195 4435 1780 4520">
     <span class='ocr_line' id='line_1_76' title="bbox 195 4435 1780 4520; baseline -0.012 -15"><span class='ocrx_word' id='word_1_582' title='bbox 195 4467 361 4520; x_wconf 83' lang='lat' dir='ltr'><strong>quam</strong></span> <span class='ocrx_word' id='word_1_583' title='bbox 391 4446 626 4503; x_wconf 81' lang='lat' dir='ltr'><strong>convivii</strong></span> <span class='ocrx_word' id='word_1_584' title='bbox 651 4443 947 4513; x_wconf 87' lang='lat' dir='ltr'><strong>voluptate.</strong></span> <span class='ocrx_word' id='word_1_585' title='bbox 993 4439 1194 4494; x_wconf 89' lang='lat' dir='ltr'><strong>llorum</strong></span> <span class='ocrx_word' id='word_1_586' title='bbox 1241 4438 1346 4514; x_wconf 82' lang='lat' dir='ltr'><strong>tale</strong></span> <span class='ocrx_word' id='word_1_587' title='bbox 1376 4435 1635 4505; x_wconf 88' lang='lat' dir='ltr'><strong>jejunium</strong></span> <span class='ocrx_word' id='word_1_588' title='bbox 1682 4441 1780 4498; x_wconf 90' lang='lat' dir='ltr'><strong>est,</strong></span> 
     </span>
    </p>
   </div>
   <div class='ocr_carea' id='block_1_77' title="bbox 1882 3246 3465 3320">
    <p class='ocr_par' dir='ltr' id='par_1_77' title="bbox 1882 3246 3465 3320">
     <span class='ocr_line' id='line_1_77' title="bbox 1882 3246 3465 3320; baseline -0.003 -16"><span class='ocrx_word' id='word_1_589' title='bbox 1882 3260 2036 3306; x_wconf 91' lang='lat' dir='ltr'><strong>netur</strong></span> <span class='ocrx_word' id='word_1_590' title='bbox 2062 3266 2258 3320; x_wconf 90' lang='lat' dir='ltr'><strong>corpus</strong></span> <span class='ocrx_word' id='word_1_591' title='bbox 2285 3251 2352 3303; x_wconf 89' lang='lat' dir='ltr'><strong>ab</strong></span> <span class='ocrx_word' id='word_1_592' title='bbox 2376 3250 2568 3318; x_wconf 88' lang='lat' dir='ltr'><strong>epulis,</strong></span> <span class='ocrx_word' id='word_1_593' title='bbox 2591 3251 2663 3303; x_wconf 90' lang='lat' dir='ltr'><strong>ita</strong></span> <span class='ocrx_word' id='word_1_594' title='bbox 2693 3256 2753 3303; x_wconf 90' lang='lat' dir='ltr'><strong>et</strong></span> <span class='ocrx_word' id='word_1_595' title='bbox 2797 3249 2973 3300; x_wconf 90' lang='lat' dir='ltr'><strong>anima</strong></span> <span class='ocrx_word' id='word_1_596' title='bbox 3005 3246 3360 3300; x_wconf 65' lang='lat' dir='ltr'><strong>refl-auctura</strong></span> <span class='ocrx_word' id='word_1_597' title='bbox 3388 3247 3465 3299; x_wconf 87' lang='lat' dir='ltr'><strong>vi-</strong></span> 
     </span>
    </p>
   </div>
   <div class='ocr_carea' id='block_1_78' title="bbox 1878 3336 3462 3405">
    <p class='ocr_par' dir='ltr' id='par_1_78' title="bbox 1878 3336 3462 3405">
     <span class='ocr_line' id='line_1_78' title="bbox 1878 3336 3462 3405; baseline -0.003 -12"><span class='ocrx_word' id='word_1_598' title='bbox 1878 3341 1985 3396; x_wconf 90' lang='lat' dir='ltr'><strong>tiis.</strong></span> <span class='ocrx_word' id='word_1_599' title='bbox 2010 3337 2146 3394; x_wconf 86' lang='lat' dir='ltr'><strong>Illud</strong></span> <span class='ocrx_word' id='word_1_600' title='bbox 2175 3339 2356 3402; x_wconf 89' lang='lat' dir='ltr'><strong>etiam,</strong></span> <span class='ocrx_word' id='word_1_601' title='bbox 2388 3338 2601 3404; x_wconf 83' lang='lat' dir='ltr'><strong>fratres,</strong></span> <span class='ocrx_word' id='word_1_602' title='bbox 2648 3338 2715 3391; x_wconf 91' lang='lat' dir='ltr'><strong>ad</strong></span> <span class='ocrx_word' id='word_1_603' title='bbox 2738 3337 3125 3405; x_wconf 86' lang='lat' dir='ltr'><strong>perfectionem</strong></span> <span class='ocrx_word' id='word_1_604' title='bbox 3161 3336 3348 3403; x_wconf 82' lang='lat' dir='ltr'><strong>jejunii</strong></span> <span class='ocrx_word' id='word_1_605' title='bbox 3378 3343 3462 3389; x_wconf 85' lang='lat' dir='ltr'><strong>ta-</strong></span> 
     </span>
    </p>
   </div>
   <div class='ocr_carea' id='block_1_79' title="bbox 1878 3426 3465 3497">
    <p class='ocr_par' dir='ltr' id='par_1_79' title="bbox 1878 3426 3465 3497">
     <span class='ocr_line' id='line_1_79' title="bbox 1878 3426 3465 3497; baseline -0.004 -11"><span class='ocrx_word' id='word_1_606' title='bbox 1878 3432 2103 3486; x_wconf 87' lang='lat' dir='ltr'><strong>cendum</strong></span> <span class='ocrx_word' id='word_1_607' title='bbox 2131 3446 2236 3485; x_wconf 92' lang='lat' dir='ltr'><strong>non</strong></span> <span class='ocrx_word' id='word_1_608' title='bbox 2264 3438 2368 3494; x_wconf 80' lang='lat' dir='ltr'><strong>est,</strong></span> <span class='ocrx_word' id='word_1_609' title='bbox 2399 3438 2457 3484; x_wconf 92' lang='lat' dir='ltr'><strong>ut</strong></span> <span class='ocrx_word' id='word_1_610' title='bbox 2479 3430 2570 3497; x_wconf 92' lang='lat' dir='ltr'><strong>qui</strong></span> <span class='ocrx_word' id='word_1_611' title='bbox 2600 3428 2950 3489; x_wconf 86' lang='lat' dir='ltr'><strong>abstinemus,</strong></span> <span class='ocrx_word' id='word_1_612' title='bbox 2983 3436 3039 3480; x_wconf 93' lang='lat' dir='ltr'><strong>et</strong></span> <span class='ocrx_word' id='word_1_613' title='bbox 3067 3426 3285 3479; x_wconf 89' lang='lat' dir='ltr'><strong>minime</strong></span> <span class='ocrx_word' id='word_1_614' title='bbox 3309 3440 3465 3492; x_wconf 84' lang='lat' dir='ltr'><strong>pran-</strong></span> 
     </span>
    </p>
   </div>
   <div class='ocr_carea' id='block_1_80' title="bbox 1879 3514 3467 3590">
    <p class='ocr_par' dir='ltr' id='par_1_80' title="bbox 1879 3514 3467 3590">
     <span class='ocr_line' id='line_1_80' title="bbox 1879 3514 3467 3590; baseline -0.006 -13"><span class='ocrx_word' id='word_1_615' title='bbox 1879 3522 2066 3578; x_wconf 91' lang='lat' dir='ltr'><strong>demus</strong></span> <span class='ocrx_word' id='word_1_616' title='bbox 2112 3523 2217 3576; x_wconf 87' lang='lat' dir='ltr'><strong>hoc</strong></span> <span class='ocrx_word' id='word_1_617' title='bbox 2270 3529 2549 3590; x_wconf 84' lang='lat' dir='ltr'><strong>tempore,</strong></span> <span class='ocrx_word' id='word_1_618' title='bbox 2597 3519 2822 3588; x_wconf 91' lang='lat' dir='ltr'><strong>prandia</strong></span> <span class='ocrx_word' id='word_1_619' title='bbox 2877 3524 3062 3570; x_wconf 85' lang='lat' dir='ltr'><strong>nostra</strong></span> <span class='ocrx_word' id='word_1_620' title='bbox 3110 3514 3363 3568; x_wconf 90' lang='lat' dir='ltr'><strong>fratribus</strong></span> <span class='ocrx_word' id='word_1_621' title='bbox 3409 3522 3467 3567; x_wconf 87' lang='lat' dir='ltr'><strong>et</strong></span> 
     </span>
    </p>
   </div>
   <div class='ocr_carea' id='block_1_81' title="bbox 1880 3603 3464 3683">
    <p class='ocr_par' dir='ltr' id='par_1_81' title="bbox 1880 3603 3464 3683">
     <span class='ocr_line' id='line_1_81' title="bbox 1880 3603 3464 3683; baseline -0.008 -15"><span class='ocrx_word' id='word_1_622' title='bbox 1880 3613 2203 3683; x_wconf 89' lang='lat' dir='ltr'><strong>pauperibus</strong></span> <span class='ocrx_word' id='word_1_623' title='bbox 2244 3622 2267 3649; x_wconf 74' lang='grc' dir='ltr'><strong>ε</strong></span> <span class='ocrx_word' id='word_1_624' title='bbox 2298 3623 2675 3681; x_wconf 72' lang='lat' dir='ltr'><strong>prmrogemus.</strong></span> <span class='ocrx_word' id='word_1_625' title='bbox 2709 3608 2831 3662; x_wconf 66' lang='lat' dir='ltr'><strong>llaec</strong></span> <span class='ocrx_word' id='word_1_626' title='bbox 2871 3608 3015 3661; x_wconf 89' lang='lat' dir='ltr'><strong>enim</strong></span> <span class='ocrx_word' id='word_1_627' title='bbox 3044 3613 3127 3660; x_wconf 87' lang='lat' dir='ltr'><strong>est</strong></span> <span class='ocrx_word' id='word_1_628' title='bbox 3156 3620 3278 3657; x_wconf 91' lang='lat' dir='ltr'><strong>vera</strong></span> <span class='ocrx_word' id='word_1_629' title='bbox 3306 3603 3464 3670; x_wconf 82' lang='lat' dir='ltr'><strong>justi-</strong></span> 
     </span>
    </p>
   </div>
   <div class='ocr_carea' id='block_1_82' title="bbox 1881 3701 3463 3771">
    <p class='ocr_par' dir='ltr' id='par_1_82' title="bbox 1881 3701 3463 3771">
     <span class='ocr_line' id='line_1_82' title="bbox 1881 3701 3463 3771; baseline -0.008 -12"><span class='ocrx_word' id='word_1_630' title='bbox 1881 3706 1973 3771; x_wconf 76' lang='lat' dir='ltr'><strong>tia,</strong></span> <span class='ocrx_word' id='word_1_631' title='bbox 1996 3705 2042 3760; x_wconf 89' lang='lat' dir='ltr'><strong>si</strong></span> <span class='ocrx_word' id='word_1_632' title='bbox 2068 3714 2120 3758; x_wconf 90' lang='lat' dir='ltr'><strong>te</strong></span> <span class='ocrx_word' id='word_1_633' title='bbox 2141 3703 2410 3758; x_wconf 85' lang='lat' dir='ltr'><strong>esuriente</strong></span> <span class='ocrx_word' id='word_1_634' title='bbox 2438 3701 2507 3756; x_wconf 89' lang='lat' dir='ltr'><strong>de</strong></span> <span class='ocrx_word' id='word_1_635' title='bbox 2535 3701 2655 3755; x_wconf 90' lang='lat' dir='ltr'><strong>cibo</strong></span> <span class='ocrx_word' id='word_1_636' title='bbox 2680 3711 2770 3754; x_wconf 92' lang='lat' dir='ltr'><strong>tuo</strong></span> <span class='ocrx_word' id='word_1_637' title='bbox 2791 3713 2995 3768; x_wconf 87' lang='lat' dir='ltr'><strong>pauper</strong></span> <span class='ocrx_word' id='word_1_638' title='bbox 3016 3705 3306 3759; x_wconf 88' lang='lat' dir='ltr'><strong>saturetur,</strong></span> <span class='ocrx_word' id='word_1_639' title='bbox 3331 3703 3385 3748; x_wconf 90' lang='lat' dir='ltr'><strong>et</strong></span> <span class='ocrx_word' id='word_1_640' title='bbox 3406 3704 3463 3747; x_wconf 91' lang='lat' dir='ltr'><strong>tu</strong></span> 
     </span>
    </p>
   </div>
   <div class='ocr_carea' id='block_1_83' title="bbox 1880 3786 3464 3867">
    <p class='ocr_par' dir='ltr' id='par_1_83' title="bbox 1880 3786 3464 3867">
     <span class='ocr_line' id='line_1_83' title="bbox 1880 3786 3464 3867; baseline -0.008 -16"><span class='ocrx_word' id='word_1_641' title='bbox 1880 3812 1979 3867; x_wconf 93' lang='lat' dir='ltr'><strong>pro</strong></span> <span class='ocrx_word' id='word_1_642' title='bbox 2020 3795 2231 3850; x_wconf 89' lang='lat' dir='ltr'><strong>delictis</strong></span> <span class='ocrx_word' id='word_1_643' title='bbox 2278 3795 2383 3849; x_wconf 90' lang='lat' dir='ltr'><strong>tuis</strong></span> <span class='ocrx_word' id='word_1_644' title='bbox 2406 3792 2622 3862; x_wconf 90' lang='lat' dir='ltr'><strong>jejunus</strong></span> <span class='ocrx_word' id='word_1_645' title='bbox 2647 3790 2932 3845; x_wconf 87' lang='lat' dir='ltr'><strong>Dominum</strong></span> <span class='ocrx_word' id='word_1_646' title='bbox 2962 3802 3142 3856; x_wconf 80' lang='lat' dir='ltr'><strong>roges,</strong></span> <span class='ocrx_word' id='word_1_647' title='bbox 3172 3794 3226 3840; x_wconf 92' lang='lat' dir='ltr'><strong>et</strong></span> <span class='ocrx_word' id='word_1_648' title='bbox 3249 3786 3339 3840; x_wconf 82' lang='lat' dir='ltr'><strong>ille</strong></span> <span class='ocrx_word' id='word_1_649' title='bbox 3366 3801 3464 3855; x_wconf 91' lang='lat' dir='ltr'><strong>pro</strong></span> 
     </span>
    </p>
   </div>
   <div class='ocr_carea' id='block_1_84' title="bbox 1883 3876 3465 3950">
    <p class='ocr_par' dir='ltr' id='par_1_84' title="bbox 1883 3876 3465 3950">
     <span class='ocr_line' id='line_1_84' title="bbox 1883 3876 3465 3950; baseline -0.006 -10"><span class='ocrx_word' id='word_1_650' title='bbox 1883 3896 1935 3942; x_wconf 92' lang='lat' dir='ltr'><strong>te</strong></span> <span class='ocrx_word' id='word_1_651' title='bbox 1961 3888 2184 3941; x_wconf 87' lang='lat' dir='ltr'><strong>satiatus</strong></span> <span class='ocrx_word' id='word_1_652' title='bbox 2232 3892 2439 3940; x_wconf 77' lang='lat' dir='ltr'><strong>exoret.</strong></span> <span class='ocrx_word' id='word_1_653' title='bbox 2473 3881 2772 3950; x_wconf 87' lang='lat' dir='ltr'><strong>Utrumque</strong></span> <span class='ocrx_word' id='word_1_654' title='bbox 2816 3880 2910 3933; x_wconf 90' lang='lat' dir='ltr'><strong>tibi</strong></span> <span class='ocrx_word' id='word_1_655' title='bbox 2959 3876 3224 3947; x_wconf 81' lang='lat' dir='ltr'><strong>proficiet,</strong></span> <span class='ocrx_word' id='word_1_656' title='bbox 3274 3883 3329 3929; x_wconf 84' lang='lat' dir='ltr'><strong>et</strong></span> <span class='ocrx_word' id='word_1_657' title='bbox 3376 3883 3465 3930; x_wconf 88' lang='lat' dir='ltr'><strong>tua</strong></span> 
     </span>
    </p>
   </div>
   <div class='ocr_carea' id='block_1_85' title="bbox 1884 3965 3467 4046">
    <p class='ocr_par' dir='ltr' id='par_1_85' title="bbox 1884 3965 3467 4046">
     <span class='ocr_line' id='line_1_85' title="bbox 1884 3965 3467 4046; baseline -0.009 -14"><span class='ocrx_word' id='word_1_658' title='bbox 1884 3977 2071 4046; x_wconf 88' lang='lat' dir='ltr'><strong>fames,</strong></span> <span class='ocrx_word' id='word_1_659' title='bbox 2100 3985 2155 4032; x_wconf 91' lang='lat' dir='ltr'><strong>et</strong></span> <span class='ocrx_word' id='word_1_660' title='bbox 2182 3976 2437 4033; x_wconf 88' lang='lat' dir='ltr'><strong>saturitas</strong></span> <span class='ocrx_word' id='word_1_661' title='bbox 2462 3973 2849 4029; x_wconf 89' lang='lat' dir='ltr'><strong>mendieorum.</strong></span> <span class='ocrx_word' id='word_1_662' title='bbox 2906 3969 3196 4031; x_wconf 64' lang='lat' dir='ltr'><strong>Caeterum,</strong></span> <span class='ocrx_word' id='word_1_663' title='bbox 3248 3967 3342 4035; x_wconf 91' lang='lat' dir='ltr'><strong>qui</strong></span> <span class='ocrx_word' id='word_1_664' title='bbox 3387 3965 3467 4020; x_wconf 90' lang='lat' dir='ltr'><strong>sie</strong></span> 
     </span>
    </p>
   </div>
   <div class='ocr_carea' id='block_1_86' title="bbox 1884 4060 3465 4136">
    <p class='ocr_par' dir='ltr' id='par_1_86' title="bbox 1884 4060 3465 4136">
     <span class='ocr_line' id='line_1_86' title="bbox 1884 4060 3465 4136; baseline -0.008 -12"><span class='ocrx_word' id='word_1_665' title='bbox 1884 4070 2135 4134; x_wconf 87' lang='lat' dir='ltr'><strong>abstinet,</strong></span> <span class='ocrx_word' id='word_1_666' title='bbox 2166 4077 2226 4122; x_wconf 93' lang='lat' dir='ltr'><strong>ut</strong></span> <span class='ocrx_word' id='word_1_667' title='bbox 2253 4068 2387 4122; x_wconf 88' lang='lat' dir='ltr'><strong>nihil</strong></span> <span class='ocrx_word' id='word_1_668' title='bbox 2411 4066 2739 4136; x_wconf 86' lang='lat' dir='ltr'><strong>pauperibus</strong></span> <span class='ocrx_word' id='word_1_669' title='bbox 2766 4063 2833 4118; x_wconf 90' lang='lat' dir='ltr'><strong>de</strong></span> <span class='ocrx_word' id='word_1_670' title='bbox 2852 4062 2964 4119; x_wconf 88' lang='lat' dir='ltr'><strong>suis</strong></span> <span class='ocrx_word' id='word_1_671' title='bbox 2985 4062 3156 4131; x_wconf 86' lang='lat' dir='ltr'><strong>epulis</strong></span> <span class='ocrx_word' id='word_1_672' title='bbox 3186 4060 3465 4128; x_wconf 88' lang='lat' dir='ltr'><strong>largiatur,</strong></span> 
     </span>
    </p>
   </div>
   <div class='ocr_carea' id='block_1_87' title="bbox 1884 4154 3457 4231">
    <p class='ocr_par' dir='ltr' id='par_1_87' title="bbox 1884 4154 3457 4231">
     <span class='ocr_line' id='line_1_87' title="bbox 1884 4154 3457 4231; baseline -0.008 -16"><span class='ocrx_word' id='word_1_673' title='bbox 1884 4161 2097 4217; x_wconf 89' lang='lat' dir='ltr'><strong>videtur</strong></span> <span class='ocrx_word' id='word_1_674' title='bbox 2124 4168 2385 4231; x_wconf 65' lang='lat' dir='ltr'><strong>quaestum</strong></span> <span class='ocrx_word' id='word_1_675' title='bbox 2413 4172 2568 4214; x_wconf 92' lang='lat' dir='ltr'><strong>suum</strong></span> <span class='ocrx_word' id='word_1_676' title='bbox 2590 4158 2688 4210; x_wconf 91' lang='lat' dir='ltr'><strong>sibi</strong></span> <span class='ocrx_word' id='word_1_677' title='bbox 2713 4155 2903 4209; x_wconf 89' lang='lat' dir='ltr'><strong>fecisse</strong></span> <span class='ocrx_word' id='word_1_678' title='bbox 2919 4154 3179 4222; x_wconf 91' lang='lat' dir='ltr'><strong>jejunium</strong></span> <span class='ocrx_word' id='word_1_679' title='bbox 3208 4159 3265 4205; x_wconf 88' lang='lat' dir='ltr'><strong>et</strong></span> <span class='ocrx_word' id='word_1_680' title='bbox 3294 4164 3457 4217; x_wconf 87' lang='lat' dir='ltr'><strong>nego-</strong></span> 
     </span>
    </p>
   </div>
   <div class='ocr_carea' id='block_1_88' title="bbox 1883 4242 3466 4318">
    <p class='ocr_par' dir='ltr' id='par_1_88' title="bbox 1883 4242 3466 4318">
     <span class='ocr_line' id='line_1_88' title="bbox 1883 4242 3466 4318; baseline -0.01 -10"><span class='ocrx_word' id='word_1_681' title='bbox 1883 4254 2161 4308; x_wconf 90' lang='lat' dir='ltr'><strong>tiationem</strong></span> <span class='ocrx_word' id='word_1_682' title='bbox 2183 4250 2484 4307; x_wconf 79' lang='lat' dir='ltr'><strong>exercuisse</strong></span> <span class='ocrx_word' id='word_1_683' title='bbox 2506 4246 2796 4318; x_wconf 86' lang='lat' dir='ltr'><strong>parcendo.</strong></span> <span class='ocrx_word' id='word_1_684' title='bbox 2813 4246 2889 4298; x_wconf 83' lang='lat' dir='ltr'><strong>Ad</strong></span> <span class='ocrx_word' id='word_1_685' title='bbox 2904 4246 3008 4299; x_wconf 90' lang='lat' dir='ltr'><strong>hoc</strong></span> <span class='ocrx_word' id='word_1_686' title='bbox 3024 4246 3164 4298; x_wconf 88' lang='lat' dir='ltr'><strong>enim</strong></span> <span class='ocrx_word' id='word_1_687' title='bbox 3188 4242 3466 4305; x_wconf 89' lang='lat' dir='ltr'><strong>abstinuit,</strong></span> 
     </span>
    </p>
   </div>
   <div class='ocr_carea' id='block_1_89' title="bbox 1886 4334 3466 4414">
    <p class='ocr_par' dir='ltr' id='par_1_89' title="bbox 1886 4334 3466 4414">
     <span class='ocr_line' id='line_1_89' title="bbox 1886 4334 3466 4414; baseline -0.013 -14"><span class='ocrx_word' id='word_1_688' title='bbox 1886 4361 1993 4400; x_wconf 92' lang='lat' dir='ltr'><strong>non</strong></span> <span class='ocrx_word' id='word_1_689' title='bbox 2022 4353 2083 4399; x_wconf 90' lang='lat' dir='ltr'><strong>ut</strong></span> <span class='ocrx_word' id='word_1_690' title='bbox 2110 4344 2344 4414; x_wconf 88' lang='lat' dir='ltr'><strong>placeret</strong></span> <span class='ocrx_word' id='word_1_691' title='bbox 2370 4340 2503 4403; x_wconf 88' lang='lat' dir='ltr'><strong>Deo,</strong></span> <span class='ocrx_word' id='word_1_692' title='bbox 2525 4340 2617 4393; x_wconf 85' lang='lat' dir='ltr'><strong>sed</strong></span> <span class='ocrx_word' id='word_1_693' title='bbox 2648 4351 2717 4391; x_wconf 92' lang='lat' dir='ltr'><strong>ne</strong></span> <span class='ocrx_word' id='word_1_694' title='bbox 2738 4334 2966 4403; x_wconf 87' lang='lat' dir='ltr'><strong>amplius</strong></span> <span class='ocrx_word' id='word_1_695' title='bbox 2994 4338 3273 4399; x_wconf 83' lang='lat' dir='ltr'><strong>erogaret;</strong></span> <span class='ocrx_word' id='word_1_696' title='bbox 3303 4337 3466 4396; x_wconf 84' lang='lat' dir='ltr'><strong>atque</strong></span> 
     </span>
    </p>
   </div>
   <div class='ocr_carea' id='block_1_90' title="bbox 1887 4414 3465 4498">
    <p class='ocr_par' dir='ltr' id='par_1_90' title="bbox 1887 4414 3465 4498">
     <span class='ocr_line' id='line_1_90' title="bbox 1887 4414 3465 4498; baseline -0.011 -13"><span class='ocrx_word' id='word_1_697' title='bbox 1887 4433 2008 4487; x_wconf 92' lang='lat' dir='ltr'><strong>ideo</strong></span> <span class='ocrx_word' id='word_1_698' title='bbox 2035 4433 2178 4486; x_wconf 89' lang='lat' dir='ltr'><strong>bona</strong></span> <span class='ocrx_word' id='word_1_699' title='bbox 2205 4431 2545 4498; x_wconf 84' lang='lat' dir='ltr'><strong>eleemosyna</strong></span> <span class='ocrx_word' id='word_1_700' title='bbox 2573 4440 2695 4480; x_wconf 91' lang='lat' dir='ltr'><strong>cum</strong></span> <span class='ocrx_word' id='word_1_701' title='bbox 2722 4421 2948 4492; x_wconf 86' lang='lat' dir='ltr'><strong>jejunio,</strong></span> <span class='ocrx_word' id='word_1_702' title='bbox 2979 4420 3129 4488; x_wconf 87' lang='lat' dir='ltr'><strong>quasi</strong></span> <span class='ocrx_word' id='word_1_703' title='bbox 3160 4432 3266 4471; x_wconf 91' lang='lat' dir='ltr'><strong>non</strong></span> <span class='ocrx_word' id='word_1_704' title='bbox 3293 4414 3465 4485; x_wconf 87' lang='lat' dir='ltr'><strong>quod-</strong></span> 
     </span>
    </p>
   </div>
   <div class='ocr_carea' id='block_1_91' title="bbox 199 4510 3470 4611">
    <p class='ocr_par' dir='ltr' id='par_1_91' title="bbox 199 4510 3470 4611">
     <span class='ocr_line' id='line_1_91' title="bbox 199 4510 3470 4611; baseline -0.009 -17"><span class='ocrx_word' id='word_1_705' title='bbox 199 4510 229 4579; x_wconf 54' lang='lat'><em>;</em></span> <span class='ocrx_word' id='word_1_706' title='bbox 246 4540 399 4611; x_wconf 89' lang='lat' dir='ltr'><strong>quod</strong></span> <span class='ocrx_word' id='word_1_707' title='bbox 430 4539 555 4593; x_wconf 91' lang='lat' dir='ltr'><strong>ideo</strong></span> <span class='ocrx_word' id='word_1_708' title='bbox 579 4510 876 4605; x_wconf 72' lang='lat' dir='ltr'><strong>jejunatnm</strong></span> <span class='ocrx_word' id='word_1_709' title='bbox 902 4539 1001 4597; x_wconf 91' lang='lat' dir='ltr'><strong>est,</strong></span> <span class='ocrx_word' id='word_1_710' title='bbox 1036 4546 1141 4586; x_wconf 93' lang='lat' dir='ltr'><strong>non</strong></span> <span class='ocrx_word' id='word_1_711' title='bbox 1172 4538 1231 4583; x_wconf 91' lang='lat' dir='ltr'><strong>ut</strong></span> <span class='ocrx_word' id='word_1_712' title='bbox 1255 4511 1558 4582; x_wconf 81' lang='lat' dir='ltr'><strong>Divinitatis</strong></span> <span class='ocrx_word' id='word_1_713' title='bbox 1579 4526 1784 4579; x_wconf 84' lang='lat' dir='ltr'><strong>miseri-</strong></span> <span class='ocrx_word' id='word_1_714' title='bbox 1817 4550 1862 4609; x_wconf 75' lang='grc' dir='ltr'><em>ι)</em></span> <span class='ocrx_word' id='word_1_715' title='bbox 1888 4526 2008 4581; x_wconf 91' lang='lat' dir='ltr'><strong>dam</strong></span> <span class='ocrx_word' id='word_1_716' title='bbox 2036 4522 2417 4591; x_wconf 78' lang='lat' dir='ltr'><strong>negotiationis</strong></span> <span class='ocrx_word' id='word_1_717' title='bbox 2438 4535 2606 4589; x_wconf 89' lang='lat' dir='ltr'><strong>genus</strong></span> <span class='ocrx_word' id='word_1_718' title='bbox 2634 4525 2734 4580; x_wconf 82' lang='lat' dir='ltr'><strong>est,</strong></span> <span class='ocrx_word' id='word_1_719' title='bbox 2771 4523 2827 4569; x_wconf 93' lang='lat' dir='ltr'><strong>ut</strong></span> <span class='ocrx_word' id='word_1_720' title='bbox 2857 4524 2964 4569; x_wconf 88' lang='lat' dir='ltr'><strong>tam</strong></span> <span class='ocrx_word' id='word_1_721' title='bbox 3012 4526 3173 4583; x_wconf 89' lang='lat' dir='ltr'><strong>parce</strong></span> <span class='ocrx_word' id='word_1_722' title='bbox 3199 4510 3470 4611; x_wconf 33' lang='lat' dir='ltr'><strong>vivatnml</strong></span> 
     </span>
    </p>
   </div>
   <div class='ocr_carea' id='block_1_92' title="bbox 195 4616 1786 4698">
    <p class='ocr_par' dir='ltr' id='par_1_92' title="bbox 195 4616 1786 4698">
     <span class='ocr_line' id='line_1_92' title="bbox 195 4616 1786 4698; baseline -0.013 -10"><span class='ocrx_word' id='word_1_723' title='bbox 195 4632 442 4688; x_wconf 86' lang='lat' dir='ltr'><strong>cordiam</strong></span> <span class='ocrx_word' id='word_1_724' title='bbox 464 4633 783 4698; x_wconf 87' lang='lat' dir='ltr'><strong>provocaret</strong></span> <span class='ocrx_word' id='word_1_725' title='bbox 831 4623 923 4677; x_wconf 88' lang='lat' dir='ltr'><strong>sed</strong></span> <span class='ocrx_word' id='word_1_726' title='bbox 954 4629 1012 4676; x_wconf 89' lang='lat' dir='ltr'><strong>ut</strong></span> <span class='ocrx_word' id='word_1_727' title='bbox 1040 4622 1333 4676; x_wconf 86' lang='lat' dir='ltr'><strong>clamorem</strong></span> <span class='ocrx_word' id='word_1_728' title='bbox 1385 4616 1597 4671; x_wconf 72' lang='lat' dir='ltr'><strong>familia:</strong></span> <span class='ocrx_word' id='word_1_729' title='bbox 1639 4616 1786 4683; x_wconf 88' lang='lat' dir='ltr'><strong>inge-</strong></span> 
     </span>
    </p>
   </div>
   <div class='ocr_carea' id='block_1_93' title="bbox 199 4703 1786 4782">
    <p class='ocr_par' dir='ltr' id='par_1_93' title="bbox 199 4703 1786 4782">
     <span class='ocr_line' id='line_1_93' title="bbox 199 4703 1786 4782; baseline -0.012 -5"><span class='ocrx_word' id='word_1_730' title='bbox 199 4720 483 4777; x_wconf 86' lang='lat' dir='ltr'><strong>miscentis</strong></span> <span class='ocrx_word' id='word_1_731' title='bbox 509 4717 822 4774; x_wconf 72' lang='lat' dir='ltr'><strong>effunderet.</strong></span> <span class='ocrx_word' id='word_1_732' title='bbox 857 4712 1107 4782; x_wconf 90' lang='lat' dir='ltr'><strong>Quisquis</strong></span> <span class='ocrx_word' id='word_1_733' title='bbox 1136 4718 1314 4764; x_wconf 82' lang='lat' dir='ltr'><strong>autem</strong></span> <span class='ocrx_word' id='word_1_734' title='bbox 1364 4708 1511 4778; x_wconf 89' lang='lat' dir='ltr'><strong>cupit</strong></span> <span class='ocrx_word' id='word_1_735' title='bbox 1556 4706 1623 4759; x_wconf 93' lang='lat' dir='ltr'><strong>de</strong></span> <span class='ocrx_word' id='word_1_736' title='bbox 1674 4703 1786 4758; x_wconf 88' lang='lat' dir='ltr'><strong>Deo</strong></span> 
     </span>
    </p>
   </div>
   <div class='ocr_carea' id='block_1_94' title="bbox 199 4794 1789 4876">
    <p class='ocr_par' dir='ltr' id='par_1_94' title="bbox 199 4794 1789 4876">
     <span class='ocr_line' id='line_1_94' title="bbox 199 4794 1789 4876; baseline -0.012 -10"><span class='ocrx_word' id='word_1_737' title='bbox 199 4809 629 4866; x_wconf 88' lang='lat' dir='ltr'><strong>misericordiam</strong></span> <span class='ocrx_word' id='word_1_738' title='bbox 660 4803 976 4876; x_wconf 86' lang='lat' dir='ltr'><strong>promereri,</strong></span> <span class='ocrx_word' id='word_1_739' title='bbox 1010 4803 1122 4871; x_wconf 91' lang='lat' dir='ltr'><strong>ipse</strong></span> <span class='ocrx_word' id='word_1_740' title='bbox 1152 4800 1310 4855; x_wconf 89' lang='lat' dir='ltr'><strong>debet</strong></span> <span class='ocrx_word' id='word_1_741' title='bbox 1336 4800 1483 4870; x_wconf 87' lang='lat' dir='ltr'><strong>prior</strong></span> <span class='ocrx_word' id='word_1_742' title='bbox 1526 4810 1646 4851; x_wconf 86' lang='lat' dir='ltr'><strong>esse</strong></span> <span class='ocrx_word' id='word_1_743' title='bbox 1689 4794 1789 4847; x_wconf 90' lang='lat' dir='ltr'><strong>mi-</strong></span> 
     </span>
    </p>
   </div>
   <div class='ocr_carea' id='block_1_95' title="bbox 197 4884 1787 4967">
    <p class='ocr_par' dir='ltr' id='par_1_95' title="bbox 197 4884 1787 4967">
     <span class='ocr_line' id='line_1_95' title="bbox 197 4884 1787 4967; baseline -0.013 -10"><span class='ocrx_word' id='word_1_744' title='bbox 197 4906 459 4957; x_wconf 84' lang='lat' dir='ltr'><strong>sericors.</strong></span> <span class='ocrx_word' id='word_1_745' title='bbox 491 4897 760 4967; x_wconf 89' lang='lat' dir='ltr'><strong>Scriptum</strong></span> <span class='ocrx_word' id='word_1_746' title='bbox 807 4901 889 4949; x_wconf 89' lang='lat' dir='ltr'><strong>est</strong></span> <span class='ocrx_word' id='word_1_747' title='bbox 918 4893 1103 4947; x_wconf 90' lang='lat' dir='ltr'><strong>enim:</strong></span> <span class='ocrx_word' id='word_1_748' title='bbox 1165 4888 1279 4954; x_wconf 85' lang='lat' dir='ltr'><strong>Qua</strong></span> <span class='ocrx_word' id='word_1_749' title='bbox 1336 4904 1574 4942; x_wconf 82' lang='lat' dir='ltr'><strong>mensura</strong></span> <span class='ocrx_word' id='word_1_750' title='bbox 1626 4884 1787 4939; x_wconf 78' lang='lat' dir='ltr'><strong>mensi</strong></span> 
     </span>
    </p>
   </div>
   <div class='ocr_carea' id='block_1_96' title="bbox 199 4974 1787 5065">
    <p class='ocr_par' dir='ltr' id='par_1_96' title="bbox 199 4974 1787 5065">
     <span class='ocr_line' id='line_1_96' title="bbox 199 4974 1787 5065; baseline -0.011 -19"><span class='ocrx_word' id='word_1_751' title='bbox 199 4992 431 5065; x_wconf 76' lang='lat' dir='ltr'><strong>fueritis,</strong></span> <span class='ocrx_word' id='word_1_752' title='bbox 457 4988 633 5043; x_wconf 81' lang='lat' dir='ltr'><strong>eadem</strong></span> <span class='ocrx_word' id='word_1_753' title='bbox 661 5000 901 5041; x_wconf 80' lang='lat' dir='ltr'><strong>mensura</strong></span> <span class='ocrx_word' id='word_1_754' title='bbox 928 4982 1214 5035; x_wconf 78' lang='lat' dir='ltr'><strong>remetietur</strong></span> <span class='ocrx_word' id='word_1_755' title='bbox 1238 4979 1384 5048; x_wconf 84' lang='lat' dir='ltr'><strong>(Luc.</strong></span> <span class='ocrx_word' id='word_1_756' title='bbox 1408 4976 1504 5045; x_wconf 78' lang='grc' dir='ltr'><strong>γι).</strong></span> <span class='ocrx_word' id='word_1_757' title='bbox 1535 4975 1621 5038; x_wconf 87' lang='grc' dir='ltr'><em>Ει,</em></span> <span class='ocrx_word' id='word_1_758' title='bbox 1647 4974 1787 5043; x_wconf 88' lang='lat' dir='ltr'><strong>quod</strong></span> 
     </span>
    </p>
   </div>
   <div class='ocr_carea' id='block_1_97' title="bbox 190 5067 1789 5152">
    <p class='ocr_par' dir='ltr' id='par_1_97' title="bbox 190 5067 1789 5152">
     <span class='ocr_line' id='line_1_97' title="bbox 190 5067 1789 5152; baseline -0.013 -13"><span class='ocrx_word' id='word_1_759' title='bbox 190 5084 383 5152; x_wconf 85' lang='lat' dir='ltr'><strong>magis</strong></span> <span class='ocrx_word' id='word_1_760' title='bbox 409 5079 697 5135; x_wconf 87' lang='lat' dir='ltr'><strong>dolendum</strong></span> <span class='ocrx_word' id='word_1_761' title='bbox 726 5087 825 5142; x_wconf 89' lang='lat' dir='ltr'><strong>est,</strong></span> <span class='ocrx_word' id='word_1_762' title='bbox 857 5073 1189 5145; x_wconf 77' lang='lat' dir='ltr'><strong>Christianus</strong></span> <span class='ocrx_word' id='word_1_763' title='bbox 1216 5072 1463 5126; x_wconf 89' lang='lat' dir='ltr'><strong>dominus</strong></span> <span class='ocrx_word' id='word_1_764' title='bbox 1483 5067 1789 5122; x_wconf 88' lang='lat' dir='ltr'><strong>Christiano</strong></span> 
     </span>
    </p>
   </div>
   <div class='ocr_carea' id='block_1_98' title="bbox 1888 4597 3469 4675">
    <p class='ocr_par' dir='ltr' id='par_1_98' title="bbox 1888 4597 3469 4675">
     <span class='ocr_line' id='line_1_98' title="bbox 1888 4597 3469 4675; baseline -0.013 -6"><span class='ocrx_word' id='word_1_765' title='bbox 1888 4613 2214 4669; x_wconf 84' lang='lat' dir='ltr'><strong>abstinentia</strong></span> <span class='ocrx_word' id='word_1_766' title='bbox 2247 4628 2342 4668; x_wconf 93' lang='lat' dir='ltr'><strong>sua</strong></span> <span class='ocrx_word' id='word_1_767' title='bbox 2362 4610 2658 4666; x_wconf 87' lang='lat' dir='ltr'><strong>monachos</strong></span> <span class='ocrx_word' id='word_1_768' title='bbox 2706 4607 3035 4675; x_wconf 89' lang='lat' dir='ltr'><strong>clericosque</strong></span> <span class='ocrx_word' id='word_1_769' title='bbox 3057 4599 3339 4672; x_wconf 72' lang='lat' dir='ltr'><strong>prmcedat.</strong></span> <span class='ocrx_word' id='word_1_770' title='bbox 3360 4597 3469 4651; x_wconf 81' lang='lat' dir='ltr'><strong>Nisi</strong></span> 
     </span>
    </p>
   </div>
   <div class='ocr_carea' id='block_1_99' title="bbox 1888 4691 3477 4769">
    <p class='ocr_par' dir='ltr' id='par_1_99' title="bbox 1888 4691 3477 4769">
     <span class='ocr_line' id='line_1_99' title="bbox 1888 4691 3477 4769; baseline -0.012 -11"><span class='ocrx_word' id='word_1_771' title='bbox 1888 4705 1991 4758; x_wconf 91' lang='lat' dir='ltr'><strong>hoc</strong></span> <span class='ocrx_word' id='word_1_772' title='bbox 2020 4705 2263 4767; x_wconf 86' lang='lat' dir='ltr'><strong>interest,</strong></span> <span class='ocrx_word' id='word_1_773' title='bbox 2288 4702 2429 4769; x_wconf 93' lang='lat' dir='ltr'><strong>quod</strong></span> <span class='ocrx_word' id='word_1_774' title='bbox 2463 4701 2538 4754; x_wconf 89' lang='lat' dir='ltr'><strong>illi</strong></span> <span class='ocrx_word' id='word_1_775' title='bbox 2564 4700 2669 4753; x_wconf 88' lang='lat' dir='ltr'><strong>hoc</strong></span> <span class='ocrx_word' id='word_1_776' title='bbox 2690 4705 2923 4766; x_wconf 62' lang='lat' dir='ltr'><strong>qumstus</strong></span> <span class='ocrx_word' id='word_1_777' title='bbox 2944 4691 3345 4750; x_wconf 84' lang='lat' dir='ltr'><strong>causafaciunt,</strong></span> <span class='ocrx_word' id='word_1_778' title='bbox 3372 4702 3477 4741; x_wconf 83' lang='lat' dir='ltr'><strong>nos</strong></span> 
     </span>
    </p>
   </div>
   <div class='ocr_carea' id='block_1_100' title="bbox 1887 4778 3470 4860">
    <p class='ocr_par' dir='ltr' id='par_1_100' title="bbox 1887 4778 3470 4860">
     <span class='ocr_line' id='line_1_100' title="bbox 1887 4778 3470 4860; baseline -0.013 -12"><span class='ocrx_word' id='word_1_779' title='bbox 1887 4794 2118 4848; x_wconf 89' lang='lat' dir='ltr'><strong>salutis:</strong></span> <span class='ocrx_word' id='word_1_780' title='bbox 2163 4792 2237 4845; x_wconf 92' lang='lat' dir='ltr'><strong>illi</strong></span> <span class='ocrx_word' id='word_1_781' title='bbox 2270 4790 2513 4860; x_wconf 72' lang='lat' dir='ltr'><strong>pecunize</strong></span> <span class='ocrx_word' id='word_1_782' title='bbox 2559 4786 2881 4856; x_wconf 86' lang='lat' dir='ltr'><strong>compendio</strong></span> <span class='ocrx_word' id='word_1_783' title='bbox 2928 4778 3137 4837; x_wconf 73' lang='lat' dir='ltr'><strong>animas</strong></span> <span class='ocrx_word' id='word_1_784' title='bbox 3178 4784 3470 4843; x_wconf 89' lang='lat' dir='ltr'><strong>macerant,</strong></span> 
     </span>
    </p>
   </div>
   <div class='ocr_carea' id='block_1_101' title="bbox 1888 4868 3471 4952">
    <p class='ocr_par' dir='ltr' id='par_1_101' title="bbox 1888 4868 3471 4952">
     <span class='ocr_line' id='line_1_101' title="bbox 1888 4868 3471 4952; baseline -0.011 -14"><span class='ocrx_word' id='word_1_785' title='bbox 1888 4900 1987 4938; x_wconf 90' lang='lat' dir='ltr'><strong>nos</strong></span> <span class='ocrx_word' id='word_1_786' title='bbox 2010 4891 2229 4952; x_wconf 88' lang='lat' dir='ltr'><strong>propter</strong></span> <span class='ocrx_word' id='word_1_787' title='bbox 2257 4881 2556 4934; x_wconf 89' lang='lat' dir='ltr'><strong>animarum</strong></span> <span class='ocrx_word' id='word_1_788' title='bbox 2602 4879 2807 4933; x_wconf 87' lang='lat' dir='ltr'><strong>lucrum</strong></span> <span class='ocrx_word' id='word_1_789' title='bbox 2847 4883 3031 4930; x_wconf 86' lang='lat' dir='ltr'><strong>nostra</strong></span> <span class='ocrx_word' id='word_1_790' title='bbox 3056 4885 3283 4941; x_wconf 81' lang='lat' dir='ltr'><strong>corpora</strong></span> <span class='ocrx_word' id='word_1_791' title='bbox 3308 4868 3471 4924; x_wconf 82' lang='lat' dir='ltr'><strong>casti-</strong></span> 
     </span>
    </p>
   </div>
   <div class='ocr_carea' id='block_1_102' title="bbox 1894 4970 2382 5043">
    <p class='ocr_par' dir='ltr' id='par_1_102' title="bbox 1894 4970 2382 5043">
     <span class='ocr_line' id='line_1_102' title="bbox 1894 4970 2382 5043; baseline -0.008 -16"><span class='ocrx_word' id='word_1_792' title='bbox 1894 4988 2101 5043; x_wconf 87' lang='lat' dir='ltr'><strong>gamus.</strong></span> <span class='ocrx_word' id='word_1_793' title='bbox 2132 4970 2382 5041; x_wconf 82' lang='lat' dir='ltr'><strong>Explicit.</strong></span> 
     </span>
    </p>
   </div>
   <div class='ocr_carea' id='block_1_103' title="bbox 1555 5159 2114 5225">
    <p class='ocr_par' dir='ltr' id='par_1_103' title="bbox 1555 5159 2114 5225">
     <span class='ocr_line' id='line_1_103' title="bbox 1555 5159 2114 5225; baseline -0.013 0"><span class='ocrx_word' id='word_1_794' title='bbox 1555 5162 1824 5225; x_wconf 77' lang='lat' dir='ltr'><strong>SERMO</strong></span> <span class='ocrx_word' id='word_1_795' title='bbox 1876 5159 2114 5220; x_wconf 83' lang='lat' dir='ltr'><strong>XXVI.</strong></span> 
     </span>
    </p>
   </div>
   <div class='ocr_carea' id='block_1_104' title="bbox 1506 5275 2188 5349">
    <p class='ocr_par' dir='ltr' id='par_1_104' title="bbox 1506 5275 2188 5349">
     <span class='ocr_line' id='line_1_104' title="bbox 1506 5275 2188 5349; baseline -0.01 -13"><span class='ocrx_word' id='word_1_796' title='bbox 1506 5282 1582 5336; x_wconf 89' lang='lat' dir='ltr'><strong>De</strong></span> <span class='ocrx_word' id='word_1_797' title='bbox 1617 5279 2028 5349; x_wconf 81' lang='lat' dir='ltr'><strong>Quadragesima</strong></span> <span class='ocrx_word' id='word_1_798' title='bbox 2049 5275 2097 5330; x_wconf 88' lang='grc' dir='ltr'><strong><em>Χ</em></strong></span> <span class='ocrx_word' id='word_1_799' title='bbox 2107 5275 2188 5330; x_wconf 86' lang='grc'><strong>11.</strong></span> 
     </span>
    </p>
   </div>
   <div class='ocr_carea' id='block_1_105' title="bbox 1647 5369 2040 5428">
    <p class='ocr_par' dir='ltr' id='par_1_105' title="bbox 1647 5369 2040 5428">
     <span class='ocr_line' id='line_1_105' title="bbox 1647 5369 2040 5428; baseline -0.008 0"><span class='ocrx_word' id='word_1_800' title='bbox 1647 5369 2040 5428; x_wconf 79' lang='lat' dir='ltr'><strong>ADMONlTlO.</strong></span> 
     </span>
    </p>
   </div>
   <div class='ocr_carea' id='block_1_106' title="bbox 270 5433 3478 5556">
    <p class='ocr_par' dir='ltr' id='par_1_106' title="bbox 270 5433 3478 5556">
     <span class='ocr_line' id='line_1_106' title="bbox 270 5433 3478 5556; baseline -0.016 -17"><span class='ocrx_word' id='word_1_801' title='bbox 270 5480 761 5556; x_wconf 61' lang='lat' dir='ltr'><strong>“ISemonem</strong></span> <span class='ocrx_word' id='word_1_802' title='bbox 777 5476 940 5540; x_wconf 89' lang='lat' dir='ltr'><strong>hunc,</strong></span> <span class='ocrx_word' id='word_1_803' title='bbox 976 5471 1129 5541; x_wconf 87' lang='lat' dir='ltr'><strong>cujus</strong></span> <span class='ocrx_word' id='word_1_804' title='bbox 1148 5469 1341 5525; x_wconf 57' lang='lat' dir='ltr'><strong>titulus:</strong></span> <span class='ocrx_word' id='word_1_805' title='bbox 1352 5465 1493 5539; x_wconf 85' lang='lat' dir='ltr'><strong>apud</strong></span> <span class='ocrx_word' id='word_1_806' title='bbox 1510 5462 1843 5541; x_wconf 68' lang='lat' dir='ltr'><strong>Gmnadium</strong></span> <span class='ocrx_word' id='word_1_807' title='bbox 1867 5468 1949 5516; x_wconf 87' lang='lat' dir='ltr'><strong>est</strong></span> <span class='ocrx_word' id='word_1_808' title='bbox 1965 5458 2047 5513; x_wconf 77' lang='lat' dir='ltr'><strong>De</strong></span> <span class='ocrx_word' id='word_1_809' title='bbox 2057 5458 2259 5529; x_wconf 76' lang='lat' dir='ltr'><strong>jejunio</strong></span> <span class='ocrx_word' id='word_1_810' title='bbox 2286 5467 2553 5509; x_wconf 69' lang='lat' dir='ltr'><strong>terrorum</strong></span> <span class='ocrx_word' id='word_1_811' title='bbox 2570 5449 2667 5503; x_wconf 87' lang='lat' dir='ltr'><strong>Dei</strong></span> <span class='ocrx_word' id='word_1_812' title='bbox 2690 5439 2921 5519; x_wconf 72' lang='lat' dir='ltr'><strong>getterali</strong></span> <span class='ocrx_word' id='word_1_813' title='bbox 2939 5485 2955 5512; x_wconf 92' lang='lat'><strong>,</strong></span> <span class='ocrx_word' id='word_1_814' title='bbox 2982 5444 3037 5499; x_wconf 73' lang='lat' dir='ltr'><strong>in</strong></span> <span class='ocrx_word' id='word_1_815' title='bbox 3066 5441 3334 5499; x_wconf 80' lang='lat' dir='ltr'><strong>codicibus</strong></span> <span class='ocrx_word' id='word_1_816' title='bbox 3385 5433 3478 5509; x_wconf 76' lang='lat' dir='ltr'><strong>qui</strong></span> 
     </span>
    </p>
   </div>
   <div class='ocr_carea' id='block_1_107' title="bbox 277 5610 1117 5675">
    <p class='ocr_par' dir='ltr' id='par_1_107' title="bbox 277 5610 1117 5675">
     <span class='ocr_line' id='line_1_107' title="bbox 277 5610 1117 5675; baseline -0.015 -1"><span class='ocrx_word' id='word_1_817' title='bbox 277 5633 301 5656; x_wconf 67' lang='grc' dir='ltr'><em>τι</em></span> <span class='ocrx_word' id='word_1_818' title='bbox 343 5618 490 5672; x_wconf 85' lang='lat' dir='ltr'><strong>Edit.</strong></span> <span class='ocrx_word' id='word_1_819' title='bbox 514 5614 765 5675; x_wconf 77' lang='lat' dir='ltr'><strong>Maurin.,</strong></span> <span class='ocrx_word' id='word_1_820' title='bbox 789 5610 1117 5665; x_wconf 83' lang='lat' dir='ltr'><strong>rolnntatem.</strong></span> 
     </span>
    </p>
   </div>
   <div class='ocr_carea' id='block_1_108' title="bbox 275 5679 1468 5749">
    <p class='ocr_par' dir='ltr' id='par_1_108' title="bbox 275 5679 1468 5749">
     <span class='ocr_line' id='line_1_108' title="bbox 275 5679 1468 5749; baseline -0.014 -6"><span class='ocrx_word' id='word_1_821' title='bbox 275 5691 306 5729; x_wconf 69' lang='grc' dir='ltr'><em>ιδ</em></span> <span class='ocrx_word' id='word_1_822' title='bbox 332 5689 478 5742; x_wconf 73' lang='grc' dir='ltr'><strong>Εειό.</strong></span> <span class='ocrx_word' id='word_1_823' title='bbox 509 5686 663 5749; x_wconf 89' lang='lat' dir='ltr'><strong>edit.,</strong></span> <span class='ocrx_word' id='word_1_824' title='bbox 694 5682 978 5735; x_wconf 68' lang='lat' dir='ltr'><strong>divinorum</strong></span> <span class='ocrx_word' id='word_1_825' title='bbox 1000 5679 1341 5738; x_wconf 67' lang='lat' dir='ltr'><strong>immemores,</strong></span> <span class='ocrx_word' id='word_1_826' title='bbox 1364 5680 1468 5730; x_wconf 85' lang='lat' dir='ltr'><strong>etc.</strong></span> 
     </span>
    </p>
   </div>
   <div class='ocr_carea' id='block_1_109' title="bbox 278 5749 986 5825">
    <p class='ocr_par' dir='ltr' id='par_1_109' title="bbox 278 5749 986 5825">
     <span class='ocr_line' id='line_1_109' title="bbox 278 5749 986 5825; baseline -0.014 -13"><span class='ocrx_word' id='word_1_827' title='bbox 278 5772 303 5798; x_wconf 72' lang='grc' dir='ltr'><strong>ε</strong></span> <span class='ocrx_word' id='word_1_828' title='bbox 344 5758 476 5815; x_wconf 81' lang='lat' dir='ltr'><strong>Ead.</strong></span> <span class='ocrx_word' id='word_1_829' title='bbox 505 5756 657 5821; x_wconf 86' lang='lat' dir='ltr'><strong>edit.,</strong></span> <span class='ocrx_word' id='word_1_830' title='bbox 680 5752 824 5825; x_wconf 74' lang='lat' dir='ltr'><strong>quasi</strong></span> <span class='ocrx_word' id='word_1_831' title='bbox 854 5749 986 5803; x_wconf 82' lang='lat' dir='ltr'><strong>ideo.</strong></span> 
     </span>
    </p>
   </div>
   <div class='ocr_carea' id='block_1_110' title="bbox 1973 5588 2787 5657">
    <p class='ocr_par' dir='ltr' id='par_1_110' title="bbox 1973 5588 2787 5657">
     <span class='ocr_line' id='line_1_110' title="bbox 1973 5588 2787 5657; baseline -0.011 -9"><span class='ocrx_word' id='word_1_832' title='bbox 1973 5591 1999 5632; x_wconf 70' lang='grc' dir='ltr'><strong><em>ἀ</em></strong></span> <span class='ocrx_word' id='word_1_833' title='bbox 2033 5593 2159 5647; x_wconf 82' lang='lat' dir='ltr'><strong>Ead.</strong></span> <span class='ocrx_word' id='word_1_834' title='bbox 2184 5590 2336 5654; x_wconf 84' lang='lat' dir='ltr'><strong>edit.,</strong></span> <span class='ocrx_word' id='word_1_835' title='bbox 2369 5605 2463 5643; x_wconf 78' lang='lat' dir='ltr'><strong>sua</strong></span> <span class='ocrx_word' id='word_1_836' title='bbox 2492 5588 2787 5657; x_wconf 70' lang='lat' dir='ltr'><strong>prmaentia.</strong></span> 
     </span>
    </p>
   </div>
   <div class='ocr_carea' id='block_1_111' title="bbox 1978 5661 2647 5731">
    <p class='ocr_par' dir='ltr' id='par_1_111' title="bbox 1978 5661 2647 5731">
     <span class='ocr_line' id='line_1_111' title="bbox 1978 5661 2647 5731; baseline -0.009 -14"><span class='ocrx_word' id='word_1_837' title='bbox 1978 5672 2001 5702; x_wconf 65' lang='grc' dir='ltr'><strong>ε</strong></span> <span class='ocrx_word' id='word_1_838' title='bbox 2024 5661 2155 5717; x_wconf 83' lang='lat' dir='ltr'><strong>Ead.</strong></span> <span class='ocrx_word' id='word_1_839' title='bbox 2185 5661 2338 5725; x_wconf 87' lang='lat' dir='ltr'><strong>edit.,</strong></span> <span class='ocrx_word' id='word_1_840' title='bbox 2363 5672 2647 5731; x_wconf 75' lang='lat' dir='ltr'><strong>erogemus.</strong></span> 
     </span>
    </p>
   </div>
  </div>
