4054 6190
460 329 566 382 533
1681 325 1735 379 S.
1779 325 1823 377 ii
1835 325 2020 379 AXlMl
2061 323 2506 378 TAURINENSIS
3617 319 3722 372 58$

457 439 704 520 currulem
747 437 804 493 S.
830 435 1076 520 Maximo
1099 435 1440 520 adjudicapt,
1490 433 1569 520 De
1606 436 1811 520 jejunio
1854 445 1903 489 et
1931 436 2009 520 de
2023 424 3728 520 Quadrupegima.inﬁribitur.ﬁant‘agtenlSaqga’i:

460 454 704 494 cumuem
747 454 804 493 δ.
838 454 1069 492 manmo
1099 454 1403 502 aujuutcant
1423 473 1440 498 ,
1490 454 1569 488 uc
1606 454 1664 505 λε
1689 454 1811 490 ωηο
1854 454 1903 489 ει
1931 454 1994 489 ae
2023 454 2432 520 quadragesima
2464 454 2788 489 inscribitur.
2821 454 2958 485 aunt
2984 454 3230 507 ausum."
3253 454 3468 506 edust
3489 454 3728 494 aut-5a.-

460 509 622 579 lensis
651 524 800 562 num.
828 505 914 572 (il,
947 503 1302 579 S._Crucis_in
1331 503 1628 579 Jerusalem
1651 454 1720 558 ὅθ
1748 518 1907 579 Serm.
1941 504 2200 579 ﬂuitem
2219 508 2275 558 δ.
2304 503 2491 559 Crucis
2517 504 2585 559 99
2613 518 2772 557 serm.
2806 500 2893 565 57,
2939 508 2994 553 et
3021 496 3555 579 fatu-mensisScrm.
3587 497 3610 548 l
3649 495 3730 579 De

381 582 389 590 '
459 577 890 648 Qimdragesima.
933 574 1063 648 Agit
1094 574 1184 648 hic
1221 573 1486 627 Maximus
1524 573 1591 627 de
1612 582 1768 648 recta
1793 573 2070 648 j‘ejunandi
2098 574 2394 648 rationeet
2423 582 2681 648 tempore,
2715 586 2820 648 quo
2850 573 3219 648 priescripttum
3250 573 3640 648 est_jejunium,
3673 576 3730 647 et

459 635 586 702 illud
614 635 961 716 commendat
980 635 1250 716 ‘jeﬁmium
1275 682 1291 704 ,
1342 659 1454 716 non
1485 643 1629 710 quod
1663 635 1826 712 aliqui
1847 635 2127 716 'arbitratu
2162 658 2260 697 suo
2288 642 2390 697 sibi
2420 635 2639 711 eligunt,
2667 635 2762 716 Sed
2786 635 3087 716 qu’pdveri‘
3101 635 3302 716 fideles,
3334 635 3439 688 hoc
3467 642 3553 688 est
3567 637 3726 716 servi

459 718 570 779 Dei,
606 711 902 770 institutum
953 704 1023 786 id
1048 704 1288 786 Ecclesia
1331 704 1569 786 perfecte
1615 704 2000 786 essequuntur.
2035 711 2160 766 Haec
2187 720 2270 786 est
2296 704 2821 786 summasermonisi
2859 707 3024 776 Igitur
3049 704 3328 786 Gennadio
3355 705 3726 786 consentiunt.

456 774 637 856 qui'de
657 785 875 856 jejuniig
912 793 960 856 et
991 783 1052 856 de
1082 774 1489 856 Quadragesima
1512 774 2278 856 eumdem-inscripserunt;.in
2307 782 2540 856 caepim
2563 778 2868 856 jejunantcs
2893 774 3003 856 non
3033 790 3142 829 sua:
3171 774 3448 856 indulgent
3476 774 3725 856 vanitati,

454 847 547 925 sed
580 847 688 925 Deo
709 847 809 925 per
836 851 1128 925 Ecclesiam
1153 847 1360 920 jubenti
1375 852 1785 925 pbtemperant,
1836 858 1890 925 et
1920 847 2170 918 tanquam
2201 850 2386 925 famuli
2413 848 2683 925 Qhristum
2714 847 2902 925 ducem
2933 855 2986 899 et
3013 850 3400 925 pgleceptorem
3425 847 3724 925 imitantur.

457 912 784 976 Benedictini
813 923 1057 977 monachi
1087 912 1338 988 congreg.
1371 919 1426 973 S.
1462 912 1630 973 Man-ri
1660 912 1802 975 hunc
1841 920 1983 974 inter
2017 912 2295 974 sermones
2333 919 2716 988 Ambrosianos
2743 918 2840 988 sub
2867 912 3114 968 numf25
3142 912 3232 967 cit.
3268 914 3398 988 edit:
3433 912 3604 968 Paris.
3633 929 3722 966 an.

454 992 592 1044 1690
623 992 899 1065 ediderunt
924 1032 940 1055 ,
990 983 1261 1065 multaque
1293 983 1372 1065 'de
1400 1003 1488 1065 eq,
1518 997 1574 1042 et
1600 989 1896 1065 praesertim
1924 989 2002 1065 de_
2033 990 2430 1065 nuncupatione
2457 987 2919 1065 Quinquagesimze
2947 1000 3055 1038 non
3068 983 3490 1065 antesxeculum
3521 998 3727 1037 nonum

455 1006 592 1044 10w
623 1006 899 1046 ediderunt
924 1032 940 1055 ,
990 1006 1152 1045 multa
1196 1006 1261 1045 ue
1307 1006 1372 1044 ue
1400 1006 1488 1054 eo,
1518 1006 1574 1042 et
1600 1006 1896 1058 praesertim
1924 1006 1992 1043 ue
2033 1006 2430 1058 nuncupatione
2457 1006 2919 1056 quinquagesunu:
2948 1006 3055 1038 non
3084 1006 3210 1038 ante
3237 1006 3490 1037 sanctuqu
3522 1006 3724 1037 nouum

455 1070 706 1129 usurpata
737 1062 1122 1116 disseruerunt.
1154 1006 1279 1114 (hos
1305 1057 1406 1113 fide
1434 1057 1718 1125 Gennadii,
1747 1066 1802 1112 et
1829 1058 2221 1128 descriptorum
2250 1059 2494 1113 codicum
2524 1057 2666 1124 freti,
2695 1055 2750 1110 S.
2784 1056 3037 1124 episcopo
3068 1053 3386 1108 Taurinensi
3414 1054 3562 1108 hunc
3587 1068 3724 1121 quo-

454 1147 559 1198 que
590 1146 954 1199 ascripsunus.

455 1219 843 1274 Ancuumruu.
884 1250 954 1259 —
985 1215 1455 1286 Quinqttagesimali
1498 1215 1787 1283 improbata
1827 1215 2028 1286 jejunio
2057 1223 2104 1280 Α
2133 1216 2327 1270 faciam
2342 1214 2653 1284 jejunando,
2685 1229 2804 1268 cum
2836 1214 2937 1268 illis
2961 1212 3223 1282 jejunium
3247 1214 3350 1267 tale
3376 1230 3481 1267 non
3510 1216 3723 1282 prosit?

525 1291 587 1344 S.
620 1288 882 1341 Maximus
921 1285 1096 1339 scribit
1137 1285 1474 1338 contumaciae
1508 1302 1663 1356 reum,
1691 1302 1801 1338 esse
1828 1285 1911 1356 qui
1953 1286 2029 1339 le-

525 1376 638 1430 gem
660 1358 853 1430 jejunii
877 1356 1343 1430 quadragesirnulis‘
1366 1356 1608 1430 divinitus
1631 1355 2034 1430 datam_rescin—

523 1422 620 1481 dit.
658 1422 922 1496 Improbat
951 1422 1144 1496 quoque
1173 1425 1432 1496 jejunium
1459 1425 1665 1478 illorum
1685 1426 1771 1494 qui
1789 1426 1862 1496 in
1891 1422 2035 1487 Qua-

523 1493 814 1567 dragesiina
836 1493 1024 1564 septem
1047 1495 1155 1567 dies
1175 1493 1449 1567 prandent,
1482 1502 1528 1546 et
1558 1493 1748 1567 septeni
1771 1493 2032 1567 jejunum.

528 1563 677 1622 Unde
703 1563 942 1618 numerus
971 1564 1316 1634 quadraginta
1343 1563 1538 1616 dierum
1560 1563 1750 1633 jejunii
1769 1563 2038 1617 exordium

526 1638 695 1707 coepit.

523 1748 775 1803 Nonnulli
815 1745 1268 1810 Christianorum,
1319 1745 1533 1812 fratres,
1583 1744 1950 1798 existimantes
1979 1759 2035 1798 se

462 1840 760 1895 Divinitatis
807 1846 1072 1907 pnecepta
1121 1835 1420 1904 religiosius
1474 1835 1790 1900 observare,
1821 1842 2039 1903 prmter-

461 1931 617 1984 missa
664 1929 950 1983 devotione
997 1925 1432 1992 Quadragesimac
1459 1967 1474 1991 ,
1516 1923 1666 1991 cujus
1693 1923 1854 1978 hodie
1879 1939 2038 1978 cura-

459 2036 576 2074 mus
605 2017 920 2082 exordium,
951 2015 1448 2084 quinquagesimam
1477 2029 1534 2067 se
1565 2013 1742 2067 facere
1771 2013 2040 2066 mentiun-

459 2122 564 2174 tur,
616 2125 739 2162 cum
785 2107 837 2161 id
884 2122 1058 2176 neque
1101 2105 1293 2159 divinis
1325 2104 1539 2158 Litteris
1563 2104 1836 2173 jubeatnr,
1867 2118 2041 2171 neque

460 2202 718 2255 traditum
765 2199 834 2252 sit
883 2198 1206 2252 auctoritate
1257 2195 1540 2264 majorum.
1590 2195 1716 2250 Sola
1754 2196 1914 2264 igitur
1940 2195 2042 2249 hoc

460 2287 661 2342 faciunt
698 2287 861 2340 animi
889 2285 1339 2355 przesumptione,
1377 2293 1430 2341 et
1459 2285 1587 2338 dum
1617 2292 1804 2354 putant
1845 2300 1903 2339 se
1949 2285 2043 2339 de-

461 2377 637 2431 votius
665 2391 824 2445 agere
847 2416 862 2440 ,
914 2375 1335 2446 superstitiosius
1362 2384 1768 2430 conversantur.
1821 2374 1956 2428 Dicit
1983 2390 2043 2429 se

461 2469 743 2523 observare
766 2467 1270 2535 Quiuquagesimam
1300 2466 1391 2535 qui
1415 2465 1550 2520 forte
1571 2464 2040 2533 Quadragesimam

2138 1309 2391 1376 Quamvis
2420 1312 2562 1364 enim
2591 1311 2855 1364 abstineat
2883 1311 3002 1379 quis
3031 1311 3192 1364 certis
3223 1310 3438 1376 diebus,
3481 1314 3722 1380 quamvis

2137 1401 2377 1454 ciborum
2418 1401 2654 1455 dulciora
2703 1402 2956 1455 alimenta
3002 1417 3108 1454 non
3155 1409 3356 1464 sumat;
3399 1417 3505 1456 non
3544 1411 3720 1457 tanmn

2137 1491 2212 1546 illi
2239 1499 2462 1559 accepto
2500 1489 2668 1545 fertur
2699 1490 3127 1558 Quadragesimzc
3160 1489 3450 1558 jejunium,
3489 1493 3582 1559 qui
3612 1509 3720 1546 non

2137 1583 2325 1637 diebus
2371 1583 2723 1652 quadraginta
2765 1581 2988 1650 jejunat.
3042 1579 3210 1635 Pudet
3237 1583 3449 1645 dicere,
3488 1598 3646 1636 senes
3669 1591 3724 1637 et

2139 1673 2363 1728 anicula:
2405 1671 2874 1740 Quadragcsimam
2919 1671 3159 1725 faciunt:
3203 1670 3427 1740 juvenes
3455 1682 3509 1726 et
3531 1671 3724 1739 juven-

2138 1765 2268 1819 culaa
2315 1779 2420 1818 non
2465 1762 2683 1816 faciunt.
2734 1761 2890 1816 Omni
2927 1763 3086 1831 igitur
3123 1762 3481 1818 sollicitudine
3511 1771 3725 1832 tempus

2138 1854 2555 1909 sacratissimum
2602 1853 2969 1921 celebremus,
3015 1869 3122 1908 non
3162 1861 3446 1922 praetereat
3473 1870 3572 1908 nos
3610 1853 3726 1907 dies

2139 1945 2341 2013 absque
2370 1943 2608 2012 jejunio,
2659 1958 2764 1997 non
2811 1957 2909 1997 nos
2953 1951 3192 1996 transeat
3239 1959 3340 1996 una
3390 1941 3724 1997 hebdomade

2140 2035 2341 2104 absque
2372 2034 2582 2102 vigiliis.
2629 2033 2721 2088 lllc
2762 2034 2905 2087 enim
2935 2033 3062 2087 facit
3090 2031 3562 2102 Quadragesimam
3581 2077 3596 2100 ,
3627 2035 3723 2104 qui

2135 2120 2428 2192 jeju'nando
2457 2132 2511 2178 et
2539 2124 2809 2194 vigilando
2840 2125 3078 2179 ascendit
3107 2124 3171 2178 ad
3201 2123 3426 2179 Pascha.
3451 2126 3582 2178 Nam
3613 2127 3726 2180 sic-

2144 2220 2204 2266 ut
2232 2212 2440 2280 reliquo
2478 2228 2619 2267 anno
2659 2212 2905 2281 jejunare
2930 2217 3207 2284 pnemium
3253 2223 3362 2281 est,
3395 2217 3469 2269 ita
3497 2216 3551 2268 in
3582 2215 3728 2281 Qua-

2141 2301 2438 2369 dragesima
2465 2318 2572 2356 non
2608 2301 2854 2372 jejunare
2883 2314 3161 2374 peccatum
3191 2312 3300 2370 est;
3329 2305 3418 2359 illa
3447 2305 3593 2360 enim
3624 2322 3725 2360 vo-

2141 2392 2368 2446 luntaria
2397 2400 2521 2447 sunt
2546 2392 2770 2462 jejunia,
2807 2394 2908 2448 ista
2929 2395 3262 2462 necessaria;
3293 2396 3381 2449 illa
3409 2395 3478 2451 de
3502 2396 3727 2451 arbitrio

2143 2485 2400 2549 veniunt,
2451 2485 2551 2539 ista
2601 2485 2667 2538 de
2717 2485 2864 2554 lege;
2913 2485 2980 2540 ad
3029 2486 3117 2540 illa
3167 2487 3472 2552 invitamur,
3517 2487 3585 2541 ad
3626 2487 3727 2542 ista

461 2557 812 2658 ίηιιξξθνθ-νξι
851 2557 1036 2625 Ροεείί·
1065 2556 1286 2658 ’Βοηξξηι
1313 2563 1396 2658 ti“
1422 2556 1640 2658 ll_“idem_
1665 2558 1872 2658 ουηοξίξ
1901 2565 2040 2611 ῑθῐη·
2077 2601 2119 2658 Β
2144 2575 2531 2644 compellimur.
2582 2575 2689 2631 Sed
2728 2576 3003 2632 videamus
3051 2577 3210 2648 463
3247 2578 3349 2633 iste
3373 2578 3726 2648 quadraginta

461 2649 677 2720 poribus
693 2647 954 2717 jejunare,
987 2647 1081 2702 sed
1112 2649 1301 2703 melius
1319 2646 2042 2718 Quadragesimamjejunare

2144 2665 2350 2718 dierum
2381 2665 2770 2720 sacratissimus
2797 2681 3049 2722 numerus
3077 2666 3218 2722 unde
3247 2667 3446 2722 habere
3475 2667 3503 2706 δ
3543 2684 3727 2739 caspe-

463 2755 584 2796 cum
613 2739 848 2794 Christo.
893 2737 1040 2794 Hanc
1077 2740 1218 2793 enim
1247 2737 1721 2807 Quadragesimam
1753 2741 1905 2814 nobis
1933 2740 2041 2795 Do-

465 2831 641 2884 minus
687 2844 787 2883 suo
830 2827 1034 2897 jejunio
1081 2830 1430 2884 consecravit.
1486 2828 1641 2896 Quod
1681 2830 1790 2884 dixi
1814 2830 2038 2898 jejunio,

465 2936 572 2974 non
599 2919 843 2988 jejuniis;
888 2934 1051 2972 unum
1088 2919 1231 2972 enim
1271 2918 1530 2988 jejunium
1569 2920 1778 2974 Domini
1802 2919 1918 2984 fuit,
1951 2919 2042 2988 qui

463 3009 787 3064 continuatis
833 3008 1182 3077 quadraginta
1231 3009 1420 3062 diebus
1466 3017 1521 3062 et
1569 3009 1818 3064 noctibus
1864 3010 2042 3064 cibum

463 3098 681 3152 omnino
707 3113 813 3151 non
844 3098 1088 3166 sumpsit.
1137 3095 1385 3166 Quisquis
1407 3114 1537 3169 ergo
1567 3098 1900 3155 Christianus
1922 3115 2046 3155 con-

465 3200 730 3242 secratam
753 3186 1044 3256 jejunando
1074 3201 1182 3241 non
1219 3188 1516 3257 impleverit
1549 3189 2042 3259 Quadragesimam,

463 3279 915 3348 prmvaricatiouis
952 3286 1006 3332 et
1043 3279 1394 3334 contumaciae
1423 3296 1546 3335 reus
1584 3283 1873 3351 tenebitur,
1902 3282 2047 3352 quod

463 3369 636 3438 legem
665 3369 916 3425 divinitus
944 3385 1042 3438 pro
1069 3369 1243 3423 salute
1269 3385 1363 3424 sua
1393 3370 1572 3424 datam
1596 3372 1908 3442 prandendo
1931 3374 2045 3443 ipse

463 3458 734 3512 rescindit.
768 3457 1044 3513 Rescindis
1071 3459 1215 3513 enim
1236 3459 1407 3527 legem
1430 3461 1519 3529 qui
1533 3462 1838 3531 exemplum
1855 3462 2043 3532 jejunii

463 3547 715 3601 dominici
754 3563 861 3601 non
897 3547 1154 3604 custodis.
1206 3546 1390 3614 Qualis
1415 3563 1543 3603 vero
1571 3558 1750 3604 autem
1778 3549 2042 3607 Christia-

465 3652 563 3692 nus
587 3652 676 3706 es,
697 3652 838 3704 cum,
863 3636 1092 3693 Domino
1105 3638 1402 3708 jejunante,
1435 3647 1491 3693 tu
1521 3639 1785 3710 prandes?
1811 3651 1836 3678 ι
1863 3640 2045 3708 Qualis

462 3729 794 3784 Christianus
833 3745 911 3796 es,
961 3745 1102 3794 cum,
1145 3729 1359 3786 Christo
1407 3733 1707 3799 esuriente,
1749 3741 1808 3787 tu
1835 3733 2043 3789 reﬁcis?

466 3816 560 3871 llle
586 3834 683 3886 pro
711 3819 882 3872 salute
911 3827 1000 3872 tua
1048 3821 1241 3873 famem
1283 3821 1541 3886 sustinet,
1592 3831 1649 3875 tu
1679 3838 1779 3891 pro
1805 3825 2044 3893 peccatis

465 3909 572 3961 tuis
602 3909 760 3978 [‘62
777 3908 1020 3976 jejunare
1051 3909 1345 3964 formidas?
1394 3910 1564 3964 Dicite
1594 3913 1735 3964 enim
1762 3914 1922 3978 mihi,
1955 3915 2040 3967 in-

465 4004 680 4061 terrogo
708 4010 836 4058 vos,
869 3995 960 4062 qui
990 3995 1041 4048 in
1081 3995 1500 4064 Quadragesima
1531 3998 1832 4067 prandetis,
1863 4002 1908 4055 si
1935 4016 2044 4056 non

465 4084 518 4136 in
536 4085 876 4138 conseientiis
903 4086 1094 4140 vestris
1119 4086 1198 4140 rei
1225 4087 1374 4155 estis,
1405 4089 1567 4158 quod,
1591 4090 1892 4147 abstinente
1917 4108 2049 4147 cun-

463 4180 555 4227 cto
586 4173 804 4242 populo,
831 4189 928 4229 vos
954 4175 1056 4230 soli
1086 4186 1274 4232 contra
1297 4189 1621 4250 prteccptum
1649 4179 1861 4236 Domini
1883 4183 2048 4239 devo-

464 4260 632 4314 ratis?
661 4261 717 4315 Si
747 4278 855 4317 non
883 4264 1036 4319 vobis
1065 4267 1230 4321 rubor
1249 4275 1331 4322 est
1351 4283 1471 4322 cum
1496 4271 1652 4325 exilis
1680 4271 1734 4324 in
1755 4272 2044 4342 publicum,

470 4367 536 4405 ne
565 4353 685 4421 quis
716 4355 867 4408 vobis
889 4354 1105 4424 jejunus
1135 4368 1383 4413 occurrat
1408 4378 1420 4413 :
1453 4370 1546 4415 aut
1573 4363 1616 4416 si
1647 4378 1753 4417 non
1775 4365 2045 4433 cogitatis,

466 4456 587 4496 cum
615 4442 683 4496 ad
723 4444 1002 4498 ecclesiam
1025 4448 1346 4516 proceditis,
1384 4452 1832 4519 quemadmodum
1858 4469 2045 4523 pacem

466 4530 720 4600 episcopo
746 4533 1060 4602 pon'igatis,
1085 4552 1153 4590 ne
1173 4537 1310 4592 forte
1337 4540 1452 4608 ipso
1469 4541 1658 4608 spiritu
1687 4544 1855 4598 osculi
1880 4546 2046 4600 vestri

469 4637 562 4677 vos
588 4622 878 4691 reprobet?
907 4623 1060 4690 Quod
1083 4626 1128 4680 si
1154 4626 1269 4680 hmo
1291 4626 1429 4682 forte
1453 4645 1558 4683 non
1586 4633 1855 4701 cogitatis,
1889 4633 2044 4691 forsi-

469 4721 556 4766 tan
583 4714 925 4768 vehementer
971 4717 1191 4783 erratis;
1241 4719 1378 4773 scire
1411 4721 1554 4774 enim
1592 4722 1799 4777 debetis
1827 4739 1949 4779 cum
1992 4727 2045 4780 in

467 4802 894 4872 Quadragesima:
933 4806 1120 4861 diebus
1163 4807 1348 4877 jejuno
1391 4826 1618 4879 pransus
1655 4816 1905 4882 occurrit,
1939 4832 2044 4870 non

465 4895 601 4948 bene
626 4896 693 4949 de
723 4896 814 4949 illo
838 4897 1040 4965 judicat
1066 4899 1154 4967 qui
1177 4898 1404 4967 jejunat.
1438 4901 1550 4958 Hoc
1577 4905 1720 4957 enim
1750 4905 1870 4960 ideo
1899 4907 2040 4969 dico,

465 4985 588 5051 quia
637 4986 798 5040 audio
845 4989 1181 5059 complures,
1247 4991 1393 5058 quod
1439 4993 1653 5060 gravius
1688 5004 1810 5060 est,
1865 4996 2045 5052 fideles

466 5071 687 5127 alternis
731 5075 785 5127 in
833 5075 1246 5146 Quadragesima
1277 5080 1628 5136 hebdomadis
1656 5084 1924 5138 abstinere
1943 5128 1957 5152 ,
1989 5094 2044 5140 et

465 5171 835 5216 consecratum
872 5166 1018 5221 illum
1046 5169 1253 5223 dierum
1297 5186 1578 5227 numerum
1618 5174 1754 5240 gula:
1782 5175 2042 5245 intempe-

465 5253 635 5306 rantia
668 5254 896 5323 violare,
931 5258 1033 5313 hoc
1062 5271 1142 5316 est
1165 5263 1428 5331 prandere
1451 5275 1658 5335 septem
1685 5267 1891 5321 dierum
1919 5284 2040 5322 cur-

464 5342 650 5408 riculo,
679 5353 734 5396 et
753 5354 954 5413 septem
976 5347 1183 5405 dierum
1211 5355 1385 5423 spatio
1412 5355 1673 5425 jejunare.
1707 5357 1908 5425 Quibus
1933 5360 2036 5416 hoc

2145 2757 2215 2810 rit
2235 2756 2535 2810 exordium.
2568 2754 2818 2825 Legimus
2839 2757 3069 2826 primum
3094 2758 3147 2812 in
3174 2757 3358 2812 Veteri
3377 2757 3726 2813 Testamento

2147 2847 2260 2901 Noe
2291 2847 2621 2916 temporibus
2647 2888 2662 2913 ,
2713 2863 2832 2902 cum
2861 2863 3020 2903 omne
3047 2862 3216 2917 genus
3250 2847 3526 2902 hominum
3553 2851 3728 2904 scele-

2147 2946 2262 2991 rata
2290 2937 2544 3005 iniquitas
2585 2946 2930 3007 occupasset,
2973 2946 3054 2993 tot
3081 2937 3288 2992 dierum
3316 2953 3542 2992 numero
3570 2947 3729 3008 pate-

2146 3028 2299 3082 factis
2328 3029 2612 3083 cataractis
2641 3029 2763 3084 εαξιὶ
2787 3044 3046 3099 aquarum
3077 3029 3285 3100 pluvias
3312 3029 3634 3096 defluxisse,
3677 3039 3729 3087 et

2147 3118 2403 3189 mysterio
2449 3119 2682 3188 quodam
2742 3118 3173 3188 Quadragesima:
3216 3119 3568 3174 inundatione
3610 3121 3730 3179 orbi

2149 3219 2410 3264 terrarum
2445 3208 2581 3263 facta
2623 3224 2732 3263 non
2779 3216 2885 3262 tam
2926 3209 3184 3264 diluvium
3212 3225 3370 3279 quam
3404 3209 3730 3280 baptismum

2148 3303 2459 3371 contigisse.
2510 3299 2813 3371 Baptismus
2840 3301 2998 3371 plane
3018 3301 3144 3367 fuit,
3202 3319 3300 3373 per
3328 3301 3474 3373 quod
3511 3303 3569 3356 in
3597 3317 3729 3372 pec-

2146 3394 2418 3448 catoribus
2471 3391 2722 3461 iniquitas
2773 3391 2983 3445 sublata
3029 3400 3141 3458 est,
3186 3390 3299 3446 Noe
3343 3391 3555 3460 justitia
3603 3407 3732 3446 cono

2145 3492 2374 3538 servata.
2423 3482 2502 3536 Ita
2524 3496 2651 3550 ergo
2698 3489 2754 3536 et
2790 3481 2949 3537 modo
2995 3481 3150 3536 nobis
3197 3483 3453 3537 Dominus
3481 3493 3503 3521 ο
3536 3481 3603 3536 ad
3646 3482 3731 3535 in-

2146 3581 2258 3625 star
2297 3571 2438 3625 illius
2481 3571 2737 3640 temporis
2779 3570 3250 3640 Quadragesimam
3296 3573 3474 3640 dedit;
3505 3580 3566 3627 ut
3594 3588 3730 3627 con-

2144 3663 2330 3717 stituto
2374 3661 2580 3716 dierum
2625 3677 2870 3728 numero,
2899 3663 3178 3733 patefactis
3207 3665 3387 3729 cmlis,
3419 3664 3599 3736 pluvia
3630 3679 3731 3719 nos

2144 3750 2521 3806 misericordia}
2579 3750 2815 3806 cmlestis
2882 3752 3105 3818 irroret,
3155 3761 3211 3807 et
3255 3753 3602 3808 inundatione
3653 3753 3729 3806 fac

2143 3851 2228 3897 cta
2258 3858 2354 3912 per
2392 3841 2712 3911 baptismum
2760 3841 2955 3897 lavacri
2991 3844 3238 3898 salutaris
3281 3861 3378 3900 nos
3406 3846 3577 3900 imber
3605 3845 3732 3899 illu-

2070 3961 2115 4022 C
2146 3931 2340 3995 minet;
2373 3938 2427 3984 et
2473 3931 2610 3985 sicut
2649 3937 2778 3986 tunc
2822 3930 3015 3986 factum
3060 3941 3142 3989 est
3166 3950 3426 4003 aquarum
3456 3933 3728 4000 ﬂuctibus,

2153 4019 2520 4088 exstingdatur
2576 4036 2720 4075 nunc
2782 4022 2836 4076 in
2889 4023 3043 4077 nobis
3090 4024 3406 4078 delictorum
3452 4025 3728 4094 iniquitas,

2147 4112 2400 4166 virtutum
2444 4112 2650 4181 justitia
2697 4125 3062 4171 conservetur.
3122 4117 3242 4187 Ipsa
3289 4117 3432 4172 enim
3473 4133 3592 4186 quae
3631 4118 3730 4171 sub

2146 4200 2278 4266 Noe,
2308 4209 2363 4256 et
2391 4203 2555 4257 modo
2587 4204 2810 4257 vertitur
2839 4206 3008 4272 ratio;
3039 4207 3335 4277 baptismus
3363 4209 3504 4262 enim
3535 4224 3730 4276 pecca-

2152 4292 2256 4346 tori
2301 4292 2556 4347 diluvium
2602 4301 2714 4362 est,
2765 4298 3098 4351 consecratio
3129 4305 3210 4352 est
3240 4297 3401 4352 fideli.
3443 4296 3547 4352 Per
3576 4298 3726 4352 lava-

2148 4397 2298 4436 crum
2319 4383 2459 4436 enim
2486 4384 2694 4438 Domini
2740 4387 2977 4440 salvatur
2992 4387 3196 4455 justitia
3215 4426 3229 4450 ,
3277 4397 3500 4443 necatur
3529 4388 3730 4456 injusti-

2149 4473 2223 4526 tia
2251 4490 2262 4524 :
2295 4473 2437 4542 quod
2467 4475 2520 4529 in
2543 4491 2649 4529 uno
2671 4476 2967 4545 eodemque
2991 4477 3186 4532 factum
3211 4479 3455 4533 videmus
3483 4481 3730 4548 apostolo

2147 4560 2332 4626 Paulo,
2363 4563 2474 4632 qui,
2517 4564 2823 4634 priusquam
2864 4569 3144 4636 prteceptis
3175 4566 3200 4604 ά
3228 4568 3555 4638 spiritalibus
3584 4569 3729 4622 lava-

2144 4662 2312 4718 retur,
2356 4663 2472 4708 erat
2517 4656 2892 4726 blasphemus,
2941 4669 3273 4728 persecutor,
3320 4670 3374 4715 et
3402 4661 3613 4716 Saulus.
3663 4663 3730 4716 At

2146 4743 2233 4798 uhi
2263 4744 2442 4813 pluvia
2473 4761 2633 4814 super
2655 4763 2776 4800 eum
2808 4748 3005 4802 lavacri
3043 4750 3278 4804 cmlestis
3308 4750 3537 4817 influxit,
3569 4766 3730 4806 neca-

2146 4842 2232 4886 tur
2277 4835 2619 4902 hlasphemus
2652 4877 2666 4901 ,
2740 4847 2959 4892 necatur
3008 4849 3344 4908 persecutor,
3406 4849 3634 4897 necatur
3675 4852 3730 4897 et

2145 4923 2366 4990 Saulus;
2395 4924 2691 4980 vivificatur
2711 4931 3011 4996 apostolus,
3043 4930 3341 4986 vivificatur
3363 4933 3571 5001 justus,
3604 4935 3730 4986 vivi-

2147 5013 2336 5068 ficatur
2356 5024 2410 5068 et
2433 5015 2644 5070 Paulus.
2679 5016 2856 5086 Usque
2884 5019 3018 5073 adeo
3041 5029 3217 5074 autem
3242 5022 3469 5091 perdidit
3489 5031 3726 5077 veterem

2147 5118 2268 5156 cum
2300 5105 2505 5159 actibus
2539 5116 2560 5143 ε
2593 5109 2703 5162 suis
2743 5109 3043 5171 hominem,
3085 5118 3144 5164 ut
3185 5126 3305 5165 cum
3337 5113 3575 5167 moribus
3602 5129 3726 5167 mu-

2143 5199 2282 5246 taret
2328 5206 2384 5248 et
2431 5211 2646 5251 nomen.
2717 5197 2968 5267 Quisquis
3016 5213 3144 5267 ergo
3190 5201 3242 5253 in
3292 5202 3393 5255 hac
3436 5203 3726 5256 devotione

2065 5311 2115 5369 Ι)
2142 5281 2572 5352 Quadragesimte
2609 5288 2878 5344 dominica
2926 5292 3179 5364 mandata
3206 5295 3529 5359 servaverit,
3567 5310 3725 5350 neca-

2139 5371 2282 5426 bitur
2310 5374 2362 5427 in
2400 5390 2467 5430 eo
2496 5376 2759 5432 diabolica
2789 5379 3070 5449 impietas,
3109 5384 3400 5451 apostolica
3431 5393 3608 5438 autem
3635 5400 3722 5437 res

462 5430 602 5497 dico,
652 5447 749 5487 cur
790 5435 950 5490 etiam
983 5441 1236 5534 per-illos
1280 5453 1486 5515 septem
1520 5447 1634 5502 dies
1665 5447 1902 5504 fraudem
1931 5452 2033 5507 sibi
2137 5464 2437 5519 servabitur
2478 5430 3719 5543 gratia

534 5545 566 5612 λ
599 5575 761 5632 Abest
805 5593 835 5634 a
861 5579 1036 5660 codd.
1082 5581 1434 5660 Fallicellano
1469 5598 1523 5644 et
1553 5589 1816 5660 Lugdun.,
1850 5590 2036 5657 Qualis

461 5663 578 5701 varo
611 5685 628 5719 τ
755 5687 782 5719 .7
803 5689 816 5702 .
851 5659 900 5702 tu
923 5650 1146 5719 prande:
1169 5653 1195 5704 Ζ)

532 5718 554 5754 ιι
595 5716 724 5771 Cod.
759 5718 826 5772 8!)
853 5716 1128 5774 SJCrucis
1159 5721 1209 5774 in
1239 5721 1368 5787 Jer.,
1405 5729 1574 5796 mpii.

2216 5609 2238 5667 τε
2279 5599 2332 5653 In
2359 5601 2478 5655 cod.
2510 5603 2577 5659 90
2602 5601 2655 5657 S.
2686 5601 2873 5660 Crucis
2904 5607 2956 5660 in
2985 5605 3114 5667 Jcr.,
3144 5607 3231 5664 ad.

2208 5666 2232 5704 ε¹
2273 5670 2345 5742 l_d.
2371 5672 2522 5742 cod,
2550 5673 2920 5742 spirimulibus.

2210 5746 2233 5774 ⁸
2272 5739 2401 5794 Cod.
2433 5740 2500 5794 90
2528 5739 2616 5796 cit.
2651 5746 2847 5798 omittit
2877 5747 3000 5799 suis.

4015 5279 4026 5374 ἓ
