4054 6190
249 345 360 400 585

1676 340 1908 397 SERMO
1947 337 2148 393 XXVII.

3423 342 3522 396 δικ

242 458 373 520 sibi,
408 456 637 511 moritur
664 470 731 511 ex
768 471 832 511 ea
874 463 1027 527 parte
1055 470 1159 524 qua
1189 465 1440 527 peccator
1466 464 1575 520 est,
1609 464 1635 492 ⁸
1663 456 1841 510 vivili-
1870 460 1921 520 Α
1948 468 2210 514 annorum
2248 461 2492 522 tempore
2532 452 2938 524 qualiscumque
2967 454 3302 511 substantia?
3331 458 3529 515 Intelli-

241 558 406 605 catur
429 563 497 603 ex
544 547 635 601 illa
681 554 836 617 parte
881 561 987 616 qua
1010 546 1188 616 justus
1215 554 1317 602 est.
1361 546 1651 603 Videamus
1678 548 1841 602 etiam

240 641 290 696 si
323 639 452 695 alibi
480 639 535 692 in
565 638 858 707 Scripturis
900 638 1044 691 hunc
1082 636 1371 709 mysticum
1410 636 1842 709 Quadragesima:

246 745 540 786 numerum
567 742 856 799 possumus
883 727 1143 782 invenire.
1178 727 1428 797 Legimus
1450 729 1596 797 quod
1623 736 1841 785 sanctus

240 827 464 898 Moyses
489 825 693 898 (Exod.
718 824 831 893 xvn)
882 824 936 879 in
974 838 1158 879 eremo
1188 823 1542 893 quadraginta
1577 839 1841 878 annorum

240 916 519 973 curriculo
548 915 689 969 ﬁlios
717 914 879 969 Israel
906 914 1071 985 m
1096 915 1302 970 caelesti
1341 928 1540 969 manna
1567 914 1836 969 nutrierit.

238 1008 433 1063 Bonus
457 1020 587 1075 ergo
615 1020 889 1070 numerus,
922 1005 1015 1075 qui
1038 1020 1252 1075 semper
1277 1006 1470 1061 cmlnm
1502 1005 1711 1075 aperit:
1742 1005 1843 1060 bo-

239 1115 384 1166 nus,
418 1099 633 1167 inquam
654 1135 669 1159 ,
702 1111 993 1161 numerus,
1024 1112 1120 1165 per
1146 1112 1307 1167 quem
1342 1096 1551 1166 justitia
1594 1096 1707 1152 Noe
1733 1097 1842 1152 sal-

237 1197 429 1255 vatur,
468 1198 525 1244 et
551 1188 718 1242 Israel
743 1187 837 1241 lilii
878 1187 1210 1255 saginantur.
1263 1186 1415 1242 Unde
1442 1195 1499 1243 et
1527 1202 1626 1243 nos
1654 1188 1841 1242 obser—

236 1294 438 1333 vemus
482 1278 631 1332 hunc
676 1292 960 1331 numerum
984 1318 999 1343 ,
1048 1285 1105 1331 et
1150 1278 1461 1347 aperiantur
1510 1278 1666 1333 nobis
1694 1277 1836 1342 cmli,

240 1381 523 1441 quatenus
568 1378 624 1425 et
673 1370 852 1440 pluvia
893 1384 995 1425 nos
1038 1370 1223 1438 gratiae
1268 1370 1504 1426 caelestis
1532 1370 1756 1437 irroret,
1785 1378 1842 1425 et

236 1462 571 1532 spiritalium
620 1468 1084 1515 sacramentorum
1136 1475 1334 1514 manna
1379 1459 1620 1525 reﬁciat;
1669 1460 1841 1514 instar

236 1552 393 1608 enim
424 1558 635 1622 patrum
663 1558 1002 1616 nostrorum,
1049 1551 1152 1605 hac
1184 1552 1564 1606 observatione
1592 1549 1838 1616 Quadra-

236 1644 461 1712 gesimaa
505 1651 562 1698 et
604 1639 962 1711 justiﬁeamur
1007 1649 1063 1696 et
1110 1643 1379 1711 pascimur
1419 1658 1433 1694 :
1480 1641 1841 1710 justiticamur

237 1735 488 1801 lavacro,
532 1731 803 1803 pascimur
847 1731 1221 1786 sacramentis.
1273 1730 1381 1786 Sed
1427 1731 1572 1786 dicet
1606 1730 1833 1798 aliquis:

1943 548 2121 614 gimus
2147 558 2277 613 ergo
2298 545 2574 615 jejunasse
2601 545 2739 601 ﬁlios
2766 546 2928 603 Israel
2945 588 2960 615 ,
3004 550 3126 619 quia
3157 553 3533 618 cognoscimus

1946 634 2050 688 illis
2095 648 2339 689 escarum
2381 634 2592 703 copiam
2632 632 2868 691 defuisse
2894 645 2951 691 et
2979 644 3107 692 tunc
3133 640 3426 709 sumpsisse
3456 644 3534 698 ci-

1942 723 2073 779 bum
2092 726 2309 792 quando
2334 724 2579 792 largienti
2602 724 2831 780 Domino
2850 727 3156 797 placuisset.
3188 730 3331 786 Satis
3349 741 3532 788 autem
3626 750 3627 753 ‘

1943 811 2035 867 diu
2078 812 2290 882 jejunat
2331 814 2425 883 qui
2471 830 2591 869 cum
2649 812 2851 871 Christi
2902 818 3178 874 voluntate
3227 837 3287 875 se
3335 822 3528 879 reﬁcit.

1946 901 2127 972 Usque
2154 904 2292 959 adeo
2318 920 2450 959 vero
2478 906 2802 962 abstinentia
2823 908 3051 965 ﬁliorum
3077 910 3241 967 Israel
3271 913 3324 968 in
3346 930 3532 972 eremo

1941 994 2146 1063 placuit
2192 993 2490 1061 Salvatori,
2540 1005 2599 1051 ut
2633 999 2986 1067 quorumdam
3026 1004 3190 1057 etiam
3220 1006 3361 1060 inter
3389 1007 3533 1077 ipsos

1942 1086 2358 1157 intemperantia
2388 1096 2701 1155 notaretur;
2747 1090 2819 1144 ita
2848 1101 2905 1145 ut
2928 1094 3171 1163 quisquis
3200 1097 3408 1152 avidior
3434 1099 3535 1153 du-

1941 1178 2091 1247 plum
2118 1194 2276 1233 mane
2322 1180 2501 1234 cibum
2544 1181 2644 1235 sibi
2692 1183 3013 1252 collegerat,
3064 1188 3153 1242 hic
3197 1189 3297 1244 hac
3336 1191 3533 1259 injuria

1942 1264 2213 1334 feriretur,
2242 1276 2302 1322 ut
2328 1284 2437 1324 non
2461 1277 2571 1324 tam
2596 1272 2776 1326 cibum
2804 1275 2904 1329 sibi
2934 1275 3266 1333 inveniretur
3288 1296 3534 1337 servasse

1940 1370 2104 1424 quam
2149 1372 2362 1413 vermes
2397 1377 2410 1411 :
2466 1360 2673 1416 scilicet
2720 1370 2779 1416 ut
2822 1365 2946 1432 quia
2992 1382 3155 1437 supra
3200 1368 3532 1425 moderatam

1940 1444 2293 1503 refectionem
2335 1451 2721 1519 concupierat,
2772 1454 2922 1508 velut
2958 1457 3185 1512 stimulis
3210 1461 3533 1530 quibusdam

1941 1536 2287 1591 conscientiae
2323 1538 2377 1592 in
2416 1554 2622 1595 morem
2666 1543 2930 1597 vermium
2958 1544 2985 1583 δ
3018 1558 3319 1615 urgeretur.
3368 1552 3535 1620 Igitur

1942 1637 1999 1683 et
2026 1644 2161 1698 nos,
2209 1628 2433 1696 fratres,
2472 1632 2823 1690 observantes
2872 1635 3305 1709 Quadragesimaa
3352 1647 3533 1712 quoti-

1941 1718 2098 1774 diana
2148 1727 2205 1775 et
2249 1721 2529 1777 moderata
2570 1723 2774 1793 jejunia
2804 1765 2821 1792 ,
2862 1736 2918 1782 et
2953 1737 3209 1800 tanquam
3255 1733 3311 1788 in
3347 1751 3533 1793 eremo

238 1824 389 1879 ﬁlios
417 1823 581 1879 Israel
626 1823 681 1877 in
732 1835 917 1876 eremo
944 1819 1164 1889 quando
1192 1835 1392 1875 manna
1435 1820 1663 1875 saturati
1692 1827 1835 1883 sunt,

1941 1810 2257 1877 constituti,
2296 1812 2429 1867 nihil
2472 1814 2786 1872 deliciarum
2835 1820 3169 1876 smcularium
3210 1826 3530 1894 cogitemus,

234 1914 469 1968 minime
502 1912 791 1981 jejunasse.
842 1909 957 1980 Ego
985 1917 1167 1965 autem
1195 1910 1318 1966 dico
1349 1910 1471 1965 illos
1501 1909 1715 1964 nonnisi
1742 1909 1839 1963 ah-

233 2002 512 2058 stinentiaa
538 2008 667 2057 tunc
692 2015 934 2064 vacasse,
966 2007 1129 2069 atque
1157 1999 1279 2055 ideo
1305 2000 1542 2057 cmlestis
1569 1999 1837 2054 alimonia:

232 2093 469 2160 gratiam
516 2092 792 2146 meruisse.
856 2090 1122 2157 Primum,
1174 2091 1299 2159 quia
1349 2090 1624 2145 desertum
1670 2104 1835 2145 omne

232 2183 505 2252 jejunium
534 2191 646 2249 est;
676 2183 803 2252 quia
833 2183 1080 2237 anxietas
1109 2182 1416 2237 solitudinis
1442 2182 1834 2252 concupiscen-

232 2274 371 2328 tiam
399 2273 613 2343 repellit
648 2287 925 2338 escarum;
969 2272 1258 2327 deindein
1289 2287 1474 2328 eremo
1501 2272 1643 2328 unde
1672 2286 1833 2327 accu-

232 2373 371 2419 rata:
400 2364 616 2434 epulae?
663 2362 804 2418 unde
837 2363 960 2418 vina
999 2363 1274 2433 pretiosa?
1311 2364 1452 2419 unde
1479 2362 1833 2431 quadraginta

1943 1902 2091 1957 nulla
2114 1918 2214 1959 nos
2233 1904 2589 1974 cupiditatum
2617 1909 2980 1978 corporalium
2999 1911 3228 1969 dulcedo
3256 1917 3530 1973 sollicitet.

1942 1993 2123 2048 Simus
2151 1995 2351 2061 sobrii,
2384 1996 2551 2051 simus
2576 1999 2741 2064 casti,
2772 1999 3035 2061 habentes
3060 2004 3277 2073 quidem
3305 2022 3531 2063 conver-

1941 2087 2218 2157 sationem
2237 2087 2291 2142 in
2316 2088 2566 2154 urbibus,
2609 2091 2983 2159 possideamus
3023 2103 3207 2150 mente
3233 2096 3526 2153 desertum.

1940 2176 1998 2232 Si
2027 2178 2101 2232 ita
2141 2179 2473 2235 abstinentes
2498 2182 2799 2249 egerimus,
2839 2183 2945 2237 erit
2969 2191 3029 2237 ut
3054 2185 3289 2242 caelestis
3318 2203 3529 2247 manna:

1938 2269 2242 2325 reliciamur
2269 2271 2545 2339 alimonia,
2574 2279 2630 2327 et
2657 2273 2815 2329 nullis
2842 2275 3105 2330 vermium
3131 2278 3361 2335 stimulis
3379 2294 3528 2337 com-

1936 2375 2253 2431 pungamur.
3096 2374 3099 2377 '

1592 2474 1863 2536 SERMO
1905 2474 2174 2537 XXVII.

1514 2572 1595 2626 De
1623 2571 2039 2644 Quadragesima
2066 2573 2184 2628 XII
2192 2574 2219 2627 1
2227 2616 2240 2628 .

1694 2662 2087 2719 ΑῡΜοΝιτιο.

307 2733 472 2858 ἦρε
502 2732 749 2787 Monachi
777 2732 1110 2788 Benedictini
1133 2734 1566 2802 congregationis
1597 2734 1779 2790 Sancti
1809 2734 1980 2788 Mauri
2016 2736 2070 2790 in
2092 2735 2389 2805 appendice
2414 2735 2482 2790 ad
2509 2744 2812 2793 extremum
2852 2747 3060 2795 tomum
3091 2758 3315 2813 operum
3351 2750 3525 2804 sancti

307 2821 336 2857 ιι
380 2804 510 2858 rosii
559 2818 722 2857 serm.
775 2802 865 2858 53.
896 2804 987 2858 aui
1017 2813 1100 2858 est
1148 2804 1215 2857 17
1244 2803 1322 2857 De
1355 2805 1563 2858 ieiuniis
1610 2804 2055 2858 Ouadraaesimaz.
2105 2805 2387 2858 nrobabile
2438 2806 2590 2858 aiunt
2634 2822 2754 2858 esse
2800 2810 2943 2858 hunc
2993 2828 3297 2858 sel-manem
3338 2816 3522 2858 dplmri

229 2802 510 2876 Ambrosii
559 2818 722 2876 serm.
775 2802 872 2876 53,4
896 2804 987 2872 qui
1017 2813 1100 2876 est
1148 2804 1219 2876 Π
1244 2803 1322 2857 De
1332 2805 1563 2876 jejuniis
1610 2804 2055 2876 Quadragesimw,
2105 2802 2387 2875 probabile
2438 2806 2590 2860 aiunt
2634 2822 2754 2862 esse
2800 2810 2943 2865 hunc
2993 2802 3297 2868 sermonem
3338 2802 3524 2875 deberi

231 2874 497 2936 Maximo,
525 2873 671 2952 cujus
694 2874 951 2952 eLstylas,
975 2875 1101 2952 et_in
1124 2874 1297 2952 codice
1322 2873 1809 2952 Ilemigiauoetiam
1831 2873 2028 2952 nomen
2044 2873 2360 2952 noscendum
2385 2876 2600 2952 praebet.
2634 2876 2967 2952 Ilemigiano,
2993 2896 3151 2951 quem
3180 2884 3255 2939 illi
3285 2873 3524 2952 laudant,

231 2942 1091 3025 gap-sonatcodeanaurinepsis,
1125 2944 1183 3025 in
1215 2959 1323 3025 quo
1342 2942 1578 3025 bmc'est
1600 2944 2274 3025 eidem‘sermonipraxﬁxa
2298 2942 2580 3025 inscriptio
2606 2964 2617 2998 :
2650 2942 2888 3025 Itemfde
2920 2942 3331 3025 Quc'idragesima
3358 2942 3525 3012 sermo

232 3012 413 3093 Χ
443 3013 669 3093 Ilabitus
698 3012 1310 3093 fortasse_in.domiuica
1342 3012 1651 3093 Palmarum
1693 3013 1810 3077 fuit,
1843 3012 2240 3093 ut_conjectura
2269 3031 2329 3070 se
2370 3012 2530 3072 iidem
2560 3019 2809 3074 monachi
2835 3012 3113 3078 assecutos
3136 3012 3359 3093 "putant.
3392 3026 3525 3085 Nam

230 3098 300 3137 ea
329 3083 421 3137 die
452 3084 506 3137 in
535 3082 807 3151 plerisqne
826 3081 1080 3138 Ecclesiis
1110 3083 1249 3137 tradi
1278 3085 1579 3153 symbolum
1599 3081 2423 3153 competentibus‘consueverat.

232 3198 633 3252 Ancvurm'ruu.
665 3229 737 3239 —-
762 3196 977 3267 Jejuuia
1015 3204 1070 3247 ut
1099 3194 1251 3249 Elias
1294 3194 1637 3267 observantes,
1678 3195 1828 3249 adhi-

1937 3195 2059 3251 ﬁcio
2082 3197 2247 3253 totius
2274 3198 2460 3252 mundi
2492 3200 2704 3268 species
2733 3200 2985 3256 innovata
3014 3215 3382 3274 consurgeret.
3421 3207 3524 3277 lgi~

306 3267 431 3320 bitis
471 3264 979 3366 precibusnctaasu’m
1006 3267 1185 3366 003221!
1212 3265 1613 3335 competentibus
1639 3282 1831 3320 resere-

306 3353 422 3366 ...η
481 3352 503 3366 ,ς
530 3353 667 3366 nun...
751 3337 845 3366 ηιμ-ἱ
897 3336 915 3366 ὅ
981 3344 1053 3366 nol
1163 3351 1238 3366 nm
1262 3351 1524 3366 numam...

1939 3293 2025 3340 tur
2044 3293 2101 3340 et
2128 3301 2228 3342 nos
2254 3286 2445 3341 eadem
2473 3264 2592 3356 qua:
2620 3288 2767 3344 Elias
2797 3292 3148 3349 observantes
3180 3264 3410 3366 jejunio,
3431 3264 3525 3353 ad-

300 3353 443 3401 mus,
474 3335 671 3390 Clavem
698 3335 867 3403 Petri,
897 3335 951 3388 id
978 3344 1054 3389 est
1084 3335 1240 3406 ﬁdem
1259 3351 1542 3389 sumamus.

304 3469 551 3540 Propitia
600 3468 918 3531 Divinitate,
966 3483 1094 3524 ecce
1134 3467 1243 3536 jam
1294 3483 1433 3538 pene
1472 3470 1831 3537 transegimus

232 3561 679 3631 Quadragesimm
724 3561 953 3616 iudicata
994 3560 1217 3628 jejunia.
1251 3568 1307 3615 et
1335 3571 1602 3631 przecepta
1631 3560 1834 3617 Christi

233 3654 455 3710 Domini
477 3653 811 3707 abstinentia:
833 3652 1118 3706 devotione
1138 3653 1546 3721 complevimus.
1576 3651 1835 3723 Superest

233 3762 402 3808 nunc,
437 3754 497 3800 ut
523 3744 974 3814 quemadmodum
1007 3744 1189 3798 famuli
1219 3743 1336 3812 ejus
1367 3744 1580 3816 Moyses
1606 3754 1659 3799 et
1688 3744 1834 3799 Elias

232 3839 382 3893 hunc
426 3836 847 3891 sacratissimum
877 3850 1162 3889 numerum
1208 3835 1571 3901 observando,
1604 3837 1833 3904 gratiam

234 3936 594 3993 meruerunt;
636 3928 706 3982 ita
729 3936 785 3982 et
808 3943 907 3981 nos
928 3927 1033 3982 hoc
1059 3927 1230 3996 ipsum
1251 3935 1461 3998 tempus
1482 3930 1833 3985 custodiendo

234 4036 569 4085 mereamur,
595 4020 773 4087 sitque
799 4018 988 4074 similis
1017 4020 1379 4074 remuneratio
1405 4020 1457 4073 in
1490 4021 1835 4090 perceptione

234 4111 471 4181 praemii,
501 4098 730 4179 quorum
760 4109 951 4165 similis
975 4109 1128 4165 labor
1155 4117 1239 4164 est
1266 4109 1321 4164 in
1350 4110 1727 4165 observatione
1751 4111 1835 4179 je-

233 4203 391 4272 junii.
426 4201 572 4260 Elias
592 4202 758 4269 enim,
786 4218 909 4259 cum
937 4209 1081 4256 esset
1108 4202 1345 4257 clausum
1374 4202 1621 4256 humanis
1641 4202 1836 4270 iniqui-

234 4292 443 4347 tatibus
469 4292 687 4359 coelum,
712 4300 766 4346 et
794 4292 937 4346 nulla
960 4292 1243 4347 mundanis
1273 4294 1433 4348 rebus
1460 4294 1693 4363 desuper
1710 4294 1830 4364 plu-

236 4384 456 4436 viarum
484 4382 712 4436 stillaret
739 4382 977 4444 ubertas,
1010 4390 1173 4450 atque
1214 4382 1393 4437 omnia
1424 4382 1594 4451 longae
1624 4384 1834 4439 siccita-

234 4475 307 4528 tis
346 4474 599 4543 squalore
636 4474 978 4543 languerent,
1027 4482 1083 4528 et
1110 4482 1253 4529 esset
1283 4475 1450 4529 lames
1479 4489 1671 4544 magna
1709 4475 1831 4529 uni-

234 4582 398 4621 verso
422 4566 606 4634 generi
637 4566 894 4628 humano,
927 4566 1181 4634 quoniam
1212 4566 1350 4620 enim
1377 4567 1573 4621 malum
1596 4567 1832 4636 pluviam

1936 3378 2120 3433 bibitis
2162 3379 2410 3449 precibus
2450 3380 2692 3435 clausum
2721 3382 2916 3437 malum
2946 3387 3144 3441 nostris
3169 3394 3524 3459 competenti-

1934 3471 2035 3526 bus
2063 3487 2368 3527 reseremus
2388 3489 2402 3537 ;
2426 3480 2692 3541 quatenus
2713 3474 2831 3529 illos
2856 3475 3052 3532 lavacri
3080 3479 3328 3536 salutaris
3352 3484 3525 3537 imber

1936 3558 1961 3596 ἀ
1993 3561 2275 3616 illuminet.
2317 3560 2572 3617 Clausum
2614 3562 2757 3616 enim
2787 3564 2891 3618 illis
2928 3574 3012 3621 est
3038 3568 3254 3632 cmlum,
3286 3573 3523 3638 quandiu

1936 3652 2172 3706 nondum
2203 3652 2269 3707 de
2309 3653 2447 3707 cmlo
2490 3652 2722 3723 Spiritus
2747 3663 2964 3710 sanctus
2992 3656 3302 3727 adveniens,
3332 3677 3520 3715 eorum

1935 3741 2098 3797 corda
2130 3743 2294 3813 466
2334 3740 2567 3797 viviﬁcat
2600 3762 2611 3794 :
2645 3744 2945 3799 siccitatem
2988 3747 3384 3816 quodammodo
3424 3768 3522 3820 pa-

1935 3833 2159 3898 tiuntur,
2192 3833 2316 3903 quia
2347 3833 2582 3887 nondum
2613 3835 2784 3901 gratia
2830 3834 3170 3906 baptismatis
3209 3840 3517 3908 irrigantur.

1937 3924 2208 3981 Laborant
2228 3926 2392 3980 etiam
2415 3924 2556 3980 fame
2584 3939 2795 3994 magna,
2826 3928 3082 3995 quoniam
3104 3930 3251 3984 velut
3278 3933 3523 3987 esurien-

1936 4024 2036 4079 tes,
2068 4015 2307 4071 caalestia
2336 4023 2676 4070 sacramenta
2695 4015 3021 4071 desiderant.
3051 4018 3374 4077 Reseremus
3394 4038 3523 4091 ergo

1936 4107 2039 4160 illis
2067 4108 2282 4169 caelum,
2313 4116 2375 4160 ut
2414 4106 2735 4161 adveniente
2780 4109 3010 4179 desuper
3053 4112 3277 4181 spiritali
3321 4116 3519 4185 pluvia,

1935 4211 2123 4251 eorum
2154 4205 2293 4250 terra
2336 4196 2533 4250 lavacri
2580 4197 2781 4264 irriguo
2818 4201 3066 4265 satietur,
3105 4212 3159 4257 et
3198 4204 3521 4263 delictorum

1935 4288 2220 4341 sterilitate
2248 4286 2514 4356 deposita,
2556 4287 2816 4356 incipiant
2845 4287 3049 4345 fructus
3077 4295 3380 4359 germinare
3408 4300 3522 4352 vir-

1937 4386 2133 4432 tutum.
2165 4377 2375 4432 Etenim
2416 4378 2649 4433 caelestis
2687 4379 2859 4433 imber
2902 4381 3028 4434 vitia
3071 4394 3411 4451 peccatorum
3440 4391 3523 4445 di-

1938 4470 2059 4538 luit,
2078 4469 2299 4539 justitite
2329 4470 2657 4524 incrementa
2681 4470 2884 4540 pandit,
2913 4472 3116 4527 decutit
3148 4476 3355 4530 aridum
3386 4495 3519 4534 con-

1937 4560 2282 4630 cupiscentia:
2337 4560 2634 4629 pulverem,
2682 4559 2914 4616 laetiﬁcat
2961 4564 3144 4619 utilem
3193 4569 3523 4624 castimonia:

235 4673 353 4711 non
398 4656 581 4722 dabat,
634 4671 737 4709 nec
785 4663 929 4709 terra
982 4655 1236 4724 pabulum
1284 4635 1640 4724 germinabat,
1686 4656 1834 4712 Elias
1860 4635 1915 4697 Ῑ)
1942 4651 2253 4721 puritatem,
2295 4652 2476 4706 obruit
2517 4651 2755 4706 avaritia:
2800 4653 3073 4708 sordidam
3123 4656 3331 4723 ﬁcccm,
3356 4662 3524 4717 nutrit

233 4756 462 4803 sanctus
482 4748 741 4802 reseravit
765 4746 985 4815 jejuniis
1013 4748 1123 4801 suis
1152 4748 1366 4813 coelum,
1398 4754 1594 4802 terram
1624 4749 1831 4803 oratio-

233 4838 401 4892 nibus
431 4836 735 4891 fecundavit
765 4835 852 4906 (ΙΙ
884 4837 1015 4909 Reg.
1046 4838 1217 4907 xvm).
1248 4837 1394 4893 Illius
1431 4839 1576 4893 enim
1621 4839 1835 4895 siccita—

238 4940 357 4985 tem
385 4930 656 4984 convertit
689 4930 739 4983 in
770 4929 1027 4999 pluviam,
1058 4930 1217 4999 hujus
1244 4930 1582 4985 sterilitatem
1610 4931 1836 4986 resolvit

235 5023 296 5075 in
330 5028 574 5089 partum;
605 5028 754 5074 tanta
778 5021 921 5074 enim
949 5019 1065 5088 ejus
1085 5021 1333 5090 precibus
1362 5022 1547 5076 orbem
1570 5031 1834 5077 terrarum

236 5108 499 5162 imbrium
548 5108 765 5177 largitas
812 5109 1070 5178 irrigavit,
1116 5117 1174 5163 ut
1228 5111 1376 5165 arida
1418 5112 1831 5180 revirescerent,

234 5208 462 5254 mortua
510 5209 874 5267 resurgerent,
921 5198 1231 5268 languentia
1275 5211 1613 5257 sanarentur.
1646 5201 1714 5256 Et
1760 5204 1835 5258 ita

233 5293 411 5347 rebus
440 5293 648 5346 cunctis
676 5291 903 5346 fontium
925 5294 1140 5362 quidam
1168 5301 1377 5348 meatus
1406 5294 1611 5349 infusus
1644 5303 1748 5362 est,
1777 5303 1838 5348 ut

233 5379 621 5453 puriﬁcatione
664 5381 803 5436 facta
833 5395 931 5452 per
957 5384 1195 5453 pluviam
1228 5395 1250 5422 ε
1284 5385 1522 5440 onmium
1559 5394 1838 5441 creatura-

234 5487 368 5527 rum
392 5472 524 5526 vitia
564 5473 889 5541 lavarentur,
920 5483 1084 5543 atque
1107 5475 1476 5532 inundationis
1504 5478 1647 5534 illius
1672 5479 1839 5534 bene-

320 5615 347 5643 ⁸
387 5603 522 5660 Cod.
552 5603 621 5675 90
645 5604 758 5675 cit.,
780 5604 1146 5675 viviﬁcabitur.

319 5684 347 5715 ο
386 5674 521 5747 Cod.
551 5674 621 5747 9_0
645 5674 920 5747 S._Crucis
942 5677 1000 5747 iu
1027 5676 1163 5742 Jer.,
1198 5687 1513 5747 argueretur.

322 5757 345 5786 ο
377 5744 547 5802 Codd.
580 5743 820 5813 Lugdun.
851 5756 907 5801 et
936 5746 1221 5812 Vallicell.,
1260 5743 1531 5815 omnium;
1559 5747 1828 5805 editiones

494 5839 765 5899 Punon.
810 5840 999 5902 LVII.

1938 4749 2194 4795 teternam
2222 4741 2599 4796 misericordiae
2626 4743 2946 4811 largitatem.
2978 4744 3127 4800 Sicut
3147 4750 3290 4801 enim
3331 4766 3523 4820 super-

1938 4832 2187 4885 veniente
2214 4829 2564 4899 Eliae'pluvia,
2597 4848 2757 4886 omne
2788 4834 3040 4901 pabulum
3071 4843 3208 4889 terra
3238 4838 3521 4909 produxit;

1939 4925 2013 4979 ita
2054 4931 2111 4978 et
2149 4924 2561 4993 superveniente
2614 4923 2810 4978 Christi
2854 4926 3088 4993 lavacro,
3119 4944 3336 4983 omnem
3360 4931 3523 5000 justi-

1942 5018 2068 5070 tiam
2097 5014 2273 5068 anima
2303 5014 2641 5083 germinavit.
2674 5013 2741 5067 Et
2776 5014 2914 5069 sicut
2942 5015 3049 5069 illic
3077 5016 3376 5085 pluviarum
3406 5021 3526 5076 fon-

1941 5115 2023 5162 tes
2073 5106 2428 5174 irrigaverunt
2468 5106 2672 5170 orbem,
2703 5112 2763 5159 ut
2801 5105 3201 5162 viviﬁcarentur
3236 5110 3525 5169 herbarum

1943 5199 2265 5254 mortiﬁcata
2290 5198 2400 5268 jam
2424 5198 2672 5253 semina:
2707 5197 2778 5251 ita
2799 5205 2855 5252 et
2879 5195 2998 5252 fons
3024 5198 3366 5269 baptismatis
3407 5205 3525 5259 irri-
3626 5274 3629 5277 _

1942 5300 2034 5361 gat
2060 5306 2228 5361 genus
2258 5292 2557 5357 hominum,
2582 5298 2640 5345 ut
2667 5291 2964 5345 animarum
2994 5294 3313 5350 mortiﬁcata
3359 5297 3523 5352 corda

1940 5384 2192 5439 viviﬁcet.
2216 5383 2333 5439 Hoc
2354 5382 2752 5437 observantium
2785 5383 2885 5437 ista
2907 5382 3111 5452 jejunia
3140 5393 3223 5439 est
3253 5389 3524 5451 meritum.

1940 5484 1999 5532 ut
2021 5476 2352 5531 orationibus
2375 5490 2563 5529 eorum
2591 5482 2682 5527 aut
2716 5473 3000 5529 innovetur
3030 5476 3277 5543 mundus,
3306 5491 3400 5531 aut
3428 5477 3523 5531 frao

1936 5622 2150 5672 omnes,
2177 5605 2353 5661 omnia
2390 5612 2746 5657 creaturarum
2777 5602 2922 5656 vitia.

2006 5675 2032 5716 ἀ
2062 5676 2196 5732 Cod.
2230 5674 2514 5742 Vallicell.,
2545 5673 2706 5728 imber
2734 5672 2961 5728 mandet.

3238 5831 3312 5890 19
