4054 6190
518 342 625 399 587

1750 343 1807 397 S.
1850 340 2094 401 MAXIMI
2133 340 2584 399 TAURlNENSiS

3686 344 3796 400 588

518 468 632 513 tres
659 457 837 513 denuo
864 463 1239 513 renascantur.
1294 454 1661 511 Reserandum
1691 456 1853 523 igitur
1879 471 2101 526 compe-
2131 464 2178 520 Α
2206 462 2339 528 χιιι).
2366 458 2479 514 lmo
2506 472 2759 538 rogemus
2786 457 3023 522 Petrum,
3067 468 3127 513 ut
3172 458 3285 527 ipse
3328 460 3488 516 nobis
3533 470 3793 531 tanquam

514 551 752 606 tentibus
780 548 980 604 nostris
999 554 1083 603 est
1119 547 1333 612 omium,
1365 547 1619 617 quoniam
1658 547 1834 604 adhuc
1859 549 2099 602 clausum

515 649 600 695 est
625 639 767 710 apud
796 639 949 704 illos;
977 638 1217 693 clausum
1257 645 1341 691 est
1381 637 1526 691 enim
1562 636 1756 691 cmlum
1803 637 1929 699 illis,
1959 653 2100 707 quo-

512 734 658 787 niam
678 730 993 802 mysterium
1017 729 1253 784 nondum
1273 728 1555 797 pervident
1576 727 1875 784 Trinitatis.
1903 726 2099 784 Clauso

512 822 659 875 enim
682 820 782 875 sibi
803 819 964 885 cmlo,
994 833 1157 889 super
1184 818 1381 874 omium
1411 817 1541 887 quid
1568 827 1781 887 agatur,
1802 820 2053 887 ignorant
2077 837 2092 872 :

511 926 619 965 nec
644 911 784 965 scire
812 915 1038 979 possunt
1075 922 1195 978 qua:
1219 907 1291 961 sit
1309 906 1429 961 Filii
1450 906 1732 977 Patrisque
1758 907 2094 963 substantia:

510 1001 619 1055 nisi
670 1000 818 1070 prius
879 997 1065 1053 mundi
1119 998 1390 1052 elementa
1442 997 1893 1053 transcenderint.
1942 996 2097 1053 Tunc

512 1093 655 1147 enim
685 1092 885 1162 poterit
923 1090 1046 1160 quis
1079 1088 1358 1145 Trinitatis
1395 1088 1639 1158 aspicere
1671 1088 1852 1144 divina
1892 1096 2096 1160 myste-

508 1188 615 1256 ria,
658 1200 780 1241 eum
822 1185 991 1241 cmlos
1028 1197 1128 1239 sua
1168 1183 1370 1239 virtute
1409 1183 1659 1237 habuerit
1695 1190 1929 1252 apertos,
1960 1183 2099 1237 sicut

511 1279 706 1335 beatus
735 1276 1043 1346 Stephanus
1065 1281 1272 1345 martyr
1297 1274 1559 1328 reseravit
1588 1273 1691 1328 sibi
1718 1273 1976 1344 martyrio
1996 1286 2097 1327 suo

513 1366 699 1433 εωιοε,
730 1375 786 1422 et
812 1373 1045 1421 stantem
1074 1364 1207 1418 vidit
1234 1363 1301 1418 ad
1338 1363 1581 1418 dextram
1621 1361 1975 1424 Salvatorem,
2005 1376 2096 1417 sec

512 1459 747 1517 cundum
773 1454 921 1525 quod
952 1455 1069 1525 ipse
1095 1455 1172 1508 ait
1212 1469 1226 1506 :
1268 1452 1404 1507 Ecce
1429 1451 1575 1507 uideo
1601 1451 1755 1516 coelo;
1784 1460 2012 1522 apertos,
2046 1458 2098 1506 et

513 1558 736 1603 stantem
772 1545 952 1600 Iesum
996 1544 1067 1598 ad
1112 1544 1352 1600 dextram
1388 1542 1487 1597 Dei
1527 1542 1663 1614 (Act.
1690 1542 1808 1611 vn).
1839 1541 1981 1611 Ergo
2008 1542 2098 1597 cui

514 1637 683 1695 clausi
725 1642 852 1691 sunt
896 1633 1039 1699 cteli,
1092 1632 1359 1702 agendum
1403 1640 1507 1699 est,
1535 1640 1598 1686 ut
1640 1632 1953 1702 aperiantur
1994 1631 2097 1700 illi,

484 1736 780 1799 ,quatenus
799 1739 962 1795 super
973 1724 1140 1779 eteius
1156 1723 1429 1778 Christum
1449 1721 1622 1792 possit
1640 1722 1913 1790 aspicere;
1934 1721 2094 1793 ω’]

2205 549 2378 604 bonus
2397 548 2602 617 janitor
2628 551 2786 617 regia:
2812 549 3048 605 ctelestis
3073 550 3301 619 aperiat.
3323 549 3453 617 Qum
3481 559 3665 606 autem
3686 555 3795 610 ista

2198 639 2370 694 clavis
2397 639 2487 703 sit,
2517 639 2826 708 diligentius
2852 640 3213 709 requiramus.
3242 638 3465 695 Clavem
3506 639 3679 709 Petri,
3721 644 3792 696 li-

2199 730 2324 785 dem
2366 731 2596 786 dixerim
2624 729 2789 796 Petri,
2818 745 2919 800 per
2956 743 3122 799 quam
3159 731 3328 801 eteius
3354 733 3588 800 aperuit,
3616 748 3791 803 pene.

2200 822 2365 882 travit
2409 820 2616 876 inferna
2661 836 2911 887 securus,
2957 821 3129 875 maria
3181 822 3412 877 calcavit
3461 823 3785 893 irin-cpidum

2200 912 2372 967 Tanta
2393 914 2538 968 enim
2568 912 2881 983 apostolici:
2908 910 3031 968 ﬁdei
3056 912 3229 967 virtus
3252 920 3356 976 at,
3388 921 3448 967 ut
3473 924 3671 969 cuneta
3709 915 3789 970 illi

2195 1000 2465 1056 elenienta
2492 1008 2734 1071 pateant,
2765 1001 2870 1056 hoc
2897 1009 2982 1056 est
3006 1016 3115 1055 non
3142 1001 3219 1056 illi
3247 1001 3502 1069 angelicae
3528 1003 3788 1058 claudan-

2198 1102 2289 1148 tur
2310 1094 2510 1163 jauure,
2538 1108 2651 1147 non
2672 1101 2847 1163 porta:
2875 1093 3202 1161 prtevaleant
3227 1092 3393 1163 568
3431 1093 3644 1161 tartari,
3674 1108 3787 1151 non

2197 1200 2460 1254 aquarum
2486 1184 2688 1240 ﬂuenta
2714 1183 3015 1239 subsidant.
3058 1183 3165 1238 Ista
3213 1192 3395 1239 autem
3432 1184 3547 1254 ipsa
3594 1184 3784 1250 clavis.

2198 1288 2360 1343 quam
2388 1274 2546 1330 iidem
2573 1274 2821 1335 dicimus,
2851 1273 3131 1328 videamus
3164 1274 3617 1342 quemadmodum
3642 1290 3783 1330 con-

2196 1375 2325 1430 stet,
2350 1374 2408 1421 et
2442 1365 2900 1435 quemadmodum
2941 1364 3168 1420 solidata
3215 1365 3303 1420 sit.
3356 1365 3606 1420 Arbitror
3632 1365 3783 1420 illam

2196 1456 2480 1511 duodecim
2506 1456 2777 1510 artiﬁcum
2798 1455 3117 1523 operatione
3141 1453 3464 1531 conﬂatam;
3493 1454 3784 1511 duodecim

2196 1548 2343 1602 enim
2370 1546 2741 1616 apostolorum
2766 1545 3012 1615 symbolo
3034 1542 3165 1600 fides
3183 1553 3367 1600 sancta
3388 1556 3649 1614 concepta
3672 1554 3787 1611 est,

2196 1639 2292 1707 qui
2319 1637 2466 1691 velut
2491 1636 2650 1708 periti
2680 1634 2917 1691 artiﬁces
2955 1636 3012 1690 in
3038 1651 3204 1689 imum
3228 1636 3629 1699 convenientes,
3670 1636 3784 1691 ela-

2198 1742 2321 1783 vem
2357 1742 2456 1782 suo
2483 1725 2710 1781 consilio
2735 1722 3129 1779 conﬂavenmt.
3159 1723 3376 1781 Clavem
3418 1726 3563 1780 enim
3591 1740 3785 1795 quain-

510 1832 639 1873 nam
666 1815 908 1886 quandiu
938 1813 1111 1869 clausi
1138 1819 1266 1867 sunt
1300 1811 1527 1877 homini,
1554 1809 1829 1866 Christum
1856 1825 1966 1866 non
1994 1825 2095 1881 po-
2126 1826 2171 1886 B
2196 1816 2323 1871 dam
2351 1816 2525 1886 ipsum
2566 1815 2869 1886 symbolum
2900 1813 3154 1883 dixerim,
3180 1830 3278 1884 per
3300 1815 3443 1883 quod
3472 1824 3787 1874 reserantur

507 1914 620 1962 test
661 1906 842 1959 videre
869 1909 1205 1972 regnantem.
1231 1899 1693 1968 Quemadmodum
1719 1908 1902 1955 autem
1928 1901 2097 1956 clausi

511 1998 633 2053 οωὶί
673 1994 948 2066 aperiendi
985 2001 1113 2048 sunt
1152 1993 1423 2062 inquirere
1459 1999 1697 2062 oportet.
1749 1990 1889 2047 Puto
1915 2000 2096 2047 autem

512 2089 669 2142 aliter
688 2101 784 2141 eos
809 2085 1006 2155 aperiri
1027 2098 1135 2139 non
1163 2083 1467 2153 posse,-nisi
1488 2083 1666 2138 claves
1692 2081 1838 2138 Petri
1865 2083 2098 2152 apostoli

512 2177 916 2248 smnpserimus,
946 2190 1081 2244 quas
1108 2175 1336 2230 Domino
1376 2173 1640 2243 largiente
1666 2175 1916 2245 suscepit,
1956 2174 2098 2229 sicut

508 2270 628 2340 ipse
654 2269 830 2326 dixit:
865 2266 980 2323 Tibi
1005 2265 1140 2322 dabo
1191 2266 1362 2322 claues
1397 2266 1544 2338 regni
1582 2266 1834 2320 aratorum
1874 2265 2093 2335 (Matth.

2198 1907 2401 1965 diaboli
2426 1909 2686 1972 tenebrat,
2711 1915 2772 1961 ut
2798 1908 2892 1961 lux
2917 1907 3116 1962 Christi
3141 1906 3392 1961 adveniat
3422 1925 3437 1960 :
3467 1908 3789 1976 aperiuntur

2196 1998 2540 2054 conscientia:
2559 1996 2742 2052 clausa
2767 2005 3013 2066 peccata,
3032 2004 3093 2050 ut
3110 1995 3330 2065 justitite
3357 1994 3596 2064 fulgeant
3615 2011 3786 2065 opera

2196 2085 2502 2143 manifesta.
2532 2085 2699 2154 Igitur
2725 2087 2842 2142 hinc
2868 2086 3035 2141 clavis
3061 2084 3389 2141 ostendenda
3420 2093 3505 2140 est
3527 2084 3787 2142 fratribus

2199 2177 2396 2233 nostris
2418 2220 2435 2246 ,
2476 2185 2538 2234 ut
2571 2186 2629 2232 et
2666 2177 2770 2247 ipsi
2814 2185 3069 2246 tanquam
3106 2177 3352 2246 discipuli
3390 2175 3533 2233 Petri
3572 2178 3787 2236 inferna

2197 2271 2301 2326 sibi
2329 2284 2579 2326 reserare
2598 2279 2657 2326 et
2672 2269 2843 2327 eteius
2862 2271 3075 2341 aperire
3095 2276 3471 2326 consuescant.

1842 2377 2113 2440 SERMO
2152 2380 2450 2442 XXVIII.

1796 2476 1876 2531 De
1905 2474 2318 2551 Quodragesima
2345 2478 2430 2533 XI
2444 2479 2506 2533 V.

1930 2586 2321 2645 ADMONI’I‘IO.

583 2685 701 2742 Non
730 2684 915 2752 alium,
946 2680 1050 2737 nisi
1078 2678 1389 2752 episcopum
1417 2677 1803 2752 Taurinensem
1826 2676 2119 2752 Maximum
2151 2678 2309 2752 hujus
2336 2678 2499 2752 fuisse
2523 2678 2791 2734 sermonis
2829 2684 3127 2752 auctorem,
3158 2692 3189 2731 a
3218 2678 3504 2752 monachis
3524 2677 3784 2752 blanrinis

515 2760 568 2812 in
599 2756 732 2812 edit.
762 2746 1024 2808 Parisien.
1044 2746 1291 2821 operum
1318 2748 1486 2804 sancti
1513 2748 1783 2821 Ambrosii
1821 2761 1984 2821 serm.
2030 2746 2116 2821 18Δ
2138 2746 2574 2821 animadversum
2614 2755 2845 2821 estcum
2873 2747 3139 2821 ex__stqu,
3175 2754 3287 2802 tum
3306 2757 3375 2821 ea
3402 2748 3526 2821 cod.
3551 2747 3784 2821 Sangal-

514 2826 674 2894 lensi,
700 2824 795 2880 ubi
821 2837 985 2879 senn.
1029 2816 1370 2894 ﬁl’ejusdem
1414 2818 1588 2894 sancti
1621 2817 1842 2894 Maximi
1869 2833 1981 2888 pra:
1997 2833 2065 2894 se
2091 2816 2197 2873 fert
2228 2834 2448 2894 nomen.
2474 2816 3303 2894 Adjungimpseodicesﬁanctm
3318 2816 3511 2894 Crucis
3548 2816 3784 2894 in_.ler_u-

515 2886 685 2951 salem
728 2894 800 2948 90
848 2907 998 2948 num.
1027 2889 1123 2960 55,
1149 2886 1206 2946 et
1230 2887 1300 2943 99
1343 2904 1493 2944 num.
1521 2887 1612 2957 22,
1662 2896 1718 2943 et
1758 2886 2177 2943 Laurentianum
2206 2904 2244 2944 ι
2290 2887 2436 2945 Plut.
2464 2886 2566 2943 κινῇ
2595 2886 2718 2959 pag.
2747 2886 2874 2955 250,
2916 2888 2973 2942 in
2996 2888 3192 2958 quibus
3215 2888 3401 2943 titulus
3422 2896 3512 2943 est
3539 2906 3556 2942 :
3586 2887 3667 2942 De
3698 2889 3785 2959 je-

515 2967 700 3041 juniis.

516 3078 908 3138 Asculanus.
932 3104 1004 3117 --
1032 3071 1298 3139 Jejunittm
1336 3085 1446 3125 esse
1483 3067 1642 3139 veluti
1678 3069 1959 3139 secundum
1998 3067 2099 3123 ba-
2124 3075 2175 3138 c
2206 3068 2465 3125 Moriatur
2491 3083 2621 3138 ergo
2649 3069 2909 3139 peccatis,
2935 3067 3185 3124 videlicet
3218 3056 3316 3138 per
3342 3067 3618 3124 lavacrum
3648 3085 3665 3123 :
3694 3083 3785 3124 re-

584 3091 908 3138 tGUIEN‘l‘UI.
932 3104 1004 3117 —-
1032 3089 1097 3125 δε
1124 3089 1298 3124 unum
1336 3089 1446 3125 esse
1483 3089 1642 3124 vetuit
1678 3089 1959 3124 mnuum
1998 3089 2099 3123 u-

584 3149 828 3222 ptismum
867 3142 1050 3214 probat
1184 3138 1471 3222 Maximus.
1494 3136 1936 3222 Quemadmodum
1963 3139 2100 3193 enim

585 3207 911 3292 peccatorum
957 3211 1173 3292 macula:
1202 3208 1587 3292 perapirituale
1632 3207 1896 3292 lavacrum
1944 3224 2098 3262 mun-

585 3277 796 3352 dantur,
825 3294 876 3340 et
902 3282 991 3362 qui
1016 3281 1160 3362 illud
1170 3277 1462 3362 suscipiunt
1484 3277 1559 3360 ad
1585 3294 1771 3362 nouam
1809 3279 1971 3332 vitam
2011 3295 2099 3362 τε..

574 3348 1019 3417 ’κακαηὶιιτίίια
1046 3348 1361 3405 abstinentia
1388 3348 1773 3418 conscientiam,
1803 3365 1836 3402 a
1862 3356 2101 3418 peccato-

587 3444 702 3483 rum
722 3416 960 3481 sordibus
981 3421 1150 3492 tergit,
1173 3427 1223 3473 et
1248 3419 1453 3488 capiant
1469 3418 1656 3490 gratim
1680 3416 1898 3472 cmlestis
1917 3418 2102 3489 imper-

594 3499 734 3552 titur.

587 3613 977 3673 Tcstimonium
1012 3609 1260 3683 perhibet
1298 3616 1516 3664 sanctus
1544 3608 1833 3680 Apostolus
1860 3607 1927 3663 de
1967 3621 2098 3678 pro-

516 3708 694 3780 phetis
721 3705 905 3760 dicens
950 3720 964 3755 :
997 3701 1245 3772 Tempore
1272 3699 1574 3770 acceptabili
1604 3700 1846 3755 exaudiui
1868 3708 1934 3764 te,
1970 3699 2099 3753 etin

516 3800 601 3853 die
626 3796 810 3852 salutis
841 3793 1017 3863 adjuvi
1045 3799 1128 3856 te;
1169 3798 1225 3845 et
1251 3790 1593 3858 subsequitur
1621 3790 1734 3860 ipse
1766 3808 1778 3842 :
1804 3787 1939 3843 Ecce
1964 3803 2099 3842 nunc

516 3898 714 3957 tempus
737 3881 1070 3953 acceptabile,
1100 3897 1215 3934 ecce
1244 3896 1378 3934 nunc
1404 3881 1513 3935 dies
1538 3878 1722 3933 salutis
1765 3879 1820 3948 (1
1846 3878 1965 3933 Cor.
1997 3878 2096 3949 γι).

518 3977 674 4032 Unde
718 3982 775 4028 et
813 3986 914 4041 ego
960 3969 1216 4025 testiﬁcor
1255 3969 1425 4033 vobis,
1465 3970 1566 4024 hos
1594 3984 1715 4024 esse
1741 3970 1858 4024 dies
1886 3971 2098 4025 redem-

516 4064 739 4138 ptionis,
773 4062 876 4117 hoc
903 4068 986 4115 est
1012 4067 1224 4129 tempus
1259 4058 1495 4114 cmleslis
1538 4059 1941 4130 quodammodo
1978 4072 2096 4115 me-

515 4158 723 4222 dicinte,
754 4169 863 4224 quo
912 4160 1156 4223 tempore
1198 4151 1436 4207 omnium
1483 4153 1738 4208 vitiorum
1785 4162 2094 4209 nostrorum

516 4251 693 4305 labem
731 4256 786 4302 et
821 4247 1069 4303 universa
1102 4246 1323 4301 vulnera
1355 4253 1697 4315 peccatorum
1722 4262 1912 4303 sanare
1937 4256 2095 4316 pote-

474 4344 701 4407 ,rimus,
760 4341 806 4395 si
852 4339 1117 4394 medicum
1174 4337 1472 4392 animarum
1522 4345 1826 4393 nostrarum
1866 4335 2097 4392 fideliter

2200 3175 2523 3230 generamur
2547 3167 2726 3216 autem
2750 3160 2870 3214 vita:
2890 3174 2987 3228 per
3008 3157 3280 3229 spiritum,
3303 3158 3441 3212 sicut
3460 3159 3535 3212 ait
3557 3159 3788 3228 Aposto-

2205 3252 2289 3311 lus
2318 3268 2333 3305 :
2363 3248 2619 3315 Quoniam
2647 3251 2837 3305 mortui
2872 3250 2994 3303 estis
3020 3248 3218 3303 delictis
3246 3250 3440 3313 vestris,
3472 3257 3524 3302 et
3551 3251 3658 3302 vita
3695 3267 3785 3304 re.

2202 3351 2312 3395 atra
2358 3339 2659 3394 abscondita
2690 3347 2770 3392 est
2813 3347 2839 3376 ι
2879 3354 2994 3392 cum
3036 3336 3243 3392 Christo
3286 3336 3421 3407 (Col.
3450 3338 3550 3407 ut).
3582 3337 3786 3394 Conso-

2198 3431 2330 3502 pulti
2369 3432 2509 3485 enim
2545 3431 2667 3484 estis
2696 3445 2813 3483 cum
2852 3428 2944 3483 illo
2985 3445 3077 3499 per
3117 3428 3426 3498 baptismum
3466 3430 3522 3482 iu
3564 3439 3789 3483 mortem

2202 3521 2378 3593 (Rom.
2405 3519 2503 3591 Vl).
2532 3519 2838 3575 Occidimur
2866 3519 3006 3573 enim
3035 3517 3453 3589 quodammodo,
3483 3533 3606 3572 cum
3636 3516 3786 3572 desi-

2198 3614 2377 3668 nimus
2405 3628 2522 3668 esse
2564 3611 2709 3680 quod
2746 3609 2960 3665 fuimus.
2991 3608 3140 3664 Novo
3169 3608 3310 3663 enim
3341 3608 3558 3677 pietatis
3582 3622 3787 3677 genere

2200 3706 2252 3759 in
2295 3721 2404 3759 uno
2442 3703 2742 3771 eodemque
2787 3702 3004 3756 homine
3053 3716 3198 3756 mors
3249 3713 3507 3770 operatur
3548 3708 3606 3754 et
3646 3700 3784 3755 vita.

2200 3792 2460 3848 Morimur
2487 3792 2629 3847 enim
2658 3790 2685 3829 δ
2715 3792 3153 3863 concupiscentia
3196 3799 3565 3861 peccatorum,
3603 3788 3754 3843 vivifi
3778 3821 3787 3832 η

2198 3892 2352 3938 eatur
2380 3881 2513 3937 ordo
2535 3883 2814 3937 virtutum.
2841 3880 2899 3936 In
2930 3897 3037 3936 uno
3066 3892 3087 3919 ο
3115 3895 3347 3950 namque
3374 3880 3669 3949 eodemque
3688 3879 3785 3933 ho-

2198 3972 2342 4027 mine
2367 3972 2581 4043 impius,
2623 3981 2679 4028 et
2706 3973 2916 4027 adulter
2940 3971 3221 4038 occiditur,
3254 3980 3312 4025 ut
3342 3969 3651 4025 misericors
3688 3985 3783 4023 re—

2198 4072 2449 4121 nascatur
2478 4072 2533 4118 et
2564 4072 2766 4118 castus.
2788 4062 3115 4118 interimitur
3142 4060 3466 4124 idololatria,
3494 4066 3552 4113 ut
3586 4058 3783 4125 religio

2198 4161 2542 4224 propagetur.
2561 4152 2876 4208 Fornicator
2888 4160 2943 4208 et
2958 4152 3136 4207 ebrius
3151 4151 3528 4218 exstinguitur,
3545 4156 3604 4202 ut
3617 4149 3785 4203 conti-

2196 4257 2331 4296 nens
2359 4248 2414 4296 et
2455 4242 2668 4297 sobrius
2711 4249 3044 4313 procreetur.
3082 4239 3173 4295 Sic
3200 4254 3330 4308 ergo
3357 4236 3645 4292 mortificat
3674 4236 3785 4291 Do-

2196 4339 2395 4407 minus,
2425 4346 2485 4393 ut
2512 4337 2783 4394 viviﬁcare
2821 4339 2982 4395 faciat
3010 4356 3026 4395 :
3056 4338 3134 4394 sic
3160 4338 3376 4403 occidit,
3394 4347 3465 4421 ‘ut
3490 4337 3682 4408 prosit,
3703 4337 3787 4392 sic

513 4448 823 4499 exoremus,
851 4438 908 4484 et
927 4436 1194 4499 praecepta
1222 4426 1338 4495 ejus
1367 4435 1621 4495 tanquam
1652 4428 1888 4496 suscepti
1915 4426 2096 4482 idonei
2128 4432 2171 4489 ι)
2198 4428 2470 4493 verberat,
2500 4434 2558 4481 ut
2587 4428 2859 4483 emendet.
2902 4427 3028 4483 Haec
3056 4436 3138 4483 est
3166 4427 3326 4498 igitur
3365 4427 3505 4482 circa
3535 4428 3787 4481 homines

512 4523 734 4579 minimc
764 4520 1156 4588 dispernamus.
1188 4515 1339 4570 Tunc
1364 4516 1506 4570 enim
1528 4515 1808 4583 languidus
1831 4515 2096 4583 aegritudi-

512 4615 596 4669 nis
617 4627 728 4667 sua:
751 4609 953 4663 invenit
982 4606 1326 4675 medicinam,
1347 4606 1394 4660 si
1416 4606 1564 4661 omni
1588 4606 1946 4661 sollicitudine
1975 4621 2090 4661 me—

513 4708 619 4762 dici
662 4704 914 4760 mandata
943 4698 1239 4755 servaverit
1267 4715 1280 4750 :
1326 4696 1472 4768 quod
1498 4698 1543 4752 si
1582 4697 1725 4753 aliud
1756 4697 1937 4766 faciat,
1969 4712 2091 4754 cum

512 4793 657 4850 aliud
689 4793 929 4863 jubctur,
957 4790 1292 4844 increscente
1318 4786 1527 4852 morbo,
1557 4802 1666 4843 non
1710 4787 1967 4853 medicus,
1999 4788 2093 4843 sed

512 4885 894 4954 praevaricator
921 4880 975 4934 in
1003 4877 1159 4947 culpa
1182 4883 1286 4932 est.
1315 4875 1553 4931 Medicus
1577 4884 1754 4947 autem
1797 4885 1879 4933 est
1905 4877 2091 4933 Domi-

511 4989 612 5027 nus
658 4980 842 5027 noster
868 4969 1023 5025 Jesus
1050 4966 1320 5036 Christus,
1343 4967 1438 5037 qui
1461 4967 1538 5021 ait
1570 4984 1584 5020 :
1616 4966 1731 5039 Ego
1760 4969 2013 5037 occidam,
2044 4979 2095 5024 et

510 5060 775 5131 riviﬁcabo
792 5077 809 5125 ;
826 5060 1132 5128 percutiam,
1158 5065 1206 5111 et
1234 5056 1430 5112 sanabo
1454 5057 1631 5127 (Deut.
1662 5061 1855 5128 χχιιι).
1878 5056 2089 5115 Occidit

512 5149 657 5204 enim
687 5148 1081 5215 quodammodo
1108 5156 1399 5216 antequam
1427 5145 1659 5201 vivificet
1685 5148 1957 5204 Dominus.
1986 5146 2089 5204 0c-

514 5238 646 5294 cidit
687 5236 833 5292 enim
878 5238 1109 5305 primum
1148 5238 1201 5291 in
1248 5237 1405 5293 nobis
1444 5236 1758 5304 homicidia,
1803 5237 2088 5308 adulteria,

510 5328 738 5389 scelera,
781 5324 921 5380 furta
970 5340 1064 5395 per
1109 5325 1453 5395 baptismum,
1488 5333 1543 5381 et
1579 5327 1658 5381 sic
1695 5342 1796 5382 nos
1832 5334 2090 5398 tanquam

510 5438 683 5478 novos
732 5421 976 5476 homines
1025 5420 1341 5499 aeternitatis
1389 5419 1795 5476 immortalitate
1831 5420 2087 5478 viviﬁeat.

581 5590 605 5618 ⁸
646 5581 781 5665 Cod.
807 5580 876 5635 90
910 5579 969 5635 S;
1000 5576 1193 5634 Crueis
1230 5580 1287 5634 in
1324 5577 1433 5635 Jer.
1463 5581 1612 5637 addit
1640 5596 1755 5636 cum
1782 5579 1987 5637 Christo
2033 5583 2090 5639 in

511 5650 771 5779 Dobmérgd.
794 5721 863 5776 99
891 5720 948 5777 S.
973 5704 1161 5775 Crucis
1191 5717 1244 5772 in
1281 5714 1393 5772 Jer.
1426 5718 1555 5787 legit
1576 5712 1866 5789 viviﬁcatur
1894 5737 2085 5776 concu-

2200 4532 2329 4573 suos
2349 4517 2466 4586 ejus
2493 4526 2605 4573 tota
2627 4518 2911 4586 severitas,
2931 4527 2991 4572 ut
3012 4519 3065 4572 in
3101 4517 3186 4572 his
3219 4524 3439 4588 peccata
3467 4518 3784 4589 puniantur,

2197 4608 2375 4662 anima
2389 4608 2551 4680 5.69
2561 4617 2927 4665 conservetur:
2940 4608 3293 4663 abstollantur
3303 4607 3616 4663 detestanda
3627 4608 3787 4676 vitia,

2192 4697 2419 4753 virtutes
2452 4699 2667 4769 optimae
2707 4697 3027 4751 nutriantur.
3062 4695 3243 4765 Usque
3279 4695 3415 4751 adeo
3460 4704 3640 4751 autem
3679 4696 3788 4751 hac

2193 4788 2282 4860 pia
2313 4785 2340 4825 ἀ
2369 4789 2639 4843 occisione
2660 4788 2872 4842 Domini
2901 4788 3166 4842 cernimus
3195 4788 3479 4858 plerosque
3501 4801 3622 4842 esse
3649 4802 3799 4842 con-

2196 4894 2403 4949 versos,
2451 4879 2503 4932 in
2546 4885 2753 4933 tantum
2805 4878 2873 4934 ad
2918 4878 3109 4934 melius
3148 4874 3459 4949 profecisse,
3502 4884 3561 4932 et
3598 4877 3679 4933 sic
3714 4877 3788 4933 de

2194 4969 2441 5039 pessimis
2467 4968 2699 5039 optimos
2731 4967 2923 5031 factos,
2963 4976 3023 5022 ut
3062 4983 3184 5022 cum
3224 4966 3408 5023 videas
3443 4981 3561 5035 eos,
3589 4969 3788 5023 credas

2195 5065 2430 5113 mutatos
2456 5058 2721 5125 homines,
2753 5074 2872 5114 eum
2908 5073 3017 5112 non
3044 5056 3227 5112 videas
3250 5064 3621 5112 mutatasesse
3649 5072 3785 5127 per-

2195 5167 2377 5207 sonas.
2410 5150 2679 5206 lntantum
2711 5152 2852 5205 enim
2884 5151 2937 5204 in
2977 5149 3157 5215 nobis,
3184 5146 3337 5219 quod
3357 5147 3504 5216 prius
3540 5162 3777 5204 eramus

2196 5243 2540 5309 interimitur,
2568 5244 2828 5311 aufertur,
2855 5242 3228 5309 exstinguitur,
3255 5246 3315 5293 ut
3343 5238 3394 5293 id
3414 5237 3562 5307 quod
3592 5249 3787 5308 postea

2195 5350 2399 5401 sumus,
2427 5333 2602 5390 denuo
2639 5344 2885 5389 renatum
2914 5348 3032 5388 esse
3058 5330 3337 5387 credamus
3368 5347 3381 5382 :
3413 5326 3556 5383 unde
3584 5331 3785 5383 nativi-

2197 5432 2282 5478 tas
2318 5425 2433 5480 hzec
2468 5424 2698 5480 secunda
2725 5424 2921 5494 prioris
2946 5423 3067 5477 vita:
3096 5420 3257 5475 linem
3282 5420 3393 5489 jam
3420 5419 3584 5474 fuisse
3612 5421 3786 5489 signi-

2191 5584 2444 5654 piscentia
2472 5583 2846 5654 desideriorum
2872 5591 3191 5654 nugarum.

2200 5650 2203 5713 ζ
2266 5664 2289 5693 ο
2322 5653 2455 5709 Cod.
2488 5652 2556 5707 90
2580 5653 2638 5709 S.
2673 5653 2859 5720 Crucis
2885 5653 2938 5707 in
2965 5650 3075 5708 Ter.
3101 5651 3303 5720 omittit
3322 5667 3564 5720 uanique.

2262 5720 2290 5761 α
2323 5721 2557 5793 Uterque
2585 5721 2707 5779 cod.
2736 5721 2795 5776 S.
2826 5719 3015 5778 Crucis
3043 5721 3097 5777 in
3123 5719 3257 5789 Jcr.,
3282 5719 3581 5777 occasione.
