4054 6190
238 357 350 412 539

1626 354 1858 408 δεηΜο
1897 352 2081 407 XXIX.

3392 360 3497 413 590

238 466 379 531 ficat.
403 474 555 542 Quod
580 484 757 530 autem
786 477 861 529 ait
892 494 904 528 :
935 475 1047 546 Ego
1072 475 1351 544 percutimn
1380 483 1427 527 ct
1453 471 1647 525 sanabo
1673 474 1809 541 (Art.
1844 479 1891 534 Α
1918 472 2153 527 indolem
2176 472 2472 540 juventutis
2499 472 2761 540 acquirat.
2795 471 2860 525 Et
2886 474 3076 527 mirum
3107 473 3159 526 in
3194 474 3411 527 modum
3442 476 3494 529 in

236 569 337 636 Ix).
367 568 596 636 percutit
623 568 777 635 plane
801 567 1082 635 praeceptis
1109 566 1219 620 suis
1256 564 1514 619 Dominus
1558 572 1813 634 peccato-

1917 580 2024 618 uno
2072 564 2369 633 eodemque
2404 563 2624 618 homine
2667 564 2878 619 delictis
2922 565 3200 629 sanctitas,
3231 565 3497 633 iniquitati

235 676 325 715 res
350 668 405 712 ut
431 667 613 721 sanet;
642 658 904 713 mandatis
947 658 1193 711 verberat
1225 668 1284 709 ut
1314 655 1589 720 emendet;
1611 654 1811 723 jejunia
1909 654 2135 721 justitia,
2165 655 2431 711 senectuti
2456 656 2694 710 succedit
2722 655 2941 709 infantia
2972 674 2983 709 :
3018 670 3266 723 novoque
3298 658 3496 711 nativi-

234 750 492 820 pmccipit,
523 749 707 803 indicit
734 748 1135 808 continentiam,
1155 746 1411 815 judicium
1434 746 1808 806 comminatur,

233 847 287 893 et
321 840 521 892 tristem
550 839 806 905 gehennae
836 848 1034 890 metum
1067 847 1090 873 α
1123 836 1402 891 excutiens
1444 834 1663 888 adhibet
1702 849 1815 887 me—

231 927 481 993 dicinam,
532 938 590 982 ut
636 928 762 981 dum
814 929 988 981 futura
1040 928 1481 996 pertimescimus,
1527 925 1813 994 pnesentia

230 1021 583 1087 corrigamus.
632 1020 721 1073 Sic
768 1036 995 1088 namque
1032 1018 1253 1072 Paulum
1293 1018 1595 1089 apostolum
1621 1032 1813 1085 percu-

230 1110 415 1163 tiendo
442 1126 630 1163 sanum
671 1108 915 1163 reddidit.
958 1108 1089 1163 Cum
1136 1109 1278 1163 enim
1322 1115 1465 1163 esset
1503 1114 1815 1176 persecutor

231 1200 428 1269 impius
457 1210 510 1253 et
538 1201 900 1269 blasphemus,
924 1209 979 1255 et
1005 1200 1217 1270 quidem
1244 1199 1310 1252 ad
1339 1198 1691 1252 devastandas
1712 1197 1813 1251 Ec-

228 1292 423 1345 clesias
450 1291 765 1345 Damascum
786 1299 1117 1361 properaret,
1140 1290 1316 1344 subito
1341 1288 1559 1355 fulgoris
1579 1287 1812 1342 caelestis

228 1397 351 1434 eum
387 1392 592 1435 terrore
620 1382 903 1449 percussit,
944 1390 1003 1435 ut
1042 1380 1333 1447 evangelici
1362 1378 1659 1447 splendoris
1686 1391 1809 1431 eum

228 1469 345 1522 luce
376 1469 719 1538 perfunderet
751 1487 765 1520 :
798 1478 852 1523 et
887 1470 1180 1523 carnalium
1225 1469 1479 1522 luminum
1524 1467 1809 1521 orbitatem

227 1560 477 1623 mutavit,
512 1567 569 1613 ut
594 1560 947 1628 spiritualium
977 1559 1256 1612 oculorum
1290 1558 1611 1612 illuminaret
1650 1569 1810 1624 aspe-

227 1658 395 1703 ctum.
441 1648 696 1717 Corporis
742 1649 883 1703 enim
918 1648 1194 1703 debilitate
1242 1648 1546 1715 perterruit,
1587 1655 1644 1700 ut
1690 1645 1810 1700 fidei

226 1741 518 1793 devotione
548 1740 572 1777 δ
601 1740 848 1795 salvaret.
894 1738 1132 1809 Su'rgens
1173 1753 1302 1807 ergo
1341 1756 1370 1793 a
1415 1749 1555 1793 terra
1595 1736 1807 1803 Paulus,

1915 747 2038 799 tatis
2060 760 2255 813 genere
2281 746 2419 800 alter
2438 754 2520 801 est
2545 746 2635 813 qui
2666 747 2979 809 renascitur,
3011 762 3130 800 cum
3159 746 3271 814 ipse
3299 748 3371 802 sit
3402 748 3496 817 qui

1913 835 2175 903 peccavit.
2222 835 2313 889 Sic
2353 850 2582 903 namque
2624 835 2767 890 Elias
2805 837 3156 905 quadraginta
3194 838 3398 891 dierum
3430 820 3509 893 ac.

1913 925 2151 978 noctium
2180 926 2445 979 curriculo
2490 927 2803 980 continuato
2844 927 3068 994 jejunio,
3102 930 3267 984 tutius
3307 929 3493 983 mundi

1913 1015 2126 1085 longam
2164 1031 2227 1070 ac
2264 1016 2482 1069 nimiam
2526 1016 2820 1071 siccitatem
2860 1020 3054 1072 meruit
3093 1018 3339 1072 imbrium
3370 1032 3495 1073 rore

1912 1106 2261 1172 restinguere,
2292 1113 2346 1159 et
2372 1115 2615 1160 arentem
2645 1114 2905 1161 terrarum
2936 1109 3075 1164 sitim
3108 1110 3340 1165 caalcstis
3370 1109 3491 1180 plu-

1912 1196 2011 1249 via
2027 1196 2272 1263 largitate
2296 1196 2619 1265 perfundere
2635 1208 2660 1244 Β
2679 1197 2802 1267 (HI
2821 1198 2949 1269 Reg.
2972 1200 3047 1266 ix)
3075 1217 3087 1250 :
3115 1199 3255 1268 quod
3275 1199 3490 1267 quidem

1911 1286 1966 1340 in
1997 1285 2216 1353 figuram
2255 1288 2423 1341 nostri
2468 1287 2667 1344 factum
2714 1304 2833 1343 esse
2874 1291 3267 1356 cognoscimus,
3302 1300 3356 1342 ut
3394 1308 3496 1347 nos

1911 1391 2124 1445 quoque
2153 1377 2343 1431 horum
2372 1378 2721 1445 quadraginta
2758 1378 2785 1415 ιι
2814 1381 3014 1434 circulo
3041 1380 3246 1433 dierum
3274 1381 3494 1449 spirita»

1911 1468 2017 1523 lem
2068 1469 2403 1537 baptismatis
2449 1470 2682 1538 pluviam
2728 1487 3064 1536 mereamur,
3112 1479 3171 1525 ut
3224 1479 3279 1525 et
3333 1473 3517 1533 totius'

1911 1559 2093 1614 mundi
2140 1559 2194 1613 in
2242 1560 2492 1615 fratribus
2545 1561 2739 1617 nostris
2785 1561 2989 1629 jamdiu
3037 1562 3240 1616 aridam
3296 1574 3494 1616 terram

1920 1648 1935 1688 ί
1968 1651 2200 1707 caelestis
2236 1652 2467 1721 desuper
2493 1652 2666 1706 imber
2700 1652 2959 1717 infundat,
2992 1660 3046 1707 et
3075 1653 3287 1721 longam
3318 1655 3493 1720 genti-

1912 1740 2039 1793 lium
2069 1742 2365 1796 siccitatem
2394 1742 2594 1797 lavacri
2636 1743 2910 1797 inundatio
2939 1748 2952 1792 1
2990 1744 3239 1797 salutaris
3280 1744 3492 1797 irroret.

227 1831 588 1883 exterioribus
613 1830 826 1898 quidem
849 1831 1020 1886 oculis
1046 1847 1151 1884 non
1172 1831 1389 1885 videbat
1410 1830 1673 1893 homines,
1704 1845 1809 1884 non
1842 1828 1889 1887 B
1914 1831 2219 1887 Siccitatem
2248 1834 2391 1887 enim
2417 1843 2471 1887 et
2498 1833 2745 1889 ardorem
2773 1835 2963 1889 animae
2988 1850 3100 1889 suae
3124 1835 3326 1903 patitur
3344 1836 3495 1904 quis-

226 1936 435 1982 aerem.
468 1920 560 1975 sed
595 1922 786 1975 mentis
813 1921 1102 1976 luminibus
1130 1920 1399 1975 Christum
1444 1932 1465 1959 ε
1506 1920 1719 1974 videbat
1745 1919 1813 1973 de

227 2013 393 2067 coelo.
421 2013 658 2081 Denique
687 2014 949 2066 intantum
974 2010 1000 2050 ά
1028 2014 1077 2068 ei
1105 2012 1304 2082 proluit
1332 2013 1541 2067 Domini
1562 2013 1663 2067 ista
1686 2027 1813 2081 per-

227 2103 432 2165 cussio,
456 2111 513 2155 ut
541 2102 607 2155 de
636 2101 820 2156 Judzeo
844 2102 1198 2166 Christianus,
1231 2102 1299 2156 de
1336 2103 1651 2171 blasphemo
1679 2118 1816 2171 apo-

229 2192 424 2254 stolus,
457 2194 522 2245 de
547 2192 710 2246 Saulo
740 2192 937 2246 Paulus
966 2194 1243 2259 existeret,
1276 2202 1330 2247 et
1355 2207 1422 2247 eo
1450 2207 1619 2260 usque
1648 2201 1816 2246 muta-

229 2281 303 2334 vit
322 2291 567 2336 veterem
597 2297 717 2335 cum
744 2268 983 2337 moribus
1004 2282 1296 2346 hominem,
1320 2290 1377 2335 ut
1403 2282 1562 2335 etiam
1584 2289 1816 2335 mutaret

231 2381 285 2425 et
311 2387 534 2425 nomen.
566 2369 833 2427 Habentes
869 2372 1030 2440 igitur
1071 2372 1376 2439 hujusmodi
1409 2372 1696 2436 medicum,
1724 2374 1815 2441 qui

231 2461 586 2530 percutiendo
620 2469 795 2524 sanat,
834 2460 1207 2516 mortificando
1234 2460 1484 2525 vivificat,
1524 2461 1818 2517 subdamur

230 2554 280 2607 ei
306 2569 436 2607 cum
480 2553 625 2606 omni
665 2553 919 2622 patientia
967 2552 1033 2606 ad
1079 2551 1390 2616 curandum,
1422 2560 1482 2605 ut
1513 2561 1535 2590 ε
1561 2552 1817 2620 quidquid

232 2646 286 2700 in
340 2646 499 2699 nobis
550 2645 894 2714 probrosum,
946 2643 1199 2714 quidquid
1251 2642 1460 2698 delictis
1510 2643 1813 2705 sordidum,

232 2733 496 2803 quidquid
524 2734 792 2788 ulceribus
828 2733 1045 2787 fetidum
1071 2747 1191 2787 esse
1220 2732 1572 2802 perspexerit,
1598 2732 1817 2796 incidat,

231 2834 498 2895 amputet,
524 2832 759 2889 exsecet,
789 2833 867 2890 ut,
896 2822 1112 2878 refectis
1138 2824 1388 2878 omnibus
1406 2823 1605 2877 diaboli
1635 2822 1819 2876 vulne-

231 2917 408 2975 ribus,
442 2917 545 2970 hoc
572 2915 743 2969 solum
788 2914 946 2967 faciat
974 2914 1026 2967 in
1056 2914 1211 2967 nobis
1247 2928 1525 2968 remanere
1551 2912 1694 2982 quod
1723 2912 1819 2966 Dei

231 3016 335 3060 est.
375 3006 516 3060 Istud
542 3014 718 3059 autem
746 3012 1071 3075 praeceptum
1109 3005 1225 3074 ejus
1252 3015 1336 3061 est
1369 3007 1617 3075 primum,
1652 3013 1709 3059 ut
1736 3004 1820 3059 his

227 3099 589 3167 quadraginta
618 3099 806 3152 diebus
828 3098 1065 3166 jejuniis,
1092 3098 1444 3164 orationibus,
1470 3098 1663 3166 vigiliis
1683 3113 1819 3166 ope-

1915 1923 2035 1989 quis
2080 1923 2330 1992 baptismi
2377 1924 2547 1991 gratia
2602 1940 2707 1978 non
2760 1926 2983 1991 rigatur.
3033 1923 3235 1979 [lorum
3282 1938 3499 1994 quoque

1915 2013 2126 2068 dierum
2163 2015 2509 2083 noctiumque
2550 2014 2755 2083 jejunio
2799 2014 3008 2086 Moyses
3047 2024 3263 2069 sanctus
3302 2016 3497 2069 meruit

1915 2119 2034 2157 cum
2063 2103 2174 2158 Deo
2199 2104 2363 2172 loqui,
2394 2112 2556 2168 stare,
2589 2112 2643 2158 et
2669 2106 2984 2169 consistere,
3012 2113 3067 2158 et
3091 2105 3158 2157 de
3183 2121 3347 2158 manu
3380 2104 3495 2170 ejus

1916 2193 2048 2261 legis
2075 2202 2339 2262 praecepta
2370 2195 2658 2262 suscipere.
2684 2193 2939 2260 Quamvis
2963 2195 3104 2248 enim
3134 2195 3282 2248 illum
3309 2195 3376 2248 ab
3398 2195 3497 2247 οὺς

1917 2285 2117 2338 tutibus
2145 2283 2240 2338 Dei
2263 2285 2499 2339 conditio
2529 2285 2759 2338 humana
2789 2286 3147 2348 subtraheret,
3168 2285 3495 2353 jejuniorum

1918 2383 2098 2429 tamen
2123 2375 2292 2443 gratia
2339 2376 2641 2443 proximum
2691 2376 2837 2428 illum
2878 2375 3181 2430 Divinitatis
3225 2376 3497 2431 consortio

1916 2466 2165 2523 faciebat.
2208 2468 2331 2521 Hmc
2358 2468 2499 2521 enim
2529 2467 2581 2521 in
2617 2468 3047 2525 nobisvirtutum
3070 2468 3245 2537 portio
3267 2466 3364 2521 Dei
3391 2475 3493 2532 est,

1920 2565 1979 2611 ut
2001 2558 2305 2626 jejunemus
2340 2558 2666 2626 frequenter,
2693 2560 2943 2626 quoniam
2974 2572 3186 2626 semper
3214 2557 3353 2612 Deus
3385 2558 3498 2626 ipse

1915 2646 2141 2715 jejunat.
2181 2646 2238 2700 In
2287 2660 2607 2715 quocunque
2652 2646 2812 2712 igitur
2856 2645 2976 2714 plus
3013 2661 3237 2715 operum
3278 2661 3499 2701 suorum

1921 2738 2096 2791 inesse
2142 2738 2491 2806 perspexerit,
2538 2735 2638 2805 ipsi
2687 2736 2854 2803 magis
2890 2735 3163 2789 familiaris
3199 2735 3416 2790 intimus
3442 2750 3499 2790 ea

1920 2826 2125 2880 amicus
2151 2834 2255 2891 est,
2285 2826 2423 2879 sicut
2450 2824 2723 2893 Scriptura
2744 2823 2915 2877 dixit:
2943 2822 3011 2876 Et
3033 2823 3239 2892 Moyses
3258 2824 3496 2894 loqueba-

1923 2925 2004 2969 tur
2032 2932 2145 2969 cum
2185 2915 2295 2969 Deo
2325 2917 2457 2984 facie
2496 2916 2566 2968 ad
2594 2916 2799 2986 faciem,
2837 2917 2965 2969 sicut
2994 2917 3105 2986 quis
3135 2916 3358 2985 loquitur
3384 2932 3497 2970 cum

1922 3008 2086 3061 amico
2131 3023 2223 3061 suo
2257 3005 2449 3077 (Exod.
2499 3009 2706 3074 xxxut).
2749 3005 2901 3060 Unde
2947 3014 3003 3061 et
3046 3007 3300 3063 Dominus
3344 3006 3499 3063 Jesus

1921 3097 2165 3152 Christus
2192 3098 2600 3153 resurrectionis
2628 3098 2849 3165 gloriam
2880 3107 3245 3168 percepturus,
3277 3099 3499 3154 virtutes

230 3204 351 3241 ram
372 3188 579 3242 demus.
603 3187 826 3255 Jejuniis
844 3189 986 3242 enim
1007 3188 1223 3243 lascivia
1245 3190 1489 3257 corporis
1507 3188 1817 3254 castigatur,
1846 3194 1891 3255 ί]
1921 3203 2045 3242 suas
2071 3187 2422 3255 quadraginta
2451 3188 2655 3243 dierum
2686 3190 3028 3258 noctiumque
3050 3188 3255 3258 jejunio
3280 3191 3495 3246 dedica—

227 3278 571 3332 orationibus
607 3279 799 3332 devota
835 3280 1111 3346 saginatur
1156 3279 1351 3343 anima,
1394 3280 1585 3346 vigiliis
1621 3279 1820 3334 diaboli

231 3368 445 3421 insidia:
481 3368 835 3436 depelluntur.
886 3368 1089 3423 Deinde
1127 3384 1251 3423 cum
1294 3370 1410 3424 istis
1446 3370 1817 3424 mandatorum

232 3458 705 3512 observationibus
748 3458 904 3512 fuerit
942 3459 1048 3514 hoc
1080 3467 1291 3528 tempus
1318 3461 1479 3530 470
1518 3461 1816 3529 impletum,

230 3558 369 3603 tunc
407 3558 629 3618 purgata
675 3558 730 3603 et
767 3550 981 3617 fatigata
1020 3558 1101 3605 tot
1143 3551 1603 3607 observationibus
1638 3554 1815 3608 anima

232 3640 298 3693 ad
343 3639 664 3707 baptismum
712 3640 933 3694 veniens
976 3640 1207 3709 Spiritus
1252 3643 1423 3696 sancti
1471 3642 1816 3697 inundatione

232 3728 495 3793 reﬁcitur,
532 3738 585 3781 et
626 3729 879 3799 quidquid
911 3731 963 3785 in
994 3746 1057 3785 ea
1082 3732 1414 3786 diversarum
1439 3733 1814 3800 aegritudinum

228 3820 400 3872 ardor
427 3818 806 3879 exsiccaverat,
836 3820 1069 3875 cmlestis
1096 3822 1279 3888 gratia:
1308 3837 1430 3876 rore
1458 3823 1807 3892 perfunditur.

236 3909 253 3946 ¹
288 3908 450 3964 Unde
489 3924 692 3970 ponens
738 3911 934 3967 veteris
986 3912 1220 3968 hominis
1263 3914 1622 3982 corruptelam
1660 3930 1811 3968 nova:

1921 3278 2018 3342 vit,
2044 3285 2103 3331 ut
2130 3278 2439 3331 ostenderet
2467 3293 2574 3331 non
2602 3294 2794 3347 panem
2841 3295 2961 3335 esse
2997 3281 3160 3334 vitam
3201 3282 3497 3347 hominum,

1921 3370 1946 3406 ⁸
1978 3369 2073 3424 sed
2100 3378 2387 3439 praecepta.
2417 3368 2510 3423 liis
2538 3369 2719 3437 itaque
2742 3370 2948 3423 dierum
2981 3372 3330 3441 quadraginta
3354 3373 3497 3442 jeju-

1922 3462 1995 3516 nii
2023 3459 2400 3516 reconciliatur
2426 3459 2585 3524 Deus,
2616 3460 2930 3529 aperiuntur
2950 3462 3091 3525 cmli,
3122 3461 3324 3515 inferna
3349 3478 3497 3517 rese-

1923 3563 2129 3609 rantur.
2176 3552 2339 3621 lgitur
2365 3562 2420 3607 et
2447 3569 2564 3615 nos,
2596 3552 2786 3607 fratres
2812 3552 3164 3616 dilectissimi,
3196 3552 3497 3621 jejunemus

1921 3643 2177 3697 continue
2204 3650 2259 3696 et
2285 3642 2479 3696 devote
2507 3642 2610 3695 hoc
2636 3642 2811 3710 spatio
2842 3641 3112 3709 temporis,
3145 3649 3203 3695 ut
3230 3642 3497 3710 propitie-

1922 3746 2009 3789 tur
2035 3736 2187 3788 nobis
2207 3734 2483 3798 Dominus,
2512 3742 2732 3803 pateant
2751 3734 2905 3789 nobis
2927 3733 3066 3799 acii,
3092 3734 3293 3790 inferna
3311 3743 3496 3789 contra

1921 3839 2018 3877 uos
2042 3839 2149 3876 non
2180 3822 2193 3859 ι
2229 3823 2461 3876 valeant.
2494 3821 2743 3890 Explicit.

1580 4003 1850 4064 SERMO
1893 4003 2136 4064 XXIX.

1470 4102 1535 4154 In
1573 4102 1842 4156 Paschalis
1870 4103 2192 4157 solemnitate
2224 4101 2271 4155 l.

1668 4192 2058 4246 ADMONITIO.

302 4263 467 4333 [‘71
512 4263 734 4330 Magnus
758 4271 843 4319 est
868 4264 1112 4319 codicum
1141 4276 1269 4316 mss.
1302 4271 1358 4333 et
1384 4262 1650 4333 editorum
1689 4278 1983 4317 consensus
2012 4262 2063 4315 in
2095 4261 2433 4333 agnoscendo
2476 4260 2707 4333 Maximo
2742 4261 3005 4333 sermonis
3052 4261 3223 4333 hujus
3255 4271 3493 4317 auctore.

232 4329 540 4401 Principem
570 4329 745 4387 locum
788 4334 960 4388 codici
1015 4332 1328 4401 Taurinensi
1372 4331 1634 4397 dabimus,
1678 4333 1730 4386 in
1769 4348 1874 4400 quo
1903 4333 2015 4387 batc
2041 4333 2139 4401 ipsi
2165 4332 2410 4399 apposita
2454 4339 2535 4384 est
2566 4330 2903 4401 epigraplie:
2943 4329 3141 4401 Item-ct
3189 4330 3497 4401 defusum

231 4419 406 4455 sermo
424 4398 485 4455 Ἰ.
514 4401 867 4457 Consentium
893 4403 1105 4459 codices
1124 4402 1229 4456 duo
1251 4400 1568 4457 Casinenses
1602 4402 1696 4454 104
1718 4409 1771 4455 et
1786 4398 1896 4465 cxx,
1924 4410 1977 4456 et
1997 4398 2401 4463 Ambrosianus,
2422 4401 2688 4468 praemissa
2718 4399 2832 4468 hac,
2850 4398 3192 4464 inscriptione
3217 4398 3411 4468 :f’eria
3434 4398 3496 4452 II

233 4471 534 4524 Paschalis.
575 4471 756 4542 Sermo
786 4471 919 4526 beati
950 4471 1171 4527 Maximi
1200 4474 1442 4542 episcopi.
1465 4471 1647 4525 Codex
1670 4472 2040 4542 Cisterciensis
2068 4470 2260 4526 Montis
2289 4466 2511 4523 Amiata:
2538 4470 2685 4542 idem
2703 4466 2983 4542 confirmat
3005 4468 3159 4542 titulo
3187 4486 3203 4542 ς
3236 4467 3306 4542 In
3327 4468 3497 4521 domi-

233 4542 360 4611 nica
388 4544 441 4594 in
471 4551 649 4594 octava
673 4541 909 4611 Prisc/ue,
934 4551 987 4611 et
1016 4542 1201 4611 incipit
1227 4537 1293 4594 al)
1336 4537 1640 4611 il'lisiverbis
1672 4562 1683 4594 ε
1717 4540 1989 4602 Lietemur,
2024 4543 2212 4611 fratres
2233 4542 2509 4603 carissimi,
2535 4543 2587 4611 in
2624 4539 2812 4611 Christi
2841 4537 3226 4611 resurrectionis
3257 4538 3492 4611 die,__etc.

232 4609 334 4663 llis
356 4611 597 4664 addimus
619 4611 738 4665 cod.
770 4628 803 4664 ιι
832 4610 887 4664 S.
920 4610 1108 4667 Crucis
1127 4606 1331 4664 'Minor.
1364 4613 1415 4664 in
1447 4610 1722 4673 Laurent.,
1749 4606 2148 4673 Vallicellfxrx,
2184 4610 2531 4679 llatispouen.
2552 4609 2620 4679 AS.
2662 4608 2999 4679 Enunerami,
3032 4617 3085 4661 et
3112 4608 3323 4679 codices
3352 4606 3497 4679 Vati-

230 4696 408 4733 canos
434 4679 586 4743 duos,
620 4680 755 4734 l270
785 4692 839 4734 et
864 4680 1017 4733 645i.
1052 4681 1297 4739 Editores
1323 4695 1537 4748 quoque
1564 4697 1694 4734 vero
1723 4697 1909 4734 oinnes
1937 4696 2058 4734 cum
2100 4674 2473 4748 Alcuino'pag.
2510 4677 2611 4731 197
2641 4678 2991 4748 concordant,
3023 4692 3221 4748 nempe
3241 4674 3497 4748 Cumdius

232 4758 372 4802 tom.
402 4749 444 4801 ll
473 4764 591 4818 pag.
626 4748 779 4813 1MB,
805 4748 1159 4806 Combelisius
1202 4744 1404 4803 tom.'\l
1436 4744 1556 4817 pag.
1599 4748 1721 4811 475,
1752 4748 2061 4818 Gymnicus,
2104 4744 2405 4803 Galesinius
2430 4744 2587 4804 hom.
2629 4748 2695 4801 ιιι
2741 4746 3035 4808 Pascliatis,
3079 4744 3497 4800 et'Muratorius

230 4827 371 4872 tom.
404 4818 469 4871 ιν
496 4820 783 4886 Anecdot.,
813 4818 1063 4874 Galesinii
1095 4820 1378 4874 lectionem
1400 4819 1571 4875 secuti
1600 4834 1804 4872 sumus.

235 4926 628 4980 ARGUMENTUI.
655 4928 1052 4995 --Auspicutur
1074 4926 1134 4980 S.
1159 4926 1652 4979 doctorconcioncm
1669 4942 1815 4979 suam
1845 4928 1897 4987 ι)
1990 4926 2123 4995 rima
2174 4925 2402 4995 congerit
2453 4934 2757 4993 argumenta
2781 4964 2795 4986 ,
2841 4941 2905 4977 ea:
2942 4924 3120 4995 quibus
3162 4922 3396 4995 ostendat
3441 4924 3496 4976 in

305 5012 339 5046 α
368 4998 617 5064 portentis
647 5013 707 5049 ac
735 4992 1050 5049 mirabilibus
1078 4996 1240 5064 signis
1267 5011 1379 5064 qua:
1406 4996 1456 5047 in
1488 4995 1698 5047 Domini
1724 5012 1808 5048 rc—
1993 4993 2183 5046 Christi
2225 4992 2608 5048 resurrectionis
2646 4995 2728 5047 die
2767 4992 3014 5063 majorem
3059 4992 3115 5045 in
3155 4992 3360 5045 modum
3388 5009 3497 5048 esse

302 5066 623 5119 surrectione
651 5065 921 5128 obvenere;
948 5083 1059 5135 qua:
1082 5064 1225 5118 illam
1248 5064 1472 5117 divinant
1486 5082 1621 5135 opus
1642 5066 1815 5117 maxi-
1993 5064 2370 5135 (insultantium.

309 5152 394 5188 ma
426 5135 814 5206 pra’fulgentem
855 5130 1019 5207 gloria
1060 5136 1429 5188 demonstrant.
1473 5130 1672 5188 Deinde
1699 5135 1816 5191 ulu-
1993 5130 2374 5188 Exsultandum
2421 5134 2574 5188 nobis
2614 5142 2713 5197 est,
2757 5132 2966 5199 fratres,
3007 5132 3058 5185 in
3092 5131 3195 5187 hac
3222 5130 3308 5186 die
3335 5147 3495 5201 quam

1994 5276 2023 5338 ρ
2054 5266 2177 5323 Hinc
2204 5268 2453 5338 supplent
2480 5264 2635 5338 codd.
2667 5265 2759 5338 cit.
2790 5264 2847 5338 δ.
2878 5263 3065 5338 Crucis
3094 5264 3145 5317 in
3170 5262 3283 5338 der.

1994 5336 2021 5374 δ
2055 5338 2167 5392 Duo
2190 5332 2284 5391 cit:
2306 5332 2470 5392 'codd.
2501 5335 2557 5389 S.
2589 5334 2776 5388 Crucis
2805 5334 2859 5386 in
2888 5332 3018 5398 Jer.,
3042 5335 3314 5388 curriculo.

1999 5405 2014 5444 ί
2046 5406 2170 5461 Hzec
2198 5406 2398 5460 addunt
2420 5404 2573 5458 codd.
2603 5404 2694 5458 cit.
2720 5402 2777 5456 S.
2810 5402 2995 5458 Crucis
3025 5404 3075 5456 in
3096 5402 3206 5457 Jer.

1998 5480 2010 5525 t
2048 5476 2181 5532 Cod.
2212 5475 2298 5529 99.
2330 5475 2384 5529 S.
2414 5474 2599 5529 Crucis
2630 5474 2681 5526 in
2708 5471 2841 5535 Jer.,
2865 5472 3158 5526 salubriter.

310 5275 338 5303 ι
368 5266 499 5319 Cod.
532 5268 601 5321 90
629 5268 686 5322 S.
717 5267 902 5323 Crucis
933 5270 985 5322 in
1024 5267 1157 5329 ἔρι’..
1186 5270 1456 5322 incutiens.

308 5336 337 5374 δ
367 5335 512 5405 idem
540 5338 659 5392 cod.
688 5338 757 5391 90
785 5338 839 5391 S.
871 5339 1059 5392 Crucis
1089 5340 1139 5391 in
1169 5338 1304 5405 Jer.,
1335 5347 1562 5392 sanaret.

315 5418 336 5445 ε
368 5404 512 5460 Idem
539 5408 658 5462 cod.
690 5406 758 5461 90
786 5409 839 5462 S.
874 5407 1056 5463 Crucis
1084 5408 1138 5461 in
1163 5407 1270 5461 Jer.
1292 5404 1451 5463 addit
1474 5408 1548 5461 ita
1579 5426 1591 5459 :
1616 5408 1818 5462 videbat

230 5485 287 5531 et
310 5480 492 5529 emtum
518 5479 580 5531 de
604 5479 749 5534 creto.

310 5545 335 5582 ά
361 5546 527 5600 Idem.
559 5546 683 5602 cod.
714 5546 782 5600 90
809 5545 866 5601 S.
898 5547 1081 5601 Crucis
1109 5548 1161 5600 in
1190 5544 1298 5601 Jer.
1332 5546 1474 5601 addit
1499 5549 1565 5600 ei.

314 5626 338 5653 ε
370 5615 493 5670 Hmc
515 5633 579 5670 ex
601 5617 758 5671 codd.
785 5616 990 5670 duobus
1018 5618 1108 5669 cit.
1133 5616 1188 5669 S.
1221 5616 1406 5672 Crucis
1434 5618 1485 5671 in
1511 5616 1617 5671 lcr.

300 5686 335 5767 _‘
356 5686 493 5768 Cod.
526 5687 591 5740 10
621 5686 757 5741 l'lut.
785 5702 891 5739 xlv.
925 5686 1106 5748 Laur.,
1135 5686 1202 5740 Ut
1232 5688 1489 5758 deponens
1516 5688 1696 5741 veteris
1724 5688 1816 5741 ho-

231 5773 413 5808 "Hills.

1996 5544 2018 5581 ¹ί
2048 5545 2219 5601 Codd.
2251 5544 2307 5600 S.
2340 5545 2524 5599 Crucis
2551 5543 2605 5597 in
2632 5542 2741 5597 Jer.
2783 5541 2981 5597 addunt
3020 5542 3135 5597 hzec
3175 5543 3337 5599 verba
3366 5561 3378 5596 :
3407 5542 3493 5597 sed

1923 5626 2200 5686 ρνφεςρια-

2003 5684 2017 5723 ¹
2052 5681 2182 5740 Cod.
2216 5684 2283 5739 l0
2310 5684 2583 5751 Laurent.,
2615 5700 2717 5739 non
2745 5681 3073 5752 praevaleant.
3125 5764 3132 5771 .
