4054 6190
3687 329 3796 385 592

522 332 620 386 591
1726 334 1782 391 S.
1825 333 2068 391 MAXIM]
2108 331 2557 390 TAURINENSIS

519 447 648 503 fecit
671 445 927 502 Dominus
954 447 1265 502 continuata
1294 445 1496 512 laetitia,
1519 454 1574 502 et
1594 447 1648 502 in
1670 447 1788 517 ejus
1813 447 2100 503 festivitate
2127 448 2179 508 Α
2204 444 2348 500 dicit
2373 452 2588 500 sanctus
2613 441 2939 512 evangelista
2968 440 3186 513 (Matth.
3225 439 3340 510 xx),
3370 438 3533 511 473
3557 438 3818 495 descen—'

519 549 555 578 ι
570 538 683 610 jugi
713 539 881 607 gloria
911 537 1306 606 gratulandum.
1337 537 1364 576 ιι
1396 538 1507 595 Nec
1543 539 1666 608 quia
1705 555 1814 594 nox
1843 539 2102 594 solemni-
2205 535 2367 590 dente
2395 534 2608 603 angelo,
2637 548 2831 602 magno
2862 541 3057 588 terram
3089 539 3322 586 tremore
3351 530 3515 586 fuisse
3543 546 3791 585 commo-

516 632 614 685 tati
663 629 968 695 intervenit,
1008 628 1200 696 gaudia
1239 636 1422 683 nostra
1449 629 1756 700 prtescidit:
1790 640 1810 668 ο
1839 643 1940 684 nec
1975 629 2102 696 quia

515 736 625 776 nox
654 718 895 774 distinxit
920 725 1162 787 tempora
1201 718 1527 788 vespertina,
1570 717 1980 773 resurrectionis
2010 717 2102 772 lux

515 820 639 865 vota
664 817 865 864 :eterna
894 807 1148 864 deseruit.
1181 808 1344 864 Nobis
1370 809 1512 863 enim
1543 809 1658 864 heri
1683 817 1738 863 et
1759 809 1918 863 hodie
1938 805 1966 846 ά
1987 808 2102 863 dies

421 918 442 925 ··
515 916 673 965 unus,
702 900 819 954 dies
846 900 960 969 ipse
987 907 1090 965 est,
1127 910 1150 937 °
1171 900 1296 968 quia
1337 901 1476 956 sicut
1501 900 1569 954 de
1608 899 1887 954 Salvatore
1910 900 2104 955 beatus

513 993 805 1061 Apostolus
837 990 854 1028 ί
887 993 964 1045 ait
996 1010 1008 1045 :
1038 991 1195 1046 Iesus
1222 991 1455 1046 Christus
1483 992 1594 1046 heri
1623 1002 1673 1045 et
1708 991 1860 1045 hodie
1892 993 2000 1062 ipse
2024 1003 2101 1045 est

513 1083 704 1149 (Hebr.
729 1083 890 1152 "xm).
929 1082 1072 1152 Ergo
1111 1085 1155 1138 si
1199 1081 1354 1138 Jesus
1387 1093 1412 1130 Β
1441 1082 1685 1140 Christus
1711 1084 1828 1138 beri
1859 1092 1913 1138 et
1940 1084 2105 1139 hodie

512 1174 627 1242 ipse
647 1184 749 1240 est,
772 1176 887 1244 ipse
905 1183 1069 1245 atque
1091 1175 1231 1230 idem
1255 1175 1411 1231 nobis
1435 1191 1648 1246 semper
1667 1185 1750 1231 est
1767 1177 1904 1240 dies,
1926 1173 1954 1212 ιι
1975 1177 2099 1244 quia

513 1264 567 1318 in
592 1265 708 1334 ipso
737 1265 982 1330 vivimus,
1015 1267 1066 1320 in
1100 1266 1217 1334 ipso
1246 1281 1526 1320 movemur
1555 1267 1690 1335 (Act.
1723 1264 1872 1345 xvu),
1905 1266 1958 1320 in
1982 1266 2099 1336 ipso

513 1373 618 1413 non
654 1359 917 1414 morimur
948 1377 963 1411 :
991 1375 1096 1413 non
1124 1357 1408 1427 morimur,
1435 1358 1824 1427 inquam,-quia
1857 1358 1995 1413 sicut
2016 1358 2101 1412 lu-

511 1463 628 1510 cem
656 1446 855 1502 Christi
893 1447 1035 1501 nulla
1081 1447 1288 1516 peccati
1329 1447 1551 1503 incessit
1587 1447 1907 1512 obscuritas,
1937 1447 2013 1502 ita
2043 1455 2098 1502 et

511 1537 754 1592 viventes
787 1533 803 1574 ί
839 1535 984 1590 nulla
1010 1537 1268 1606 temporis
1289 1535 1521 1591 absumit
1545 1543 1804 1591 vetustas.
1833 1534 2098 1590 Laetemur

510 1641 639 1696 ergo
668 1625 722 1680 in
750 1629 764 1677 l
801 1624 1002 1681 Christi
1037 1625 1446 1681 resurrectionis
1481 1624 1598 1692 die;
1629 1626 1930 1681 communis
1952 1625 2097 1680 enim

509 1719 752 1773 omnium
777 1758 791 1783 ,
834 1718 1137 1774 communis
1180 1725 1264 1774 est
1305 1724 1490 1773 nostra
1537 1718 1740 1773 laetitia.
1784 1717 2097 1774 Communis

2205 635 2333 690 tam,
2366 633 2422 679 et
2445 625 2787 679 fundamenta
2819 623 3005 678 tumuli
3033 630 3397 687 moverentur,
3426 628 3482 677 et
3503 636 3795 690 percussos

2202 730 2402 786 pavore
2447 715 2720 780 custodes,
2747 716 2839 784 qui
2878 722 3137 770 venerant
3175 713 3445 768 custodire
3490 721 3791 777 mortuum,

2202 820 2321 860 esse
2350 805 2520 860 factos
2540 813 2596 858 ut
2621 814 2883 860 mortuos.
2907 803 2978 859 Ut
3001 813 3265 870 mortuos,
3285 805 3504 872 inquam
3528 822 3541 856 ε
3565 803 3790 872 dignum

2200 898 2360 969 plane
2397 897 2676 966 judicium,
2721 897 2786 962 si,
2839 911 2960 951 cum
3008 896 3185 964 justus
3231 895 3480 964 resurgit,
3533 902 3794 964 peccator

2201 991 2492 1056 emoritur;
2513 1006 2634 1045 cum
2661 988 2931 1044 reviviscit
2957 988 3237 1052 innocens,
3272 999 3294 1024 τ
3319 987 3436 1056 ejus
3465 988 3793 1041 interficitur

2197 1079 2474 1144 inimicus;
2519 1093 2644 1133 nam
2689 1077 2810 1134 ideo
2858 1093 2959 1132 nec
3011 1077 3443 1147 progredientem
3499 1075 3788 1149 Dominum

2199 1190 2422 1231 cernere
2463 1180 2773 1244 potuerunt,
2809 1183 2830 1210 ⁸
2862 1173 2987 1242 quia
3015 1173 3333 1227 criminosas
3373 1179 3583 1224 mentes
3611 1178 3789 1223 terror

2201 1273 2567 1336 oppresserat,
2599 1264 2728 1319 dum
2766 1265 3031 1319 sustinere
3074 1263 3334 1329 fulgorem
3372 1260 3788 1317 resurrectionis

2198 1356 2372 1411 rutilae
2401 1372 2510 1410 non
2536 1355 2810 1410 valebant.
2841 1353 3042 1422 Maiore
3080 1367 3208 1421 ergo
3245 1350 3606 1406 sollicitudine
3641 1348 3783 1404 Pha-

2196 1447 2338 1502 risaei
2379 1447 2662 1502 Dominum
2691 1444 3059 1499 custodierunt
3087 1451 3382 1508 mortuum,
3413 1456 3574 1510 quam
3603 1439 3785 1493 vivum

2197 1545 2322 1593 sunt
2360 1536 2658 1606 persecuti;
2687 1535 2948 1605 siquidem
2975 1549 3137 1589 causa
3167 1533 3284 1587 illos
3313 1531 3488 1600 major
3516 1532 3780 1597 urgebat:

2202 1628 2574 1695 intelligebant
2614 1627 2758 1680 enim
2796 1624 3002 1680 facilius
3031 1623 3194 1678 fuisse
3233 1637 3358 1677 eum
3386 1621 3529 1691 apud
3557 1635 3784 1690 superos

2201 1721 2220 1756 ι
2247 1718 2468 1788 despici,
2489 1732 2654 1786 quam
2672 1716 2984 1770 redeuntem
3005 1715 3072 1770 ab
3097 1713 3280 1769 inferis
3299 1727 3456 1782 posse
3474 1712 3782 1776 contemni;

508 1809 688 1878 plane,
708 1808 830 1878 quia
853 1823 1042 1863 omnes
1059 1809 1152 1862 illo
1168 1816 1479 1878 resurgente
1499 1810 1910 1864 resurreximus.
1932 1808 2094 1880 472
2123 1811 2170 1871 Β
2199 1818 2254 1866 et
2279 1810 2423 1881 quod
2449 1820 2580 1865 tunc
2618 1810 2916 1880 prtedicans
2955 1807 3110 1864 facile
3147 1807 3385 1877 potuerit
3410 1804 3606 1868 occidi,
3639 1819 3782 1858 nunc

508 1897 755 1953 Omnium
785 1899 927 1954 enim
953 1899 1150 1953 revixit
1176 1898 1357 1963 saluti,
1387 1899 1480 1968 qui
1507 1913 1608 1968 pro
1637 1899 1875 1954 omnium
1902 1913 2096 1968 pecca-

509 1991 576 2044 tis
604 1989 847 2044 addictus
867 1996 950 2044 est
973 1989 1229 2058 passioni.
1261 1987 1576 2044 Resurrexit
1603 1987 1764 2055 igitur
1788 1986 2037 2042 Salvator
2062 2001 2097 2040 a

508 2082 753 2135 mortuis.
807 2080 954 2134 Nova
987 2096 1076 2135 res
1102 2089 1158 2134 et
1185 2080 1343 2147 mira,
1373 2079 1466 2134 sed
1504 2079 1668 2133 habet
1709 2078 1824 2133 hmo
1868 2077 2096 2131 assertio

507 2171 809 2227 veritatem.
842 2171 974 2224 Nam
1004 2178 1063 2224 ut
1092 2178 1297 2226 taceam
1326 2170 1710 2239 prophetarum
1736 2168 1972 2231 oracula,
1994 2183 2097 2220 an-

507 2259 751 2328 gelorum
771 2261 1090 2326 ministeria,
1119 2267 1305 2329 aperta
1325 2259 1556 2329 sepulcri
1580 2259 1894 2328 penetralia,
1921 2259 2094 2328 ipsum

508 2351 792 2406 Dominum
848 2359 971 2422 post
1016 2352 1467 2408 resurrectionem
1523 2368 1645 2406 cum
1692 2351 1967 2422 discipulis
2013 2352 2096 2406 lo-

507 2449 782 2511 quentem,
809 2451 1241 2509 conversantem,
1281 2443 1553 2508 edentem,
1581 2442 1840 2497 Thomam
1878 2457 2095 2511 quoque

507 2532 780 2587 clavorum
809 2532 1028 2586 vulnera
1057 2532 1219 2586 etiam
1241 2532 1410 2600 digito
1450 2539 1877 2588 contrectantem
1907 2532 2089 2604 (Joaa.

508 2620 601 2691 xx)
635 2638 648 2674 :
681 2628 740 2675 ut
767 2621 882 2676 lucc
918 2622 1097 2676 omnia
1129 2622 1554 2692 praetermittam,
1588 2631 1768 2678 tamen
1808 2621 1965 2679 ﬁdem
1992 2640 2092 2678 no-

507 2720 673 2764 stram
701 2710 983 2766 confirmat
1012 2713 1258 2783 impietas
1293 2711 1615 2770 Iudaeorum.
1646 2713 1778 2769 Nam
1803 2715 2000 2771 sufficit
2026 2715 2094 2770 ad

506 2801 875 2858 credulitatem
905 2803 1060 2859 nobis
1085 2819 1273 2859 eorum
1303 2806 1526 2860 nimium
1546 2815 1707 2861 cauta
1732 2806 1755 2844 ι
1780 2808 2090 2863 credulitas.

507 2892 626 2958 Quo
653 2894 798 2948 enim
822 2895 1129 2964 diligentius
1153 2899 1522 2952 custodierunt
1555 2900 1837 2968 tumulum,
1867 2915 1933 2955 eo
1961 2915 2094 2955 con-

505 2991 614 3038 stat
642 2985 789 3040 illum
817 2986 1149 3042 manifestius
1175 2986 1193 3025 ι
1227 2988 1550 3052 surrexisse;
1580 3004 1688 3058 quo
1715 2989 1896 3058 plures
1924 3005 2093 3060 appo-

505 3090 660 3132 suere
685 3077 956 3145 custodes,
981 3093 1049 3134 eo
1074 3088 1113 3115 ω
1135 3080 1320 3150 plures
1336 3088 1500 3135 testes
1528 3081 1812 3149 reliquere.
1836 3081 1966 3135 Nam
1988 3083 2092 3138 hoc

2197 1909 2377 1956 autem
2425 1915 2710 1968 resurgens
2745 1900 2855 1968 jam
2897 1915 3008 1954 non
3051 1898 3222 1970 possit
3259 1906 3285 1933 ιι
3329 1896 3522 1959 occidi,
3569 1895 3785 1949 dicente

2197 1989 2455 2059 Apostolo
2487 2007 2501 2042 :
2535 1989 2826 2061 Resurgens
2867 1999 3036 2042 autem
3069 1990 3183 2059 jam
3222 2004 3324 2040 non
3360 1987 3600 2040 moritur.
3635 1984 3786 2038 Mors

2195 2082 2274 2135 illi
2314 2082 2452 2135 ultra
2491 2098 2597 2136 non
2642 2080 2992 2142 dominabitur
3029 2078 3207 2149 (Rom.
3253 2078 3350 2148 Vl).
3394 2076 3788 2132 Custodiebant

2195 2185 2327 2240 ergo
2347 2188 2470 2228 eum
2498 2173 2727 2228 sollicite
2757 2173 2810 2226 in
2837 2171 3100 2242 sepulcro,
3132 2169 3426 2240 praesertim
3449 2168 3576 2237 quia
3605 2183 3666 2220 se
3693 2167 3785 2218 die

2195 2265 2355 2318 tertia
2401 2263 2610 2318 dixerat
2658 2270 3050 2327 surrecturum;
3104 2259 3482 2315 custodiebant
3523 2268 3549 2294 ν
3599 2264 3785 2310 autem

2193 2355 2422 2410 sollicite
2462 2355 2516 2409 in
2552 2355 2820 2424 sepulcro,
2848 2353 2972 2424 quia
3000 2366 3224 2407 necesse
3247 2351 3352 2404 illis
3375 2357 3492 2404 erat
3519 2363 3645 2402 eum
3669 2346 3785 2414 jam

2193 2463 2304 2502 non
2325 2447 2599 2502 doctorem
2623 2449 2832 2510 timere,
2855 2446 2948 2501 sed
2963 2445 3199 2515 iudicem
3223 2463 3235 2496 :
3255 2443 3514 2513 iudicem,
3538 2443 3778 2510 inquam,

2195 2552 2304 2591 non
2329 2537 2414 2591 sui
2440 2544 2669 2602 tantum,
2697 2537 2790 2592 sed
2815 2544 2870 2591 et
2895 2535 3124 2590 crudelis
3150 2534 3426 2590 sententiae
3462 2548 3597 2596 suae,
3629 2542 3652 2567 ι
3674 2547 3781 2601 qua

2195 2626 2334 2682 filios
2361 2635 2719 2697 posterosque
2744 2641 2872 2682 suos
2898 2626 3189 2681 sceleribus
3228 2624 3568 2689 addixerunt,
3595 2620 3780 2676 dicen-

2193 2726 2321 2774 tes:
2353 2719 2583 2789 Sanguis
2621 2719 2732 2789 ejus
2777 2734 2932 2788 super
2977 2733 3071 2772 nos
3115 2726 3164 2770 et
3207 2733 3359 2786 super
3399 2715 3538 2785 ﬁlios
3574 2723 3781 2767 nostros

2195 2809 2413 2881 (Matth.
2435 2809 2624 2879 xxvn).
2650 2809 2894 2864 Crudelis
2921 2809 3019 2864 sub
3045 2809 3136 2863 tali
3161 2808 3426 2864 sententia
3445 2805 3780 2867 Iudaeorum,

2193 2917 2311 2972 qum
2339 2901 2576 2956 facinore
2602 2917 2702 2956 suo
2732 2917 2839 2956 non
2875 2902 3046 2956 solum
3075 2908 3367 2971 praesentes
3395 2899 3596 2953 liberos
3626 2898 3781 2952 dam-

2192 3003 2307 3062 nat,
2333 2994 2428 3050 sed
2458 2995 2620 3048 etiam
2661 3010 2770 3049 non
2815 3002 2970 3048 natos
2994 2992 3207 3048 occidit.
3239 2990 3476 3057 Quantos
3503 2991 3650 3044 enim
3676 2989 3777 3042 hac

2192 3101 2326 3141 voce
2353 3085 2421 3140 ad
2446 3085 2832 3140 conscientiam
2861 3083 3112 3140 facinoris
3136 3091 3355 3146 vocant,
3383 3097 3521 3150 quos
3549 3082 3778 3136 scientia

506 3169 814 3236 procuravit
847 3168 1027 3224 divina
1075 3170 1433 3240 providentia,
1462 3179 1521 3225 ut
1562 3172 1940 3226 resurrectioni
1981 3188 2088 3228 non
2115 3178 2164 3241 ο
2193 3176 2432 3231 criminis
2477 3191 2586 3230 non
2635 3175 2880 3230 tenebat!
2927 3174 3174 3240 crudelis,
3219 3175 3456 3244 inquam,
3502 3174 3776 3244 impietas.

505 3261 684 3316 solum
713 3261 905 3329 angeli,
949 3277 1056 3314 non
1095 3262 1269 3316 solum
1307 3262 1576 3332 discipuli,
1614 3263 1709 3318 sed
1754 3270 1810 3318 et
1849 3264 2091 3319 testimo-

505 3353 652 3406 nium
681 3353 1043 3422 perhiberent,
1075 3353 1221 3421 quod
1248 3361 1331 3407 est
1365 3355 1613 3424 amplius,
1644 3354 1864 3410 inimici.
1899 3354 2092 3410 Liben-

504 3443 612 3497 tius
655 3456 783 3512 ergo
805 3451 833 3478 ιι
862 3444 1171 3513 accipimus,
1198 3443 1340 3511 quod
1372 3459 1495 3498 eum
1523 3445 1828 3514 diligentius
1857 3453 1880 3481 ο
1907 3446 2092 3500 obser-

504 3544 701 3589 varunt
717 3553 748 3601 ;.
763 3535 1030 3590 credimus
1070 3536 1213 3589 enim
1256 3537 1354 3590 sub
1395 3543 1475 3591 tot
1504 3536 1816 3593 custodibus
1853 3540 2090 3609 potuisse

503 3625 650 3678 illum
680 3625 895 3695 prodire
924 3625 1084 3680 citius
1109 3641 1268 3696 quam
1289 3626 1487 3696 perire,
1519 3636 1545 3675 P
1573 3634 1630 3681 et
1651 3626 1718 3681 de
1747 3627 1952 3682 tumulo
1969 3627 2091 3696 jure

505 3715 716 3770 Domini
745 3715 995 3784 progredi
1022 3730 1182 3784 quam
1207 3715 1590 3786 discipulorum
1620 3714 1808 3772 fraude
1827 3718 2046 3772 subduci
2072 3737 2084 3772 :

505 3813 652 3858 tanta
679 3806 821 3860 enim
866 3806 1226 3861 sollicitudine
1265 3808 1568 3876 sepulcrum
1597 3809 1864 3864 obstruxit
1896 3811 2086 3880 impie-

503 3902 602 3958 tas,
631 3902 690 3948 ut
719 3895 768 3947 id
800 3910 906 3948 non
938 3895 1252 3963 praevaleret
1294 3911 1484 3949 manus
1529 3897 1760 3950 humana
1788 3897 2082 3963 destruere,

503 3983 604 4038 nisi
650 3984 764 4037 sola
811 3983 980 4038 virtus
1022 3984 1430 4040 resurrectionis
1478 3987 1728 4055 aperiret.
1775 3998 1802 4037 (ι
1845 3988 2086 4058 Denique

575 4126 600 4190 ᾗ
631 4114 762 4190 Cod.
795 4113 1057 4190 Vallicell.
1092 4131 1201 4190 xix,
1226 4116 1427 4190 jugiter
1445 4133 1542 4187 pro
1556 4119 1694 4190 jugi.

571 4184 600 4224 δ
629 4184 762 4257 Cod.
795 4184 1065 4257 Ambros,
1100 4183 1214 4238 Nec
1228 4183 1369 4239 enim
1391 4183 1513 4257 quia
1537 4183 1642 4243 nos}
1669 4190 1982 4246 solemnitati
2002 4195 2083 4247 iii-

503 4256 733 4318 tervenit,
758 4256 951 4325 gaudia
987 4264 1167 4325 nostra
1191 4257 1445 4325 prwcidit.

573 4337 596 4364 ο
629 4324 798 4397 Codd.
830 4324 1002 4397 Vatia.
1036 4324 1172 4379 1270
1193 4324 1252 4380 et
1278 4325 1436 4390 6451,
1469 4335 1526 4383 et
1551 4329 1658 4384 duo
1682 4328 1955 4397 Casinen.,
1989 4347 2085 4387 nec

502 4397 618 4467 quia
647 4395 928 4450 obscuritas
958 4395 1193 4450 distinxit
1215 4404 1447 4466 tempora
1472 4402 1782 4470 vespertina,
1812 4410 1917 4456 etc.

573 4463 598 4502 ιι
622 4466 766 4520 Idem
796 4464 914 4518 cod.
942 4465 1213 4524 Ambros..
1245 4482 1376 4520 unus
1405 4468 1510 4521 dies
1531 4471 1640 4524 inse
1666 4481 1759 4524 est.

680 4483 766 4540 etp
796 4483 1213 4540 AIIIDI'OS"
1245 4483 1376 4520 unus
1396 4483 1510 4540 tiles
1531 4487 1640 4540 ipse
1666 4483 1759 4524 εει.

2191 3279 2219 3318 y
2249 3269 2391 3338 quod
2430 3279 2678 3338 posteros
2705 3276 2833 3324 ante
2870 3269 2922 3323 in
2958 3277 3166 3322 reatum
3201 3277 3379 3330 vocat,
3410 3283 3573 3336 quam
3601 3278 3621 3304 ι
3651 3284 3780 3336 pro-
3854 3299 3859 3302 ν

2189 3357 2337 3413 ducit
2363 3359 2415 3412 in
2446 3359 2617 3414 lucem
2645 3377 2658 3412 :
2685 3368 2741 3412 ut
2769 3358 2922 3428 prius
2943 3356 3135 3414 futuris
3162 3359 3497 3426 contingeret
3525 3373 3778 3426 peccare,

2191 3466 2351 3520 quam
2377 3451 2577 3504 vivere.
2607 3449 2828 3505 Cruenti
2855 3449 3012 3520 plane
3049 3450 3339 3518 genitores,
3370 3447 3460 3516 qui
3493 3456 3619 3501 ante
3648 3462 3778 3516 par-

2191 3541 2370 3596 ricidae
2394 3541 2518 3596 facti
2547 3550 2672 3596 sunt
2699 3557 2860 3611 quam
2905 3549 3156 3612 parentes
3183 3559 3195 3594 :
3226 3549 3280 3595 et
3310 3547 3435 3594 ante
3476 3555 3571 3595 eos
3597 3541 3781 3595 socios

2191 3647 2321 3687 suos
2358 3632 2650 3688 sceleribus
2695 3627 3116 3702 assumpserunt,
3164 3645 3299 3700 quos
3344 3638 3525 3684 utrum
3560 3631 3777 3698 sangui-

2191 3723 2274 3777 nis
2303 3722 2590 3792 participes
2617 3729 2839 3791 possent
2876 3721 3097 3789 habere,
3128 3721 3416 3776 nescirent.
3458 3720 3576 3776 Non
3612 3721 3776 3791 igitur

2191 3814 2491 3870 mirandum
2513 3824 2618 3882 est,
2632 3816 2676 3870 si
2698 3816 2750 3870 in
2772 3814 3103 3870 Salvatorem
3125 3821 3235 3868 tam
3264 3813 3515 3869 crudeles
3538 3812 3773 3878 fuerunt,

2188 3907 2281 3974 qui
2305 3908 2625 3962 exstiterunt
2652 3906 2814 3978 474,
2839 3907 2896 3960 in
2925 3921 3052 3962 suos
3076 3913 3326 3974 posteros
3361 3912 3468 3957 tam
3503 3902 3775 3958 crudeles.

2189 3995 2308 4051 Non
2333 3997 2603 4054 immerito
2633 3999 2686 4053 in
2716 3999 2818 4053 hac
2852 3997 2939 4052 die
2983 4005 3202 4053 sanctus
3239 3994 3406 4050 David
3447 3995 3565 4050 sine
3608 4010 3775 4049 exce-

2257 4129 2437 4201 °_Cod.
2469 4132 2715 4187 Ambros.
2739 4132 2869 4201 legit
2895 4132 3308 4186 adservaret-unt.
3333 4131 3466 4187 Cod.
3492 4130 3528 4184 2
3554 4130 3611 4186 S.
3637 4131 3776 4188 Cru-

2185 4198 2264 4252 cis
2293 4199 2507 4265 Minor.,
2539 4198 2894 4256 adservarunt.

2257 4281 2282 4318 P
2311 4267 2443 4342 Cod.
2477 4270 2748 4342 Ambros"
2775 4288 2804 4324 e
2830 4271 3023 4342 tumulo
3053 4269 3333 4342 Dominum
3360 4273 3624 4342 progredi.

2256 4337 2440 4412 qud.
2462 4340 2502 4412 _2
2528 4339 2585 4394 S.
2617 4338 3044 4412 CrucisiMinor”
3087 4340 3324 4412 Denique
3348 4337 3476 4394 dicit
3509 4341 3568 4395 S.
3608 4358 3771 4395 evan-

2185 4411 2367 4482 gelista
2395 4426 2422 4482 :_
2447 4409 2762 4482 Priusquam
2793 4411 3116 4482 descenderet
3136 4409 3358 4482 angelus
3387 4427 3596 4482 magno,
3625 4422 3734 4466 etc.

2261 4489 2282 4515 τ
2313 4477 2483 4552 Codd.
2533 4477 2779 4536 Ambros.
2830 4488 2885 4535 et
2924 4480 3042 4535 Vat.
3088 4477 3248 4548 645T,
3291 4481 3406 4552 ejus
3443 4477 3774 4552 intercipiat:-

577 4546 601 4573 ο
630 4535 764 4589 Cod.
796 4533 1124 4588 Vallicellan.
1169 4551 1281 4603 xix,
1321 4538 1441 4606 quia
1469 4533 1696 4593 sie'dicit
1733 4541 1798 4594 de
1839 4539 2082 4596 Salvato-
2113 4536 2162 4595 Ι)
2185 4533 2444 4603 inimicus.

501 4622 574 4672 re,
606 4615 710 4660 etc.

581 4677 598 4713 ί
630 4675 777 4728 Edit.
807 4671 1042 4727 Galesin.
1073 4673 1272 4726 omittit
1301 4676 1393 4728 ait.

575 4755 600 4792 ε
629 4743 689 4798 1η
716 4742 837 4798 cod.
872 4743 1115 4797 Ambros.
1147 4742 1297 4796 deest
1320 4744 1570 4799 Christus.

573 4813 601 4852 δ
628 4813 1058 4893 Cod._Vallicell.
1091 4829 1202 4893 xix,
1223 4816 1308 4884 qui
1334 4817 1378 4869 si
1403 4817 1459 4870 in
1485 4817 1597 4886 ipso
1628 4818 1862 4888 vivimus,
1889 4822 1944 4876 in
1972 4823 2085 4893 ipso

501 4886 739 4954 vivemus,
765 4886 817 4937 in
847 4885 959 4954 ipso
988 4885 1280 4954 moriemur.

583 4953 595 4990 ί
629 4953 798 5026 Codd.
829 4952 1107 5026 Ambros,
1131 4952 1267 5026 9.5.
1301 4953 1486 5009 Crucis
1514 4955 1664 5023 Min.,
1697 4966 1752 5013 et
1779 4957 1900 5016 Vat.
1924 4959 2080 5026 645i,

502 5023 576 5075 ila
605 5032 654 5074 et
684 5024 902 5076 viventes
929 5025 984 5077 in
1013 5041 1073 5076 ea
1107 5023 1271 5088 nulla,
1301 5033 1404 5078 etc.
2041 5033 2050 5040 ’

580 5093 594 5140 l
635 5089 1083 5167 ChodrArnbros"
1127 5092 1384 5167 La’temar
1420 5113 1542 5167 ergo
1586 5097 1640 5150 in
1683 5095 1907 5167 Christo.
1947 5098 2081 5155 Cod.

505 5173 636 5240 vero
663 5158 699 5210 ‘2
726 5159 845 5223 cit.,
876 5161 1130 5240 laetemur
1157 5181 1276 5240 ergo
1311 5165 1364 5240 in
1382 5158 1631 5240 Christo.
1674 5166 2084 5224 Resurrectionis

505 5230 616 5300 dies
640 5231 922 5300 communis
947 5241 1023 5300 est
1042 5230 1231 5286 nostra
1247 5236 1446 5300 laetitia,
1477 5243 1582 5290 etc.

578 5298 602 5376 ξι
627 5297 938 5376 Codd._yat.
1121 5312 1176 5355 et
1194 5302 1320 5376 (μω
1335 5345 1349 5367 ,
1375 5297 1650 5360 crudelitas
1669 5321 1767 5376 pro
1788 5307 2082 5362 credulitas.

579 5367 596 5406 ι
632 5366 912 5441 Q0d,_Va_t.
948 5367 1085 5441 @270
1113 5379 1172 5441 et
1195 5366 1398 5441 Casili.,
1421 5366 1781 5430 resurrexisse.

578 5447 618 5474 ιιι
649 5435 815 5508 Codd.
849 5437 1118 5508 Ambros,
1152 5439 1186 5493 2
1225 5442 1280 5495 S.
1313 5435 1500 5500 Crucis
1540 5444 1756 5508 Minoa,
1781 5445 1888 5500 duo
1917 5445 2084 5502 Valli-

504 5508 626 5563 oell.
652 5523 761 5569 χιιι,
790 5507 831 5560 Α
855 5505 906 5570 9,
938 5516 992 5561 et
1021 5509 1142 5562 Vat.
1176 5509 1334 5566 6451.
1365 5514 1376 5522 “
1559 5527 1564 5535 ‘

576 5587 602 5615 υ
631 5575 1005 5657 Codd._Casin.
1033 5577 1233 5657 i0i,_et
1251 5580 1509 5657 Vallicell.
1540 5601 1649 5650 xix,
1681 5584 1942 5657 Libentius
1967 5603 2086 5657 ergo

508 5658 656 5724 testes
705 5647 1016 5724 accipimus,
1071 5650 1173 5724 qui
1219 5647 1673 5724 cunt__tliligentitts
1728 5647 2083 5713 adservat-unt.

505 5716 675 5774 Codd.
707 5716 820 5782 alii,
847 5732 931 5772 cxl
959 5716 1141 5773 Casia.
1174 5729 1230 5774 et
1260 5716 1512 5798 \’allicell.
1549 5741 1658 5791 xix,
1685 5725 2042 5781 adservat-unt.

2261 4625 2282 4651 ⁸
2313 4616 2446 4672 Cod.
2478 4635 2533 4673 ιι.
2558 4619 2615 4674 S.
2640 4619 2825 4675 Crucis
2843 4618 3057 4685 Minor.,
3083 4621 3206 4673 dum
3227 4620 3552 4674 criminosas.

2262 4688 2280 4723 ί
2307 4687 2471 4743 Codd.
2512 4688 2635 4743 Vat.
2663 4688 2823 4754 6451,
2851 4689 3111 4745 Vallicell.
3147 4690 3192 4743 A
3213 4688 3265 4754 9,
3289 4700 3400 4754 xix,
3430 4697 3487 4744 et
3517 4689 3627 4744 duo
3660 4688 3773 4743 Ca-

2187 4756 2482 4840 είπῑνέιραά
2510 4775 2720 4840 mea”
2747 4777 2873 4840 zu":
2887 4759 3108 4840 άεφίςέπ
3235 4789 3242 4796 ε

2258 4835 2285 4862 ιι
2316 4827 2477 4910 Iidem
2498 4827 2675 4910 codd.“
2691 4845 2726 4882 ιι
2747 4828 2805 4883 S.
2834 4827 3021 4885 Crucis
3041 4829 3232 4884 Minor.
3257 4837 3312 4883 et
3330 4828 3452 4883 Vat.
3479 4828 3636 4893 1270,
3655 4831 3774 4900 jam

2189 4913 2292 4952 non
2317 4899 2479 4966 possit
2506 4899 2675 4951 mori?
3660 4899 3663 4900 ν

2197 4965 2447 5049 Μξηϐροᾱ.
2465 4965 2670 5049 Casin.,
2693 4967 3041 5049 custodiebant
3061 4985 3180 5040 ergo
3200 4983 3334 5031 eum,
3359 4975 3466 5024 etc.
3488 4966 3623 5024 Cod.
3641 4968 3768 5023 Vat.

2191 5035 2348 5095 1270.
2379 5037 2731 5091 custodiebant
2757 5055 2890 5092 eum.

2265 5117 2286 5142 κ
2316 5104 2747 5179 ΟοᾲηΑιιώιοεε,
2777 5125 2875 5179 quo
2901 5107 3041 5179 ﬁlios
3069 5117 3295 5179 posteros
3321 5123 3458 5179 suos
3474 5109 3584 5161 suis
3611 5108 3770 5179 scele-

2187 5175 2327 5229 ribus
2352 5175 2680 5229 addixerunt.
2712 5175 2800 5230 lta'
2826 5175 2998 5232 codd.‘
3025 5175 3146 5231 n‘S.
3174 5175 3363 5230 Crucis
3393 5175 3611 5240 Minon,
3643 5176 3774 5232 Vat.

2189 5243 2344 5306 1270,
2373 5253 2433 5318 et
2454 5245 2714 5318 Vallicell.
2758 5246 2805 5298 Α
2826 5245 2871 5318 _9
2900 5246 3102 5318 habent
3131 5246 3348 5318 quagin
3387 5246 3771 5318 reliquiiscoii~

2186 5322 2380 5367 sonant
2408 5315 2781 5397 Ambrosiam.
2814 5314 2983 5397 Codd.
3019 5316 3127 5371 duo
3145 5314 3347 5370 'Casin.
3375 5323 3430 5370 et
3459 5314 3586 5370 Vat.
3607 5315 3772 5384 6451,

2186 5400 2287 5452 qua
2313 5393 2538 5507 posteros
2567 5384 2703 5454 ﬁlios
2727 5403 2865 5450 suos,
2897 5393 3005 5440 etc.

2259 5463 2288 5502 γ
2341 5453 2460 5507 dem
2488 5455 2607 5536 cod.
2640 5471 2675 5536 ιι
2692 5454 2979 5536 _S.‘Crucis
3007 5454 3161 5536 Mim,
3188 5471 3303 5523 qua?
3329 5464 3565 5536 posteros
3580 5465 3772 5536 ante“:

2228 5539 2348 5593 ua_m
2371 5524 2653 5593 producant
2686 5527 2738 5578 in
2771 5525 2960 5587 lucem;
2991 5526 3074 5580 cui
3105 5524 3403 5578 consonant
3432 5524 3696 5579 Vallicell.
3730 5524 3775 5581 Α

2232 5591 2435 5675 .‘Cod;
2452 5608 2578 5675 vero
2606 5593 2865 5649 Vallicell.
2911 5611 3022 5661 χιιι,
3059 5610 3203 5666 quw;
3243 5593 3298 5646 in
3342 5594 3561 5664 reliquis
3600 5594 3781 5651 textui

2193 5670 2275 5719 est
2303 5661 2613 5718 conformis.
3072 5661 3083 5666 ⁷
3458 5661 3474 5664 ἡ

2268 5742 2290 5770 ι
2319 5730 2453 5787 Cod.
2487 5732 2755 5799 Ambros,
2779 5751 2929 5802 (plant
2959 5735 3244 5804 prodarant
3269 5733 3346 5798 in,
3377 5739 3488 5788 etc.
