4054 6190
225 357 336 414 593

1655 347 1885 403 SERMO
1923 347 2082 402 XXX.

3402 345 3503 403 501

223 470 415 540 ptione
435 456 809 521 exsultantium
841 464 1078 534 prmcipit
1098 472 1152 519 et
1180 464 1489 529 lsetandum,
1516 463 1570 517 in
1597 476 1701 531 qua
1732 462 1817 517 die
1846 466 1897 524 Α
1923 463 2081 535 475
2109 463 2385 529 Dominus,
2420 470 2476 516 ut
2503 462 2849 520 obliviscatur
2878 464 3128 529 hominis,
3158 471 3212 519 ct
3252 479 3359 519 non
3392 480 3506 521 mc-

222 560 395 614 totius
422 556 606 610 mundi
636 555 828 623 gaudia
857 555 1215 610 celebrantur.
1246 554 1505 609 Omnibus
1536 554 1678 609 enim
1720 554 1815 607 la:-

222 649 449 702 tandum
495 655 599 710 est,
630 655 652 681 α
681 646 807 714 quia
839 645 1087 700 omnibus
1122 644 1370 714 prodest;
1399 644 1606 699 cunctis
1633 643 1817 698 exsul-

221 740 451 794 tandum
493 746 594 799 est,
627 737 752 806 quia
794 736 999 792 cunctis
1044 746 1126 792 est
1169 737 1427 802 salutare,
1460 743 1516 790 et
1552 735 1672 790 ideo
1707 750 1817 789 non

220 830 528 885 adulatoria
557 837 641 883 est
668 828 986 892 adhibenda,
1024 844 1125 882 nec
1161 827 1339 883 fucata
1368 827 1574 882 laetitia.
1599 825 1627 865 ι’
1656 825 1817 891 Quis-

221 924 352 992 quis
378 921 523 977 enim
564 920 619 975 in
657 918 857 975 Christi
904 920 1300 975 resurrectione
1343 919 1569 984 laetatur,
1610 918 1821 972 lauetur

220 1015 413 1084 potius
439 1013 563 1083 quia
605 1012 660 1066 in
688 1010 903 1066 Christo
942 1011 1055 1081 ipse
1097 1010 1392 1067 resurrexit
1426 1028 1439 1063 :
1472 1010 1526 1064 in
1555 1009 1646 1063 illo
1674 1008 1816 1063 enim

222 1114 417 1163 nostra
443 1105 640 1175 portio,
670 1115 857 1158 nostra
886 1103 1143 1166 conditio,
1178 1111 1235 1158 et
1260 1110 1491 1157 mortem
1518 1101 1739 1172 pertulit
1766 1108 1821 1153 et

220 1197 447 1253 revixit.
486 1195 555 1249 Et
590 1196 718 1249 licet
749 1206 772 1233 ο
804 1195 959 1250 nobis
998 1194 1175 1250 adhuc
1219 1195 1478 1250 resolutio
1517 1193 1819 1263 corpusculi

219 1298 469 1354 maneat,
510 1289 769 1357 coepimus
810 1292 939 1341 tunc
979 1286 1033 1340 in
1065 1284 1281 1341 Christo
1322 1294 1523 1340 acterna
1560 1285 1670 1338 vita
1707 1284 1818 1352 jam

218 1380 441 1444 vivere;
472 1378 613 1433 unde
640 1378 885 1447 quamvis
919 1376 1257 1444 fragilitatem
1284 1384 1526 1431 nostram
1556 1376 1821 1431 acceleret

219 1472 533 1527 immaturas
573 1469 763 1524 mortis
791 1469 1024 1535 occasio,
1056 1467 1081 1505 ἀ
1114 1469 1170 1523 in
1212 1468 1493 1524 Salvatore
1527 1477 1708 1523 tamen
1738 1468 1820 1522 di-

220 1561 462 1615 dicimus
505 1559 653 1628 prius
698 1572 981 1626 resurgere
1018 1573 1177 1626 quam
1226 1558 1404 1627 perire
1452 1575 1465 1611 :
1505 1566 1631 1612 ante
1676 1557 1819 1612 enim

220 1649 442 1705 futurus
469 1649 631 1703 homo
665 1648 959 1703 resurrexit
988 1647 1040 1701 in
1062 1646 1278 1703 Christo
1306 1662 1467 1716 quam
1495 1648 1661 1700 vitam
1703 1661 1822 1701 sor-

220 1741 428 1796 tiretur
452 1740 504 1793 in
528 1739 745 1794 szeculo.
776 1738 894 1792 Non
932 1738 1074 1792 enim
1106 1746 1313 1792 tantum
1343 1739 1416 1792 illi
1446 1738 1705 1793 Dominus
1724 1752 1819 1806 ge-

1920 556 2135 610 minerit
2161 554 2304 609 illius
2329 568 2488 622 quem
2520 553 2634 623 ipse
2663 564 2869 625 gestat;
2900 553 2923 592 δ
2954 565 3012 610 ιιι
3035 570 3193 625 quem
3215 570 3375 609 causa
3401 556 3507 608 mei

1918 645 2234 715 susceperit,
2256 661 2366 700 non
2388 643 2503 714 ejus
2523 660 2679 700 causa
2705 662 2864 717 quem
2882 647 3197 716 susceperit,
3221 661 3306 699 me
3328 645 3508 713 requi-

1921 746 2031 802 rat;
2063 753 2191 802 non,
2236 737 2473 805 inquam,
2504 744 2612 790 tam
2650 737 2869 792 immitis
2894 746 2978 793 est
3006 738 3282 801 Dominus,
3310 744 3368 790 ut
3397 752 3507 789 non

1919 828 2103 897 diligat
2146 842 2361 883 carnem
2403 842 2576 890 suam,
2614 828 2850 882 membra
2881 844 2998 892 sua,
3030 828 3232 882 viscera
3266 842 3381 880 sua.
3418 826 3507 878 Ait

1918 925 2137 972 sanctus
2166 917 2449 987 Apostolus
2482 934 2492 968 :
2518 915 2685 971 Nemo
2715 934 2938 989 unquam
2966 934 3174 971 carnem
3208 934 3355 970 suam
3384 916 3504 969 odio

1921 1012 2119 1075 habuit,
2140 1011 2230 1064 sed
2251 1010 2414 1064 nutrit
2433 1020 2482 1063 et
2504 1011 2637 1081 [oret
2656 1026 2790 1073 eam,
2813 1011 2942 1063 sicut
2965 1010 3196 1063 Christus
3218 1008 3505 1063 Ecclesium

1923 1103 2140 1173 (Ep/tes.
2169 1102 2245 1173 v).
2282 1102 2421 1155 Nihil
2451 1115 2578 1168 ergo
2605 1102 2672 1156 de
2697 1103 2855 1155 venia
2882 1102 3247 1171 desperemus,
3288 1100 3501 1163 fratres,

1920 1197 2051 1252 nihil
2072 1195 2139 1250 de
2167 1196 2292 1251 odio
2315 1196 2617 1251 timeamus.
2650 1194 2919 1249 Habemus
2945 1195 3354 1264 prmrogativam
3382 1210 3505 1247 san-

1920 1288 2095 1356 guinis
2141 1286 2310 1343 nostri
2355 1285 2407 1352 i;
2440 1287 2492 1340 in
2522 1287 2735 1341 Christo
2765 1287 2907 1341 enim
2936 1303 3062 1342 caro
3093 1294 3274 1341 nostra
3304 1303 3402 1341 nos
3424 1286 3508 1339 di-

1920 1378 2056 1446 ligit,
2085 1393 2267 1431 sumus
2302 1376 2444 1431 enim
2491 1377 2731 1430 membra
2774 1377 2889 1446 ejus
2935 1386 2992 1431 et
3030 1392 3185 1441 caro,
3208 1376 3346 1431 sicut
3378 1376 3508 1429 dicit

1922 1466 2066 1521 idem
2094 1466 2286 1521 beatus
2313 1465 2602 1535 Apostolus
2628 1483 2640 1517 :
2666 1463 2782 1521 Hoc
2802 1484 2936 1519 nunc
2958 1484 3016 1521 os
3045 1484 3108 1521 ea:
3137 1466 3336 1521 ossibus
3357 1466 3503 1529 meis,

1921 1570 1969 1612 et
1999 1576 2119 1613 caro
2148 1559 2211 1611 de
2239 1575 2394 1611 carne
2422 1574 2533 1610 mea
2559 1575 2574 1611 :
2598 1568 2976 1611 sacramentum
3005 1557 3102 1612 hoc
3135 1575 3379 1629 magnum
3408 1567 3504 1620 est,

1922 1667 2015 1721 ego
2036 1660 2205 1703 autem
2226 1650 2341 1703 dico
2357 1650 2409 1701 in
2432 1647 2636 1703 Christo
2656 1659 2703 1702 et
2724 1651 2776 1703 iu
2802 1649 3034 1702 Ecclesia
3052 1647 3204 1719 (Gen.
3226 1665 3262 1702 ιι
3278 1666 3291 1712 ;
3310 1647 3503 1719 Ephes.

1878 1760 1883 1765 ·
1922 1742 1998 1809 v).
2031 1738 2374 1794 Exsultemus
2416 1752 2563 1807 ergo,
2596 1739 2805 1802 fratres,
2848 1739 2986 1794 sicut
3024 1739 3099 1793 ait
3126 1738 3419 1809 Scriptura,
3453 1739 3505 1792 iu

222 1830 505 1886 nerationi
540 1829 953 1884 resurrectionis
997 1830 1241 1899 praestitit
1288 1830 1538 1897 gratiam,
1578 1830 1629 1883 in
1672 1830 1824 1898 cujus
1857 1831 1898 1888 Β
1927 1829 2029 1883 hac
2072 1829 2159 1884 die
2203 1828 2416 1882 Domini
2457 1828 2784 1883 exsultemus
2825 1830 3002 1897 plane,
3034 1830 3159 1899 quia
3200 1845 3323 1884 cum
3368 1830 3508 1883 votis

221 1920 601 1990 generationis
629 1927 872 1987 tempore
904 1920 1215 1985 resurrexit,
1244 1919 1339 1973 sed
1366 1921 1529 1974 etiam
1559 1923 1823 1979 secuturis

221 2018 424 2081 postea
453 2010 666 2079 populis
695 2010 797 2066 hoc
827 2009 1077 2078 providit,
1109 2018 1167 2064 ut
1194 2010 1343 2081 prius
1371 2026 1611 2065 essemus
1638 2010 1705 2065 de
1738 2026 1823 2065 re-

221 2101 569 2156 surrectione
607 2101 786 2154 securi
824 2115 986 2168 quam
1033 2101 1100 2155 de
1144 2109 1321 2156 morte
1345 2101 1589 2168 solliciti;
1615 2109 1668 2155 et
1698 2110 1823 2156 ante

222 2206 358 2246 eum
388 2189 501 2245 Deo
529 2190 836 2244 viveremus
864 2191 919 2244 in
957 2192 1127 2254 cmlis,
1159 2206 1318 2260 quam
1358 2207 1480 2246 cum
1517 2191 1827 2248 hominibus

224 2296 682 2338 conversaremus
727 2282 778 2335 in
826 2283 1003 2337 terris.
1053 2282 1110 2337 In
1147 2282 1427 2338 Salvatore
1462 2284 1607 2338 enim
1635 2298 1825 2338 omnes

225 2374 653 2439 resurreximus,
682 2389 871 2429 omnes
909 2375 1216 2439 revisimus,
1250 2391 1436 2430 omnes
1476 2374 1545 2429 ad
1584 2375 1825 2430 cmlestia

228 2464 764 2531 transmigravimus;
813 2472 897 2519 est
939 2465 1080 2519 enim
1132 2466 1186 2519 in
1232 2465 1324 2519 illo
1370 2464 1569 2521 Christi
1607 2466 1824 2520 homine

229 2555 657 2624 uniuscujusque
688 2562 927 2610 nostrum
959 2565 984 2593 ο
1015 2557 1193 2611 carnis
1221 2564 1276 2612 et
1302 2558 1577 2627 sanguinis
1604 2558 1780 2627 portio
1808 2576 1820 2610 :

224 2645 327 2699 ubi
366 2659 499 2713 ergo
534 2645 713 2713 portio
743 2660 860 2699 mea
891 2654 1109 2715 regnat,
1137 2660 1366 2716 regnare
1392 2663 1481 2703 me
1507 2649 1701 2715 credo;
1734 2650 1824 2704 ubi

222 2736 543 2791 dominatur
586 2737 801 2806 sanguis
841 2752 1024 2803 meus,
1066 2754 1154 2793 me
1194 2741 1369 2795 sentio
1411 2740 1707 2806 dominari;
1734 2741 1824 2796 ubi

222 2828 566 2899 gloriﬁcatur
600 2844 726 2884 caro
766 2845 905 2894 mea,
935 2845 1021 2884 me
1059 2831 1350 2899 gloriosum
1386 2846 1505 2887 esse
1533 2846 1821 2901 cognosco.

222 2920 492 2987 Quamvis
520 2916 539 2957 ί
563 2918 707 2973 enim
735 2928 987 2989 peccator
1014 2920 1082 2975 de
1110 2922 1211 2976 hac
1240 2930 1417 2977 tamen
1448 2924 1827 2979 communione

221 3013 421 3082 gratia:
460 3028 569 3068 non
598 3010 819 3076 difﬁdat,
849 3013 974 3081 quia
1001 3014 1101 3068 etsi
1133 3026 1353 3083 peccata
1381 3030 1481 3069 nos
1514 3016 1825 3085 prohibent,

222 3105 535 3164 substantia
564 3120 663 3159 nos
689 3105 942 3173 requirit;
973 3106 1077 3161 etsi
1104 3106 1301 3160 delicta
1344 3107 1561 3177 propria
1601 3124 1701 3163 nos
1732 3124 1828 3162 ex-

1931 1925 1947 1972 t
1997 1919 2208 1975 Domini
2244 1920 2593 1987 gratulamur,
2634 1920 2801 1987 magis
2849 1928 3031 1973 nostra
3078 1928 3201 1973 vota
3240 1934 3507 1975 curamus.

1928 2010 1951 2049 ¹ι
1981 2010 2118 2077 Quid
2146 2011 2290 2064 enim
2316 2010 2446 2065 dicit
2474 2011 2773 2080 propheta?
2803 2008 2818 2047 ¹
2855 2009 2983 2065 Ηωε
3009 2018 3084 2064 est
3113 2012 3221 2064 dies
3259 2027 3411 2081 quam
3436 2012 3512 2080 fe—

1925 2105 1996 2157 cit
2022 2103 2297 2158 Dominus.
2350 2103 2529 2157 Bonus
2556 2102 2719 2173 476
2743 2104 2899 2173 plane
2927 2104 3063 2169 dies,
3092 2104 3181 2171 qui
3211 2103 3383 2155 lucem
3431 2100 3512 2154 iu-

1926 2193 2047 2247 tulit
2072 2193 2360 2260 universis,
2380 2208 2565 2246 verum
2598 2208 2703 2246 non
2737 2191 2893 2260 hujus
2919 2192 3097 2246 saeculi
3125 2192 3319 2254 lucem,
3354 2200 3390 2226 ω
3419 2188 3512 2244 sed

1925 2283 2339 2338 resurrectionis
2377 2291 2619 2349 aeterme;
2658 2282 2749 2336 lux
2777 2282 2918 2336 enim
2956 2282 3055 2338 ista
3094 2296 3200 2336 non
3232 2282 3512 2349 caliginem

1928 2376 2104 2431 noctis
2126 2375 2337 2441 detulit,
2363 2375 2459 2430 sed
2489 2375 2677 2429 mortis
2704 2374 2953 2429 tenebras
2974 2374 3288 2443 amputavit.
3311 2372 3513 2440 Bonus,

1927 2468 2162 2537 inquam,
2195 2466 2328 2532 dies,
2361 2476 2417 2521 et
2441 2466 2633 2522 melior
2653 2467 2742 2523 hic
2769 2482 2931 2535 quam
2955 2467 3043 2521 ille
3066 2467 3121 2520 in
3148 2481 3256 2535 quo
3287 2466 3515 2535 primum

1928 2559 2159 2614 mundus
2197 2559 2388 2614 enituit
2432 2560 2565 2614 :ille
2613 2559 2757 2615 eniln
2804 2559 3113 2615 hominibus
3159 2559 3227 2613 ad
3277 2560 3516 2615 laborem

1928 2664 2141 2711 creatus
2182 2663 2281 2721 est,
2320 2655 2408 2710 hic
2448 2654 2619 2711 factus
2659 2663 2742 2709 est
2778 2654 2845 2709 ad
2874 2654 3141 2723 quietem;
3174 2654 3263 2708 ille
3288 2662 3516 2709 mortem

1928 2750 2141 2814 meruit,
2170 2750 2258 2805 hic
2287 2749 2624 2804 formidinem
2654 2750 2846 2804 mortis
2873 2750 3073 2813 evasit;
3101 2751 3189 2805 ille
3216 2750 3374 2805 bonis
3400 2766 3517 2804 ma-

1928 2840 2101 2910 lisque
2117 2840 2415 2896 communis
2436 2848 2537 2904 est,
2561 2840 2648 2895 hic
2668 2840 2917 2910 prOprius
2938 2849 3022 2896 est
3043 2840 3313 2909 justorum
3334 2858 3349 2902 ;
3379 2842 3518 2898 illius

1929 2931 2035 2987 diei
2057 2932 2148 2985 lux
2170 2932 2405 2987 tenebris
2425 2940 2450 2967 η
2475 2932 2751 3001 sepelitur,
2774 2930 2933 3000 hujus
2951 2931 3057 2986 diei
3082 2932 3336 3001 splendor
3356 2933 3519 2987 etiam

1929 3023 2233 3093 sepulturas
2258 3023 2557 3089 illuminat;
2582 3022 2651 3077 ad
2677 3031 3007 3093 postremum
3039 3022 3183 3078 illius
3209 3023 3316 3078 diei
3344 3023 3523 3079 lucem

1929 3104 2129 3170 mortui
2157 3130 2264 3169 non
2290 3114 2494 3179 vident,
2525 3112 2685 3182 hujus
2711 3114 2816 3168 diei
2857 3114 3036 3168 lumen
3066 3114 3227 3168 etiam
3256 3113 3531 3169 defunctis

224 3200 480 3262 cludunt,
512 3202 717 3252 natura:
743 3199 1051 3252 communio
1080 3214 1187 3253 non
1215 3199 1456 3269 repellit;
1488 3215 1613 3254 nam
1643 3210 1668 3247 8
1700 3216 1829 3271 pro—
1852 3203 1899 3265 C
1931 3205 2171 3271 emicuit,
2200 3204 2340 3259 sicut
2368 3206 2442 3258 ait
2470 3205 2733 3273 propheta
2768 3222 2780 3256 :
2815 3202 2917 3267 Qui
2943 3205 3186 3258 sedebant
3223 3206 3277 3259 in
3312 3206 3521 3275 regione

223 3300 351 3362 pter
371 3289 675 3345 bonitatem
704 3289 1022 3355 Divinitatis,
1050 3291 1372 3360 peculiarem
1397 3292 1550 3348 nobis
1576 3292 1827 3349 Salvator

224 3383 390 3438 debet
418 3380 692 3446 aﬂ’ectum,
722 3382 927 3437 scilicet
948 3383 1072 3452 quia
1097 3384 1234 3439 sicut
1263 3385 1404 3442 Deus
1428 3394 1613 3441 uoster
1634 3388 1684 3441 in
1710 3388 1826 3458 ipso

223 3486 335 3543 est,
379 3476 457 3530 ita
506 3482 563 3529 et
609 3476 823 3543 sanguis
850 3483 1039 3530 noster
1065 3476 1119 3530 in
1146 3476 1240 3532 illo
1272 3485 1375 3532 est.
1404 3477 1825 3534 Misericordiam

225 3568 396 3637 igitur
423 3567 557 3620 mihi
583 3567 743 3621 debet
768 3575 1026 3636 pnestare
1065 3568 1345 3636 Divinitas,
1377 3570 1825 3626 necessitudinem

223 3661 493 3716 exhibere
517 3657 679 3713 debet
707 3657 972 3726 afﬁnitas;
1002 3673 1178 3728 neque
1206 3660 1348 3714 enim
1370 3667 1479 3714 tam
1500 3661 1721 3717 immitis
1744 3669 1828 3716 est

1931 3294 2126 3348 umbra:
2153 3296 2353 3357 mortis,
2387 3295 2477 3348 tua:
2506 3302 2621 3347 orta
2651 3304 2727 3347 est
2752 3303 2775 3329 ο
2810 3296 2884 3347 eis
2915 3293 3091 3365 (Joan.
3122 3294 3221 3363 ix).
3255 3294 3521 3348 Lmtemur

1931 3401 2062 3456 ergo
2092 3386 2144 3441 in
2175 3386 2277 3441 hac
2304 3385 2410 3451 die,
2433 3400 2551 3454 qua:
2593 3393 2650 3439 et
2686 3384 2839 3439 vivos
2867 3384 3260 3453 circumfulget,
3288 3393 3343 3438 et
3370 3400 3520 3438 mor-

1933 3488 2055 3534 tuos
2082 3477 2334 3544 viviﬁcat,
2360 3487 2416 3533 et
2442 3486 2700 3533 venturos
2728 3478 3014 3542 illuminat,
3042 3478 3180 3531 sicut
3218 3477 3293 3529 ait
3329 3477 3545 3530 beatus“

1933 3568 2272 3640 Evangelista
2302 3588 2313 3622 ε
2339 3568 2471 3624 Erat
2496 3570 2725 3626 luxmera
2754 3584 2869 3639 qua:
2905 3568 3165 3621 illuminat
3190 3583 3391 3621 onmem
3423 3567 3517 3621 ho-

1932 3663 2123 3717 minem
2152 3663 2433 3716 venientem
2460 3662 2517 3714 in
2548 3660 2683 3713 hunc
2705 3657 2953 3713 mundum
2984 3657 3163 3728 (Joan.
3188 3657 3250 3725 ι).

1615 3773 1883 3835 SERMO
1926 3774 2141 3835 XXX.

1359 3869 1438 3923 De
1464 3871 1643 3926 eadem
1672 3872 1946 3927 Paschalis
1964 3874 2289 3927 solemnitate
2320 3871 2345 3925 1
2358 3870 2402 3925 ι.

1675 3960 2067 4015 ADMONITIO.

300 4049 361 4105 In
390 4046 1026 4120 appendice‘sermonum
1046 4046 1217 4102 sancti
1246 4046 1525 4120 Augustini
1542 4065 1701 4120 Anum.
1726 4048 1829 4102 164
1849 4066 1879 4103 a
1901 4050 2157 4120 Maurinis
2184 4049 2274 4104 hic
2301 4065 2479 4106 sermo
2506 4050 2819 4118 collocatus,
2852 4050 2903 4105 in
2933 4051 3118 4107 codice
3147 4051 3457 4109 Novariensi
3488 4052 3519 4106 2

224 4116 441 4189 legitur
459 4116 632 4172 sancti
662 4116 876 4189 Maximi
905 4117 1212 4189 decoratus
1217 4118 1471 4171 nomine:
1504 4118 1661 4189 eique
1689 4120 1908 4173 omnino
1948 4119 2142 4173 ascribi
2181 4128 2457 4189 oportere,
2496 4137 2563 4176 ex
2605 4121 2767 4189 stylo,
2803 4116 3086 4189 phrasibus
3132 4124 3519 4188 sententiisque

228 4185 401 4260 plane
432 4203 761 4256 cognoscere
788 4187 978 4260 cuique
1000 4187 1145 4260 licet.
1174 4185 1361 4260 Exstat
1389 4185 1603 4260 quoque
1634 4188 1685 4260 in
1712 4188 1898 4243 codice
1918 4185 2247 4260 ATaurinens'i
2276 4205 2396 4243 cum
2428 4191 2582 4244 titulo
2609 4208 2621 4242 ε
2656 4185 2785 4242 Item
2806 4185 2863 4243 'et
2892 4190 2953 4260 de
2979 4191 3185 4244 Pascha
3214 4209 3379 4246 sermo
3422 4185 3518 4260 l’l,

222 4256 390 4328 cujus
420 4260 709 4314 lectionem
733 4272 855 4312 cum
884 4256 1127 4317 Maurina
1149 4272 1311 4327 supra
1339 4256 1553 4311 laudata
1574 4258 1849 4324 collatam,
1880 4258 1996 4328 ejus
2025 4260 2256 4313 maxime
2285 4260 2513 4314 similem
2543 4275 2663 4314 esse
2688 4259 3064 4329 comperimus.

223 4373 632 4429 Ancuusuruu.
663 4401 734 4410 —
755 4370 958 4424 Christo
988 4368 1211 4423 Domino
1250 4369 1491 4433 redivivo,
1515 4386 1661 4440 quem
1690 4371 1826 4440 ﬁgu-

300 4460 380 4497 rae
409 4458 587 4497 omnes
616 4442 797 4495 veteris
827 4440 1029 4510 {aderis
1057 4442 1416 4509 promiserant,
1447 4450 1698 4494 creatura:
1726 4457 1825 4510 ap-

300 4514 563 4584 plaudunt
592 4512 860 4575 universae,
886 4526 1077 4581 nosque
1107 4510 1482 4580 quodammodo
1516 4511 1747 4564 excitant
1775 4520 1831 4565 ut

303 4660 333 4688 ⁸
362 4648 539 4704 Codd.
560 4647 677 4701 Vat.
707 4645 865 4713 1270,
888 4644 1045 4709 6451,
1071 4651 1127 4699 et
1145 4644 1251 4715 duo
1264 4644 1469 4709 Casin.,
1489 4645 1681 4715 quibus
1697 4661 1828 4700 con-

220 4721 426 4777 formis
446 4727 530 4773 est
544 4717 744 4786 .Vallic.
764 4732 871 4780 χιχ,
892 4716 989 4786 qui
1018 4722 1196 4769 tamen
1219 4714 1379 4770 habet
1398 4714 1535 4786 quod
1562 4731 1659 4785 pro
1682 4717 1822 4785 quia.

302 4791 334 4829 Ῐο
364 4789 503 4843 Cod.
533 4788 655 4842 Vat.
684 4784 842 4849 6451,
876 4784 1174 4854 Quicunque
1194 4786 1347 4840 enim.

304 4872 332 4899 ε
367 4858 534 4913 Iidem
564 4858 685 4911 cod.
714 4873 748 4909 ιι
774 4856 830 4910 S.
860 4854 1046 4909 Crucis
1073 4854 1291 4919 Minor.,
1313 4857 1436 4911 Vat.
1464 4854 1624 4923 6551,
1646 4864 1701 4909 ει
1721 4854 1828 4909 duo

216 4931 444 4989 Casin.,
470 4927 539 4981 Et
568 4930 684 4981 licet
704 4943 795 4979 nos
819 4926 1051 4978 adhuc...
1084 4935 1311 4979 maneat.

298 5001 329 5038 δ
368 4999 539 5052 Iidem
568 4996 724 5052 codd.
756 5011 790 5049 ιι
826 4994 882 5048 S.
913 4994 1097 5049 Crucis
1142 4994 1362 5062 Minor.,
1392 5005 1447 5049 et
1475 4994 1666 5050 Vallic.
1698 4994 1738 5048 A
1769 4993 1822 5058 9,

212 5074 277 5126 in
323 5069 604 5124 Saluatore
632 5078 799 5120 tamen
830 5064 1121 5127 didicimus,
1150 5073 1255 5119 etc.
1284 5063 1417 5119 Cod.
1448 5064 1572 5119 Vat.
1606 5064 1735 5120 6451
1772 5074 1829 5119 ει

212 5144 346 5196 duo
367 5137 551 5191 Casin.
576 5136 777 5190 habent
797 5144 935 5187 tunc.

301 5221 334 5247 ο
368 5208 536 5262 Iidem
557 5205 713 5261 codd.
740 5222 775 5259 ιι
879 5203 1070 5257 Crucis
1094 5202 1310 5265 Minor.,
1335 5203 1459 5257 Vat.
1485 5204 1641 5266 1270,
1666 5202 1827 5268 6451,

207 5290 279 5337 et
305 5279 429 5335 duo
458 5276 663 5341 Casin.,
694 5291 838 5341 caro,
854 5274 1074 5343 sanguis
1099 5282 1147 5326 et
1174 5275 1361 5343 portio.

306 5350 331 5387 ι
368 5347 516 5401 Idem
544 5340 668 5400 cod.
694 5361 730 5399 ιι
754 5340 1021 5415 δζςιύεἱε
1057 5340 1211 5415 Μὶιιζ,
1243 5340 1486 5406 Quamvis
1525 5344 1683 5415 igitur
1715 5360 1831 5413 pec-

205 5429 409 5476 cator.
435 5415 568 5470 Cod.
600 5416 722 5469 Vat.
753 5421 809 5468 et
835 5413 1015 5467 Casin.
1048 5412 1302 5467 omittunt
1332 5422 1521 5466 tamen.

300 5500 333 5536 ε
370 5485 599 5541 Ita'cod.
630 5484 751 5537 Vat.
786 5483 942 5537 1270.
1282 5532 1287 5537 .

296 5558 332 5597 ιι
367 5557 517 5610 Idem
544 5554 666 5609 cod.
701 5570 732 5608 ιι
755 5554 811 5607 S.
838 5552 1022 5607 Crucis
1048 5551 1239 5625 Minor.
1263 5552 1393 5625 legit
1418 5570 1429 5605 :
1453 5560 1510 5606 ut
1538 5569 1685 5625 quem
1706 5570 1830 5625 cau-

202 5649 279 5685 u
334 5628 445 5680 mei
483 5626 780 5693 susceperit,
823 5624 1187 5693 meyrequirat,
1222 5639 1324 5675 non
1352 5623 1585 5693 inquam,
1615 5632 1718 5677 etc.
1750 5623 1826 5677 lta

204 5697 398 5755 codd.
433 5695 552 5748 Vat.
588 5691 724 5746 1270
754 5701 806 5747 et
830 5691 989 5757 6451,
1009 5691 1072 5745 ut
1100 5708 1245 5763 quem
1271 5691 1431 5745 causa
1458 5695 1556 5748 mei
1585 5696 1824 5761 suscepit,

200 5788 339 5826 nos:
371 5782 529 5820 causa
550 5765 660 5836 ejus
688 5781 830 5835 quem
853 5763 1127 5834 susceperit
1154 5779 1235 5816 me
1260 5763 1505 5832 requirat.

2006 4370 2135 4443 Regi
2176 4380 2351 4443 nostro
2395 4372 2728 4443 gratulemur,
2776 4379 2825 4425 et
2875 4372 2992 4425 vita:
3033 4372 3331 4425 innocentia
3369 4382 3517 4443 parta

2044 4441 2117 4502 ius
2139 4441 2305 4511 gloria
2328 4441 2675 4511 perfruamur.

2002 4458 2031 4494 e
2056 4458 2117 4493 us
2139 4458 2305 4511 gloria
2328 4458 2675 4511 perjruamur.

1858 4476 1906 4536 θ
2002 4458 2185 4580 dgnus
2213 4511 2303 4566 ille
2331 4512 2534 4581 legalis,
2566 4512 2721 4582 cujus
2747 4512 3116 4567 immolatione
3141 4512 3392 4582 antiquus
3412 4511 3517 4566 He-

2009 4642 2022 4682 ί
2058 4643 2201 4719 Cod.
2222 4644 2803 4719 Vallicell.,HaAliemus
2826 4648 3219 4719 praerogativam
3247 4648 3515 4719 sanguinis

1930 4715 2094 4769 nostri
2122 4716 2482 4776 substantiam,
2506 4718 2561 4769 in
2592 4717 2816 4778 Christo,
2842 4725 2947 4772 etc.

2003 4788 2017 4835 l
2056 4781 2189 4838 Cod.
2211 4801 2259 4858 ξι
2288 4785 2349 4858 S.
2376 4783 2563 4858 Crucis
2589 4785 2807 4858 Minor},
2832 4789 2951 4857 quia
2976 4803 3089 4840 cum
3114 4787 3240 4840 votis
3261 4785 3371 4841 Deo
3393 4806 3515 4858 gra-

1930 4856 2168 4909 tulemur.
2201 4853 2335 4909 Cod.
2366 4852 2547 4907 Casin.
2582 4854 2703 4919 104,
2735 4852 2980 4910 Domino.

2003 4923 2030 4961 κ
2059 4922 2193 4978 Cod.
2226 4941 2261 4978 ιι
2289 4924 2347 4977 S.
2368 4921 2557 4978 Crucis
2580 4923 2793 4992 Miuor.,
2828 4924 2965 4989 Quid
2996 4934 3071 4979 est
3100 4924 3194 4979 hoc
3222 4926 3360 4996 quod
3391 4928 3516 4983 dicit

2003 4993 2180 5030 ηηΙιοηι
2198 4996 2220 5030 ⁸)
2247 4994 2343 5030 H31-
2371 5002 2447 5030 nr
2469 4993 2576 5030 ιΙὸοε
2600 5011 2748 5030 mmm
2803 5004 2888 5030 nln

1932 4993 2220 5065 prapheta?
2241 4994 2348 5076 Hic
2371 5002 2447 5047 est
2469 4993 2576 5047 dies
2600 5004 2907 5077 quamnetc.
3089 5065 3100 5077 .
3234 4993 3243 4996 ⁷

1931 5061 2231 5189 ὺθὲιῧῆῗεᾱ.
2262 5080 2407 5119 enim
2440 5064 2556 5118 Vat.
2592 5073 2647 5118 et
2670 5063 2851 5120 Casm.
2881 5065 3176 5120 masculino
3203 5079 3401 5134 genere
3423 5069 3517 5122 ha-

1969 5150 2060 5189 ent
2086 5150 2209 5188 Inc.

2004 5216 2043 5276 πξι
2076 5203 2209 5276 (ᾖοᾶί
2255 5204 2577 5276 νξιῐεν1270,
2615 5205 3001 5259 resurrectionis
3046 5204 3178 5276 ejus,
3226 5206 3514 5276 etc.rldem

1931 5275 2052 5331 cod.
2082 5274 2140 5329 S.
2170 5273 2357 5329 Crucis
2377 5275 2569 5329 Minor.
2593 5276 2738 5329 addit
2766 5276 2896 5345 ejus,
2920 5273 3142 5339 (sternte,
3169 5284 3297 5341 etc.;
3322 5275 3515 5331 deinde

1930 5345 2275 5415 prosequitur
2307 5364 2320 5398 :
2352 5345 2662 5416 exspuemus
2692 5363 2833 5416 ergo,
2866 5348 3074 5415 fratres,
3107 5346 3237 5416 sicut
3273 5347 3347 5398 ait
3377 5346 3516 5401 Scri-

1936 5414 2103 5481 Dtura,
2128 5416 2181 5467 in
2204 5416 2301 5467 hac
2322 5416 2403 5467 die
2426 5415 2653 5468 Domini.
2688 5414 2801 5469 Lua:
2830 5414 2983 5477 enim,
3011 5426 3115 5470 etc.
3140 5414 3273 5469 Cod.
3297 5416 3511 5476 Vallic..

1934 5485 2024 5537 sed
2065 5487 2453 5539 resurrectionis
2499 5493 2706 5539 (eterna:
2750 5499 2924 5540 veram
2971 5486 3132 5538 lucem
3172 5486 3510 5540 demonstrat.

1936 5553 2054 5607 Lua:
2082 5556 2214 5609 enim
2242 5556 2363 5617 ista,
2395 5562 2497 5608 etc.

2002 5632 2027 5658 η
2058 5623 2625 5696 Cod._Vallicell._}1x_,
2654 5626 2917 5696 repellitur
2949 5641 3048 5696 pro
3076 5625 3340 5696 sepelitur.

2004 5701 2028 5728 ο
2057 5693 2224 5776 Codd.
2251 5693 2370 5749 Vat.
2404 5692 2558 5761 1270,
2580 5694 2687 5751 duo
2710 5692 2894 5752 Casin.
2918 5692 2974 5751 et
2995 5692 3248 5749 ValliCell.
3276 5708 3382 5757 xix,
3406 5692 3511 5745 illis

1932 5779 2030 5831 pro
2058 5780 2149 5817 ets.
