4054 6190
512 290 615 343 $95

1729 285 1786 340 S.
1805 285 2074 340 MAXIM!
2115 285 2567 345 TAURINENSIS

3683 287 3800 341 596

515 403 779 456 brieorum
819 401 1052 472 populus
1080 399 1345 472 Egyptian
1373 398 1645 453 servitutis
1669 397 1856 466 jugum
1885 397 2100 464 abjecit,
2132 406 2180 462 Α
2207 402 2347 457 sicut
2370 417 2530 456 omne
2550 402 2692 471 quod
2715 403 2766 455 in
2798 401 2958 454 rebus
2991 398 3256 465 subsistit,
3299 397 3475 452 divina
3512 395 3802 466 dispensa-

513 493 785 560 quomodo
825 492 1153 547 multimodis
1200 491 1554 547 sacramentis
1597 491 1865 546 veriorem
1903 498 2103 552 sancta:

513 581 770 638 Ecclesia:
789 583 1019 638 hostium
1049 573 1109 637 in
1135 581 1302 650 ﬁgura
1340 581 1420 635 sui
1453 581 1745 644 contineat,
1778 587 1906 636 tunc
1933 581 2105 650 potis-

514 673 706 728 simum
755 674 867 744 ipsa
917 689 1095 728 rerum
1141 673 1368 726 veritate
1416 671 1701 741 probatum
1744 679 1845 734 est,
1889 669 2105 738 quando

519 765 724 819 Pascha
759 774 989 820 nostrum
1012 765 1305 818 immolatus
1328 772 1403 817 est
1439 761 1693 824 Christus,
1720 763 1806 833 qui
1835 762 1968 814 sicut
1997 760 2104 814 ovis

518 856 587 909 ad
615 859 922 910 occisionem
951 855 1131 908 ductus
1159 862 1254 919 est,
1301 861 1349 905 et
1389 854 1517 905 sicut
1565 868 1729 922 agnus
1773 866 1948 903 coram
1989 858 2105 902 ton-

518 948 668 1001 dente
692 965 746 1001 sc
773 948 884 1001 sine
922 963 1062 1013 voce,
1094 947 1166 998 sic
1195 962 1300 998 non
1328 942 1529 1013 aperuit
1555 960 1612 996 os
1641 959 1789 995 suum
1811 937 1967 1008 (lsai.
1993 956 2102 1006 Llll,

519 1033 549 1089 1
584 1034 704 1090 Cor.
748 1037 826 1105 v).
875 1035 979 1091 Iste
1013 1045 1095 1090 est
1123 1049 1292 1102 agnus
1319 1035 1408 1106 qui
1451 1033 1504 1086 in
1545 1032 1700 1086 altari
1729 1033 1902 1087 crucis
1930 1031 2107 1086 hostia

521 1127 638 1180 viva
659 1125 770 1180 Deo
795 1125 939 1179 Patri
963 1142 1060 1196 pro
1083 1122 1238 1179 nobis
1260 1126 1310 1178 in
1334 1125 1553 1179 odorem
1579 1123 1858 1178 suavitatis
1873 1121 2106 1190 oblatus,

520 1220 802 1273 transitum
834 1220 988 1273 nobis
1011 1219 1078 1273 de
1106 1219 1326 1286 regione
1355 1217 1558 1270 uman
1595 1215 1785 1269 mortis
1814 1215 1878 1268 ad
1909 1222 2108 1269 terram

521 1309 953 1379 repromissionis
982 1309 1256 1378 patefecit.
1299 1309 1424 1372 Iste,
1457 1309 1694 1376 inquam,
1727 1307 1819 1376 qui
1847 1305 2004 1360 simul
2029 1306 2106 1359 vi-

521 1401 682 1455 ctima
721 1405 777 1454 et
813 1399 1086 1464 sacerdos,
1117 1415 1332 1454 omnem
1378 1398 1579 1452 veteris
1615 1396 1901 1452 sacerdotii
1932 1401 1988 1450 et
2022 1411 2111 1449 sa-

521 1493 707 1547 criﬁcii
738 1493 982 1546 umbram
1005 1491 1151 1545 clara
1175 1506 1310 1546 voce
1333 1489 1642 1549 revelando.
1672 1489 1858 1556 ﬁguris
1874 1495 1928 1543 et
1946 1488 2110 1555 amig-

520 1583 753 1637 matibus
775 1582 935 1636 ﬁnem
959 1583 1215 1653 imposuit
1238 1601 1250 1634 :
1271 1597 1414 1637 novo
1435 1589 1616 1636 autem
1638 1579 1889 1634 Ecclesiae
1909 1579 2109 1650 p0pulo
2153 1613 2166 1626 .

521 1687 717 1729 novum
763 1675 1124 1730 sacerdotium
1161 1682 1216 1728 et
1258 1689 1456 1728 novum
1497 1671 1816 1730 sacriﬁcium
1859 1671 2106 1734 initiavit,

2210 493 2359 548 tione
2386 489 2620 548 hominis
2646 492 2874 562 imperio
2900 491 3096 556 servit;
3129 489 3210 546 sic
3237 488 3307 544 de
3333 489 3509 544 salute
3559 489 3800 544 humana

2206 584 2457 638 omnibus
2483 598 2588 636 una
2613 581 2902 637 exsultatio
2924 581 3200 636 incumbit.
3225 579 3360 634 Cum
3383 579 3543 647 igitur
3569 595 3669 649 pro
3687 580 3796 634 1ιο⁴

2207 676 2352 730 mine
2383 676 2558 731 omnis
2582 682 2828 729 creatura
2859 674 3022 728 tantis
3049 672 3262 727 indiciis
3290 673 3400 728 suis
3425 672 3617 741 gaudia
3637 687 3806 727 mon~

2207 774 2364 830 stret,
2389 779 2727 834 consequens
2752 773 2854 828 est,
2884 773 2945 818 ut
2963 765 3031 819 ab
3060 763 3368 818 hominibus
3393 763 3522 832 ipsis
3550 764 3804 817 testimo-

2209 857 2296 911 nia
2326 856 2448 910 talis
2469 855 2666 910 laetitia:
2695 870 2801 909 non
2826 854 3044 910 desinit.
3073 851 3417 921 Prteﬁgurata
3437 861 3524 908 est
3544 852 3595 906 in
3618 861 3809 920 proto-

2208 947 2383 1016 plasto
2431 946 2602 1000 Adam
2648 945 2846 1000 Christi
2876 944 3222 1010 resurrectio,
3248 943 3376 1012 quia
3395 943 3536 996 sicut
3561 942 3652 996 ille
3673 950 3807 1011 post

2208 1053 2462 1108 soporem
2515 1051 2738 1105 surgens
2788 1035 2955 1089 Evam
3010 1036 3078 1090 de
3132 1035 3300 1090 latere
3347 1051 3447 1089 suo
3483 1034 3804 1089 fabricatam

2210 1132 2428 1200 agnovit
2457 1129 2612 1201 (Cen.
2640 1130 2751 1197 rx);
2783 1131 2860 1183 ita
2886 1129 3132 1184 Christus
3159 1145 3190 1183 a
3219 1136 3394 1183 morte
3424 1143 3708 1198 resurgens
3731 1145 3804 1183 ex

2209 1222 2373 1293 478
2415 1222 2636 1276 vulnere
2673 1219 2858 1273 lateris
2902 1219 2983 1273 sui
3028 1216 3312 1272 aediﬁcavit
3339 1216 3650 1271 Ecclesiam.
3683 1217 3807 1272 Noe

2209 1327 2425 1382 quoque
2452 1313 2535 1366 vir
2556 1310 2789 1381 agricola
2812 1325 2933 1363 cum
2954 1308 3250 1378 plantasset
3294 1308 3529 1372 vineam,
3585 1317 3639 1361 et
3683 1308 3809 1362 ine-

2210 1404 2414 1457 hriatus
2439 1402 2567 1455 vino
2597 1400 2977 1463 obdormisset,
3011 1398 3389 1469 discoopertus
3404 1399 3611 1467 jaceret
3640 1400 3691 1452 in
3716 1405 3810 1452 ta-

2210 1493 2503 1549 bernaculo
2558 1507 2679 1560 suo,
2725 1500 2782 1546 et
2810 1490 3220 1560 expergefactus
3259 1505 3290 1544 a
3318 1506 3534 1555 somno,
3563 1489 3672 1544 ﬁlio
3699 1505 3808 1544 sun

2210 1585 2588 1642 verecundiam
2615 1597 2769 1638 suam
2792 1597 2900 1637 non
2926 1581 3123 1636 celanti
3148 1580 3492 1635 maledictum
3531 1588 3809 1649 perpetua:

2212 1676 2486 1733 servitutis
2499 1676 2802 1744 imponens,
2818 1672 3090 1727 Christum
3109 1671 3428 1741 signiﬁcavit
3450 1688 3464 1724 :
3478 1671 3575 1738 qui
3593 1670 3810 1726 vineam

521 1775 580 1820 ιιι
606 1766 858 1821 videlicet
887 1781 1082 1820 n0vum
1116 1765 1296 1819 vinum
1326 1765 1376 1818 in
1414 1771 1560 1818 utres
1588 1779 1756 1817 novos
1785 1763 2106 1817 mitteretur.
2144 1772 2187 1830 Β
2215 1768 2343 1826 fecit
2365 1769 2392 1807 b
2422 1767 2734 1830 Ecclesiam,
2765 1764 2920 1832 cujus
2941 1779 3126 1818 amore
3152 1763 3348 1833 poculo
3387 1762 3656 1832 passionis
3683 1763 3810 1816 ine-

522 1857 678 1923 Quod
703 1857 747 1910 si
776 1871 1001 1926 granum
1031 1854 1281 1909 frumenti
1308 1853 1508 1909 cadens
1542 1853 1594 1908 in
1625 1862 1844 1916 terram,
1883 1862 1938 1908 et
1963 1867 2111 1907 mor-

522 1957 672 2003 tuum
714 1956 824 2002 tam
870 1947 1186 2001 mirabiliter
1225 1947 1404 2001 omnia
1455 1945 1728 2000 innovavit
1765 1941 1988 2015 (Matth.
2035 1961 2110 2010 rx,

522 2033 684 2092 Ioan.
711 2038 830 2107 xtl),
856 2037 1024 2091 multo
1046 2036 1214 2104 magis
1238 2037 1290 2090 in
1321 2053 1380 2091 se
1405 2037 1522 2106 ipso
1545 2035 1838 2090 redivivum
1861 2051 1984 2090 cum
2005 2033 2115 2089 fru-

524 2136 614 2183 ctu
643 2129 1000 2198 multiplicato
1026 2141 1312 2195 resurgens
1339 2134 1531 2181 cuncta
1563 2121 1890 2189 fecundavit,
1921 2133 1977 2179 et
2004 2141 2112 2179 non

523 2218 682 2290 477
730 2219 904 2274 solum
960 2217 1324 2287 spiritualibus
1371 2216 1706 2271 rationabilis
1740 2224 1881 2269 terra
1936 2215 2114 2270 incre-

525 2311 744 2379 mentis,
792 2311 882 2365 sed
932 2318 987 2364 et
1017 2310 1145 2378 ipsis
1174 2309 1402 2364 terrenis
1422 2307 1717 2365 seminibus
1743 2308 1847 2362 hoc
1873 2315 2117 2376 tempore

529 2398 842 2468 ampliorem
867 2407 1186 2466 proventum
1209 2397 1378 2451 dedit.
1405 2395 1559 2452 Unde
1602 2395 1764 2452 modo
1793 2396 1844 2450 in
1875 2393 2118 2464 germina

529 2487 858 2556 erumpentis
884 2496 1039 2540 terra;
1063 2494 1175 2540 tota
1205 2487 1429 2540 hilarior
1448 2485 1634 2552 facies,
1668 2496 1694 2524 ι
1722 2487 1994 2541 variorum
2016 2485 2122 2540 fru—

527 2586 710 2633 ctuum
740 2587 955 2647 ornatu,
985 2593 1201 2632 omnem
1227 2576 1484 2632 hactenus
1524 2577 1677 2647 quasi
1722 2587 1991 2633 mortuam
2032 2591 2120 2631 re-

530 2683 646 2724 rum
674 2677 923 2722 naturam
955 2667 1254 2736 resurgenti
1282 2683 1380 2723 suo
1408 2667 1638 2723 Domino
1686 2667 2113 2723 conresuscitat:

527 2757 619 2811 ubi
647 2757 899 2811 arborum
947 2765 1005 2812 et
1048 2757 1334 2812 herbarum
1381 2763 1531 2826 grata
1584 2766 1860 2825 venustas,
1905 2759 2118 2813 diverso

527 2847 743 2916 quidem
773 2848 1071 2915 germinum
1101 2863 1345 2913 munere,
1369 2849 1486 2918 pari
1509 2856 1687 2902 tamen
1717 2857 1868 2916 gestu
1898 2848 2114 2912 lzetitiae,

525 2938 783 3005 singulari
812 2938 938 2993 huic
965 2938 1294 2992 solemnitati
1344 2938 1535 2992 festina
1584 2939 1839 2992 occurrit.
1874 2939 1949 2992 De
1995 2938 2116 2992 cmli

527 3035 705 3082 autem
738 3043 879 3082 nunc
912 3042 1081 3096 usque
1104 3027 1337 3096 quodam
1367 3028 1528 3084 modo
1557 3029 1717 3096 tristi,
1749 3029 1964 3084 tandem
1987 3045 2118 3085 vero

2217 1859 2441 1920 briatus,
2469 1865 2526 1911 et
2551 1864 2844 1924 assumpta:
2867 1854 3044 1909 carnis
3061 1853 3299 1920 tegmine
3325 1851 3578 1918 nudatus,
3604 1866 3636 1904 a
3657 1867 3813 1904 mor-

2217 1951 2325 2005 tuis
2347 1947 2663 2012 resurrexit,
2694 1947 2834 2001 sicut
2857 1945 2933 1998 ait
2963 1945 3078 2014 ipse
3106 1944 3161 1996 in
3188 1941 3423 1998 Canticis
3447 1960 3460 1994 :
3502 1941 3813 2010 Exspatiavi

2218 2058 2300 2095 me
2322 2041 2497 2092 tunica
2525 2054 2674 2102 mea,
2705 2034 2961 2108 quomodo
2992 2035 3182 2087 induar
3201 2032 3295 2086 illa
3318 2031 3493 2101 (Cant.
3523 2032 3618 2100 v)?
3638 2030 3814 2086 Jonas

2217 2146 2346 2185 vero
2369 2129 2601 2200 qualiter
2627 2134 2683 2182 et
2705 2127 2818 2196 ipse
2849 2125 2902 2180 in
2932 2139 2992 2179 se
3021 2123 3233 2177 Domini
3261 2128 3490 2176 mortem
3517 2129 3573 2176 et
3621 2136 3813 2175 resur-

2215 2220 2511 2276 rectionem
2537 2217 2864 2287 expresserit
2885 2214 3229 2283 cvangelieus
3275 2227 3456 2268 sermo
3485 2221 3670 2282 aperte
3713 2213 3814 2267 de-

2218 2313 2406 2368 clarat.
2439 2309 2572 2377 Quia
2605 2309 2787 2380 igitur,
2818 2307 3031 2372 fratres,
3076 2306 3254 2360 omnis
3281 2314 3528 2360 creatura
3575 2305 3814 2372 quodam

2183 2417 2198 2429 ’
2217 2403 2461 2459 caritatis
2483 2399 2684 2466 ofﬁcio,
2711 2405 2910 2454 nostra:
2935 2397 3095 2452 saluti
3116 2395 3418 2463 congaudct
3441 2393 3657 2464 (Matth.
3685 2395 3811 2463 xu),

2219 2502 2463 2550 nostrum
2512 2501 2597 2549 est
2635 2508 2702 2548 ex
2757 2491 2863 2546 hoc
2891 2489 3046 2546 nobis
3076 2489 3129 2542 in
3158 2503 3318 2542 usum
3363 2486 3580 2541 vivendi
3609 2486 3814 2555 aliquid

2220 2586 2472 2640 trahere:
2523 2599 2592 2639 ne
2633 2581 2934 2638 communis
2980 2578 3221 2634 omnium
3253 2577 3436 2632 laetitia
3453 2577 3544 2645 jus
3568 2593 3724 2632 suum
3755 2577 3813 2632 in

2221 2678 2376 2734 nobis
2425 2677 2658 2744 amittat,
2711 2689 2848 2744 quos
2896 2687 3076 2729 causa:
3117 2672 3284 2727 totius
3311 2685 3523 2725 summa
3552 2670 3604 2723 in
3633 2669 3815 2738 capite

2220 2774 2448 2838 spectat.
2502 2765 2571 2820 Et
2613 2766 2845 2834 primum
2873 2763 3090 2832 quidem
3119 2761 3268 2816 velut
3314 2775 3443 2816 oves
3471 2774 3684 2829 pascua:
3705 2759 3816 2815 Do-

2220 2858 2375 2926 mini,
2406 2857 2458 2911 in
2480 2871 2572 2910 ara
2601 2855 2800 2918 cordis,
2832 2855 2956 2922 igne
2978 2853 3221 2910 caritatis
3239 2851 3426 2914 assati,
3449 2851 3816 2919 nosmetipsos

2221 2948 2509 3004 offeramus
2528 2948 2762 3002 hostiam
2788 2947 3082 3013 viventem,
3105 2951 3348 2998 sanctam
3369 2941 3482 2997 Deo
3505 2942 3816 3012 placentem

2223 3040 2402 3112 (Rom.
2444 3037 2541 3108 xu)
2576 3057 2589 3092 :
2647 3046 2704 3093 et
2749 3038 2950 3109 azymis
2973 3036 3322 3092 continentiae
3357 3032 3680 3088 mortiﬁcata
3699 3033 3816 3103 jam

530 3120 649 3175 κατι
679 3120 815 3175 faeie
845 3121 970 3190 (luid
1002 3120 1198 3185 dicam:
1229 3135 1348 3188 (lum
1375 3119 1680 3188 aliquandi“
1706 3120 1818 3189 iam
1847 3120 2009 3176 densa
2032 3137 2120 3176 03-
2144 3134 2188 3194 C
2221 3133 2484 3187 habentes
2513 3131 2752 3184 membra
2776 3137 2962 3182 nostra
2994 3141 3115 3198 quae
3141 3135 3268 3181 sunt
3313 3141 3475 3195 super
3502 3134 3727 3191 terram,
3757 3123 3816 3182 id

526 3210 690 3280 ligine
710 3212 931 3265 nubium
963 3211 1220 3280 adoperta
1249 3211 1372 3265 teris
1399 3211 1555 3280 hujus
1577 3213 1807 3281 spatium
1830 3228 1991 3268 omne
2012 3223 2122 3268 tur-

527 3301 712 3360 bavit?
741 3301 807 3356 Et
827 3318 952 3357 ecce
982 3312 1206 3372 repente
1233 3303 1384 3371 quasi
1407 3303 1613 3372 justitia
1643 3302 1710 3358 de
1738 3304 1875 3359 ccelo
1921 3307 1973 3360 in
2003 3314 2116 3359 ter-

527 3410 642 3448 ram
670 3395 1032 3464 prospiciente
1061 3396 1195 3448 mira
1217 3395 1481 3449 serenitas
1509 3395 1708 3448 mundo
1733 3396 1956 3463 arridet,
1981 3403 2035 3451 et
2063 3397 2114 3450 in

531 3499 690 3537 unam
729 3484 966 3537 lmtitiam
1009 3484 1132 3539 coeli
1185 3493 1240 3539 ct
1281 3493 1438 3539 terra:
1486 3493 1611 3539 vota
1657 3495 2023 3540 concurrunt:
2058 3495 2117 3540 ut

527 3578 697 3633 Deum
725 3587 779 3632 et
807 3579 1080 3634 hominem
1108 3576 1381 3632 Christum
1426 3579 1700 3633 communi
1757 3579 2116 3634 exsultatione

526 3670 817 3738 excipiant,
848 3670 940 3737 qui
969 3683 1308 3724 communem
1349 3669 1629 3739 utriusque
1680 3684 1870 3738 pacem
1924 3667 2118 3722 aﬁerre

528 3766 774 3827 venerat,
799 3767 854 3813 et
873 3759 1109 3812 medium
1139 3759 1400 3827 parietem
1441 3761 1689 3814 maceria:
1737 3760 1952 3814 solvens
1994 3759 2120 3814 fecit

526 3859 754 3920 utraque
799 3867 964 3904 unum
1021 3849 1234 3918 (Ep/res.
1267 3849 1346 3916 ιι).
1399 3847 1535 3904 Hinc
1575 3859 1839 3904 astrorum
1877 3851 2117 3905 omnium

528 3941 720 4007 fomes,
774 3941 1033 4009 splendor
1071 3941 1158 3995 ille
1207 3941 1400 3994 solaris
1428 3956 1580 3994 suam
1610 3940 1799 3995 faciem
1828 3942 2116 3995 admodum

528 4039 770 4098 rogatam
795 4032 905 4099 jam
931 4030 1150 4098 jamque
1178 4037 1458 4100 expurgat,
1485 4039 1540 4086 et
1559 4031 1712 4101 quasi
1755 4045 1849 4086 rex
1897 4032 2118 4101 conspi-

528 4139 662 4179 cuus
701 4125 752 4179 in
810 4124 1112 4179 diademate
1141 4124 1332 4194 capitis
1359 4126 1458 4192 sui,
1489 4125 1543 4180 in
1571 4125 1659 4180 die
1685 4125 2118 4196 desponsationis

525 4231 657 4282 sure,
687 4224 744 4271 et
773 4217 827 4271 in
871 4217 958 4271 die
1001 4217 1197 4272 lretitia:
1243 4217 1423 4272 cordis
1467 4219 1572 4283 sui,
1604 4219 1919 4288 caaterisque
1947 4219 2120 4276 stellis

526 4307 674 4361 velut
694 4307 977 4363 comitibus
998 4309 1128 4376 suis,
1155 4309 1386 4377 largiora
1415 4309 1628 4366 luminis
1650 4311 1731 4365 sui
1754 4310 1894 4364 dona
1919 4310 2122 4380 impen-

528 4399 626 4455 dit.
659 4399 808 4454 Luna
833 4402 974 4454 enim
1005 4401 1071 4456 ab
1094 4401 1212 4471 ipso
1238 4411 1390 4457 ortus
1431 4403 1512 4457 sui
1542 4402 1628 4457 die
1655 4419 1871 4473 semper
1898 4404 1952 4458 in
1975 4419 2116 4474 quo-

2221 3230 2305 3277 cst
2334 3220 2770 3285 fornicationem,
2802 3216 3220 3281 immunditiam,
3249 3223 3304 3270 et
3327 3222 3522 3270 cetera
3556 3213 3815 3267 vitiorum

2222 3311 2493 3380 ergastula
2523 3309 2875 3373 declinemus,
2896 3315 2952 3364 et
2981 3308 3034 3361 in
3065 3307 3301 3362 statione
3337 3305 3598 3359 virtutum
3626 3303 3816 3358 sedem

2220 3405 2378 3460 nobis
2417 3411 2665 3474 aptemus
2693 3421 2706 3455 :
2738 3400 2965 3456 mortuis
3003 3413 3222 3469 quoque
3251 3398 3508 3468 Operibus
3534 3396 3816 3452 obrenun-

2219 3495 2436 3559 tiantes,
2479 3493 2710 3550 fructum
2760 3493 3022 3562 optimum
3053 3499 3114 3547 ut
3142 3500 3287 3547 terra
3329 3490 3471 3546 bona
3503 3487 3816 3554 offeramus,

2221 3586 2573 3654 exemploque
2599 3585 2754 3640 bona:
2782 3584 2991 3638 arboris
3020 3583 3075 3637 in
3097 3581 3243 3636 omni
3267 3581 3508 3635 bonitate
3529 3577 3813 3646 etjustitia

2220 3675 2600 3733 fructiﬁcemus
2617 3673 2752 3746 (Col.
2775 3674 2876 3742 ιιι).
2901 3673 2979 3728 Ne
2991 3688 3122 3732 vero
3139 3680 3195 3726 et
3221 3671 3438 3726 claritas
3461 3669 3590 3723 solis
3613 3675 3817 3722 nostra:

2221 3768 2359 3823 desit
2386 3765 2804 3830 conversationi,
2835 3765 3012 3818 luceat
3032 3763 3124 3817 lux
3152 3770 3332 3816 nostra
3363 3774 3546 3815 coram
3566 3757 3812 3812 homini-

2221 3859 2341 3922 bus,
2371 3866 2431 3911 ut
2461 3855 2680 3910 videant
2705 3870 2871 3924 opera
2893 3862 3075 3908 nostra
3095 3852 3238 3907 bona
3269 3859 3326 3905 et
3361 3847 3661 3918 gloriﬁcent
3701 3845 3814 3900 Pa-

2221 3957 2360 4002 trem
2390 3954 2634 4002 nostrum
2670 3946 2766 4014 qui
2813 3946 2866 4000 in
2908 3944 3060 4000 cmlis
3105 3951 3188 3998 est
3215 3941 3431 4012 (Matth.
3454 3942 3530 4008 v).
3565 3939 3619 3994 Si
3646 3939 3813 4008 igitur

2223 4039 2296 4093 ita
2353 4045 2574 4106 agentes
2619 4037 2836 4092 ultimus
2881 4051 2981 4090 nos
3011 4034 3127 4090 dies
3171 4031 3455 4096 invenerit,
3505 4030 3610 4085 erit
3649 4030 3809 4084 nobis

2222 4129 2546 4200 quandoque
2567 4129 2621 4183 in
2650 4127 2872 4199 prtcmio
2903 4128 3016 4196 ipsa
3037 4139 3326 4195 corporum
3356 4122 3700 4186 resurrectio,
3724 4122 3818 4176 ubi

2223 4237 2335 4275 cum
2358 4218 2594 4274 Christus
2615 4219 2911 4288 apparuerit
2939 4217 3043 4271 vita
3069 4225 3268 4280 nostra,
3312 4223 3429 4268 tunc
3453 4223 3503 4267 et
3531 4227 3624 4284 nos
3652 4228 3821 4282 appa-

2224 4312 2445 4368 rebimus
2467 4327 2582 4365 cum
2604 4312 2718 4382 ipso
2736 4309 2792 4363 in
2812 4310 2981 4382 gloria
3011 4308 3147 4379 (Col.
3170 4306 3249 4378 ιιι)
3285 4324 3298 4360 :
3330 4306 3423 4376 qui
3469 4305 3603 4370 vivit
3640 4312 3698 4358 ct
3725 4317 3822 4357 re-

2227 4413 2357 4474 gnat
2379 4403 2520 4458 Deus
2540 4416 2637 4472 per
2665 4401 2846 4457 omnia
2888 4399 3082 4454 saecula
3111 4397 3451 4454 smculorum.
3485 4395 3680 4448 Amen.
3711 4391 3823 4446 Ex-

529 4491 652 4546 dam
673 4492 756 4548 sui
782 4492 1066 4561 dispendio
1095 4493 1293 4561 posita,
1323 4493 1392 4548 ad
1430 4495 1704 4564 paschalia
1733 4495 1924 4563 gaudia
1954 4496 2117 4565 pleno
2153 4509 2198 4566 [)
2225 4498 2391 4568 plicit.

525 4595 588 4636 se
613 4581 814 4636 lumine
843 4588 1017 4650 parat.
1047 4580 1116 4634 Et
1143 4590 1202 4636 ut
1229 4591 1422 4638 cuncta
1453 4584 1691 4640 breviter
1732 4587 2112 4656 perstringam,

1893 4677 2164 4740 SERMO
2205 4677 2450 4740 XXXI.

1596 4773 1677 4828 De
1717 4775 1900 4830 eadem
1923 4774 2202 4832 Paschalis
2231 4776 2556 4832 solemnitate
2585 4772 2704 4828 111.

1960 4866 2352 4924 ADMONITIO.

600 4953 762 5030 479
789 4955 886 5030 [ist
925 4957 970 5030 is
996 4971 1174 5030 sermo
1205 4957 1256 5030 in
1285 4957 1455 5030 tribus
1470 4959 1852 5030 vetustissimis
1879 4961 2155 5016 codicibus
2185 4959 2456 5030 inscriptis
2483 4959 2657 5013 sancti
2713 4957 2929 5013 Maximi
2977 4960 3215 5014 nomine.
3263 4957 3464 5014 Eorum
3521 4966 3610 5013 est

3703 4959 3823 5014 rinr

529 5021 756 5101 abbatis:
785 5025 966 5101 Sancti
997 5027 1266 5101 Dalmatii,
1299 5028 1436 5101 altg
1455 5027 1520 5082 de
1540 5029 1838 5101 _Appannis,
1866 5031 2054 5084 tertius
2075 5021 2446 5086 Taurinensis.
2497 5029 2640 5083 Nihil
2669 5038 2850 5084 autem
2878 5039 2962 5085 est
2984 5045 3176 5101 causa),
3211 5030 3561 5101 quamobrem
3591 5021 3722 5083 mihi
3754 5031 3824 5084 ab

528 5097 594 5144 iis
623 5106 740 5146 esse
768 5097 1122 5152 recedendum
1152 5108 1354 5168 putem.
1387 5097 1643 5152 Eumdem
1671 5115 1973 5152 sermonem
2006 5101 2200 5157 misere
2236 5101 2588 5170 interpolavit
2621 5101 2711 5155 ille
2730 5101 2914 5155 nescio
2937 5101 3056 5169 quis
3084 5097 3239 5155 Semi’
3270 5099 3543 5166 clagianus
3565 5101 3819 5168 scriptor,

529 5174 688 5223 (luem
721 5166 914 5218 merito
937 5169 1228 5223 concidunt
1249 5169 1495 5223 monachi
1528 5168 1857 5223 Benetlictini
1888 5169 1943 5222 in
1964 5172 2170 5223 monito
2198 5171 2270 5223 ad
2300 5187 2550 5223 scrmon.
2573 5170 2670 5223 ΞΗ
2699 5170 2928 5223 append.
2961 5171 3027 5223 ad
3057 5179 3190 5223 tom.
3234 5116 3282 5223 gl
3332 5185 3480 5223 oner.
3508 5171 3680 5223 sancti
3710 5170 3819 5223 Au-

529 5174 688 5240 quem
711 5166 914 5240 merito
937 5166 1228 5240 concidunt
1249 5168 1859 5240 monachLBcnetlictini
1888 5169 1943 5222 in
1964 5172 2170 5226 monito
2198 5171 2270 5226 ad
2300 5166 2550 5225 scrnnon.
2573 5170 2670 5223 ΞΗ
2699 5170 2928 5240 append.
2954 5166 3027 5224 ad
3057 5179 3190 5224 tom.

3332 5185 3480 5238 aper.
3508 5171 3680 5224 sancti
3710 5170 3822 5223 Au-

527 5232 744 5297 gustini.
776 5234 948 5302 Atque
973 5235 1028 5288 hi
1057 5239 1276 5306 quidam
1306 5238 1455 5292 illum
1484 5237 1737 5293 Faustum
1769 5239 2057 5296 Reiensem
2086 5242 2250 5297 fuisse
2271 5242 2647 5311 suspicantur,
2687 5232 2905 5307 verene,
2940 5256 3012 5296 an
3039 5255 3216 5304 secus,
3248 5232 3596 5294 non‘laboro.

528 5347 1062 5424 Aacnusnrpu.:—_—S_.
1089 5349 1353 5406 Maximus
1375 5355 1566 5424 fratres
1595 5353 1832 5406 hortatur
1872 5362 1928 5404 ut
1947 5355 2116 5408 exsul-

599 5425 725 5480 tent,
758 5420 878 5488 quia
916 5415 1148 5492 Christus
1169 5438 1327 5492 usque
1355 5415 1424 5475 ad
1453 5425 1660 5492 inferna
1689 5431 1902 5476 mortem
1942 5439 2116 5492 perse-

599 5497 766 5553 cutus,
815 5504 937 5542 suas
985 5489 1180 5560 hostias
1235 5489 1519 5546 suscitavit.
1567 5493 1785 5546 Carnem
1817 5489 2115 5560 ipse'suam

598 5572 815 5629 ossaque
852 5559 1096 5624 ostendit,
1142 5576 1206 5612 ne
1239 5563 1456 5631 amplius
1479 5564 1748 5635 quisquam
1778 5559 1893 5616 eum
1941 5580 2116 5618 resur-

601 5697 628 5728 ⁸
659 5687 799 5747 Εῶι.
832 5690 1084 5761 Maurin.,
1115 5693 1258 5746 vario
1286 5708 1494 5746 suorum
1513 5697 1772 5762 fructuum
1805 5705 2012 5750 ornatu.

2298 5357 2498 5409 rexisse
2541 5353 2817 5409 dubitaret.
2872 5354 3097 5409 Thomas
3125 5352 3388 5424 palpando
3416 5353 3643 5406 omnium
3662 5351 3820 5421 ﬁdem

2298 5425 2641 5495 conﬁrmavit.
3628 5430 3646 5450 '

2300 5565 2651 5622 Exsultcmus
2677 5566 2731 5620 in
2761 5564 3014 5631 Domino,
3063 5562 3274 5629 fratres,
3314 5565 3370 5620 in
3418 5563 3521 5619 hac
3567 5560 3822 5633 presenti

2305 5697 2331 5738 ι’
2369 5698 2514 5755 Edit.
2545 5699 2796 5767 Maurin.,
2818 5699 3019 5756 vineam
3037 5715 3203 5754 suam.
