4054 6190
258 316 368 372 597

1667 316 1892 372 SERMO
1933 317 2136 372 XXXII.

3424 333 3528 387 5‘33

251 429 618 491 solemnitate,
661 446 819 500 quam
851 429 978 485 fecit
1017 429 1294 493 Dominus,
1327 443 1430 498 qua
1477 427 1628 483 dives
1649 429 1837 497 spoliis
1868 435 1912 490 Α
1940 430 2172 496 gentilis,
2197 431 2337 500 quod
2351 432 2531 488 videas
2548 433 2819 492 Christum
2842 436 3005 493 fuisse.
3030 440 3364 507 cruciﬁxum;
3387 445 3530 512 quod

251 522 474 587 inferni,
526 530 581 576 et
610 523 802 576 mortis
831 521 1185 590 triumphator
1210 535 1242 575 e
1287 519 1519 589 sepulcri
1570 519 1826 585 tenebris,

246 612 398 678 quod
423 610 646 666 Judaica
687 612 1030 666 obstruxerat
1057 610 1326 680 impietas,
1353 609 1613 665 Dominus
1649 618 1832 664 noster

245 700 409 755 Jesns
433 700 676 773 Christus
698 701 896 754 mundo
925 699 1163 755 redditus
1192 707 1293 754 est.
1325 699 1461 752 Dum
1490 700 1633 754 enim
1680 715 1830 752 mor-

244 799 360 847 tem
389 789 455 843 ad
485 789 688 844 inferna
715 805 883 859 usque
909 790 1244 859 persequitur
1291 789 1357 843 ad
1403 789 1636 860 paradisi
1684 804 1831 845 sem-

244 881 460 950 piterna
507 880 720 947 gaudia,
753 895 913 948 quem
940 880 1143 935 creavit
1170 887 1331 948 atque
1384 879 1611 934 redemit
1654 877 1832 932 homi-

240 986 373 1026 nem
422 985 683 1026 revocare
721 971 968 1040 dignatus
989 981 1089 1028 est.
1115 971 1195 1026 Ad
1222 970 1426 1026 inferna
1453 987 1621 1040 usque
1647 975 1831 1040 perse-

237 1070 400 1115 cutus
426 1069 508 1116 est
531 1069 782 1126 mortem,
805 1067 966 1130 atque
987 1061 1229 1117 eamdem
1252 1062 1304 1116 in
1330 1075 1496 1130 regno
1517 1077 1614 1116 suo
1637 1062 1831 1129 glorio-

234 1150 353 1205 sius
391 1151 656 1220 captivam
707 1149 853 1218 fecit,
903 1159 1064 1219 atque
1117 1151 1184 1206 de
1230 1151 1418 1207 eadem
1460 1153 1824 1221 triumphavit.

235 1239 442 1308 Aperta
467 1249 597 1295 tunc
622 1249 750 1294 sunt
775 1241 1058 1296 tenebrosa
1081 1241 1168 1295 illa
1195 1239 1525 1296 infernorum
1570 1249 1826 1310 penetra-

233 1330 328 1384 lia.
388 1331 543 1398 Quod
588 1347 859 1402 nunquam
902 1331 1111 1386 viderat
1148 1332 1370 1387 caeleste
1395 1331 1593 1396 lumen,
1621 1339 1823 1386 :eterna

231 1434 343 1474 nox
375 1421 564 1474 mirata
594 1428 693 1476 est.
730 1429 756 1457 α
802 1419 953 1476 Unde
999 1436 1121 1476 cum
1168 1422 1434 1492 propheta
1481 1422 1598 1492 ipse
1645 1422 1826 1478 dicere

230 1520 456 1582 poterat
482 1530 494 1566 :
529 1510 574 1566 0
600 1529 766 1580 mors,
795 1530 883 1567 ero
910 1530 1051 1568 mors
1076 1523 1204 1578 tua;
1232 1531 1318 1568 ero
1345 1530 1548 1568 morsus
1577 1523 1712 1581 tuus,
1741 1515 1826 1568 iu-

231 1608 386 1675 {erne
411 1603 588 1674 (Osca:
617 1605 764 1674 xm)!
797 1605 929 1658 Nam
957 1619 1138 1674 quem,
1171 1613 1231 1660 ut
1279 1613 1550 1660 mortuum
1579 1607 1823 1676 putabat,

228 1702 426 1750 coacta
457 1701 540 1748 est
578 1693 869 1759 dimittere,
891 1701 948 1749 et
976 1695 1209 1759 illorum,
1241 1711 1379 1764 quos
1407 1695 1522 1764 ipsa
1541 1695 1656 1764 jam
1687 1696 1820 1750 reti-

1937 521 2161 590 objicias
2189 538 2313 578 cum
2329 525 2575 582 timuisse
2601 530 2761 584 mori.
2784 529 2926 586 Ecce
2951 547 3112 601 quem
3140 533 3270 589 dicis
3288 535 3529 592 timuisse

1933 612 2091 678 mori,
2107 627 2266 682 quem
2278 614 2428 669 vides
2442 614 2603 672 fuisse
2615 619 2948 687 cruciﬁxum,
2963 639 3056 676 sua
3071 624 3316 694 equidem
3335 626 3530 682 virtute

1933 702 2026 758 illo
2049 720 2080 758 e
2101 705 2368 774 sepulcro,
2393 707 2536 776 quod
2559 711 2965 766 custodiendum
2985 714 3230 769 voluerat
3259 716 3527 786 impietas,

1929 793 2086 848 vivus
2103 797 2382 863 processit.
2408 796 2548 852 Ecce
2569 801 2809 854 eamdem
2826 819 3066 871 carnem,
3083 821 3204 860 ossa
3221 807 3409 861 eadem
3428 809 3528 862 ha-

1931 882 2039 936 bet.
2057 885 2192 939 Audi
2211 887 2356 940 illum
2373 890 2485 944 suis
2506 889 2770 946 dicentem
2789 893 3059 964 discipulis
3085 915 3096 949 :
3131 897 3353 967 Palpate
3377 909 3427 953 et
3462 902 3529 954 ri‘

1931 974 2043 1029 dele
2079 979 2199 1048 quia
2226 980 2438 1048 spiritus
2483 997 2688 1037 carnem
2717 994 2766 1038 et
2795 1003 2913 1042 ossa
2952 1006 3055 1043 non
3087 989 3256 1057 habet,
3280 993 3413 1045 sicut
3445 1009 3527 1046 me

1931 1065 2109 1120 videtis
2129 1068 2313 1122 habere
2330 1068 2479 1138 (Luc.
2504 1074 2908 1146 xxrv).Camem
2926 1095 3075 1131 suam
3104 1095 3332 1149 ossaque
3348 1091 3524 1135 osten-

1927 1155 2022 1221 dit,
2059 1173 2124 1212 ne
2152 1160 2382 1228 amplius
2409 1163 2531 1231 quis
2553 1164 2759 1221 dubitet
2786 1168 3035 1224 eumdem
3058 1186 3088 1225 e
3112 1173 3316 1226 tumulo
3337 1174 3519 1228 vivum

1928 1249 2273 1316 processisse,
2305 1252 2396 1320 qui
2422 1253 2587 1312 clavis
2602 1257 2844 1312 confixus
2864 1259 2997 1313 obiit
3023 1261 3077 1314 in
3106 1260 3516 1332 ligno.Palpate,

1927 1339 2162 1406 dicebat,
2209 1350 2374 1410 atque
2421 1344 2616 1399 videte.
2652 1346 2872 1417 Palpate
2901 1365 3095 1421 nempe
3119 1369 3278 1407 manu
3321 1369 3519 1423 corpus

1926 1443 2125 1492 meum,
2177 1436 2234 1483 et
2284 1431 2463 1486 videte
2509 1449 2593 1488 me
2642 1443 2803 1504 atque
2848 1438 3070 1493 vulnera
3110 1455 3249 1494 mea.
3295 1440 3519 1511 Palpate

1926 1536 2089 1575 manu
2110 1529 2274 1590 atque
2294 1523 2474 1579 videte
2502 1523 2624 1588 ﬁde,
2649 1528 2772 1595 quia
2804 1528 2944 1582 inest
2972 1531 3106 1584 mihi
3150 1539 3205 1587 et
3229 1532 3370 1587 illius
3391 1549 3515 1587 eor-

1925 1612 2071 1680 poris
2097 1612 2320 1679 veritas,
2349 1613 2494 1682 quod
2523 1615 2774 1684 pependit
2822 1617 2876 1669 in
2925 1632 3103 1680 cruce,
3153 1627 3315 1688 atque
3368 1636 3517 1674 mor-

1928 1711 2079 1756 tuutn
2108 1701 2410 1772 depositum
2439 1702 2537 1758 fuit
2566 1705 2620 1759 in
2671 1707 2951 1776 sepulcro;
2983 1718 3038 1764 et
3065 1709 3369 1778 proprietas
3399 1710 3516 1764 dei-

225 1786 416 1852 nebat,
439 1794 662 1854 experta
688 1794 772 1842 cst
793 1787 1162 1854 liberatorem,
1189 1785 1216 1825 ι)
1242 1796 1404 1856 atque
1435 1789 1488 1842 in
1519 1787 1622 1842 hac
1648 1803 1822 1842 sacra-
1856 1795 1896 1852 Β
1927 1796 2071 1861 tatis,
2103 1811 2209 1864 qua
2235 1812 2324 1851 me
2346 1807 2617 1852 mortuum
2648 1808 2808 1869 atque
2838 1800 2894 1853 in
2927 1801 3174 1870 sepulcro
3203 1801 3508 1872 depositum

227 1875 439 1930 tissima
469 1877 884 1932 resurrectionis
921 1877 1231 1941 festivitate,
1265 1878 1562 1932 suscitante
1611 1893 1670 1932 se
1717 1878 1823 1932 Do-

225 1967 404 2031 mino,
460 1969 627 2022 multa
668 1976 976 2024 sanctorum
1000 1984 1242 2044 [corpora
1270 1970 1583 2024 resuscitata
1611 1969 1824 2024 revixe-

224 2069 378 2124 runt,
408 2069 572 2129 atque
596 2068 839 2118 sanctam
885 2061 1213 2116 introierunt
1261 2061 1556 2115 civitatem.
1605 2059 1821 2116 Hostias

221 2165 466 2220 namque
491 2167 616 2206 suas
643 2151 896 2208 Salvator
922 2151 1181 2207 hodierna
1227 2151 1315 2205 die
1340 2166 1461 2206 cum
1504 2152 1815 2217 resurrexit,

222 2243 530 2306 suscitavit,
563 2251 618 2298 et
637 2245 1066 2314 quotiescunque
1093 2243 1502 2300 resurrectionis
1556 2242 1816 2299 festivitas

221 2333 552 2398 celebratur,
584 2335 748 2389 toties
767 2347 1049 2403 resurgere
1068 2336 1342 2391 credimus
1361 2344 1418 2392 et
1440 2345 1676 2392 sanctos.
1705 2335 1814 2391 Re-

220 2425 464 2479 surrexit
507 2439 638 2494 ergo
689 2424 938 2481 Salvator
984 2436 1171 2482 noster
1220 2436 1275 2482 et
1303 2429 1359 2484 in
1384 2428 1599 2484 mortali
1625 2443 1808 2495 carne,

219 2530 385 2586 quem
438 2514 508 2571 de
553 2516 726 2572 Matre
771 2517 978 2587 virgine
1025 2528 1407 2589 assumpserat,
1438 2529 1463 2558 α
1491 2526 1547 2574 et
1565 2533 1683 2589 qute
1709 2535 1809 2590 pro

217 2610 392 2680 ‘80
419 2618 602 2664 nostra
624 2609 799 2665 salute
824 2611 1081 2681 pependit
1107 2612 1161 2666 in
1191 2612 1354 2681 ligno.
1391 2611 1523 2667 Illud
1553 2628 1585 2668 e
1625 2613 1808 2683 sepul-

217 2715 312 2754 cro
344 2714 542 2753 novam
569 2699 638 2753 ad
670 2700 830 2754 vitam
860 2702 1138 2756 revocavit
1158 2717 1376 2771 corpus,
1397 2703 1542 2772 quod
1562 2703 1615 2757 in
1637 2702 1810 2772 sepul-

216 2804 312 2843 cro
369 2788 674 2858 depositum
730 2789 922 2844 fuerat.
979 2788 1124 2846 Idem
1180 2808 1376 2863 corpus
1422 2795 1488 2849 ad
1518 2794 1807 2865 discipulos

1924 1886 2198 1940 suscitavi.
2229 1885 2299 1940 Et
2327 1903 2515 1942 revera
2544 1888 2778 1944 Thomas
2806 1889 2931 1945 dum
2963 1891 3215 1948 dominici
3268 1895 3513 1963 corporis

1923 1984 2194 2033 scrutatus
2225 1987 2309 2032 est
2329 1980 2572 2046 vulnera,
2597 1997 2926 2050 carnemque
2953 1984 3209 2054 palpavit,
3241 2001 3426 2046 verum
3460 1987 3511 2040 in

1923 2065 2040 2137 ipso
2069 2068 2285 2124 Christo
2328 2086 2524 2140 corpus
2555 2073 2791 2139 agnovit.
2828 2073 2969 2128 Vidit
3006 2090 3134 2143 ergo
3171 2075 3511 2132 beatissimus

1922 2159 2221 2228 apostolus,
2251 2168 2414 2229 atque
2435 2162 2699 2230 palpavit;
2725 2163 2867 2230 quod
2899 2164 3014 2232 ipse
3047 2171 3176 2218 tunc
3206 2165 3350 2230 fecit,
3373 2182 3507 2221 cun-

1921 2249 2022 2304 ctis
2051 2248 2268 2319 profuit.
2296 2249 2426 2304 Nam
2450 2265 2571 2305 cum
2593 2267 2745 2305 suam
2775 2253 2827 2305 in
2851 2252 3046 2307 Christi
3069 2268 3264 2323 corpus
3287 2265 3506 2310 exercet

1919 2341 2284 2408 solitudinem,
2315 2343 2552 2396 omnium
2583 2341 2740 2398 ﬁdem
2772 2341 3131 2400 conﬁrmavit.
3153 2343 3296 2398 Idem
3322 2355 3497 2400 auterr

1920 2448 2134 2502 corpus,
2167 2435 2312 2502 quod
2335 2449 2432 2502 pro
2457 2435 2663 2488 cunctis
2684 2433 2783 2489 fuit
2803 2433 3072 2490 conﬁxum
3096 2436 3148 2488 in
3170 2436 3336 2504 ligno,
3360 2451 3505 2492 nunc

1915 2523 1982 2579 ad
2014 2522 2186 2578 Patris
2215 2525 2298 2579 sui
2322 2524 2599 2580 dexteram
2626 2533 2817 2594 regnat
2841 2527 2896 2580 in
2923 2527 3081 2581 cmlo.
3107 2525 3174 2580 Et
3203 2543 3388 2581 revera
3417 2528 3501 2581 di-

1913 2631 2077 2686 gnum
2106 2623 2244 2680 erat,
2267 2624 2329 2670 ut
2354 2632 2481 2671 vera
2512 2617 2602 2671 illa
2631 2617 2878 2686 corporis
2907 2616 3179 2685 animique
3205 2617 3506 2674 substantia

1913 2721 2022 2760 una
2043 2722 2164 2761 cum
2185 2705 2400 2762 Christo
2422 2707 2474 2760 in
2503 2713 2762 2761 aeternum
2785 2706 3080 2761 exsultaret
3102 2709 3156 2760 in
3181 2707 3352 2775 cmlis,
3379 2723 3499 2777 qua:

1914 2805 2130 2852 terrena
2159 2797 2260 2852 ista
2290 2797 2671 2868 impedimenta
2698 2799 3019 2854 conculcans
3047 2799 3146 2854 soli
3176 2799 3274 2868 ipsi
3303 2800 3498 2857 servie-

215 2894 348 2936 suos
361 2880 559 2936 clausis
586 2881 826 2936 introivit
845 2881 1188 2951 januisNihil
1216 2897 1344 2954 ergo
1359 2886 1588 2955 amplius
1617 2885 1806 2952 habes,
1837 2873 1881 2936 C
1911 2895 1996 2940 rat
2027 2888 2080 2941 in
2111 2889 2286 2943 terris.
2315 2887 2564 2958 Explicit.

1561 2974 1827 3035 SERMO
1871 2976 2146 3037 XXXII.

1321 3051 1399 3105 De
1421 3052 1598 3106 eadem
1639 3055 1906 3109 l’aschatis
1928 3057 2255 3112 solemnitate
2278 3055 2386 3112 IV.

283 3213 453 3286 481
483 3212 564 3268 Ex
591 3212 816 3286 [cannis
861 3211 1151 3286 Evangelio
1181 3227 1300 3282 cap.
1335 3228 1405 3286 xx
1452 3212 1612 3281 plane
1654 3221 1866 3286 constat
1909 3213 2179 3286 Christum
2226 3231 2257 3269 a
2305 3217 2535 3272 mortuis
2573 3216 2870 3276 redivivum
2915 3217 3227 3286 apparuisse
3254 3218 3491 3274 secundo

214 3282 498 3369 appsﬂilis,
524 3291 580 3369 et
607 3285 826 3369 Thom-.1:
873 3283 1303 3369 incredulitatem
1331 3282 1888 3369 increpasse‘ayoli,
1924 3285 2189 3369 inquiens,
2221 3301 2333 3367 esse
2353 3282 3038 3369 incredulusg‘sedlidelis.
3093 3287 3355 3369 licatigui
3385 3304 3491 3343 non

214 3351 475 3413 siderant,
508 3364 557 3406 et
585 3355 933 3409 crediderunt.
973 3351 1351 3423 Conciliandus
1372 3360 1550 3406 autem
1577 3354 1679 3406 erit
1707 3351 2110 3423 Maximus,iqui
2139 3355 2244 3408 hoc
2274 3356 2326 3408 in
2356 3370 2608 3410 sermone
2636 3354 2794 3410 ﬁdem
2823 3351 3072 3417 Thomcc,
3105 3351 3488 3412 devotionem-

214 3439 323 3494 que
358 3423 409 3476 in
434 3424 702 3494 Christum
733 3424 1091 3494 commendat,
1122 3422 1344 3493 ejusque
1365 3423 1584 3477 vulnera
1616 3424 1870 3490 tetigisse,
1903 3425 1999 3491 ait,
2029 3422 2136 3478 non
2165 3433 2223 3478 ut
2247 3426 2493 3480 crederet
2519 3425 2659 3494 ipse;
2693 3426 2787 3480 sed
2809 3434 2866 3479 ut
2888 3425 2955 3479 ab
2984 3426 3233 3481 omnibus
3273 3428 3487 3481 dubita-

217 3493 424 3547 tionem
456 3494 521 3564 de
548 3493 744 3564 Christi
789 3493 964 3548 reditu
1011 3492 1079 3546 ad
1116 3492 1277 3564 vitam
1307 3499 1596 3564 averteret.
1630 3494 1698 3546 At
1720 3494 1763 3547 si
1792 3495 2095 3564 evangelica
2125 3496 2363 3549 narratio
2391 3492 2774 3564 perpendetur,
2806 3495 3052 3550 Christus
3091 3511 3149 3550 se
3195 3496 3487 3562 gloriosum

213 3571 268 3634 et
300 3563 601 3617 redivivum
628 3563 845 3618 Thema:
873 3563 1301 3632 cognoscendum
1333 3563 1591 3634 praebuit;
1636 3579 1742 3634 uno
1787 3563 1979 3634 modo,
2008 3580 2130 3618 cum
2153 3564 2331 3632 januis
2359 3563 2557 3619 clauSis
2584 3580 2764 3618 coram
2792 3565 3048 3634 apostolis
3073 3566 3241 3630 stetit,
3254 3581 3452 3634 Δξιιιηιιιι
3470 3595 3486 3606 -

213 3633 497 3704 tiavitque
527 3634 604 3686 eis
650 3649 869 3704 pacem;
901 3623 1027 3696 alio,
1059 3648 1180 3704 cum
1231 3623 1448 3704 manum
1477 3623 1593 3700 ejus
1622 3632 1689 3704 ad
1720 3633 1858 3688 latus
1883 3623 2525 3704 admovitfexhibuitque
2554 3623 2935 3690 contrecta'nda
2963 3634 3206 3689 vulnera.
3229 3623 3488 3690 'Thomas

213 3717 352 3770 ergo
379 3703 559 3756 statim
589 3718 653 3757 ac
681 3703 951 3758 Christum
997 3703 1234 3756 medium
1282 3703 1421 3756 inter
1447 3703 1724 3771 apostolos
1770 3703 1979 3772 aspexit
2024 3704 2396 3757 resuscitatmn
2423 3745 2437 3767 ,
2469 3705 2755 3770 vivumque
2804 3705 3075 3758 hominem
3124 3704 3386 3772 credidit,
3418 3705 3487 3759 de

213 3773 374 3838 cujus
418 3772 696 3826 divinitate
743 3775 1032 3840 instructus
1077 3772 1511 3842 non_dubitabat,
1557 3771 1777 3840 ejusque
1804 3771 1926 3826 ﬁdei
1956 3773 2316 3842 testimonium
2347 3774 2574 3841 prtebuit
2603 3774 2715 3842 ipse
2738 3773 3002 3836 Salvator,
3035 3774 3321 3842 inquiens:
3351 3771 3487 3836 Quia

214 3842 393 3912 vidisti
424 3859 502 3895 me
527 3881 542 3905 ,
576 3842 771 3896 Thoma
795 3884 811 3908 ,
851 3840 1535 3912 credidistiirl’osteajero
1566 3843 1738 3910 tetigit
1785 3851 1840 3897 et
1879 3843 2114 3912 palpavit
2149 3840 2358 3897 Christi
2379 3840 2639 3905 membra,
2671 3851 2833 3912 atque
2873 3840 3480 3898 adorans—exclamavit:

214 3911 476 3983 Dominus
490 3928 645 3983 meus
665 3921 718 3983 et
756 3912 898 3966 Deus
929 3926 1090 3965 meus.
1123 3911 1358 3983 Fidelem
1385 3910 1644 3983 Thomam
1674 3909 1894 3980 primus
1910 3909 2111 3983 Christi
2140 3918 2389 3983 aspectus
2411 3912 2520 3979 jam
2550 3909 2859 3966 reddiderat
2877 3954 2890 3976 ,
2924 3922 3088 3983 atque
3112 3913 3483 3982 promptitudo

214 3981 340 4048 ejus
381 3980 531 4052 lidei_
554 3996 582 4034 a
631 3981 863 4052 Maximo
893 3981 1336 4052 commendatur;
1369 3981 1512 4049 quod
1542 3991 1721 4035 autem
1753 3982 1912 4036 etiam
1942 3982 2171 4052 vulnera
2192 3981 2573 4052 Redemptoris
2598 3983 2851 4049 tetigerit,
2884 3991 2939 4037 et
2968 3980 3019 4037 in
3051 3980 3138 4037 illa
3169 3980 3329 4052 verba
3360 3998 3486 4052 pro-

215 4051 463 4125 ruperit:
494 4050 746 4125 Dominus
783 4069 926 4125 meus
967 4061 1015 4104 et
1047 4051 1184 4103 Deus
1210 4067 1348 4125 meus
1372 4069 1388 4113 ,'
1426 4062 1677 4125 cperants
1719 4060 1794 4105 est
1830 4051 2002 4125 nobis,
2032 4051 2202 4125 inquit
2231 4050 2495 4125 Maximus
2517 4093 2531 4115 ,
2576 4060 2634 4104 ut
2649 4060 2910 4122 tangeret,
2939 4054 3076 4125 quod
3100 4051 3302 4108 videbat
3321 4050 3418 4125 ,-,a_t
3441 4055 3484 4107 si

214 4122 358 4193 forte
385 4121 674 4193 incredulus
705 4123 818 4193 quis
838 4123 1061 4193 diceret,
1083 4129 1204 4173 tunc
1226 4120 1389 4189 ipsius
1411 4121 1805 4193 fuissettlelusos
1823 4122 1877 4174 in
1889 4129 2105 4193 aspectu
2135 4119 2328 4193 Christi
2352 4122 2527 4193 oculos
2551 4161 2571 4193 ,_
2609 4119 2792 4193 multus
2819 4119 3153 4193 tamenillius
3185 4131 3306 4176 tunc
3327 4123 3486 4193 fuisse

214 4139 358 4187 [orte
385 4139 674 4174 tucreautus
705 4139 818 4192 quis
838 4139 1050 4186 arceret,
1083 4139 1204 4173 tunc
1226 4139 1389 4189 tpﬂus
1411 4139 1569 4190 [uisse
1596 4139 1799 4174 (retusos
1823 4139 1877 4174 in
1899 4139 2105 4242 aspectu
2135 4139 2328 4173 oartsu
2352 4139 2527 4174 oculos
2551 4161 2566 4184 ,
2609 4139 2792 4175 manus
2819 4139 2988 4177 tamen
3012 4139 3153 4177 tatus
3185 4139 3306 4176 tunc
3327 4139 3485 4193 misse

213 4189 496 4262 [migrates
531 4191 583 4244 in
605 4191 832 4262 ejusdem
855 4199 990 4244 tactu
1011 4191 1182 4262 dicere
1201 4207 1306 4262 non
1326 4199 1514 4262 posset.
1540 4189 1632 4243 His
1651 4191 1842 4262 similia
1870 4191 1936 4244 de
2005 4191 2164 4244 horna
2191 4189 2466 4262 d_ubitante
2491 4191 2658 4262 habet
2680 4189 2968 4262 Gregorius
2997 4191 3219 4262 Magnus
3241 4193 3387 4246 hom.
3417 4192 3485 4244 26

215 4260 269 4310 in
304 4257 552 4330 Evangq
589 4257 741 4312 «Non
773 4262 867 4313 hoc
919 4276 1065 4325 casu,
1091 4260 1183 4313 sed
1203 4257 1379 4312 divina
1406 4260 1792 4329 dispensatione
1823 4267 2017 4330 gestum
2049 4268 2142 4311 est.
2192 4257 2316 4330 Egit
2343 4274 2563 4330 namque
2589 4261 2722 4312 miro
2753 4260 2905 4312 modo
2936 4257 3160 4328 superna
3187 4262 3479 4325 clementia,

215 4339 272 4398 ξι
295 4329 585 4398 discipulus
612 4330 699 4381 ille
728 4330 987 4392 dubitans,
1010 4330 1137 4398 dum
1161 4331 1213 4382 in
1242 4328 1492 4398 magistro
1515 4345 1608 4382 suo
1631 4328 1842 4398 vulnera
1868 4328 2107 4398 palparet
2132 4328 2328 4394 carnis,
2358 4329 2414 4380 in
2436 4328 2582 4381 nobis
2609 4330 2819 4382 vulnera
2846 4337 3060 4382 sanaret
3081 4330 3423 4397 inﬁdelitatis.
3458 4350 3475 4380 ι

215 4395 284 4448 Et
315 4395 642 4464 Augustinus
674 4407 827 4452 tract.
865 4398 958 4450 121
992 4395 1149 4452 docet
1179 4395 1372 4452 vidisse
1398 4398 1658 4451 Thomam
1688 4399 1740 4452 in
1767 4395 1983 4452 Christo
2013 4398 2282 4461 redivivo,
2313 4405 2368 4452 et
2399 4399 2634 4464 tetigisse
2664 4398 2964 4462 hominem,
3008 4398 3103 4452 sed
3130 4395 3339 4452 remota
3380 4399 3481 4449 dn-

215 4467 483 4520 lnitatione
511 4468 576 4520 de
608 4468 875 4536 corporali
905 4468 1100 4522 Christi
1132 4469 1545 4530 resurrectione,
1578 4483 1736 4536 quam
1762 4467 1871 4536 jam
1904 4467 2124 4521 tenebat
2149 4466 2215 4521 de
2235 4467 2513 4521 divinitate
2542 4466 2936 4524 confessionem
2958 4467 3221 4524 edidisse:
3264 4465 3483 4520 Videbat

217 4548 392 4610 autem
425 4536 646 4610 Thomas
669 4579 683 4602 ,
717 4536 1052 4610 tangebatque
1074 4538 1330 4610 hominem
1351 4575 1377 4610 ,Α
1409 4548 1458 4590 et
1483 4536 2014 4610 conﬁtebaturDenm
2039 4576 2054 4600 ,
2103 4553 2381 4610 quamnon
2405 4536 2622 4610 videbat,
2656 4555 2815 4610 neque
2843 4536 3113 4610 tangebat,
3133 4537 3341 4610 δαέρα·
3365 4537 3479 4600 hoc,

215 4606 359 4678 quod
403 4607 623 4678 uideant,
665 4606 822 4678 atque
865 4606 1146 4678 tangebat,
1178 4607 1307 4660 illud
1348 4606 1696 4678 jam_remota
1746 4608 2066 4661 dubitatione
2091 4606 2368 4678 credebat;
2387 4608 2524 4678 unde
2563 4606 2840 4678 sequitur:
2875 4606 3156 4677 Respondit
3183 4606 3404 4660 Thomas
3434 4615 3482 4658 ct

216 4674 355 4728 dixit
383 4676 468 4728 ei:
511 4674 764 4746 Dominus
808 4674 1035 4730 meus'et
1074 4677 1212 4729 Deus
1252 4674 1416 4730 mens.
1473 4675 1538 4730 Ut
1573 4691 1702 4746 vero
1730 4677 1872 4746 hunc
1919 4691 2223 4731 sermonem
2269 4676 2324 4730 S.
2356 4677 2590 4732 Maximo
2615 4674 3012 4746 a'djudicemus',
3041 4694 3140 4733 nos
3163 4687 3481 4746 permovent

217 4753 334 4798 tres
357 4746 568 4817 codices
593 4745 887 4817 Subalpini,
924 4745 1269 4817 Taurinensis
1316 4747 1542 4817 scilicet,
1579 4744 1636 4798 S.
1671 4743 1917 4817 Dalmatii
1960 4755 2014 4799 et
2042 4747 2357 4817 monasterii
2389 4747 2516 4817 olim
2550 4747 2617 4802 de
2648 4743 2942 4817 A'ppannis.
2989 4747 3047 4801 In
3073 4743 3258 4817 codice
3289 4745 3479 4817 Tauri-

214 4817 371 4882 nensi
401 4815 711 4871 inscribitur
736 4813 911 4870 {Item
941 4824 989 4869 et
1014 4817 1077 4868 de
1099 4815 1304 4868 Pascha
1353 4824 1402 4869 et
1431 4815 1493 4868 de
1523 4814 1671 4868 beato
1700 4813 1894 4867 Thema
1916 4831 2084 4868 sermo
2117 4813 2246 4865 VII.
2289 4814 2622 4869 Bcnedictini
2657 4813 2904 4871 monachi
2935 4831 3186 4882 congrcg.
3219 4815 3276 4868 S.
3309 4815 3478 4867 Mauri

211 4880 360 4937 hunc
391 4901 692 4938 sermonem
740 4885 790 4938 in
841 4887 1134 4955 appendice
1183 4901 1344 4939 serm.
1390 4884 1446 4940 S.
1476 4884 1700 4952 August.
1734 4885 1982 4955 secundae
2009 4883 2198 4955 classis
2224 4899 2376 4955 num.
2408 4884 2504 4938 161
2531 4886 2884 4940 collocarunt.
2916 4880 3329 4955 Conferentihus
3357 4892 3477 4936 tex-

213 4959 351 5016 tum,
385 4968 542 5021 quem
573 4953 922 5022 esscriptun'r
946 4956 1226 5010 habuimus
1255 4970 1322 5009 ex
1352 4955 1538 5010 codice
1585 4955 1810 5009 abbatizc
1854 4956 1910 5008 S.
1952 4953 2197 5006 Dalmatii
2227 4993 2242 5017 ,
2295 4954 2382 5007 ubi
2431 4961 2609 5010 exstat
2648 4971 2768 5010 cum
2800 4955 2992 5008 titulo:
3024 4955 3155 5008 Item
3179 4954 3243 5007 de
3279 4955 3478 5006 Pascha

210 5039 384 5094 sermo
414 5023 485 5091 Χ,
528 5034 575 5077 ct
629 5025 690 5078 de
737 5024 882 5078 beato
925 5025 1120 5078 Thoma
1144 5067 1158 5088 ,
1202 5040 1322 5078 cum
1352 5040 1551 5080 excuso
1583 5025 1635 5078 in
1680 5025 1822 5079 dicta
1854 5023 2152 5092 appendice
2181 5038 2342 5077 scrm.
2376 5023 2433 5079 S.
2465 5024 2688 5092 August.
2725 5041 2871 5078 num.
2912 5023 3028 5088 162,
3060 5037 3181 5094 pag.
3215 5023 3319 5077 205
3345 5025 3474 5078 edit.

211 5091 478 5162 Antuerp.
509 5094 664 5159 I700,
690 5095 805 5161 ejus
834 5094 1063 5148 varietas
1083 5095 1366 5148 constabit.

208 5183 607 5236 Anuuuanruu.
631 5183 940 5236 —leomas
972 5191 1106 5234 tactu
1137 5181 1395 5235 Christum
1425 5185 1479 5236 in
1504 5184 1615 5250 ipso
1635 5182 1788 5236 Chri-

281 5262 364 5306 sto
395 5252 642 5305 sollirttus
671 5253 957 5321 requisivit,
990 5268 1093 5305 non
1125 5252 1261 5322 quod
1288 5253 1352 5304 de
1386 5253 1498 5321 ejus
1538 5253 1790 5305 dubitaret

281 5324 682 5380 resurrectione.
713 5323 802 5374 sed
828 5331 881 5373 ut
909 5337 1109 5374 omnem
1137 5321 1200 5372 ab
1230 5322 1508 5375 incredulis
1545 5331 1791 5375 arerterut

279 5393 652 5463 suspicionem.
691 5390 816 5444 Tota
839 5392 968 5460 ﬁdes
994 5401 1171 5444 nostra
1191 5393 1244 5444 in
1276 5395 1661 5445 resurrectionis
1682 5392 1797 5463 glo-

282 5459 365 5514 ria
395 5461 686 5528 reponenda
707 5469 803 5514 est.

1968 5181 2208 5238 Diximus
2233 5185 2513 5253 superiore
2542 5183 2832 5248 dominica,
2859 5182 3075 5238 beatum
3106 5182 3364 5238 Thomam
3384 5223 3398 5248 ,
3423 5193 3480 5237 ut

1897 5274 2057 5327 fidem
2104 5276 2344 5329 omnium
2391 5275 2722 5330 credentium
2786 5291 2884 5330 suo
2932 5275 3168 5331 ﬁrmaret
3211 5277 3476 5345 exemplo.

1898 5363 2150 5418 dominici
2173 5366 2422 5434 corporis
2447 5373 2573 5434 post
2610 5366 3059 5421 resurrectionem
3098 5366 3336 5420 membra
3367 5366 3479 5434 pal-

1899 5478 2088 5532 passe;
2139 5471 2299 5533 atque
2326 5473 2386 5520 ut
2421 5474 2739 5520 cunctorum
2777 5465 3178 5534 abiguitatem
3203 5465 3256 5519 in
3283 5463 3477 5521 Christi

283 5607 312 5635 ·
341 5597 422 5652 Ex
445 5597 576 5653 Cod.
611 5597 852 5670 T_auriu.,
882 5596 1032 5652 Unde
1058 5613 1232 5652 versus
1260 5614 1376 5652 cum
1407 5597 1658 5670 prapheta
1711 5598 1793 5652 di-

207 5685 328 5722 cere
349 5677 547 5736 poterat
577 5685 594 5722 :
626 5666 670 5720 Ο
702 5684 862 5734 mors,
884 5675 988 5722 etc.

289 5743 312 5776 υ
342 5735 486 5794 Idem
516 5738 640 5794 cod.
673 5737 912 5803 Taurin.,
965 5736 1100 5790 unde
1128 5739 1181 5792 in
1209 5737 1304 5791 hac
1328 5735 1516 5792 Christi
1545 5739 1791 5792 sacratis-

1895 5599 2439 5671 simairesurrectionis
2461 5601 2756 5671 festivitate,
2786 5611 2890 5657 etc.

1976 5681 1994 5706 ε
2030 5670 2174 5743 Idem
2205 5671 2351 5735 cod.,
2378 5679 2427 5743 et
2455 5669 2550 5743 pro
2600 5681 2778 5725 nostra
2820 5673 2985 5726 salute
3021 5674 3072 5728 in
3102 5672 3265 5743 ligno,
3297 5669 3426 5724 illud
3447 5683 3474 5719 e

1901 5739 2092 5794 tumulo
2121 5755 2303 5793 novam
2327 5739 2396 5792 ad
2424 5741 2579 5794 vitam
2605 5744 2870 5796 revocavit.
