4054 6190
540 265 645 320 599

1735 266 1791 320 S.
1833 264 2077 320 MAXIM!
2117 261 2564 319 TAURINENSIS

3703 263 3826 318 600

509 419 522 426 -
545 367 759 425 Domini
799 372 1198 427 resurrectione
1238 372 1532 443 depelleret
1555 415 1572 445 ,
1618 374 1898 428 vulnerum
1948 375 2118 444 ipsius
2147 382 2194 438 Α
2221 384 2464 447 emtum“,
2507 375 2558 429 in
2587 389 2694 447 quo
2732 376 3042 447 scripsimus
3086 375 3142 431 S.
3178 377 3439 432 Thomam
3465 376 3822 447 apostolum,

543 462 821 517 cicatrices
869 464 1094 518 scrutari
1144 465 1396 519 voluisse.
1463 465 1660 520 Verum
1707 465 1761 519 id
1810 475 2032 534 propter
2058 481 2119 520 se

547 559 750 604 tantum
779 547 1034 620 operatus
1062 568 1170 605 non
1199 562 1282 607 est
1309 553 1498 608 beatus
1525 555 1831 624 apostolus;
1863 555 1955 608 sed
1976 554 2119 623 quod

518 625 659 709 'ipse
685 641 947 696 curiosius
976 650 1103 696 tunc
1131 640 1248 706 fuit,
1280 644 1489 698 cunctis
1516 644 1735 714 profuit.
1768 646 1972 714 Nempe
1997 661 2121 700 cum

543 749 692 786 suam
724 734 776 786 in
810 734 1060 789 universo
1087 733 1286 790 Christi
1314 737 1601 791 scrutando
1629 751 1856 806 corpore
1883 737 2124 792 exercuit

543 823 954 878 sollicitudinem
979 863 997 888 ,
1035 825 1270 879 omnium
1322 825 1478 880 iidem
1516 824 1870 881 conﬁrmavit.
1925 826 2122 896 Ecquis

544 913 686 967 enim
715 913 889 969 adhuc
936 914 1143 969 dubitet
1183 916 1406 971 rediisse
1449 917 1518 971 ab
1560 917 1742 972 inieris
1768 916 2120 986 Salvatorem,

544 1021 700 1074 quem
731 1021 840 1060 non
870 1014 1078 1060 tantum
1105 1007 1239 1062 vidit
1258 1006 1510 1074 Thomas,
1539 1010 1636 1063 sed
1661 1017 1717 1064 et
1741 1009 1856 1078 ejus
1883 1011 2120 1064 membra

545 1095 812 1164 palpavit,
876 1096 1084 1165 singula
1133 1111 1349 1167 quoque
1403 1107 1672 1153 scrutatus
1730 1107 1813 1153 et
1863 1100 2124 1154 vulnera?

547 1197 571 1222 ιι
595 1187 850 1252 Quamvis
878 1195 1008 1258 ergo
1049 1188 1272 1245 modica:
1300 1188 1422 1244 ﬁdei
1448 1190 1544 1256 sit;
1573 1192 1815 1260 quamvis
1843 1192 2124 1249 imbecillis

545 1277 880 1332 Christianus
906 1279 1100 1334 existat
1127 1281 1322 1348 ingenii
1341 1323 1356 1346 ,
1387 1297 1537 1337 suam
1561 1297 1834 1350 nunquam
1860 1283 2122 1337 sollicitu-

545 1365 726 1420 dinem
754 1366 920 1439 482
957 1367 1174 1424 Thema:
1199 1371 1400 1440 poterit
1425 1387 1739 1442 comparare
1768 1372 2122 1440 inquisitioni,

545 1465 708 1524 atque
755 1457 890 1519 adeo
936 1465 1060 1528 post
1100 1461 1460 1528 cognitionem
1509 1470 1672 1532 atque
1717 1463 2124 1518 conversionem

545 1545 722 1600 nullus
741 1561 902 1601 ausus
929 1556 1071 1602 esset
1097 1557 1303 1618 petere,
1331 1550 1509 1606 nullus
1531 1551 1842 1629 exquirere,
1875 1561 1934 1606 ut
1960 1553 2124 1607 etiam

545 1641 689 1688 tactu
717 1635 987 1689 Christum
1016 1637 1070 1691 in
1107 1637 1225 1707 ipso
1269 1635 1484 1695 Christo
1530 1649 1975 1709 perscrutaretur,
2020 1657 2123 1696 nec

546 1742 654 1780 non
684 1727 738 1779 in
772 1726 889 1795 ipso
920 1727 1136 1783 homine
1157 1770 1172 1795 ,
1203 1744 1364 1797 quem
1399 1731 1643 1798 videbat,
1679 1732 1968 1786 humanum
1997 1747 2122 1786 cor-
2157 1731 2200 1790 Β

455 1861 464 1873 .
546 1830 644 1884 pus
670 1816 931 1870 curiosius
953 1816 1127 1871 adhuc
1147 1819 1484 1886 exquireret,
1506 1818 1743 1886 ejusdem
1765 1820 2120 1874 resurrectio-

544 1918 695 1967 nem,
725 1920 884 1973 quam
915 1920 1012 1974 pro
1057 1905 1211 1960 nobis
1246 1906 1360 1975 ipse
1387 1906 1618 1968 tulerat,
1649 1906 1843 1976 injuria
1869 1923 2122 1977 compro-

546 1996 716 2050 baret.
753 1996 946 2050 Beatus
971 2011 1098 2066 ergo
1119 1996 1372 2063 Thomas,
1393 2013 1513 2052 cum
1543 2007 1686 2053 esset
1710 2007 1928 2054 sanctus
1944 2037 1960 2062 ,
1994 1998 2125 2054 ﬁde-

545 2087 611 2141 lis
649 2096 704 2142 et
747 2087 953 2157 justus,
1002 2088 1116 2144 bzec
1154 2089 1333 2144 omnia
1374 2090 1635 2144 sollicitus
1670 2091 1978 2157 requisivit,
2016 2105 2125 2144 non

545 2180 690 2248 quod
731 2180 798 2234 de
835 2181 999 2250 ipsius
1037 2181 1306 2236 dubitaret
1345 2184 1755 2248 resurrectione,
1798 2182 1893 2238 sed
1931 2189 1990 2236 ut
2009 2197 2126 2236 om-

546 2289 667 2328 nem
710 2273 781 2327 ab
819 2273 1067 2328 omnibus
1113 2283 1381 2330 averteret
1425 2276 1806 2346 suspicionem.
1859 2275 1938 2330 Illi
1981 2275 2127 2330 enim

547 2364 614 2416 ad
659 2365 933 2434 propriam
986 2363 1145 2420 ﬁdem
1204 2365 1625 2422 conﬁrmandam
1668 2366 1952 2422 suifecerat
1998 2365 2128 2422 illud

548 2454 744 2510 vidisse
769 2470 966 2524 corpus
989 2496 1006 2522 ,
1053 2455 1198 2524 quod
1233 2455 1346 2525 jam
1381 2465 1540 2511 antea
1572 2464 1811 2512 noverat.
1863 2455 1970 2512 Sed
1997 2471 2127 2528 ope-

548 2553 700 2600 ratus
745 2554 828 2600 est
875 2547 1066 2609 nobis,
1120 2554 1180 2602 ut
1225 2555 1470 2616 tangeret
1525 2548 1673 2616 quod
1715 2538 1961 2614 ﬁdebat;
1994 2557 2053 2604 ut
2079 2548 2126 2604 si

549 2635 688 2689 forte
717 2635 1024 2690 incredulus
1051 2635 1174 2704 quis
1200 2636 1440 2701 diceret,
1481 2644 1610 2692 tunc
1647 2637 1814 2706 ipsius
1835 2637 2002 2714 fuisse
2025 2637 2123 2692 de-

549 2725 697 2780 Iusos
727 2726 777 2779 in
817 2733 1042 2796 aspectu
1081 2726 1276 2782 Christi
1313 2727 1520 2791 oculos,
1558 2742 1748 2782 manus
1776 2735 1952 2782 tamen
1984 2728 2127 2782 illius

546 2823 678 2871 tunc
720 2815 885 2871 fuisse
927 2815 1205 2872 frustratas
1252 2818 1303 2872 in
1355 2817 1599 2887 ejusdem
1638 2827 1785 2875 tactu
1811 2819 1991 2874 dicere
2019 2835 2127 2874 non

549 2915 751 2976 posset.
800 2907 931 2962 Nam
970 2909 1023 2962 in
1048 2909 1456 2964 resurrectionis
1491 2909 1923 2964 manifestatione
1949 2916 2128 2979 potest

549 2999 764 3068 quidem
792 2999 861 3054 de
899 3007 1119 3069 aspectu
1164 3001 1285 3068 quis
1326 3000 1571 3056 dubitare
1591 3041 1609 3066 ,
1637 3001 1784 3072 quod
1812 3010 1989 3057 tamen
2019 3018 2126 3076 non

2222 445 2287 516 ad
2309 443 2726 516 conﬁrmandam
2757 443 2911 500 ﬁdem
2933 447 3191 509 omnium,
3214 455 3338 516 post
3350 443 3826 516 resurrectionem

2219 512 2742 585 dominicicorporis
2779 516 3016 568 membra
3045 512 3294 585 palpasse
3321 524 3408 581 et,
3440 516 3508 569 ad
3537 515 3829 585 repellen-

2221 583 2344 637 dam
2389 582 2785 652 ambiguitatem
2822 582 3222 650 universeruiu,
3265 586 3544 640 vulnerum
3581 582 3714 652 ejus
3744 585 3828 638 ei»

2221 652 2449 724 natrices
2475 653 2702 706 scrutari
2729 652 2982 724 voluisse.
3027 653 3144 708 Non
3175 654 3317 708 enim
3345 663 3570 724 propter
3595 660 3828 724 se_tang

2224 721 2470 793 tumhoc
2497 729 2747 793 operatus
2773 729 2863 793 est,
2880 723 3071 793 beatus
3095 721 3392 793 apostolus,
3420 721 3512 777 sed
3533 721 3694 793 quod
3719 722 3826 776 sibi

2221 790 2407 859 gessit,
2436 791 2642 859 cunctis
2668 790 2911 858 profecit.
2943 790 3076 845 Cum
3105 790 3250 846 enim
3276 793 3518 846 exercuit
3543 792 3830 846 sollicitu-

2223 857 2424 922 dinem,
2456 857 2612 912 ﬁdem
2642 857 2878 913 omnium
2899 860 3254 915 conﬁrmavit.
3286 861 3415 927 Quis
3443 863 3590 916 enim
3612 876 3690 915 ex
3717 861 3830 915 hoc

2227 928 2436 999 dubitet
2456 967 2472 992 ,
2522 927 2747 983 rediisse
2793 944 2824 982 a
2861 931 3091 985 mortuis
3117 929 3472 994 Salvatorem,
3501 930 3669 999 cujus
3695 939 3827 998 post

2225 996 2808 1068 inferoshprazsentiam
2852 999 3357 1068 agnoscatgoculus,
3411 996 3678 1054 attrectet
3696 996 3827 1052 ina-

2225 1082 2325 1136 nus
2348 1104 2387 1136 ,ί
2413 1065 2607 1134 digitus
2653 1065 3056 1136 perscrutetur?
3102 1067 3354 1136 Quamvis
3392 1069 3554 1136 igitur
3581 1068 3828 1122 modica:

2228 1134 2350 1189 ﬁdei
2377 1135 2539 1190 homo
2561 1175 2576 1199 ,
2607 1134 2849 1206 quamvis
2890 1137 3170 1192 imbecillis
3191 1134 3434 1204 ingenii
3460 1137 3823 1201 cbristianus,

2226 1219 2498 1284 nunquam
2544 1206 2968 1284 sollicitudinem
3003 1222 3155 1260 suam
3205 1207 3537 1284 inquisitioni
3586 1206 3826 1284 Thema:

2223 1275 2557 1342 aequiparare
2595 1275 2873 1346 potuisset.
2922 1275 3204 1346 Nunquam
3239 1276 3381 1330 enim
3408 1285 3534 1345 post
3573 1275 3827 1342 agnitio-

2225 1358 2382 1414 nem,
2413 1345 2902 1414 conversationem,
2935 1345 3201 1414 loquelam
3229 1360 3389 1400 ausus
3427 1353 3574 1400 esset
3600 1354 3824 1414 petere,

2226 1420 2286 1466 ut
2309 1411 2472 1484 etiam
2518 1421 2663 1484 tactu
2708 1411 2979 1484 Christum
3006 1411 3456 1484 perscrutaretur
3488 1414 3545 1484 in
3571 1411 3824 1478 Christo,

2224 1490 2283 1552 et
2309 1481 2369 1552 in
2409 1483 2526 1550 ipso
2573 1483 2792 1537 homine
2836 1498 2996 1552 quem
3025 1481 3304 1549 cerneret,
3346 1483 3585 1537 hominis
3612 1497 3826 1551 corpus

2226 1551 2547 1622 inquireret,
2592 1561 2648 1606 et
2683 1551 3132 1608 resurrectionem
3168 1552 3285 1622 ejus
3313 1567 3421 1607 non
3453 1562 3563 1622 tam
3589 1553 3824 1605 mirabi-

2228 1620 2360 1692 lium
2403 1620 2587 1692 glori_a__
2607 1622 2864 1676 crederet
2885 1662 2901 1688 ,
2952 1637 3113 1692 quam
3141 1620 3406 1692 passionis
3434 1621 3632 1691 injuria
3668 1636 3826 1676 com-

2226 1690 2498 1770 probaret.
2531 1687 2763 1770 Thomas
2789 1687 2918 1770 ergo
2947 1687 3068 1770 eum
3100 1687 3242 1770 esset
3269 1687 3519 1770 sanctus,
3555 1692 3746 1770 ﬁdelis
3770 1701 3826 1744 et

2226 1707 2498 1770 prouaret.
2540 1707 2763 1745 rnomas
2789 1707 2918 1813 ergo
2947 1707 3068 1746 cum
3100 1707 3242 1747 esset
3269 1707 3485 1746 sanctus
3504 1731 3519 1756 ,
3555 1707 3746 1771 naeus
3770 1707 3826 1744 et

2223 1768 2423 1831 justus,
2454 1758 2762 1831 hateomnia
2790 1776 2852 1814 so
2865 1761 3018 1831 _licite
3046 1762 3322 1831 requisivit
3345 1779 3358 1813 :
3391 1775 3497 1814 non
3523 1761 3683 1831 quod
3709 1775 3827 1829 ipse

2221 1827 2437 1900 aliquid
2454 1827 2754 1900 dubitaret,
2784 1829 2882 1886 sed
2896 1838 2969 1900 fut
3001 1827 3215 1900 omnem
3241 1827 3604 1900 suspicionem
3634 1827 3827 1900 incre-

2225 1897 2469 1952 dulitatis
2504 1898 2833 1954 excluderet.
2895 1898 3029 1953 Nam
3070 1897 3354 1955 suﬁ'ecerat
3400 1899 3473 1953 illi
3521 1900 3595 1954 ad
3651 1899 3824 1953 Iidem

2227 1966 2521 2037 propriam,
2551 1967 2747 2022 vidisse
2772 1982 2931 2037 quem
2959 1977 3184 2023 noverat
3207 1987 3219 2022 :
3251 1968 3344 2024 sed
3372 1969 3525 2038 nobis
3550 1977 3826 2038 operatus

2227 2045 2330 2095 est.
2366 2042 2426 2105 ut
2451 2043 2692 2103 tangeret
2717 2078 2733 2103 ,
2780 2052 2941 2105 quem
2983 2039 3233 2093 videbat:
3281 2047 3340 2091 ut
3362 2039 3406 2092 si
3433 2037 3576 2093 forte
3596 2037 3825 2091 dicere-

2227 2120 2368 2168 mus,
2399 2103 2757 2177 delusosesse
2784 2103 2910 2177 ejus
2927 2107 3111 2162 oculos
3127 2147 3141 2170 ,
3182 2124 3290 2164 non
3317 2123 3599 2177 possemus
3626 2106 3826 2162 dicere

2227 2190 2421 2228 manus
2449 2174 2590 2228 illius
2617 2175 2778 2230 fuisse
2803 2173 3099 2231 fruitratas.
3138 2177 3197 2231 In
3225 2173 3638 2232 resurrectionis
3670 2177 3822 2229 enim

2227 2244 2660 2318 manifestatione
2684 2245 2764 2318 de
2809 2254 3024 2318 aSpectu
3067 2247 3269 2318 ambigi
3308 2252 3517 2318 potest,
3556 2247 3823 2318 _de_tactu

2229 2329 2338 2368 non
2386 2321 2568 2382 potest
2610 2314 2885 2368 dubitariI
2912 2314 3135 2370 Constat
3184 2314 3328 2371 enini
3356 2315 3603 2370 veritatis
3643 2314 3825 2382 ipsius

2229 2383 2540 2439 testimonio
2568 2384 2788 2438 rediisse
2816 2385 2886 2438 ab
2917 2385 3101 2440 inferis
3137 2385 3491 2441 SalvatOrem.
3533 2383 3677 2450 Quis
3709 2399 3822 2438 non

2229 2468 2381 2524 spem
2410 2469 2559 2524 suam
2585 2453 2636 2508 in
2657 2452 2870 2509 Christo
2890 2454 3152 2524 collocet?
3179 2454 3309 2522 Quis
3335 2470 3442 2524 non
3473 2453 3635 2524 ﬁdem
3659 2468 3822 2506 suam

2229 2522 2396 2594 ponat
2422 2525 2478 2577 in
2504 2523 2731 2578 Domino
2756 2566 2773 2592 ,
2818 2530 2875 2594 ut
2902 2522 3027 2577 dum
3060 2524 3206 2578 illum
3235 2526 3302 2580 ab
3330 2523 3545 2590 inferis,
3577 2523 3706 2594 ipse
3737 2539 3823 2594 re-

2229 2592 2418 2661 surgat
2458 2608 2490 2646 a
2535 2594 2794 2648 mortuis?
2842 2592 2977 2648 Dicit
3002 2595 3191 2648 beatus
3217 2594 3505 2664 Apostolus
3534 2611 3548 2645 :
3584 2592 3652 2646 Si
3677 2593 3819 2664 εηὶηε

2230 2664 2421 2735 mortui
2455 2679 2571 2735 non
2611 2673 2915 2735 resurgunt,
2947 2661 3384 2735 neque_Christus
3423 2663 3724 2735 resurrexit
3759 2661 3820 2730 (1

2232 2731 2357 2786 Cor.
2385 2731 2496 2800 xv).
2528 2732 2661 2798 Quia
2693 2731 2821 2801 ergo
2849 2731 3080 2788 surrexit
3106 2733 3377 2798 Christus,
3406 2731 3823 2789 suscitabuntur

2231 2809 2289 2855 et
2311 2801 2508 2855 mortui
2545 2818 2557 2852 :
2585 2802 2707 2869 quia
2733 2802 3026 2856 resurrexit
3053 2801 3328 2869 Dominus,
3359 2811 3416 2858 et
3441 2802 3641 2857 servuli
3674 2805 3820 2856 revi-

2231 2870 2458 2944 viscent.
2506 2870 2625 2939 Ipse
2653 2871 2796 2944 enim
2824 2879 2965 2944 est,
2986 2873 3126 2926 sicut
3151 2875 3227 2926 ait
3257 2872 3573 2944 Apostolus,
3604 2871 3823 2940 primo-

2230 2940 2442 3020 genitus
2471 2955 2554 3020 .ex
2603 2941 2849 3020 mortuis:
2913 2939 3086 3020 Sicut
3110 2943 3254 3020 enim
3281 2939 3374 3020 est
3411 2941 3553 3020 apud
3582 2939 3823 3020 superos

2232 3009 2373 3079 idem
2401 3009 2812 3079 primogenitus,
2834 3010 2886 3064 in
2936 3011 3117 3066 multis
3146 3010 3418 3077 fratribus,
3449 3009 3519 3067 ita
3548 3019 3602 3065 et
3634 3009 3712 3064 ab
3741 3012 3822 3064 in-

550 3098 731 3161 potest
757 3091 823 3146 de
848 3099 1013 3147 tactu.
1063 3091 1321 3147 Veritatis
1347 3093 1489 3148 enim
1519 3093 1686 3162 ipsius
1716 3101 1858 3149 tactu
1887 3094 2129 3149 testimo-
2153 3092 2199 3156 C
2231 3077 2358 3162 ῖθιζίδ
2404 3077 2490 3162 δὲξ
2529 3077 2924 3162 ,Ρέίωοὲθηίίυε
2969 3095 3036 3135 ex
3079 3080 3360 3162 δεξίὐηοῑὶε·
3389 3080 3824 3162 ,Ρΐίξὶιοεεῖξιίίυε

551 3183 642 3237 nio
669 3190 882 3238 constat
927 3185 995 3238 ab
1039 3181 1224 3242 inferis
1265 3185 1487 3241 rediisse
1531 3185 1886 3241 Salvatorem.
1916 3185 1970 3241 Si
2001 3200 2130 3255 ergo

550 3271 795 3328 Christus
835 3275 1129 3329 resurrexit
1157 3291 1278 3346 spes
1308 3283 1490 3331 nostra
1511 3315 1526 3340 ,
1557 3277 1695 3345 quis,
1726 3274 1937 3343 fratres,
1967 3275 2129 3348 483

551 3380 610 3418 se
637 3381 852 3436 quoque
881 3382 988 3420 non
1014 3381 1293 3436 resurgere
1321 3367 1541 3424 credat?
1583 3367 1639 3423 Si
1667 3368 1817 3424 illum
1844 3383 1876 3423 a
1905 3369 2130 3424 mortuis

550 3456 773 3512 rediisse
800 3457 1097 3523 credimus,
1140 3475 1236 3514 cur
1264 3475 1361 3514 nos
1398 3460 1562 3514 etiam
1591 3467 1985 3515 resurrecturus
2010 3475 2130 3516 esse

551 3547 952 3604 dubitabimus?
978 3566 1100 3605 cum
1138 3551 1282 3606 dicat
1321 3551 1507 3606 beatus
1535 3551 1822 3621 Apostolus
1854 3569 1867 3604 :
1904 3551 1965 3605 Si
1993 3552 2130 3605 enim

551 3641 740 3692 mortui
760 3657 864 3694 non
884 3650 1174 3712 resurgunt,
1193 3657 1354 3711 neque
1372 3641 1604 3696 Christus
1625 3643 1905 3696 resurrexit
1932 3640 1986 3713 (I
2006 3640 2128 3697 Cor.

551 3729 664 3798 xv).
695 3727 830 3785 Cum
860 3746 989 3800 ergo
1013 3731 1253 3786 Christus
1281 3733 1664 3798 resurrexerit,
1694 3733 1888 3788 mortui
1915 3747 2133 3802 quoque

553 3823 978 3887 suscitabuntur;
1008 3823 1134 3891 quia
1161 3824 1455 3878 resurrexit
1481 3824 1766 3896 Dominus,
1808 3824 2133 3879 reviviscent

553 3926 768 3980 quoque
797 3920 852 3966 et
878 3912 1092 3965 servuli.
1125 3911 1242 3981 Ipse
1270 3913 1432 3977 enim,
1449 3914 1526 3967 uti
1553 3914 1715 3968 habet
1733 3915 1873 3968 idem
1899 3914 2133 3983 Aposto-

553 4000 657 4064 lus,
688 4009 771 4055 est
797 4001 1182 4070 primogenitus
1209 4019 1276 4058 ex
1305 4005 1550 4059 mortuis.
1595 4003 1989 4072 Primogenitus
2013 4005 2134 4075 qui-

553 4089 674 4144 dem
711 4105 779 4144 ex
815 4091 1039 4147 mortuis
1063 4132 1079 4159 ,
1131 4093 1256 4162 quia
1276 4093 1440 4166 484
1467 4094 1534 4149 ab
1576 4092 1759 4151 inferis
1785 4096 1990 4166 primus
2018 4097 2134 4166 ipse

555 4182 878 4248 resurrexit;
927 4192 982 4238 et
1021 4200 1143 4240 cum
1193 4186 1309 4256 ipso
1345 4204 1446 4244 nos
1484 4203 1700 4258 quoque
1727 4189 2014 4260 aliquando
2042 4205 2131 4244 re-

554 4281 889 4329 surrecturos
932 4290 1051 4331 esse
1102 4278 1437 4334 conﬁdimus.
1469 4277 1496 4317 ι)
1542 4279 1734 4334 Totam
1781 4281 1924 4334 enim
1974 4280 2131 4335 ﬁdem

556 4372 793 4418 nostram
841 4365 893 4418 in
944 4370 1392 4434 resurrectionis,
1439 4384 1559 4437 quze
1606 4377 1990 4438 superventura
2028 4379 2130 4434 est,

555 4455 723 4525 gloria
751 4455 1009 4512 debemus
1033 4473 1294 4527 reponere
1311 4499 1327 4523 ,
1365 4467 1526 4528 atque
1552 4459 1605 4514 in
1636 4460 1807 4514 futura
1829 4460 1997 4528 magis
2023 4459 2131 4513 vita
2160 4455 2210 4516 D

557 4562 778 4616 sperare
821 4548 888 4602 de
917 4548 1165 4610 Domino.
1217 4551 1384 4606 Recte
1429 4565 1558 4618 ergo
1601 4551 1737 4606 dixit
1763 4553 1954 4607 beatus
1981 4552 2128 4621 Apo-

557 4639 766 4693 stolus:
817 4639 948 4708 Spes
991 4656 1104 4710 qua:
1153 4641 1349 4696 videtur
1386 4657 1491 4697 non
1527 4651 1604 4696 est
1647 4659 1764 4711 spes
1790 4641 1967 4712 (Rom.
1993 4639 2126 4712 vni).

558 4727 847 4799 Speremus
873 4746 1003 4800 ergo
1032 4732 1086 4786 in
1111 4741 1310 4787 aeterna
1338 4733 1446 4788 vita
1477 4732 1658 4804 (Deest
1685 4735 1768 4789 hic
1788 4734 1910 4806 fol.)

559 4859 730 4916 Habet
757 4864 827 4918 ibi
847 4865 1007 4938 le_ctor
1035 4883 1316 4938 sermonem
1334 4875 1390 4919 ut
1415 4875 1493 4921 est
1519 4869 1572 4922 in
1598 4869 1820 4938 append.
1852 4868 1922 4938 ad
1951 4867 2133 4923 Vtom.

629 4947 836 4993 operum
872 4934 933 4990 S.
965 4937 1121 5007 Aug.,
1146 4937 1270 4992 edit.
1299 4938 1535 4992 manucla.
1564 4934 1744 5008 coner.
1776 4939 1836 4993 S.
1866 4937 2063 4991 Mauri.

634 5040 849 5097 Retinet
876 5048 1132 5105 sanctitas
1158 5055 1366 5115 vestra,
1403 5049 1626 5115 fratres,
1668 5050 1998 5118 superiorem
2029 5056 2141 5102 tra-

2231 3157 2412 3219 autem
2439 3147 2798 3219 dicituriqu’is,
2826 3165 2893 3203 ex
2913 3163 2978 3203 eo
3006 3150 3149 3218 quod
3169 3151 3432 3207 secuturis
3457 3151 3578 3204 aliis
3603 3147 3824 3219 primus

2233 3218 2488 3287 gignitur,
2519 3233 2588 3272 ex
2633 3218 2824 3273 inlerni
2855 3219 3089 3273 tenebris
3116 3220 3169 3273 in
3197 3222 3371 3276 lucem
3399 3218 3825 3276 resurrectionis

2232 3296 2416 3358 partus
2443 3287 2707 3358 ediderits
2735 3287 2928 3343 Partus
2973 3289 3114 3344 enim
3141 3291 3396 3345 dicendus
3423 3298 3534 3352 est,
3566 3289 3662 3343 ubi
3696 3305 3824 3358 per-

2231 3357 2526 3412 mutatione
2573 3357 2802 3425 quadam
2850 3359 3026 3413 anima
3077 3361 3264 3414 tartari
3309 3360 3514 3425 legibus
3557 3357 3820 3423 moritur,

2231 3435 2291 3480 ut
2319 3427 2556 3481 redivivo
2587 3429 2828 3496 corporis
2857 3428 2972 3482 usui
3000 3438 3329 3485 renascatur.
3367 3427 3637 3484 Nativitas
3667 3429 3821 3483 enim

2229 3497 2640 3567 resurrectionis
2667 3497 2810 3567 apud
2833 3513 3083 3567 superos,
3116 3514 3261 3554 mors
3287 3499 3528 3567 quaadam
3557 3505 3643 3552 est
3675 3498 3819 3552 infe-

2229 3579 2434 3638 rorum.
2472 3565 2629 3638 Unde
2669 3565 2782 3638 ipsa
2819 3565 3214 3638 morsmortem
3241 3565 3640 3638 quodammodo
3666 3568 3819 3638 pati-

2235 3643 2337 3697 tur,
2368 3636 2492 3690 dum
2527 3636 2577 3690 ei
2618 3636 2671 3689 in
2690 3634 2860 3689 vitam
2887 3634 3566 3692 defunctorum—multitudo
3593 3634 3820 3690 subtra-

2231 3705 2395 3759 hitur.
2449 3703 2589 3776 Nam
2621 3705 2759 3776 sicut
2785 3705 2973 3761 beatus
3000 3702 3288 3776 Apostolus
3309 3707 3439 3762 dicit
3459 3703 3820 3776 [Novissima

2233 3784 2404 3845 autem
2445 3775 2655 3828 inimica
2695 3775 2981 3830 destruetur
3029 3775 3168 3830 mors
3214 3775 3425 3845 (Ibid.).
3475 3775 3540 3829 Et
3571 3775 3813 3845 iterum:

2231 3844 2486 3917 Absorpta
2508 3853 2585 3898 est
2609 3861 2747 3917 mors
2774 3845 2828 3917 in
2847 3846 3058 3917 victoria
3078 3844 3299 3917 Δ(ΗΜΛ).
3329 3844 3463 3917 Cum
3489 3860 3618 3917 ergo
3643 3844 3818 3898 absu-

2231 3913 2405 3983 mitur
2450 3928 2596 3968 mors
2640 3913 2697 3967 in
2749 3915 2970 3968 victoria
2996 3955 3011 3978 ,
3053 3913 3376 3983 defectionis
3420 3913 3656 3983 quadam
3703 3929 3820 3969 sum

2231 3981 2600 4038 internecione
2624 3983 2934 4039 destruitur.
2965 3981 3330 4040 Deiectionem
3359 3981 3538 4038 autem
3582 3984 3816 4052 patitur.

2231 4065 2353 4123 cum
2399 4061 2639 4122 potestas
2684 4053 2798 4122 ejus
2843 4054 3050 4108 cunctis
3094 4054 3491 4123 resurgentibus
3531 4062 3816 4123 vacuatur.

2233 4119 2526 4176 Videamus
2571 4119 2749 4176 autem
2796 4123 2922 4190 quid
2950 4124 3046 4191 sit,
3076 4123 3219 4191 quod
3247 4119 3350 4187 ait,
3393 4130 3622 4176 mortem
3650 4121 3708 4174 in
3738 4121 3818 4174 vi-

2232 4193 2404 4246 ctoria
2435 4207 2553 4248 esse
2584 4189 2975 4261 consumptam.
3017 4189 3344 4261 Consumpta
3373 4201 3456 4246 est
3477 4191 3636 4259 plane
3666 4206 3820 4244 mors

2234 4261 2287 4315 in
2317 4263 2539 4316 victoria
2566 4276 2661 4316 sua
2689 4301 2704 4328 ,
2743 4261 2867 4315 dum
2895 4261 3166 4317 Christum
3195 4261 3384 4317 inferni
3414 4261 3622 4328 legibus
3646 4261 3819 4327 subji-

2234 4331 2380 4386 ciens
2403 4373 2418 4396 ,
2468 4331 2580 4398 ipsa
2627 4346 2717 4392 se,
2746 4346 2866 4385 cum
2895 4347 3017 4386 eum
3044 4331 3203 4398 vicit,
3233 4332 3430 4387 obruit.
3460 4331 3516 4384 In
3546 4347 3616 4386 eo
3643 4331 3817 4394 enim,

2235 4348 2380 4386 cnens
2403 4373 2418 4396 ,
2468 4348 2483 4384 ι
2523 4348 2580 4386 sa
2627 4348 2717 4392 se,
2746 4348 2866 4385 cum
2895 4348 3017 4386 eum
3044 4348 3203 4398 vicit,
3233 4348 3430 4387 onruit.
3460 4348 3516 4384 in
3546 4348 3616 4386 eo
3643 4348 3817 4394 enim,

2235 4399 2289 4454 in
2316 4415 2425 4468 quo
2455 4348 2599 4454 ilI’um
2615 4439 2630 4464 ,
2660 4414 2818 4469 quem
2844 4417 2904 4455 se
2931 4416 3212 4471 superasse
3239 4401 3520 4471 credebat,
3547 4401 3817 4471 possedit.

2236 4471 2303 4524 ab
2331 4484 2398 4523 eo
2426 4471 2565 4524 victa
2591 4468 2711 4534 est,
2761 4485 2882 4524 cum
2923 4468 3236 4525 resurrexit.
3284 4469 3474 4524 Totam
3498 4483 3628 4536 ergo
3655 4468 3822 4521 ﬁdem

2235 4547 2473 4594 nostram
2523 4539 2574 4594 in
2604 4540 3012 4594 resurrectionis
3041 4541 3208 4608 gloria
3237 4541 3504 4594 collocare
3530 4538 3822 4608 debemus,

2236 4616 2292 4680 et
2319 4608 2374 4680 in
2402 4608 2585 4680 futura
2602 4610 2777 4680 magis
2805 4610 2910 4664 vita
2940 4605 3157 4680 sperare
3179 4608 3246 4664 de
3274 4609 3532 4680 Domino._
3549 4605 3643 4661 Sic
3671 4607 3824 4660 enim

2238 4679 2315 4733 ait
2343 4679 2532 4748 beatus
2561 4675 2883 4748 Apostolus:
2939 4675 3069 4746 Spes
3107 4689 3275 4748 autem
3301 4693 3414 4747 qua:
3446 4675 3668 4739 videtur,
3713 4692 3822 4748 non

2237 4757 2316 4802 est
2339 4765 2452 4818 spes
2479 4746 2655 4818 (Rom.
2685 4749 2819 4870 vmz.
2849 4747 2907 4801 In
2937 4748 3112 4803 futura
3142 4747 3301 4814 igitur
3319 4746 3431 4800 vita
3457 4761 3742 4815 speremus
3767 4746 3822 4798 in

2239 4817 2468 4870 Domino
2491 4857 2506 4870 .
2550 4832 2669 4870 auat
2712 4833 2774 4870 so
2796 4817 2882 4870 ida
2930 4825 3048 4870 est.
3097 4823 3257 4870 atoue
3284 4824 3544 4870 perpetua
3575 4831 3589 4866 :
3623 4825 3681 4867 ut
3709 4831 3822 4868 non

2239 4817 2506 4880 Domino,
2550 4832 2669 4885 qua:
2712 4817 2882 4872 solida
2930 4825 3048 4882 est,
3097 4823 3257 4886 atque
3284 4824 3544 4886 perpetua
3575 4831 3589 4866 :
3623 4825 3681 4867 ut
3709 4831 3824 4868 non

2238 4883 2657 4941 miserabiliores
2683 4887 2890 4941 cunctis
2923 4883 3258 4951 hominibus,
3286 4883 3401 4939 sed’
3416 4884 3671 4939 meliores
3700 4899 3826 4938 esse

2239 4955 2544 5026 possimus;
2587 4971 2684 5026 per
2729 4957 3011 5010 Dominum
3038 4961 3291 5026 nostrum
3313 4952 3825 5026 Jesumeristum.

2241 5024 2333 5096 qui
2359 5025 2489 5078 vivit
2513 5033 2570 5079 et
2590 5024 2784 5096 regnat
2811 5026 2865 5080 in
2891 5025 3085 5080 saecula
3112 5024 3452 5080 seculorum.
3484 5025 3680 5078 Amen.

1883 5158 2150 5219 SEBMO
2191 5157 2495 5219 XXXIII.

1673 5257 1750 5311 De
1779 5257 1956 5311 eadem
1985 5256 2259 5310 Paschatis
2281 5253 2603 5310 solemnitate
2636 5252 2700 5306 ν.

631 5390 786 5491 Hunc
811 5449 1112 5491 sermonem
1135 5441 1368 5494 nondum
1388 5442 1608 5508 editum,
1639 5455 1673 5496 e
1699 5439 1883 5495 codice
1903 5345 2591 5510 priﬁrgrthdlengppannis
2626 5438 2954 5508 exscriptum
2981 5477 2996 5504 ,
3040 5453 3182 5495 nunc
3219 5438 3450 5509 primum
3477 5438 3690 5494 damus.
3729 5437 3825 5494 Sic

553 5649 558 5656 _
637 5593 664 5623 ⁸
701 5583 842 5664 Cod.
868 5585 1083 5664 Taurii}.
1106 5628 1123 5655 ,
1158 5589 1307 5643 Unde
1344 5593 1438 5644 etsi
1485 5593 1681 5648 modice
1717 5592 1838 5664 ﬁdei
1861 5591 2010 5646 homo
2044 5591 2130 5657 sit,

565 5657 796 5730 quamvis
822 5656 1106 5713 imbecillis.

2306 5589 2334 5628 δ
2375 5590 2508 5646 Cod.
2541 5589 2784 5657 Taurin.,
2817 5589 2998 5648 Totam
3035 5594 3168 5646 enim
3205 5593 3361 5662 ﬁdem
3395 5602 3628 5648 nostram
3658 5593 3716 5646 in
3742 5607 3828 5649 rc-

2238 5662 2601 5727 surrectionis,
2633 5676 2747 5732 qua:
2775 5671 3137 5732 superventura
3160 5672 3253 5730 est,
3280 5663 3449 5736 gloria
3477 5663 3717 5720 debemus
3736 5679 3826 5720 re-
