4054 6190
239 335 347 391 6οι

1622 332 1850 388 SERMO
1888 332 2119 390 XXXIV.

3404 334 3513 393 603

241 443 514 531 automin
530 442 1240 531 -c_ogcod_icelinscriptqsgest
1263 440 1646 531 illemﬁeet‘wde
1684 444 2090 531 Pascha-sermo
2129 446 2180 500 Χ
2187 446 2271 531 I_I.
2325 447 2459 531 Eum
2488 448 2967 531 veroperbrevem
2994 449 3241 531 quidem,
3261 450 3355 506 sed
3384 465 3511 531 gra:

238 527 371 589 vem
398 512 696 589 sententiis
729 529 759 567 a
807 512 1038 567 Maximo
1080 513 1243 568 fuisse
1287 513 1643 589 perscriptum
1682 530 1790 569 non
1828 523 2067 571 vetustas
2112 517 2274 572 modo
2322 527 2485 588 atque
2520 512 2812 575 auctoritas
2851 512 3051 575 codicis
3091 512 3511 589 ejusdcmfsed

239 582 421 652 stylus
450 583 614 635 etiam
646 582 803 651 plane
826 590 1215 637 commonstrat
1245 592 1407 651 atque
1429 582 1611 636 efﬁcit.

236 697 410 779 535
442 700 833 779 Aacuuenruu.
855 729 925 740 —
938 697 1175 778 Christus
1196 715 1230 779 a
1257 698 1471 751 mortuis
1492 697 1740 779 rediuivus
1766 712 1826 779 se
1852 702 1901 757 Α
1933 698 2103 754 ﬁdelis
2150 699 2380 769 populus
2431 700 2623 756 futura:
2666 703 3078 764 resusrectionis
3104 701 3345 756 adinstar
3372 702 3515 755 nivei

315 766 487 836 ipsum
532 767 750 835 priebuit
793 768 1067 836 imaginem
1117 777 1307 820 nostra:
1354 766 1738 836 resurrectionis
1780 775 1827 818 et

318 835 668 890 renovationis
692 874 706 896 .
746 852 859 906 qua:
903 835 964 905 ﬁt
995 839 1048 889 in
1090 838 1359 906 baptismo.
1400 835 1832 906 Exsullenms,rut

320 908 576 973 eumipsa
607 904 854 975 regnante
892 908 1149 967 laetemur,
1194 906 1239 959 si
1284 904 1349 958 ab
1378 906 1541 974 ipsius
1584 904 1690 973 ﬁde
1725 905 1832 958 vita

320 992 520 1047 quoque
545 986 719 1029 nostra
740 992 843 1028 non
864 975 1135 1044 discrepet.

321 1153 598 1207 Hodierna
643 1152 909 1223 paschalis
954 1151 1267 1207 solemnitas
1293 1192 1308 1217 ,
1356 1156 1509 1203 tanto
1536 1147 1633 1203 Dei
1664 1148 1833 1203 nostri

240 1252 570 1300 consecrata
616 1243 901 1314 mysterio,
927 1241 1204 1296 dominica:
1233 1238 1641 1295 resurrectionis
1667 1238 1836 1291 virtu-

240 1342 379 1397 tem,
413 1342 471 1388 et
496 1348 593 1402 per
621 1333 845 1401 angelos
874 1333 1088 1394 indicat,
1121 1340 1280 1400 atque
1305 1346 1401 1401 per
1421 1330 1695 1399 apostolos
1722 1344 1837 1383 ma-

239 1422 503 1487 nifestat,
543 1429 598 1474 et
635 1436 730 1491 per
754 1423 1005 1476 universa
1036 1421 1366 1476 credentium
1395 1419 1555 1474 corda
1582 1421 1837 1488 perennia

240 1514 394 1569 bona
425 1513 768 1582 multiplicat.
813 1511 911 1566 llic
957 1526 1087 1579 ergo
1133 1520 1215 1565 est
1242 1512 1356 1565 dies
1382 1526 1542 1579 quem
1572 1510 1698 1565 fecit
1727 1511 1828 1564 Do-

241 1606 434 1660 minus
457 1643 473 1666 ,
518 1605 658 1658 sicut
684 1604 905 1658 audistis
928 1641 943 1665 ,
986 1604 1193 1658 cunctis
1220 1603 1435 1669 celsior,
1469 1602 1695 1656 lucidior
1723 1601 1841 1654 uni-

241 1696 446 1758 versis,
498 1694 552 1747 in
596 1708 706 1761 qun
765 1693 1024 1747 Dominus
1070 1702 1252 1747 noster
1294 1693 1362 1745 ab
1404 1690 1587 1745 inferis
1631 1690 1838 1745 devicta

240 1793 430 1839 morte
459 1783 723 1849 surrexit;
755 1783 806 1836 in
836 1798 944 1851 quo
973 1783 1075 1837 sibi
1102 1793 1295 1836 noVam
1326 1782 1563 1850 plebem,
1597 1788 1656 1833 ut
1683 1780 1833 1834 vide-

241 1877 343 1937 tis,
377 1882 569 1929 sancto
599 1874 1019 1942 regenerationis
1046 1874 1237 1943 spiritu
1264 1873 1365 1927 sibi
1393 1872 1747 1941 conquisivit;
1786 1871 1841 1925 in

240 1980 364 2034 quo
391 1963 723 2031 singulorum
768 1964 964 2017 mentis
992 1962 1189 2033 gaudio
1236 1970 1291 2016 et
1325 1962 1685 2016 exsultatione
1712 1974 1839 2031 pcr-

1936 791 2019 843 sui
2064 792 2364 859 splendoris
2410 794 2645 848 candore
2696 793 2987 853 Ecclesiam
3023 792 3275 849 laztiﬁcat.
3306 794 3516 847 Gratias

1933 894 2062 947 ergo
2095 878 2322 934 Domino
2350 888 2538 937 nostro
2567 897 2725 951 agere
2753 883 3033 947 debemus,
3068 898 3203 951 quos
3231 884 3355 937 dum
3386 899 3512 936 san-
3584 954 3591 959 _

1935 974 2006 1027 eti
2058 971 2275 1027 Pascha;
2322 973 2762 1041 gloriosissimam
2820 975 3214 1028 solemnitatem
3268 974 3515 1035 colimus,

1935 1065 2346 1119 resurrectionis
2365 1106 2381 1131 ,
2430 1082 2550 1135 qum
2579 1066 2757 1119 futura
2788 1075 2900 1130 est,
2931 1067 3164 1135 speciem
3191 1066 3302 1134 jam
3332 1066 3516 1121 videa-

1934 1170 2074 1209 mus.
2106 1155 2237 1209 Nam
2261 1172 2381 1211 cum
2411 1158 2464 1212 in
2487 1155 2661 1211 futura
2685 1159 2863 1212 saeculi
2884 1159 3040 1227 hujus
3060 1159 3519 1213 consummatione

1936 1246 2243 1300 universum
2272 1261 2554 1315 resurgere
2577 1248 2773 1302 debeat
2802 1248 3093 1302 humanum
3133 1262 3300 1315 genus
3318 1287 3333 1311 ,
3378 1262 3519 1299 nunc

1931 1334 2043 1403 jam
2075 1334 2127 1387 in
2155 1335 2423 1403 baptismo
2451 1351 2481 1389 a
2509 1338 2745 1405 peccatis
2772 1337 2839 1391 ad
2868 1339 3031 1391 vitam
3060 1338 3306 1405 resurgit.
3351 1336 3520 1390 Susci-

1938 1425 2139 1478 tabitur
2170 1433 2298 1479 tunc
2328 1426 2421 1479 Dei
2442 1428 2672 1495 populus
2698 1436 2822 1497 post
2863 1444 3111 1497 soporem
3135 1468 3149 1491 ,
3180 1426 3522 1482 suscitabitur

1939 1520 2068 1567 tunc
2113 1521 2237 1581 post
2266 1512 2672 1580 inﬁdelitatem,
2724 1532 2755 1569 a
2798 1517 3012 1570 mortali
3059 1525 3185 1571 tunc
3212 1517 3522 1570 liberabitur

1939 1602 2286 1667 conditione,
2338 1620 2477 1659 nunc
2527 1605 2593 1658 ab
2626 1606 2974 1675 ignorantiae,
3021 1621 3125 1675 qua
3163 1606 3524 1672 detinebatnr,

1941 1692 2195 1746 eximitur
2222 1694 2489 1757 accitatc,
2524 1703 2840 1748 renascetur
2880 1703 3007 1749 tunc
3048 1696 3114 1748 ad
3143 1696 3519 1757 :eternitatem,

1942 1781 2180 1835 nascitur
2209 1797 2349 1836 nunc
2378 1783 2444 1836 ad
2471 1783 2719 1837 salutem.
2751 1782 3015 1837 Lzetemur
3035 1799 3184 1857 ergo,
3217 1786 3438 1849 fratres,
3470 1793 3524 1837 et

1943 1874 2273 1928 exsultemus
2299 1877 2351 1928 in
2383 1876 2483 1929 hac
2508 1875 2613 1938 die,
2645 1876 2696 1928 in
2720 1890 2824 1944 qua
2852 1876 3108 1929 Dominus
3136 1884 3319 1929 noster
3345 1891 3525 1929 resur-

1944 1974 2075 2029 gens
2101 1964 2306 2018 cunctis
2334 1979 2521 2033 pacem
2550 1964 2746 2027 intulit,
2770 1970 3008 2032 optatam
3031 1964 3280 2017 omnibus
3298 1964 3528 2017 salutem

244 2053 450 2107 fundit.
496 2052 593 2107 Hic
631 2067 761 2121 ergo
789 2052 903 2106 dies
927 2051 1125 2106 Christi
1155 2050 1561 2106 resurrectionis
1588 2059 1843 2105 :cternam
1874 2054 1921 2113 B
1947 2050 2155 2106 detulit.
2209 2052 2474 2107 Lietemur
2508 2054 2632 2121 quia
2660 2054 2838 2118 illum,
2875 2054 2965 2121 qui
2996 2069 3094 2122 pro
3124 2054 3331 2108 cunctis
3354 2052 3527 2107 fuerat

241 2142 525 2199 defunctis
549 2143 710 2197 vitam
730 2184 744 2204 .
776 2151 1015 2210 optatam
1043 2142 1422 2211 peccatoribus
1444 2142 1683 2205 veniam,
1721 2156 1846 2193 san-

245 2235 363 2288 ctis
389 2248 522 2287 vero
552 2232 1049 2287 immarcescibilem
1078 2232 1261 2286 tribuit
1287 2232 1533 2301 gloriam.
1561 2229 1682 2283 Sua:
1700 2230 1844 2284 enim

244 2322 574 2390 operatione
602 2321 821 2375 virtutis
849 2322 917 2376 de
947 2322 1207 2386 terrenis,
1254 2322 1446 2391 quibus
1486 2320 1842 2383 adlncremus,

246 2427 358 2466 nos
381 2410 647 2476 suscitat,
700 2412 751 2465 in
794 2411 1022 2466 excelsis
1063 2410 1128 2464 ad
1167 2426 1286 2479 qua:
1313 2409 1532 2464 tendere
1559 2409 1836 2475 debemus,

246 2518 475 2572 semper
505 2519 604 2557 nos
631 2503 881 2567 collocat,
906 2502 1082 2570 justos
1108 2502 1162 2555 in
1191 2516 1287 2557 sua
1315 2501 1516 2570 pietate
1543 2502 1838 2567 construit;

246 2593 305 2647 in
341 2595 428 2647 via
452 2594 641 2647 salutis
667 2593 860 2647 dubios
886 2593 1191 2659 conﬁrmat,
1221 2601 1443 2647 cunctos
1466 2607 1597 2646 vero
1619 2591 1844 2645 damnat

247 2685 586 2739 incredulos.
642 2684 723 2739 Ad
768 2685 873 2740 hoc
920 2684 1061 2739 enim
1111 2683 1355 2737 Christus
1397 2683 1654 2737 Dominus
1681 2682 1845 2737 hodie

248 2775 557 2829 resurrexit
598 2790 630 2829 a
667 2774 924 2838 mortuis,
961 2782 1020 2829 ut
1062 2772 1250 2827 futurae
1276 2772 1683 2835 resurrectionis
1711 2772 1845 2825 ima-

250 2868 464 2937 ginem,
495 2865 659 2937 m
685 2874 849 2935 atque
874 2864 999 2920 ideo
1039 2864 1300 2919 hodierna
1337 2863 1425 2918 die
1448 2864 1597 2919 vitali
1628 2864 1844 2919 lavacro

1946 2151 2228 2209 mortuus,
2262 2144 2375 2211 jam
2406 2144 2552 2197 illum
2585 2144 2945 2197 resurrexisse
2974 2142 3233 2197 videmus.
3283 2142 3529 2197 Exsultc-

1945 2252 2085 2299 mus,
2115 2236 2239 2305 quia
2270 2235 2417 2288 illum
2444 2234 2556 2303 jam
2583 2235 2649 2288 ad
2680 2234 2853 2288 Patris
2888 2236 3164 2289 dexteram
3194 2235 3383 2289 sedere
3413 2249 3529 2287 cre-

1945 2325 2141 2380 dimus.
2175 2324 2517 2379 Exsultemus
2539 2325 2719 2394 igitur,
2746 2333 2908 2392 atque
2927 2323 3184 2388 lzetemur,
3218 2331 3527 2389 resurgente

1946 2414 2193 2478 Domino,
2223 2423 2279 2468 ut
2306 2415 2576 2484 possimus
2596 2430 2716 2468 cum
2738 2415 2854 2483 ipso
2881 2421 3141 2483 regnante
3169 2414 3352 2468 laetari.
3378 2411 3528 2477 Quod

1945 2506 2163 2574 quidem
2197 2506 2505 2560 misericors
2541 2505 2655 2573 ipse
2683 2505 2957 2573 praestabit
2976 2545 2991 2569 ,
3023 2504 3067 2558 si
3097 2505 3261 2556 vitam
3290 2511 3529 2555 nostram

1948 2609 2073 2648 vera
2108 2610 2213 2648 non
2247 2603 2452 2649 tantum
2482 2594 2613 2648 ﬁdes
2638 2594 2874 2661 muniat,
2916 2593 3012 2648 sed
3040 2601 3099 2647 ut
3127 2592 3193 2646 ab
3230 2592 3396 2661 ipsius
3427 2591 3530 2646 ﬁde

1947 2683 2059 2736 vita
2087 2697 2302 2752 quoque
2344 2692 2526 2738 nostra
2580 2699 2688 2739 non
2728 2684 3012 2753 discrepet.
3051 2682 3212 2736 Bona:
3242 2682 3401 2749 igitur
3428 2696 3530 2734 no-

1948 2781 2072 2828 stra:
2095 2773 2519 2829 conversationis
2544 2775 2853 2844 exemplum
2880 2773 3089 2829 cunctis
3116 2770 3400 2827 ostendere
3424 2778 3533 2826 stn-

1949 2865 2193 2920 deamus.
2225 2864 2476 2936 Explicit.

1591 2974 1860 3035 SERMO
1903 2975 2209 3037 XXXIV.

1359 3072 1438 3127 De
1468 3073 1645 3127 eadem
1676 3072 1950 3127 Paschalis
1979 3074 2304 3129 solemnitate
2340 3075 2435 3130 VI.

1700 3184 2095 3240 ADMONITIO.

337 3282 424 3364 τᾳι)
460 3281 679 3352 optimis
724 3279 1032 3364 archetypis
1054 3278 1814 3364 exscriptosessesermones
1951 3238 2165 3364 Maximi
2190 3318 2205 3344 ,
2237 3278 2328 3349 qui
2375 3278 2434 3364 in
2479 3277 2754 3364 codicibus
2790 3277 3098 3364 §iibalpinis
3135 3277 3401 3364 Ιςβᾳέιῑυτ,
3422 3238 3535 3343 jam

258 3346 533 3416 vidimus;
571 3346 1182 3420 cognoscique—plenius
1222 3346 1289 3403 ex
1328 3362 1577 3420 sermone
1604 3353 1785 3420 potest
1807 3384 1849 3420 ,Δ
1872 3362 2029 3420 quem
2069 3349 2171 3403 hoc
2198 3346 2348 3420 num:
2374 3347 2448 3420 54:
2464 3348 2746 3420 edidimus.
2790 3346 2977 3420 Exstat
3000 3347 3051 3399 in
3076 3346 3350 3420 codicibus
3365 3360 3535 3420 supra

259 3422 502 3477 laudatis
521 3415 589 3476 de
615 3415 890 3490 Kppannis
918 3415 995 3473 De
1022 3418 1281 3473 Paschate
1312 3433 1466 3490 num.
1495 3416 1569 3490 6,_
1594 3428 1651 3470 et
1672 3415 2007 3490 ‘Taurinensi
2036 3434 2186 3473 num.
2212 3419 2266 3472 7.
2306 3416 2505 3490 Confer
2532 3418 2678 3490 hunc
2699 3415 2994 3490 cum_edito
3026 3430 3054 3468 a
3086 3415 3340 3490 Maurihis
3365 3415 3416 3467 in
3442 3430 3534 3481 ap-

261 3492 505 3560 pendice
527 3484 779 3547 serm'CS.
814 3490 1092 3558 Augustini
1119 3505 1268 3543 num.
1302 3486 1427 3555 165,
1455 3487 1506 3542 in
1536 3485 1741 3541 Pascha
1772 3485 1835 3551 7;
1866 3502 2026 3555 quem
2058 3490 2124 3542 ad
2150 3490 2353 3543 calcem
2392 3487 2550 3555 hujus
2577 3487 2772 3555 legito,
2802 3486 2847 3539 si
2867 3499 3196 3554 cognoscere
3218 3484 3535 3555 varietatem

246 3563 425 3623 ,velis.

264 3653 665 3707 Ancuuzuruu.
689 3685 760 3695 —-
778 3650 967 3705 Christi
984 3650 1191 3703 Domini
1212 3650 1491 3718 gloriosam
1520 3648 1856 3702 resurrectio-
1884 3650 1930 3713 C
1962 3650 2148 3705 rientis
2176 3649 2577 3704 demonstratur
2604 3648 2892 3702 nascitura.
2924 3646 2981 3700 ln
3011 3646 3137 3700 Adxe
3164 3652 3341 3698 autem
3369 3642 3537 3711 evigi-

348 3738 463 3776 nem
510 3724 722 3777 diversis
762 3725 816 3775 in
846 3722 1025 3792 ﬁguris
1071 3720 1265 3773 Veteris
1316 3719 1631 3792 Testamenti
1672 3719 1856 3792 prtesi-

348 3804 562 3861 gnatam
590 3788 979 3861 comprobat'S.
1016 3792 1312 3859 episcopus;
1344 3789 1545 3843 Christo
1567 3804 1657 3856 per
1684 3788 1859 3839 omnia

348 3864 578 3925 similes,
629 3863 813 3933 inquit,
854 3861 1150 3931 efﬁciamur,
1198 3868 1254 3912 ut
1298 3868 1348 3912 et
1387 3874 1479 3913 nos
1521 3872 1858 3928 appareamus

350 3949 463 3985 cum
493 3934 605 4002 ipso
631 3932 905 4002 ingloria.

351 4024 562 4091 Insigne
602 4022 732 4077 illud
778 4031 833 4076 et
860 4020 1183 4084 maximum,
1217 4018 1434 4083 fratres,
1464 4017 1748 4073 dominicze
1775 4031 1863 4070 re-

270 4114 628 4170 surrectionis
670 4118 1092 4177 sacramentum,
1131 4109 1276 4179 quod
1314 4109 1495 4163 divina
1524 4107 1861 4177 providentia

271 4206 449 4261 etiam
494 4206 547 4259 in
595 4204 899 4259 Iudaeorum
929 4202 1250 4258 venerandis
1276 4199 1666 4263 voluminibus,
1696 4197 1862 4251 variis

274 4312 465 4351 rerum
517 4295 732 4364 ﬁguris,
780 4301 1196 4363 sanctorumque
1241 4291 1624 4362 prophetarum
1670 4288 1863 4342 divinis

275 4387 456 4441 voluit
484 4387 857 4456 pratsignatum
885 4385 1115 4441 oraculis
1138 4423 1154 4448 ,
1205 4382 1466 4437 hodierna
1512 4380 1600 4433 die
1653 4377 1863 4433 devotis

276 4478 481 4531 animis
523 4477 870 4531 celebramus.
920 4475 1027 4530 Cur
1065 4482 1244 4529 autem
1274 4473 1341 4527 ab
1370 4471 1533 4539 ipsius
1559 4469 1739 4523 mundi
1770 4485 1868 4522 na-

277 4566 486 4622 scentis
512 4565 760 4629 exordio,
810 4574 971 4634 atque
1004 4564 1135 4617 alias
1171 4563 1225 4616 in
1252 4560 1422 4615 veteri
1446 4560 1563 4629 lege
1592 4558 1792 4628 pluries
1815 4557 1866 4611 id

280 4656 433 4710 Deus
463 4653 853 4724 pneﬁguratum
881 4653 1130 4715 voluerit,
1160 4652 1303 4705 nulla
1333 4650 1439 4703 alia
1462 4664 1532 4702 ex
1556 4663 1715 4702 causa
1746 4646 1867 4713 luit,

282 4744 396 4799 nisi
434 4753 492 4797 ut
529 4741 835 4797 ostenderet
871 4740 1016 4811 quod
1043 4756 1140 4811 per
1172 4739 1408 4808 singulas
1431 4736 1612 4791 mundi
1640 4735 1868 4789 labentis

280 4842 479 4889 aztates
524 4834 763 4887 omnium
805 4848 929 4902 spes
971 4838 1275 4886 sanctorum
1315 4829 1383 4883 ad
1418 4828 1566 4882 illum
1613 4825 1868 4880 continuo

282 4926 466 4982 solum
495 4923 776 4987 tenderet,
824 4923 915 4993 qui
959 4931 1041 4977 est
1081 4920 1412 4990 exspectatio
1451 4917 1690 4973 omnium
1735 4930 1867 4983 gen-

1963 3742 2124 3795 lantis
2152 3750 2275 3795 actu
2306 3740 2517 3795 Domini
2549 3740 2715 3794 nostri
2744 3755 2774 3793 a
2804 3747 2977 3792 morte
3008 3736 3333 3806 ﬁgurabatur
3356 3750 3538 3788 resur-

1958 3834 2151 3890 rectio.
2181 3833 2238 3887 ln
2268 3833 2379 3888 Noe
2402 3849 2535 3887 vero
2559 3875 2574 3900 ,
2608 3833 2699 3901 qui
2728 3832 2781 3886 in
2811 3845 2976 3900 opere
3005 3843 3143 3882 arca:
3170 3842 3237 3880 ex
3267 3826 3383 3894 ipso
3405 3840 3540 3891 quo-

1961 3941 2065 3994 que
2085 3925 2167 3979 sui
2196 3924 2414 3978 nomine
2432 3924 2672 3992 requiem
2704 3923 2757 3975 in
2782 3922 2981 3975 sanctis
3008 3916 3288 3986 signiﬁcat,
3315 3929 3381 3967 eo
3400 3912 3541 3980 quod

1963 4024 2105 4070 esset
2133 4015 2368 4083 agricola
2410 4023 2572 4082 atque
2601 4014 2807 4067 vineam
2844 4013 3196 4080 plantaverat,
3229 4014 3285 4060 et
3310 4005 3420 4058 vini
3443 4019 3544 4073 po-

1962 4107 2085 4162 culo
2114 4106 2411 4161 inebriatus
2440 4106 2491 4158 in
2516 4120 2615 4157 suo
2640 4105 2711 4157 sit
2730 4103 3026 4157 denudatus
3052 4097 3377 4161 habitaculo,
3402 4094 3545 4163 ejus-

1964 4195 2088 4250 dem
2130 4192 2509 4263 Redemptoris
2557 4190 2725 4244 nostri
2776 4189 2938 4256 tigura
2989 4192 3427 4254 repraesentatur,
3454 4182 3546 4249 qui

1966 4284 2327 4355 lacrymabilis
2372 4280 2636 4351 passionis
2682 4293 2792 4331 sua:
2839 4276 3098 4344 sanguine
3144 4272 3280 4326 adeo
3318 4279 3401 4325 est
3433 4271 3546 4324 ine-

1965 4373 2191 4435 briatus,
2224 4379 2283 4426 ut
2303 4372 2356 4425 in
2388 4372 2503 4439 ipso
2529 4368 2610 4424 sui
2642 4364 2882 4435 corporis
2902 4363 3211 4417 indumento
3240 4360 3307 4413 ad
3338 4368 3545 4427 tempus

1966 4465 2036 4517 sit
2064 4462 2391 4526 denudatus;
2422 4462 2477 4513 in
2505 4455 2901 4514 resurrectione
2928 4462 3105 4507 autem
3133 4465 3231 4506 sua
3259 4448 3542 4514 evigilans,

1968 4554 2091 4617 illis,
2122 4559 2285 4622 prout
2311 4551 2443 4613 Noe,
2474 4550 2565 4620 qui
2592 4548 2848 4619 mysterio
2876 4545 3179 4616 passionem
3211 4541 3353 4594 illius
3381 4553 3547 4592 vene-

1969 4655 2136 4711 ratur,
2169 4644 2471 4709 benedixit,
2500 4641 2806 4697 irrisoribus
2834 4646 3009 4693 autem
3038 4636 3178 4691 illius
3206 4631 3356 4687 dedit
3383 4629 3548 4683 male-

1967 4736 2277 4790 dictionem.
2312 4733 2473 4800 Virga
2507 4747 2722 4801 quoque
2751 4730 2835 4784 illa
2866 4727 3096 4798 Moysis,
3124 4738 3243 4793 qua:
3270 4722 3324 4775 in
3349 4728 3549 4773 terram

1969 4824 2208 4893 projeeta
2238 4822 2291 4875 in
2322 4821 2609 4875 draconem
2648 4818 3078 4879 convertebatur,
3119 4827 3241 4868 cum
3276 4824 3407 4864 vero
3454 4822 3550 4877 per

1970 4912 2196 4969 caudam
2224 4920 2517 4976 teneretur,
2557 4910 2750 4965 iterum
2779 4908 2987 4963 redibat
3014 4906 3065 4959 in
3093 4903 3327 4969 virgam,
3358 4899 3447 4954 illa
3471 4897 3552 4951 di-

286 5016 448 5070 tium.
477 5014 532 5067 ld
562 5023 617 5068 et
643 5015 688 5068 si
717 4988 858 5067 alias
877 5028 943 5067 ex
967 5013 1095 5081 ipsis
1126 4988 1470 5065 Hebrmorum
1508 5006 1870 5062 voluminibus
1899 5021 1947 5078 Ι)
1974 5006 2108 5059 vinze
2154 5003 2449 5073 majestatis
2487 5000 2815 5056 descendens
2856 5014 2888 5053 e
2927 4998 3063 5052 cmlo
3092 5000 3330 5064 potestas
3357 4988 3551 5058 signim

287 5106 568 5161 sanctitati
595 5114 786 5161 vestrae
812 5102 1265 5166 intimaverimus,
1307 5100 1486 5170 placet
1522 5098 1700 5153 denuo
1730 5112 1872 5151 nunc

288 5198 450 5252 vobis
497 5197 793 5251 enuntiare.
841 5194 898 5248 ln
946 5194 1063 5263 ipso
1106 5190 1287 5246 mundi
1330 5189 1596 5245 nascentis
1625 5187 1871 5254 exordio,

289 5302 419 5341 cum
448 5294 618 5341 mater
644 5285 733 5339 illa
754 5286 991 5338 omnium
1015 5281 1307 5336 viventium
1329 5278 1439 5333 Eva
1468 5278 1536 5333 de
1560 5277 1875 5333 dormientis

291 5377 424 5432 Adae
451 5385 600 5431 costa
629 5375 889 5444 producta
911 5381 1015 5441 est,
1042 5380 1217 5426 mater
1242 5370 1615 5425 universorum
1644 5368 1872 5423 creden-

295 5468 433 5521 tium
457 5466 694 5521 Ecclesia
739 5480 809 5521 ex
852 5466 1023 5520 latere
1067 5462 1265 5518 Christi
1300 5462 1356 5517 in
1384 5475 1547 5518 cruce
1567 5460 1728 5531 487
1758 5473 1876 5514 mo-

293 5668 514 5723 ponere,
546 5662 695 5722 atque
717 5653 772 5705 in
798 5653 970 5723 futuro
998 5648 1162 5723 magis
1204 5645 1394 5723 sweulo
1434 5638 1736 5723 sperareId'e
1757 5635 1870 5723 ρο-

295 5709 438 5778 mino
463 5739 478 5774 :
502 5709 591 5777 ἐἰσ
614 5709 758 5777 ὶηὲιη
787 5709 861 5775 ait
897 5720 1032 5775 idem
1059 5709 1236 5773 (fectus
1264 5709 1572 5775 Apostolus:
1603 5711 1664 5765 Si
1692 5710 1747 5764 in
1776 5709 1874 5763 hac

1973 5095 2218 5159 cabatur,
2248 5108 2366 5163 qua:
2394 5107 2493 5162 pro
2521 5090 2675 5145 nobis
2698 5088 2868 5143 voluit
2888 5102 3006 5142 esse
3025 5084 3301 5147 mortalis;
3334 5089 3552 5152 peracta

1977 5193 2154 5239 autem
2184 5190 2469 5252 assumpta:
2516 5181 2691 5236 carnis
2736 5177 3134 5247 dispensatione
3164 5175 3215 5229 in
3244 5175 3445 5243 virgam
3474 5188 3553 5225 re-

1978 5276 2077 5330 diit
2121 5282 2176 5329 et
2225 5273 2292 5327 ad
2321 5280 2556 5341 paterna:
2586 5268 2880 5337 majestatis
2922 5266 3164 5321 dextram
3207 5278 3266 5319 se
3308 5261 3548 5321 recessit.

1982 5366 2058 5420 De
2086 5363 2219 5418 Jona
2240 5363 2477 5427 demum,
2511 5358 2676 5429 488
2704 5371 2862 5425 quem
2905 5356 3216 5424 absorptum
3244 5350 3407 5421 piscis
3432 5362 3556 5403 evo-

1982 5456 2117 5511 muit
2156 5453 2379 5508 ilkesum
2403 5490 2418 5517 ,
2486 5449 2790 5504 evidentem
2835 5447 3093 5502 habemus
3130 5441 3343 5499 Domini
3388 5439 3553 5509 ipsius

1976 5635 2082 5689 vita
2110 5638 2306 5684 tantum
2325 5643 2589 5695 speramus
2610 5668 2626 5695 ,
2664 5622 3063 5681 miserabiliores
3104 5628 3277 5671 sumus
3319 5608 3552 5666 omnibus

1984 5699 2289 5758 hominibus.
2320 5698 2568 5760 Explicit.
