4054 6190
445 323 549 378 603

1634 305 1692 361 S.
1735 301 1978 358 MAXIM!
2018 297 2467 354 τΑυῐιιΝΕλδιε

3615 293 3727 349 605

448 434 770 492 sententiam
795 471 812 497 ,
851 429 996 500 quod
1023 429 1162 484 sicut
1190 425 1279 480 ille
1301 423 1400 478 fuit
1427 421 1482 476 in
1507 427 1697 475 ventre
1725 417 1831 473 ceti
1860 415 2030 468 trilms
2059 415 2106 473 Α
2134 410 2289 490 daret
2331 406 2764 490 benedictionem
2785 447 2806 476 ,
2843 404 2946 500 _qui
2994 403 3066 500 in.
3093 401 3730 500 mysteri2_ﬂveuerant.liir

451 527 645 581 diebus
681 533 738 580 et
779 523 950 576 tribus
978 518 1253 577 noctibus,
1287 515 1361 567 ita
1390 511 1529 566 foret
1555 507 1788 564 hominis
1819 505 1958 558 ﬁlius
1981 505 2036 557 in

448 618 612 674 corde
637 626 792 669 teme
824 611 1035 681 (Matth.
1060 608 1178 678 xu).
1210 605 1334 670 Ista,
1369 605 1590 668 fratres,
1615 608 1740 656 sunt
1767 611 2041 653 sacrosan-

452 717 540 762 cta
584 705 743 773 hujus
788 702 893 756 diei
942 698 1220 769 paschalia
1260 695 1474 766 gaudia.
1505 691 1632 746 Haec
1653 689 1962 744 desiderata
1986 694 2043 741 et

453 797 746 867 pranlieata
773 791 1034 848 solemnia
1053 829 1068 853 ,
1097 804 1217 858 qua:
1243 802 1344 842 nos
1365 800 1579 854 semper
1606 790 1721 837 toto
1749 780 1931 834 animo
1957 791 2046 832 ve-

456 866 634 941 nerari
665 885 922 939 debemus
947 889 1004 936 et
1029 878 1250 941 imitari,
1277 876 1416 930 sicut
1443 874 1572 928 dicit
1591 870 1932 926 beatissimus
1955 866 2046 921 ille

399 954 421 969 ⁸
457 975 736 1046 apostolus
773 972 1042 1027 Joannes:
1100 968 1199 1033 Qui
1229 969 1355 1021 dicit
1397 983 1452 1020 se
1490 968 1544 1018 in
1579 963 1784 1016 Christo
1814 975 2049 1024 manere,

457 1067 605 1121 debet
626 1067 757 1119 sicut
785 1066 875 1120 ille
902 1062 1200 1123 ambulavit,
1222 1068 1270 1112 et
1299 1061 1410 1128 ipse
1429 1056 1692 1110 ambulare
1714 1052 1763 1123 (Ι
1788 1052 1946 1106 Joan.
1969 1065 2044 1113 ιι,

458 1158 536 1229 2).
569 1157 816 1212 Christus
840 1153 1087 1222 equidem
1117 1167 1216 1221 pro
1245 1150 1400 1203 nobis
1428 1147 1496 1201 ad
1525 1156 1739 1213 tempus
1763 1139 2051 1197 cruciﬁxus

459 1257 576 1312 est;
605 1263 705 1301 nos
731 1245 974 1314 quotidie
1002 1253 1056 1297 et
1083 1256 1299 1296 crucem
1321 1238 1514 1292 tollere
1537 1277 1553 1299 .
1603 1244 1658 1290 et
1693 1235 1870 1302 ipsum
1897 1229 2053 1298 sequi

460 1338 740 1391 habemus.
786 1335 1014 1387 Mortem
1059 1332 1147 1385 ille
1175 1330 1243 1384 ad
1271 1330 1458 1383 horam
1485 1324 1754 1396 gustavit;
1801 1337 1901 1376 nos
1920 1333 2053 1373 vero

463 1443 677 1496 semper
719 1426 977 1480 debemus
1025 1422 1264 1477 membra
1305 1427 1519 1483 nostra,
1569 1431 1690 1485 qua:
1739 1421 1863 1468 sunt
1891 1425 2058 1481 super

464 1528 684 1580 terram,
716 1515 1066 1569 mortilicare.
1101 1511 1417 1567 Resurrexit
1443 1509 1534 1563 ille
1557 1523 1587 1562 a
1615 1506 1845 1562 mortuis
1863 1545 1879 1572 ,
1910 1519 1940 1556 a
1970 1502 2023 1556 vi

467 1607 560 1660 tiis
591 1621 689 1660 nos
711 1604 971 1658 debemus
1000 1615 1280 1668 resurgere
1305 1600 1522 1652 dicente
1548 1594 1810 1663 Apostolo
1840 1610 1854 1645 :
1887 1591 2056 1660 Surge

465 1697 551 1765 qui
580 1695 792 1760 dormis,
823 1703 872 1748 et
897 1690 1210 1746 illuminabit
1239 1700 1285 1742 te
1313 1687 1547 1742 Christus
1569 1683 1787 1755 (Ephes.
1820 1684 1898 1749 v).
1944 1679 2052 1750 Ipsi

474 1782 638 1855 igitur
661 1799 757 1853 per
785 1783 965 1837 omnia
998 1781 1201 1835 similes
1227 1777 1540 1843 efﬁciamur,
1571 1783 1632 1830 ut
1659 1789 1780 1830 cum
1804 1773 2048 1827 Christus
2087 1771 2134 1831 B

480 1873 789 1942 apparuerit
814 1873 922 1926 vita
954 1878 1154 1932 nostra,
1188 1877 1316 1922 tunc
1340 1875 1396 1921 et
1421 1881 1522 1921 nos
1550 1877 1908 1934 appareamus
1934 1877 2057 1916 cum

471 1963 591 2032 ipso
620 1962 672 2016 in
702 1963 893 2030 gloria,
924 1970 1031 2015 etc.
1061 1958 1314 2028 Explicit.

687 2073 770 2127 Ea:
793 2073 1076 2143 appendice
1096 2071 1166 2124 ad
1194 2083 1454 2124 sermones
1483 2067 1548 2121 S.
1576 2065 1870 2136 Augustini.

547 2164 951 2219 Sacramentum
967 2202 983 2226 ,
1012 2159 1340 2215 dilectissimi
1357 2201 1372 2225 ,
1397 2155 1678 2212 dominicre
1695 2152 2062 2226 resurrectio-

471 2236 559 2289 nis
585 2235 767 2288 divina
800 2225 975 2287 voluit
1003 2230 1336 2300 providentia
1367 2228 1532 2281 variis
1555 2225 1738 2300 ﬁguris
1780 2238 1958 2277 rerum
2003 2229 2060 2276 et

472 2304 855 2374 prophetarum
876 2295 1410 2374 oraculisaliquoties
1430 2295 1769 2374 przesignari;
1796 2301 2064 2363 quatenus

474 2365 800 2443 per-omnes
831 2371 1009 2427 smculi
1057 2365 1285 2443 labentis
1305 2365 1518 2443 _aetates
1547 2365 1720 2443 omnis
1749 2374 2061 2443 sanctorum

474 2431 598 2511 spes
635 2441 702 2495 ad
750 2441 897 2496 illum
947 2441 1193 2511 tenderet
1237 2438 1412 2511 solum
1438 2479 1452 2502 ,
1494 2438 1696 2511 quiest
1721 2431 2060 2511 exspectatio

473 2501 714 2564 omnium
759 2512 1018 2577 gentium.
1077 2508 1228 2563 Unde
1270 2501 1604 2576 illud,rquod
1642 2506 1696 2559 in
1720 2504 1838 2577 ipso
1852 2501 2059 2577 _ruundi

475 2580 743 2635 nascentis
762 2570 995 2634 Exordio
1037 2586 1210 2631 mater
1253 2570 1496 2630 omnium
1533 2570 1826 2630 viventium
1851 2570 1961 2625 Eva
1991 2571 2060 2626 de

477 2658 627 2704 costa
658 2649 757 2703 viri
784 2648 1100 2704 dormientis
1135 2655 1219 2701 est
1246 2647 1503 2715 producta
1522 2684 1538 2709 ,
1578 2653 1804 2699 matrem
1833 2639 2062 2715 creden-

480 2721 612 2773 tium
641 2717 934 2774 Ecclesiam
974 2734 1042 2772 ex
1083 2711 1262 2771 latere
1279 2717 1474 2769 Christi
1506 2715 1562 2768 in
1591 2727 1750 2769 cruce
1780 2711 2060 2765 morientis

475 2796 740 2843 monstrat
783 2796 1062 2853 exortam;
1111 2789 1252 2841 sicut
1298 2786 1351 2840 in
1397 2793 1518 2840 actu
1558 2780 1866 2853 evigilantis
1889 2779 2060 2853 Adam

479 2857 646 2926 ﬁgura
693 2867 776 2914 est
823 2848 1406 2916 Domiui'resuraentis
1451 2871 1482 2908 a
1521 2848 1732 2926 morte;
1764 2850 1906 2905 unde
1927 2848 2063 2926 _dicit

476 2919 766 2996 Apostolus
790 2945 803 2980 :
834 2927 1031 2980 Factus
1056 2935 1130 2980 est
1150 2926 1344 2994 primus
1369 2927 1530 2996 homo
1551 2925 1619 2996 in
1641 2924 1875 2996 animum
1892 2919 2062 2996 uigen—

477 2982 610 3060 tem,
654 2997 908 3049 secundus
944 2998 1093 3049 homo
1131 2982 1187 3048 in
1221 2996 1458 3064 spiritum
1486 2993 1828 3064 viviﬁcantem
1859 2987 1908 3058 (Ι
1935 2982 2054 3041 Cor.

478 3068 588 3131 xv).
640 3065 752 3118 Noe
796 3081 946 3130 vero,
997 3065 1089 3132 qui
1140 3064 1192 3117 in
1222 3061 1386 3132 opere
1415 3078 1550 3117 arcae
1588 3069 1655 3132 et
1684 3061 1802 3129 ipso
1840 3073 1939 3132 suo
1969 3073 2061 3132 uo-

2141 482 2255 544 ejus
2283 481 2589 547 passionem
2607 519 2622 541 ,
2655 472 2958 547 irrisoribus
2979 472 3296 547 antemlsuis
3315 473 3527 547 dignam
3559 472 3731 524 male-

2141 539 2452 603 dictionem.
2485 547 2560 601 De
2586 539 2692 615 quo
2721 546 2888 600 calice
2909 544 3039 599 dicit
3067 542 3347 615 Psalmista
3372 539 3389 594 ἑ
3408 539 3560 615 Catia:
3581 559 3733 615 meus

2141 619 2404 672 inebrians
2449 611 2620 684 quam'
2646 617 2925 685 prwclants
2968 621 3042 666 est
3083 613 3259 685 (Ρδιιι.Δ
3314 611 3512 685 axili;
3550 619 3622 685 _et
3672 613 3733 664 in

2143 687 2435 753 Evangelio
2463 681 2718 739 Dominus
2745 702 2757 736 :
2785 683 3006 736 Calicem
3047 700 3196 791 gnem
3226 681 3365 735 dedit
3389 681 3512 734 mihi
3545 681 3736 748 Pater,

2144 774 2248 791 mm
2281 756 2446 791 Ιιειηη..
2476 755 2620 791 illum
2668 754 2824 791 ΙΑΙηΙιη
2881 755 3029 791 τυιιῆ
3118 752 3276 791 Vir-on
3313 765 3529 791 annnnn
3557 750 3730 791 and

2144 774 2250 811 non
2280 750 2449 810 bibam
2476 755 2622 809 illum
2668 754 2846 822 (Joan.
2881 750 3072 821 xvnt)?
3118 752 3279 821 Virga
3313 765 3530 819 quoque
3556 750 3732 819 Moysi

2145 827 2202 882 in
2233 835 2430 880 terram
2456 825 2729 894 projecta,
2778 832 2834 877 et
2881 823 3574 894 in__draeonemgcon_versa,
3604 835 3734 894 cuin

2147 905 2426 951 teneretur
2455 891 2820 963 per’caudam,
2851 892 3011 963 rediit
3039 893 3231 963 iterum
3259 891 3576 963 in_virgam;
3599 891 3732 963 quia

2148 967 2238 1020 illa
2286 959 2527 1034 potestas
2569 963 2777 1034 divin-.e
2809 960 3103 1034 maiestatis
3133 960 3202 1014 de
3229 959 3737 1034 cmlodescendens

2150 1035 2217 1089 ad
2266 1027 2463 1088 terram
2511 1047 2610 1102 pro
2657 1031 2811 1085 nobis
2846 1031 3027 1102 voluit
3043 1046 3165 1102 esse
3193 1030 3461 1102 mortalis;
3486 1027 3577 1082 sed
3606 1038 3738 1102 post

2150 1113 2423 1176 peractam
2451 1101 2628 1157 carnis
2671 1109 2959 1176 assumpta:
3002 1101 3498 1176 dispensationem,
3527 1101 3738 1176 recepit
3793 1105 3798 1110 '

2151 1167 2211 1229 se
2258 1173 2323 1226 ad
2372 1180 2609 1242 paterna:
2655 1167 3131 1242 dextencsedem.
3185 1169 3261 1242 De
3280 1167 3421 1242 _Jona
3448 1183 3604 1242 quem
3637 1167 3739 1220 ab-

2151 1239 2395 1312 sorptmn
2421 1242 2580 1311 piscis
2607 1241 2847 1312 evomuit
2864 1239 3085 1312 ill-.esum
3110 1240 3162 1312 in
3184 1239 3405 1301 aridam,
3431 1239 3739 1312 evidentem

2152 1308 2437 1366 habemus
2458 1313 2627 1380 ipsius
2667 1309 2879 1380 Domini
2907 1309 3228 1380 sententiam
3247 1349 3262 1373 ,
3312 1308 3454 1380 quod
3479 1308 3623 1380 sicut
3645 1308 3741 1361 ille

2153 1383 2313 1435 fuerit
2341 1382 2397 1435 iu
2427 1378 2611 1434 véutre
2636 1380 2740 1433 ceti
2774 1378 2943 1432 tribus
2969 1378 3158 1432 diebus
3177 1385 3232 1430 et
3275 1378 3443 1431 tribus
3467 1378 3738 1441 noctibus,

2155 1453 2229 1504 ita
2275 1451 2412 1502 foret
2449 1449 2680 1502 hominis
2709 1447 2874 1500 Filius
2903 1448 2954 1501 in
2995 1447 3159 1502 corde
3188 1456 3344 1500 teme
3369 1445 3583 1517 (Matth.
3613 1449 3738 1512 xu).

2156 1519 2381 1573 Exstant
2403 1527 2458 1572 et
2486 1519 2588 1571 alia
2637 1517 3030 1586 quamplurima
3068 1518 3135 1571 de
3161 1519 3262 1572 hac
3283 1517 3624 1571 solemnitate
3651 1531 3742 1569 so-

2157 1589 2492 1643 lemnitatum
2519 1598 2704 1642 sancta
2725 1587 3013 1655 praeconia,
3035 1588 3228 1654 quibus
3254 1587 3503 1641 omnibus
3531 1587 3744 1655 astipu—

2158 1660 2301 1712 latur
2328 1669 2382 1712 et
2411 1659 2523 1728 ipsa
2550 1666 2850 1728 temporum
2880 1657 3017 1728 ratio
3037 1695 3052 1720 ,
3081 1671 3200 1724 qua:
3222 1655 3527 1726 paschalem
3555 1657 3748 1728 termi-

2161 1743 2291 1782 num
2313 1725 2513 1782 vcruali
2537 1726 2803 1780 dedicavit
2829 1727 3172 1794 mquinoctio,
3205 1725 3525 1796 exspectato,
3545 1725 3748 1778 dunta-

2165 1809 2256 1851 xat
2283 1807 2544 1865 sequente
2587 1795 2746 1865 primi
2785 1796 2985 1849 mensis
3025 1795 3348 1864 plenilunio;
3379 1804 3440 1848 ut
3485 1795 3624 1848 sicut
3669 1797 3745 1849 ab

2163 1867 2506 1922 inferioribus
2549 1866 2631 1919 sol
2679 1865 2747 1918 ad
2793 1865 2958 1918 altum
3005 1865 3328 1934 proﬁciens.
3370 1865 3745 1934 primoruuuc

2163 1938 2408 2004 adaequat
2437 1935 2770 2003 longitudine
2800 1933 3018 1996 noctes,
3053 1934 3176 1988 luna
3217 1936 3381 1988 etiam
3420 1949 3519 2003 per
3550 1933 3752 1988 diurna

2159 2023 2255 2060 sua
2280 2007 2606 2059 incrementa
2629 2005 2834 2058 videtur
2854 2019 2975 2058 esse
2997 2004 3338 2073 plenissima;
3363 2004 3438 2056 ita
3457 2018 3752 2070 resurgens

2162 2079 2229 2131 ab
2252 2075 2434 2128 inferis
2461 2075 2542 2129 sol
2568 2075 2816 2142 justitim,
2849 2073 3141 2128 Ecclesiam
3173 2083 3394 2127 eatenus
3421 2073 3476 2126 in
3506 2073 3750 2127 tenebris

2161 2147 2504 2201 constitutam
2542 2160 2640 2198 suo
2671 2144 2964 2197 illustraret
2998 2143 3218 2198 lumine.
3249 2144 3375 2198 Haec
3400 2151 3529 2197 sunt
3554 2158 3750 2196 sacro-

2162 2224 2349 2271 sancta
2380 2214 2539 2282 hujus
2565 2214 2670 2269 diei
2697 2214 2974 2283 paschalia
2992 2213 3214 2280 gaudia,
3247 2215 3360 2268 haec
3385 2213 3597 2270 saeculis
3622 2227 3753 2265 om-

2165 2287 2321 2340 nibus
2349 2285 2650 2340 desiderata
2676 2282 2712 2347 ,7
2737 2293 2791 2339 et
2837 2282 3123 2352 praedicata
3153 2284 3415 2338 solemnia
3439 2301 3452 2335 :
3497 2297 3755 2352 qu:enos

2163 2354 2584 2426 sempergauimo
2611 2351 2858 2426 venerari
2883 2393 2897 2426 ε
2943 2367 3177 2426 semper
3203 2368 3366 2422 opere
3394 2369 3494 2422 pro
3521 2351 3746 2426 modulo

2165 2420 2351 2480 nost'ro
2374 2425 2578 2489 justum
2599 2432 2680 2479 est
2703 2422 2930 2487 imitari,
2962 2420 3100 2478 sicut
3127 2420 3258 2478 dicit
3285 2420 3561 2492 apostolus
3586 2420 3752 2475 Joan-

2165 2512 2262 2550 nes
2291 2513 2304 2548 :
2339 2493 2440 2558 Qui
2465 2495 2588 2547 dicit
2617 2511 2673 2548 se
2697 2496 2750 2546 in
2772 2493 2977 2546 Christo
3015 2509 3245 2558 manere,
3289 2493 3454 2559 debet,
3496 2495 3632 2546 sicut
3656 2494 3756 2545 ille

2163 2565 2459 2629 ambulavit,
2489 2574 2539 2618 et
2565 2566 2674 2634 ipse
2694 2562 2978 2617 ambulare.
3021 2562 3089 2616 Et
3111 2564 3198 2619 ille
3225 2563 3439 2633 quidem
3468 2579 3570 2632 pro
3594 2563 3753 2634 nobis

2163 2636 2231 2690 ad
2262 2646 2471 2704 tempus
2497 2633 2783 2689 cruciﬁxus
2805 2671 2820 2697 ,
2871 2648 2970 2704 nos
3015 2635 3258 2704 quotidie
3299 2649 3524 2704 crucem
3558 2633 3753 2686 tollere

2164 2714 2220 2762 et
2250 2699 2420 2774 ipsum
2444 2706 2596 2772 sequi
2624 2711 2859 2774 oportet.
2889 2699 3114 2756 Mortem
3138 2703 3227 2761 ille
3249 2703 3316 2757 ad
3343 2703 3532 2774 horam
3562 2712 3750 2770 gusta-

2162 2772 2285 2840 vit,
2329 2790 2426 2827 nos
2468 2772 2682 2842 semper
2727 2772 2985 2827 debemus
3023 2774 3348 2842 mortiﬁcare
3376 2773 3618 2827 membra
3645 2788 3751 2825 no—

2163 2853 2292 2908 stra,
2324 2859 2444 2914 quze
2471 2841 2600 2914 sunt
2623 2858 2786 2911 super
2813 2849 3031 2914 terram,
3057 2841 3486 2906 fornicationem,
3517 2844 3750 2895 immun-

2165 2911 2373 2978 ditiam,
2403 2921 2509 2968 etc.
2542 2911 2858 2967 Resnrrexit
2885 2913 2974 2965 ille
3004 2928 3033 2964 a
3064 2914 3308 2976 mortuis,
3342 2927 3626 2980 resurgere
3648 2929 3749 2966 nos

2160 2984 2415 3054 jubemur
2441 2999 2472 3036 a
2513 2983 2658 3038 vitiis
2681 3024 2696 3049 ,
2743 2982 2956 3036 dicente
2986 2981 3244 3054 Apostolo
3276 3001 3288 3036 :
3320 2982 3488 3054 Surge
3509 2984 3599 3054 q_ui
3629 2983 3754 3035 dor-

2167 3051 2264 3108 mis
2289 3094 2302 3117 ,
2349 3061 2400 3106 et
2439 3069 2665 3124 exsurge
2701 3069 2733 3124 ιζ
2775 3054 3010 3118 mortuis,
3037 3062 3086 3104 et
3108 3051 3490 3124 illuminabit‘te
3517 3051 3760 3124 Christus

479 3121 623 3189 mine
650 3134 889 3203 requiem
917 3121 1100 3187 Dei‘iu
1128 3121 1331 3188 sauciis
1347 3121 1778 3202 signiticat,iueo
1792 3128 1879 3182 vel
1896 3128 2062 3203 maxi:
2087 3138 2131 3197 ρ
2168 3124 2384 3194 (Ephes.
2407 3122 2489 3202 vi.
2519 3121 2672 3203 Quod
2693 3123 2738 3177 si
2775 3123 2936 3203 modo
2966 3137 3182 3202 carnem
3212 3121 3449 3203 nostram
3474 3138 3574 3202 pro
3606 3123 3755 3202 vitiis

479 3220 565 3258 me
614 3197 986 3272 Redemptoris
1032 3204 1204 3258 nostri
1241 3197 1462 3271 ﬁguram
1513 3206 1879 3272 repneseutat,
1913 3197 2056 3272 quod

480 3288 600 3328 eum
629 3282 772 3328 esset
796 3267 1026 3341 agricola
1044 3314 1059 3338 ,
1091 3267 1303 3327 vineam
1330 3267 1613 3342 plantavit,
1642 3278 1698 3324 et
1725 3269 1846 3342 vini
1862 3267 2056 3336 poculo

477 3343 713 3397 ebriatus
742 3345 794 3396 iu
834 3339 932 3397 suo
963 3343 1310 3398 tabernaculo
1331 3339 1423 3397 est
1446 3341 1766 3397 deuudatus.
1811 3339 1942 3404 Quae
1969 3352 2057 3390 res

478 3411 546 3482 ad
575 3408 721 3466 illum
761 3413 977 3482 proprie
1022 3421 1232 3482 spectat
1252 3452 1268 3477 ,
1318 3413 1408 3481 qui
1437 3413 1603 3466 calice
1629 3410 1894 3482 passionis
1923 3407 2059 3461 adeo

479 3481 651 3551 laetus
673 3479 959 3538 est‘ebrius
975 3523 990 3546 ,
1015 3479 1075 3536 ut
1096 3483 1213 3551 ipso
1237 3479 1468 3551 tegmine
1493 3479 1736 3551 corporis
1765 3479 2061 3551 nudat-etur

477 3550 545 3604 ad
572 3559 816 3621 tempus,
845 3561 900 3607 et
926 3547 1190 3608 statim—iu
1219 3547 1617 3608 resurrectione
1645 3549 1922 3618 evigilaus,
1955 3547 2059 3601 illis

2165 3191 2221 3248 et
2240 3191 2692 3261 concupiscentiis
2728 3191 3179 3257 cruciﬁxerimus,
3217 3193 3564 3262 complautati
3589 3193 3756 3244 etiam

2164 3263 2498 3317 similitudini
2541 3263 2733 3317 mortis
2773 3263 2889 3331 ejus
2931 3262 3342 3316 mortiﬁcatioue
3366 3263 3620 3316 vitiorum
3649 3262 3761 3316 [υθ-

2165 3335 2360 3397 rimus;
2409 3349 2530 3387 cum
2561 3331 2801 3388 Christus
2840 3333 3150 3400 apparuerit
3190 3334 3298 3386 vita
3327 3341 3543 3396 nostra,
3573 3341 3630 3384 et
3659 3347 3764 3386 nos

2166 3403 2540 3474 apparebimus
2569 3403 2835 3474 cumipso
2864 3403 2918 3454 in
2963 3402 3152 3470 gloria,
3184 3403 3274 3471 qui
3308 3418 3430 3474 cum
3477 3400 3641 3474 Patre
3697 3411 3762 3455 et

2166 3472 2366 3596 ipiritu
2396 3483 2584 3528 sancto
2610 3472 2742 3526 vivit
2776 3480 2833 3526 et
2872 3480 3063 3540 regnat
3102 3474 3156 3526 iu
3185 3472 3381 3527 smcula
3411 3473 3758 3527 seculorum.

2168 3583 2185 3596 .
2217 3559 2360 3596 men.

2168 3559 2338 3596 amen
2347 3582 2360 3595 .

1402 3679 1426 3697 ⁸
1823 3659 2093 3722 SERMO
2135 3655 2407 3718 XXXV.

1561 3761 1640 3816 De
1665 3761 1847 3816 eadem
1879 3757 2154 3812 Paschalis
2182 3752 2505 3809 solemnitate
2542 3751 2676 3808 VII.

1905 3846 2298 3903 ADMONlTlO.

552 3945 717 4015 489
744 3945 800 3998 In
830 3944 1016 3999 iisdem
1045 3948 1290 4015 proxime
1318 3945 1578 4015 indicatis,
1593 3945 1870 4015 codicibus
1911 3943 1999 3997 hic
2025 3940 2105 4015 ,⁸55
2134 3955 2312 3994 sermo
2342 3942 2568 4015 ᾲμέσομς
2593 3939 2835 4015 sequitur
2859 3937 3224 4015 superiorem,
3257 3937 3544 4015 inscriptus
3578 3956 3591 3991 :
3626 3937 3763 3993 Item

475 4023 528 4066 et
549 4009 845 4066 db‘P’ascha
874 4009 1120 4082 sermo'X
1127 4015 1208 4067 IX
1219 4033 1237 4080 ;
1261 4015 1358 4070 sed
1387 4016 1440 4066 in
1483 4014 1669 4068 codice
1699 4014 1767 4067 de
1797 4011 2086 4082 Appaunis,
2116 4025 2185 4082 ex
2207 4024 2315 4082 quo
2342 4009 2642 4080 descriptus
2677 4009 2809 4082 l_'uit,
2838 4023 3030 4082 magna
3069 4009 3306 4076 ejusdem
3337 4023 3480 4077 pars,
3512 4009 3765 4082 detracto

484 4083 631 4146 folio,
663 4084 839 4151 periit.
864 4081 972 4153 Qui
1002 4084 1182 4138 norint
1198 4078 1225 4145 ,⁷
1244 4099 1350 4153 qua
1379 4083 1652 4139 scribendi
1691 4078 1904 4138 ratione
1948 4097 2076 4136 usus
2116 4078 2381 4136 Maximus
2409 4089 2492 4136 est
2510 4078 2535 4146 ,θ
2576 4079 2820 4151 profecto
2847 4079 2992 4134 hunc
3019 4079 3144 4132 item
3188 4094 3494 4133 sermonem
3523 4079 3600 4132 illi
3642 4095 3763 4135 esse

484 4161 760 4220 acceptum
790 4151 1129 4208 referendum
1158 4151 1416 4209 statuent.

486 4243 874 4318 Annuusmuu.
899 4277 972 4287 —
1005 4244 1071 4298 In
1111 4246 1370 4318 hacjie,
1418 4263 1570 4318 quam
1620 4247 1740 4318 fecit
1787 4245 2062 4318 Dominus,

553 4315 913 4368 exsultantium
957 4331 1068 4387 esse
1113 4314 1172 4370 S.
1213 4314 1488 4387 Maximus
1535 4314 1730 4382 scribit,
1763 4315 1916 4387 quod,
1950 4331 2063 4368 cum

551 4400 772 4456 essemus
794 4402 917 4439 uasa
946 4386 1041 4439 ira:
1067 4402 1160 4454 per
1186 4386 1315 4440 Adaz
1339 4386 1832 4456 prmuaricationem,
1858 4394 2067 4454 prapter

554 4452 748 4508 Christi
767 4452 1190 4509 resurrectionem
1207 4452 1504 4510 sanctorum
1532 4459 1662 4510 cives
1686 4452 1958 4509 evasimus.

491 4669 495 4672 ι
555 4604 734 4675 Ergo,
775 4604 1004 4673 fratres,
1042 4607 1427 4676 redemptionis
1454 4615 1652 4662 nostra:
1679 4622 1786 4660 non
1815 4605 2069 4660 immodi-

488 4712 611 4751 cum
638 4697 867 4767 pretium
898 4713 928 4750 a
960 4696 1187 4752 Domino
1217 4697 1328 4752 Deo
1358 4706 1542 4754 nostro
1589 4698 1917 4768 persolutum
1963 4704 2067 4752 est.

487 4783 624 4854 Ergo
652 4787 770 4854 ille,
799 4786 890 4856 qui
919 4803 1017 4857 pro
1046 4787 1353 4841 mortalium
1380 4787 1656 4842 hominum
1691 4788 1895 4853 salute,
1935 4801 2070 4856 quos

487 4886 780 4940 creaverat.
805 4877 967 4932 clavis
987 4876 1228 4932 conﬁxus
1251 4879 1503 4948 pependit
1532 4879 1584 4934 in
1615 4879 1780 4947 ligno,
1805 4879 1898 4948 qui
1927 4893 2071 4932 mor-

489 4971 596 5016 tem
627 4968 780 5034 tulit,
811 4969 1008 5036 quique
1056 4968 1108 5022 in
1157 4969 1404 5038 sepulcro
1453 4969 1744 5037 requievit,
1792 4968 1859 5022 ab
1888 4967 2075 5021 inferis

489 5054 753 5109 redivivus
780 5059 1029 5113 surrexit.
1062 5057 1246 5114 Gaude
1274 5060 1434 5128 igitur
1473 5069 1529 5114 ct
1572 5062 1772 5123 laetare,
1816 5059 1968 5127 Sion,
2017 5060 2070 5113 in

489 5142 592 5196 hac
632 5150 790 5197 tantae
835 5147 941 5201 diei
987 5151 1318 5204 sanctissima
1365 5151 1705 5215 celebritate;
1754 5149 1880 5204 dum
1928 5151 2070 5204 enim

489 5232 731 5290 Christus
762 5235 1013 5293 Dominus
1037 5251 1218 5296 uoster
1241 5257 1308 5296 ex
1340 5242 1522 5297 inferis
1551 5242 1709 5296 rediit
1735 5241 1801 5295 ad
1823 5257 2066 5310 superos,

487 5339 590 5378 nos
617 5324 683 5380 de
710 5333 886 5380 morte
914 5331 1140 5386 transire
1185 5331 1310 5386 fecit
1345 5333 1412 5388 ad
1441 5332 1622 5387 vitam.
1657 5331 1759 5398 Qui
1787 5333 1927 5386 enim
1958 5333 2069 5401 pri-

491 5416 673 5470 mitiva
702 5417 922 5486 originis
949 5429 1144 5475 nostra:
1171 5424 1326 5493 culpa
1354 5425 1462 5480 late
1495 5425 1560 5479 ad
1590 5433 1816 5480 mortem
1858 5439 2073 5478 eramus

485 5507 743 5573 damnati,
767 5525 907 5566 nunc
937 5512 1101 5581 ipsius
1129 5523 1301 5569 morte
1324 5517 1390 5570 ad
1412 5518 1688 5586 pristinam
1713 5533 1895 5572 sumus
1918 5518 2072 5571 inno-

485 5598 717 5652 centiam
744 5602 1001 5656 revocati.
1031 5600 1133 5668 Qui
1161 5606 1396 5671 peceatis
1433 5609 1630 5662 nostris
1665 5606 1858 5662 inferni
1885 5622 2071 5676 prunas

485 5703 887 5761 merueramus,
940 5711 1034 5751 sua
1085 5695 1470 5764 pretiosissima
1522 5707 1698 5755 morte
1747 5699 1812 5756 ad
1857 5708 2070 5755 {eterna

2173 4240 2520 4296 beatitudinis
2546 4239 2739 4309 gaudia
2767 4255 2951 4297 sumus
2979 4239 3238 4294 revocati.
3262 4238 3365 4304 Qui
3391 4253 3517 4292 vasa
3549 4239 3642 4292 inc
3667 4255 3765 4309 per

2174 4332 2306 4387 Adae
2345 4332 2840 4403 prmvaricatiouem
2871 4348 3104 4398 eramus,
3157 4347 3299 4386 nunc
3325 4339 3552 4400 propter
3595 4332 3766 4400 ipsius

2097 4451 2149 4508 ι)
2175 4427 2625 4481 resurrectionem
2654 4433 2962 4481 sanctorum
2992 4424 3138 4480 cives
3167 4424 3454 4478 evasimus.
3505 4423 3767 4478 Mirabilis

2175 4524 2324 4571 certe
2372 4515 2669 4570 Salvatoris
2713 4514 2882 4568 nostri
2930 4514 3185 4579 charitas,
3235 4528 3371 4581 quas,
3419 4521 3477 4567 ut
3524 4513 3769 4568 inﬁrmos

2174 4607 2423 4675 erigeret,
2456 4613 2512 4660 et
2535 4606 2717 4676 lapsos
2737 4604 2902 4675 490
2922 4605 2989 4659 ad
3018 4605 3182 4660 vitam
3206 4613 3504 4668 revocaret,
3532 4615 3767 4658 mortem

2174 4712 2272 4767 pro
2303 4696 2433 4765 ipsis
2459 4695 2638 4763 elegit.
2671 4694 2802 4760 Quis
2831 4709 2959 4764 ergo
2991 4695 3041 4747 in
3070 4703 3217 4749 tanta
3245 4694 3402 4763 hujus
3431 4695 3537 4748 diei
3583 4696 3768 4750 laetitia

2172 4805 2278 4843 non
2311 4788 2574 4843 exsultat?
2603 4786 2733 4856 Quis
2777 4788 2829 4840 in
2874 4789 2975 4843 hac
3011 4787 3098 4841 die
3146 4796 3308 4855 quam
3340 4787 3464 4843 fecit
3504 4787 3771 4843 Dominus

2171 4880 2483 4934 continuata
2512 4877 2693 4932 laetitia
2715 4892 2822 4932 non
2852 4877 3119 4946 gaudeat?
3148 4876 3356 4931 Gaudet
3377 4878 3599 4944 coelum,
3624 4887 3770 4934 terra

2176 4973 2420 5026 universa
2451 4971 2681 5037 laetatur,
2732 4970 2857 5025 dum
2908 4963 3211 5025 creatorem
3255 4965 3771 5041 mdemptoremquc

2174 5078 2328 5116 suum
2351 5077 2418 5116 ex
2446 5060 2628 5115 inferis
2676 5070 2852 5115 morte
2880 5060 3086 5114 devicta
3132 5060 3447 5115 redeuutem
3499 5062 3765 5117 intuetur.

2175 5153 2498 5221 Angelorum
2552 5153 2804 5208 universa
2859 5153 3149 5208 multitudo
3197 5153 3451 5220 laetatur,
3507 5158 3768 5224 quoniam

2173 5243 2360 5296 aeterni
2389 5241 2550 5310 Regis
2579 5243 2661 5296 sui
2689 5251 2864 5298 morte
2910 5252 3100 5297 cuncta
3138 5242 3413 5299 diabolica:
3455 5245 3658 5300 fraudis
3686 5256 3771 5301 est

2173 5345 2423 5404 superata
2454 5337 2676 5391 malitia.
2706 5337 2797 5394 Sol
2829 5339 2990 5393 etiam
3015 5339 3126 5408 ipse
3148 5339 3379 5405 laetatur,
3407 5339 3768 5406 lugubresque

2177 5430 2293 5484 illas
2321 5429 2590 5496 tenebras,
2613 5431 2806 5499 quibus
2834 5432 3144 5487 universqu
3171 5432 3430 5487 mundum
3461 5432 3689 5485 Domino
3711 5437 3768 5483 et

2175 5528 2418 5574 creatore
2448 5535 2545 5574 suo
2587 5521 2839 5575 defuncto
2889 5523 3216 5589 obduxerat,
3269 5522 3560 5576 lzetioribus
3600 5520 3768 5573 radiis

2175 5610 2433 5667 hodierna
2456 5612 2544 5668 die
2568 5612 2769 5666 rutilat.
2793 5611 3133 5668 Gaudeamus
3151 5627 3302 5682 ergo,
3327 5621 3383 5668 et
3405 5629 3528 5680 nos,
3551 5610 3767 5674 fratres,

2178 5707 2342 5768 atque
2373 5701 2613 5757 laztemur
2639 5701 2692 5755 in
2723 5701 2824 5756 hac
2851 5701 2938 5756 die
2963 5716 3122 5770 quam
3171 5701 3298 5758 fecit
3346 5703 3622 5767 Dominus,
3670 5700 3768 5769 qui
