4054 6190
436 313 540 371 007

1623 307 1682 365 8.
1723 306 1974 362 ΜΑΜῙΜΙ
2014 305 2463 363 TAURINENSIS

3597 298 3714 362 608

439 425 619 481 intulit
645 439 864 496 pacem;
895 438 1101 494 pacem,
1131 423 1364 493 inquam,
1390 423 1544 478 nobis
1573 421 1818 478 Christus
1843 439 2025 477 resur-
2052 428 2096 481 Α
2127 421 2484 488 ingredimur,
2532 419 2765 476 secunda
2785 418 3095 476 caelestibus
3119 432 3504 488 praeparamur.
3552 419 3718 475 Sicut

436 531 569 586 gens
597 516 791 580 intulit,
814 515 938 584 quia
963 521 1018 568 et
1047 529 1298 583 passurus
1319 526 1507 582 pacem
1535 513 1794 582 proditori
1818 522 1846 550 ι
1863 513 2023 568 disci-

437 607 566 677 pulo
595 622 703 660 non
745 603 996 672 negavit,
1027 611 1122 658 aut
1165 602 1612 672 quemadmodum
1649 603 2024 672 complectitur

438 695 776 759 conﬁtentes,
807 694 900 762 qui
933 694 1012 748 sic
1039 693 1309 747 osculatus
1333 699 1416 746 est
1443 692 1816 760 denegantem.
1849 691 2021 746 Oscu-

439 784 550 838 lum
581 794 760 836 autem
805 782 932 836 illud
959 780 1108 836 Iuda:
1155 780 1452 835 lsebarioth
1491 782 1618 836 nolo
1645 782 1964 837 existimetis
1992 797 2024 836 a

439 873 667 929 Domino
706 873 808 927 nisi
852 873 919 927 de
965 872 1227 927 charitate
1271 871 1487 936 datum,
1518 871 1544 910 ³³
1585 879 1641 927 et
1668 881 1792 927 ante
1819 873 2024 928 sciebat

441 963 590 1017 illum
644 962 978 1032 proditorem
1033 961 1287 1016 futurum.
1342 961 1560 1017 Sciebat
1611 963 1771 1032 plane
1825 963 2026 1020 amoris

439 1053 662 1122 pignus;
691 1059 748 1105 et
768 1051 887 1106 ideo
910 1066 1018 1104 non
1042 1052 1282 1120 negavit;
1314 1051 1527 1121 pietatis
1554 1052 1697 1106 enim
1725 1067 1892 1124 genus
1919 1061 2021 1119 est,

439 1157 548 1196 non
595 1155 792 1210 negare
835 1149 1076 1196 extrema
1121 1141 1306 1195 oscula
1352 1141 1622 1210 perituris,
1654 1150 1711 1195 et
1757 1143 1860 1206 bis,
1889 1157 2025 1211 quos

439 1233 740 1296 dileximus,
764 1233 1004 1287 ultimum
1028 1232 1348 1302 per-solvisse
1367 1232 1638 1287 solatium.
1663 1232 1834 1288 Simul
1859 1233 2023 1288 etiam

448 1321 570 1395 ipso
597 1321 900 1377 dilectionis
930 1321 1107 1375 ollicio
1147 1336 1269 1376 eum
1297 1321 1468 1376 voluit
1493 1321 1802 1386 emendare,
1841 1329 1900 1376 ut
1925 1321 2023 1376 ad-

441 1412 676 1466 monitus
695 1411 896 1481 pietate
920 1427 1028 1465 non
1051 1411 1326 1465 desereret
1346 1418 1634 1478 amantem,
1655 1425 1762 1466 non
1785 1411 2024 1468 traderet

443 1501 775 1556 osculantem
814 1517 830 1555 :
869 1511 1031 1570 atque
1076 1501 1237 1572 593
1285 1501 1406 1556 ideo
1452 1502 1606 1570 quasi
1655 1503 1722 1556 ad
1763 1501 2023 1570 judicium

438 1588 588 1645 Iuda:
617 1591 743 1645 illud
772 1593 1012 1647 osculum
1035 1593 1216 1647 datum
1245 1601 1346 1657 est,
1372 1603 1430 1648 ut
1452 1595 1498 1648 si
1524 1595 1858 1663 emendaret,
1878 1605 2027 1651 esset

441 1683 591 1751 pacis
613 1684 884 1738 vinculum
912 1685 1202 1753 discipulo;
1247 1685 1294 1739 si
1323 1684 1593 1747 traderet,
1637 1693 1779 1739 esset
1803 1686 2023 1740 sceleris

2124 523 2301 568 autem
2330 515 2610 584 praesentis
2643 514 2901 583 temporis
2938 505 3078 567 festa
3113 527 3210 565 nos
3246 510 3569 576 admonent,
3626 512 3715 567 sic

2124 604 2214 659 ille
2241 605 2334 674 qui
2357 620 2456 674 pro
2485 603 2667 659 mundi
2691 605 2864 658 salute
2889 616 3214 670 congressus
3233 599 3260 637 ιι
3283 644 3300 668 ,
3329 601 3472 655 sicut
3493 601 3562 655 de
3591 600 3712 655 for.

2124 693 2333 748 tissime
2361 692 2587 747 Samson
2617 692 2869 760 legimus,
2922 691 3104 760 plures
3127 689 3476 778 inimicorum.
3503 687 3518 725 ί
3554 704 3710 743 mor-

2125 783 2573 851 tuusinterfecit,
2613 798 2773 852 quam
2801 783 2956 836 vivus
2977 781 3270 836 occiderat.
3316 778 3503 834 Refert
3526 787 3715 834 autem

2125 881 2181 929 et
2211 873 2431 928 traditio
2457 873 2793 928 saecularium
2821 871 3125 926 litterarum
3152 869 3287 935 hoc,
3333 869 3620 939 quemdam
3652 869 3712 923 in

2129 965 2144 1014 l
2181 963 2442 1018 exercitio
2471 977 2642 1033 usque
2665 961 2974 1017 certaminis
3001 961 3253 1015 habuisse
3274 961 3378 1014 hoc
3404 972 3573 1026 genus
3595 959 3712 1012 vir-

2125 1055 2255 1110 tutis
2283 1070 2347 1110 ac
2365 1055 2606 1119 roboris,
2665 1061 2725 1108 ut
2759 1053 2971 1123 quoties
3005 1051 3201 1106 virium
3233 1066 3451 1105 suarum
3479 1050 3711 1104 amicam

2124 1153 2182 1201 et
2216 1146 2481 1200 nutricem
2523 1152 2722 1199 terram
2750 1141 2921 1214 494
2952 1141 3186 1212 impulsu
3223 1140 3518 1196 adversarii
3542 1139 3718 1193 conti-

2123 1235 2308 1304 gisset,
2334 1235 2402 1290 de
2423 1235 2540 1289 solo
2559 1247 2781 1302 surgens
2797 1233 2965 1298 magis
2983 1247 3048 1287 ac
3074 1232 3243 1302 magis
3263 1232 3318 1286 in
3340 1231 3714 1286 adversarium

2125 1326 2470 1397 prtevaleret.
2521 1340 2586 1378 ac
2613 1323 2692 1379 sic
2720 1323 2950 1391 dejectio
2974 1323 3263 1393 prostrati,
3311 1322 3524 1377 occasio
3545 1321 3720 1376 tiehat

2124 1415 2398 1485 triumphi.
2429 1413 2602 1468 Dabat
2629 1413 2771 1468 enim
2795 1413 2845 1467 ei
2866 1412 3258 1484 quodammodo
3286 1412 3576 1466 inlirmitas
3607 1411 3722 1465 for-

2126 1503 2436 1567 titudinem,
2468 1503 2647 1573 lapsus
2696 1503 2960 1572 palmam,
3011 1501 3164 1556 ruina
3210 1501 3514 1556 victoriam.
3572 1499 3722 1556 Puto

2126 1591 2150 1631 ¹ι
2183 1593 2300 1647 lucc
2335 1593 2410 1646 illi
2452 1592 2656 1647 omlesti
2683 1592 2934 1658 athleta},
2962 1591 3054 1660 qui
3093 1599 3282 1646 contra
3305 1589 3476 1645 Iacob
3517 1591 3723 1659 legitur

2124 1682 2288 1737 fuisse
2313 1683 2573 1747 luctatus,
2626 1689 2801 1737 totum
2843 1683 2948 1737 hoc
2985 1681 3058 1736 illi
3086 1680 3282 1751 jnstius
3315 1680 3487 1750 aptari
3517 1696 3718 1750 posse;

441 1773 803 1829 testimonium
821 1774 1101 1843 proditori.
1120 1774 1208 1828 Ait
1223 1787 1350 1842 ergo
1366 1775 1828 1839 Dominus:Iuda,
1847 1765 2021 1834 oscuio
2053 1789 2096 1847 Β
2123 1775 2329 1830 ωειίωο
2362 1775 2476 1830 ιιιεο
2522 1775 2666 1828 illius
2707 1790 2950 1844 personae
2988 1773 3168 1828 verius
3204 1772 3514 1828 convenire.
3571 1771 3718 1838 Quia

441 1859 489 1913 F
493 1861 637 1914 ilium
667 1861 830 1914 tradis
855 1863 1077 1916 hominis
1113 1861 1291 1932 (Joan.
1322 1862 1489 1930 ml)?
1520 1861 1620 1917 Ubi
1649 1872 1732 1917 est
1755 1865 2022 1919 subtilitas

441 1949 750 2016 factionum,
777 1951 864 2005 ubi
892 1951 1120 2006 latentes
1143 1951 1291 2006 doli?
1315 1951 1453 2007 Ecce
1481 1953 1900 2022 deprehenditur
1920 1970 2019 2009 ne-

438 2040 621 2108 quitiae
648 2056 809 2095 omne
835 2050 1124 2107 secretum,
1168 2050 1228 2096 et
1267 2043 1514 2111 proditur
1557 2044 1820 2114 proditor,
1865 2055 2021 2101 ante-

439 2143 600 2197 quam
624 2130 814 2198 prodat
837 2149 849 2182 :
885 2130 1094 2196 Oscula,
1122 2131 1314 2200 inquit,
1347 2133 1395 2185 F
1399 2134 1542 2187 ilium
1571 2135 1794 2190 hominis
1823 2137 2022 2190 tradis?

441 2221 545 2277 hoc
569 2230 671 2290 est,
696 2224 896 2278 amoris
919 2225 1142 2294 pignore
1167 2225 1358 2281 vulnus
1384 2226 1604 2294 inﬂigis;
1635 2226 1814 2283 ofﬁcio
1841 2229 2021 2283 chari-

441 2313 566 2368 tatis
583 2314 892 2380 sanguinem
915 2314 1109 2381 fundis,
1131 2326 1358 2371 mortem
1387 2318 1592 2387 irrogas
1610 2321 1760 2389 pacis
1782 2319 1979 2374 indicio
2001 2323 2024 2376 ?

443 2401 617 2472 Rogo,
635 2420 753 2473 qua:
773 2407 872 2460 ista
891 2407 1142 2462 dilectio?
1161 2406 1409 2464 Osculum
1429 2411 1676 2480 porrigis,
1693 2420 1748 2466 et
1768 2414 2024 2468 minaris?

442 2493 562 2549 Non
607 2505 732 2551 sunt
776 2498 876 2552 ista
921 2500 1122 2564 oscula,
1169 2500 1264 2555 sed
1291 2517 1514 2568 venena,
1544 2520 1642 2573 per
1669 2520 1789 2574 qua:
1833 2521 2025 2562 servus

443 2585 740 2653 dominum,
784 2589 1077 2660 discipulus
1121 2591 1454 2660 magistrum,
1485 2594 1690 2651 electus
1718 2589 1897 2665 prodit
1923 2612 2023 2652 au-

441 2684 671 2734 ctorem.

754 2809 955 2865 Codicis
968 2809 1324 2868 Laurentiani
1351 2816 1714 2887 fragmentum.

517 2941 780 2999 [mtemur
806 2959 934 3014 ergo
967 2953 1022 3000 et
1048 2949 1376 3003 exsultemus
1403 2951 1456 3003 in
1479 2950 1582 3005 hac
1607 2951 1712 3017 die,
1738 2951 2020 3019 carissimi,

443 3047 606 3104 quam
632 3050 806 3090 annua
845 3036 1131 3092 devotione
1172 3053 1511 3095 veneramur.
1554 3040 1707 3096 Sicut
1733 3043 1887 3097 nobis
1914 3054 1938 3084 ο
1969 3044 2023 3099 in

2122 1881 2243 1920 cum
2273 1874 2517 1936 tempore
2543 1865 2596 1918 in
2623 1879 2784 1918 arena
2807 1863 2988 1918 mundi
3010 1877 3132 1918 cum
3157 1863 3371 1932 publico
3400 1863 3558 1916 hoste
3580 1877 3724 1917 cou-

2122 1953 2277 2020 llixit,
2308 1956 2399 2024 qui
2434 1954 2502 2008 ad
2529 1955 2636 2009 hoc
2670 1953 2684 1990 ¹
2717 1955 2902 2022 gessit,
2939 1961 2999 2008 ut
3030 1953 3314 2022 gloriosius
3341 1960 3615 2020 surgeret,
3645 1953 3724 2005 ad

2122 2043 2225 2098 hoc
2249 2043 2462 2105 cecidit,
2494 2051 2552 2097 ut
2573 2057 2761 2097 omnes
2789 2042 3010 2107 levaret,
3038 2042 3131 2110 qui
3163 2041 3531 2096 adversarium
3562 2051 3601 2076 ω
3632 2046 3724 2095 el-

2123 2134 2272 2190 fusus
2308 2136 2517 2200 obruit,
2561 2142 2862 2204 prostratus
2899 2134 3071 2198 elisit,
3111 2133 3494 2202 jacentemque
3533 2133 3724 2187 homi-

2121 2243 2246 2281 nem
2275 2225 2516 2296 dejectus
2539 2227 2742 2294 erexit,
2791 2235 2818 2262 η
2866 2233 3209 2294 mortemque
3233 2225 3282 2280 ei
3314 2224 3439 2280 dum
3466 2241 3723 2280 succum-

2124 2319 2300 2385 beret,
2330 2318 2576 2388 perculit,
2607 2333 2672 2372 ac
2699 2326 2967 2372 mortuum
2986 2357 3002 2381 ,
3029 2316 3156 2371 dum
3183 2325 3512 2385 resurgeret,
3541 2317 3714 2370 susci-

2123 2409 2277 2464 tavit.
2303 2408 2401 2465 Hic
2424 2417 2509 2463 est
2529 2408 2621 2463 ille
2649 2408 2890 2476 angelus,
2913 2407 3149 2476 quicum
3167 2405 3335 2462 Iacob
3355 2415 3516 2462 nocte
3536 2407 3720 2462 luctas

2124 2510 2210 2556 tus
2237 2509 2346 2565 est,
2378 2501 2517 2556 sicut
2543 2501 2803 2555 habemus
2826 2500 2879 2554 in
2902 2499 3100 2555 Genesi
3127 2517 3138 2552 :
3202 2498 3271 2552 Et
3298 2516 3413 2554 ecce
3439 2501 3518 2553 vir
3550 2499 3723 2554 lucta-

2131 2593 2286 2648 batur
2314 2610 2427 2647 cum
2454 2609 2513 2648 eo
2533 2609 2691 2663 usque
2717 2609 2901 2660 mane,
2931 2600 2981 2646 et
3007 2609 3121 2646 cum
3148 2592 3501 2663 praeualuisset
3527 2590 3721 2660 Incol,

2125 2684 2257 2739 dixit
2275 2685 2322 2738 ei
2341 2684 2553 2755 angelus
2569 2700 2587 2738 :
2605 2682 2816 2737 Dimitte
2829 2700 2934 2746 me;
2950 2685 3064 2754 jam
3083 2685 3220 2738 enim
3234 2683 3468 2737 ascendit
3489 2700 3705 2737 aurora.

2126 2773 2412 2843 Respondit
2456 2773 2620 2827 Iacob
2644 2789 2662 2826 :
2694 2770 2817 2828 Non
2845 2774 3102 2827 dimittam
3131 2783 3178 2827 te
3195 2815 3212 2841 ,
3254 2773 3357 2827 nisi
3385 2773 3715 2826 benedixeris

2125 2865 2272 2918 mihi.
2306 2863 2398 2919 Sic
2425 2864 2686 2934 benedixit
2728 2872 2754 2900 ο
2793 2866 3030 2937 angelus,
3057 2873 3106 2918 et
3135 2865 3269 2918 dixit
3292 2865 3341 2918 ei
3378 2878 3400 2919 :
3443 2864 3506 2918 Si
3533 2871 3720 2917 contra

2125 2954 2292 3010 Deum
2321 2957 2470 3027 fortis
2500 2957 2665 3027 fuisti,
2695 2965 2888 3027 quanto
2916 2957 3084 3028 magis
3113 2965 3292 3010 contra
3322 2957 3554 3010 homines
3583 2972 3721 3025 pra:-

2125 3044 2347 3112 ualebis;
2391 3054 2440 3100 et
2467 3045 2633 3117 tetigit
2669 3048 2884 3118 angelus
2913 3047 3238 3102 latitudinem
3265 3048 3476 3119 femoris
3510 3058 3540 3099 P
3579 3049 3720 3118 ejus,

446 3125 680 3180 futurum
725 3127 888 3180 vitam
933 3135 990 3182 et
1035 3128 1259 3196 gloriam
1305 3131 1606 3200 pollicetur,
1652 3133 1724 3187 ita
1766 3134 1929 3190 etiam
1969 3135 2022 3189 in
2050 3153 2095 3216 ε
2127 3137 2238 3208 ipse
2263 3153 2380 3192 vero
2401 3131 2728 3192 claudicabat
2754 3138 2883 3208 pede
2901 3135 3054 3209 (Gen.
3080 3139 3271 3208 χχιιι).
3294 3137 3432 3204 Quid
3460 3146 3548 3193 est
3574 3139 3676 3192 hoc
3694 3139 3721 3192 ?

447 3218 774 3288 praeteritum
819 3219 887 3275 de
933 3221 1120 3276 salutis
1166 3231 1363 3278 nostra:
1402 3239 1562 3280 causa
1610 3233 1666 3280 et
1711 3227 2024 3283 occasiones

446 3315 764 3374 nascuntur;
789 3325 854 3364 ac
879 3310 958 3365 sic
984 3311 1074 3380 qui
1100 3311 1220 3368 ideo
1241 3313 1456 3380 colitur,
1484 3323 1543 3369 ut
1569 3316 1887 3371 misereatur
1911 3317 2023 3387 jam

445 3399 716 3453 misertus.
771 3401 852 3454 Ab
887 3416 955 3456 eo
995 3416 1127 3471 ergo
1157 3403 1283 3458 facti
1312 3413 1474 3474 atque
1500 3408 1734 3476 reparati
1762 3425 1903 3463 nunc
1931 3409 2026 3463 im-

444 3490 661 3560 pensius
686 3491 1018 3547 exsultemus
1057 3492 1110 3546 iu
1138 3491 1412 3549 beneﬁciis
1439 3496 1578 3562 suis,
1618 3497 1744 3564 quia
1773 3498 2023 3554 meliores

444 3590 571 3636 sunt
598 3581 672 3636 illi
699 3582 832 3649 dies,
864 3583 1058 3652 quibus
1085 3583 1404 3651 liberamur,
1434 3600 1595 3654 quam
1625 3587 1716 3652 illi,
1747 3588 1941 3658 quibus
1967 3589 2022 3643 in

445 3674 568 3728 vitae
597 3674 754 3742 hujus
781 3676 1021 3745 pericula
1051 3677 1323 3732 nascendo
1349 3674 1373 3714 ἀ
1400 3679 1762 3747 perducimur.
1806 3679 1874 3734 Et
1901 3681 2023 3736 ideo

444 3756 704 3832 legimus,
759 3767 879 3836 quia
910 3767 1091 3821 melior
1126 3778 1150 3806 ο
1189 3769 1545 3824 misericordia
1583 3780 1669 3824 tua
1701 3789 1858 3842 super
1891 3774 2022 3827 vitas

443 3852 615 3924 (Psal.
641 3855 792 3924 un).
825 3855 1073 3910 Meliores
1100 3871 1228 3925 ergo
1253 3865 1377 3911 sunt
1401 3858 1534 3922 dies,
1559 3860 1754 3927 quibus
1773 3861 1840 3914 ad
1858 3870 2020 3916 teter-

447 3957 570 3996 nam
601 3944 761 3996 vitam
791 3943 1152 4009 renascimur,
1209 3959 1370 4012 quam
1393 3946 1504 4012 illi,
1559 3948 1754 4015 quibus
1782 3949 1835 4004 in
1871 3949 1888 3988 τ
1920 3951 2020 4005 hac

448 4031 731 4100 temporali
767 4046 1132 4100 procreamur.
1163 4033 1438 4102 Siquidem
1478 4035 1684 4104 majora
1721 4046 1846 4092 sunt
1880 4040 2021 4095 dona

443 4123 648 4191 gratim,
681 4137 840 4192 quam
870 4131 1094 4179 naturae.
1122 4124 1177 4179 ln
1208 4125 1311 4180 hoc
1337 4126 1551 4195 gemino
1580 4127 1678 4182 Dei
1697 4130 1864 4185 nostri
1891 4146 2022 4201 ope-

443 4228 524 4276 re,
547 4213 618 4268 ibi
648 4227 735 4268 res
758 4213 990 4279 virtutis,
1021 4215 1109 4271 hic
1135 4217 1373 4272 muneris
1400 4225 1502 4273 est.
1538 4217 1615 4273 lbi
1643 4222 1904 4290 potentia,
1933 4223 2020 4278 hic

2125 3229 2216 3298 qui
2239 3227 2471 3283 vincitur
2495 3228 2795 3296 benedicit;
2843 3239 2900 3284 et
2939 3229 3225 3296 claudicat,
3274 3231 3363 3301 qui
3413 3245 3473 3285 se
3515 3231 3716 3285 vicisse

2127 3318 2398 3374 credebat.
2425 3317 2484 3372 In
2508 3317 2672 3374 Iacob
2695 3334 2826 3389 ergo
2844 3318 3150 3375 Iudaaorum
3173 3321 3422 3390 populus,
3445 3321 3498 3374 in
3523 3321 3720 3388 angelo

2126 3407 2371 3465 Christus
2405 3410 2741 3478 agnoscitur;
2774 3419 2830 3465 et
2867 3419 2926 3465 ut
2951 3411 3184 3466 sciamus
3215 3413 3265 3465 in
3295 3411 3487 3465 eodem
3517 3411 3713 3479 angelo

2129 3509 2156 3549 «ι
2187 3499 2470 3555 Dominum
2499 3501 2682 3568 fuisse,
2714 3502 2788 3556 ita
2817 3501 2948 3558 dicit
2977 3503 3090 3573 ipse
3118 3503 3307 3557 beatus
3333 3501 3502 3557 Iacob
3534 3520 3547 3555 :
3591 3502 3716 3556 Vidi

2129 3589 2407 3645 Dominum
2428 3593 2561 3663 facie
2581 3591 2650 3645 ad
2670 3594 2854 3665 {aciem
2869 3631 2884 3657 ,
2907 3602 2958 3648 et
2977 3594 3120 3648 salva
3144 3595 3281 3665 facta
3304 3603 3381 3647 est
3401 3594 3580 3646 anima
3599 3610 3717 3647 mea

2129 3679 2292 3752 (Ibid.
2313 3684 2486 3752 XXXI).
2513 3681 2680 3738 Iacob
2704 3697 2834 3752 ergo
2861 3685 3052 3753 angelo
3092 3685 3476 3739 succumbente
3502 3699 3717 3754 praeva-

2128 3772 2244 3828 luit.
2276 3784 2298 3812 τ
2329 3773 2728 3830 Przevaluerunt
2753 3776 2818 3830 ad
2841 3785 3065 3846 tempus,
3091 3785 3146 3832 et
3166 3777 3218 3830 in
3240 3776 3436 3831 Christi
3459 3778 3717 3846 passione

2130 3871 2150 3898 ⁸
2183 3861 2371 3930 Iudaei,
2422 3865 2474 3918 in
2519 3865 2606 3920 illa
2654 3866 2980 3935 refugientes
3024 3867 3040 3903 ι
3085 3866 3190 3920 diei
3221 3875 3399 3932 nocte,
3430 3874 3487 3921 et
3514 3874 3628 3920 tota
3658 3867 3716 3921 in

2126 3966 2249 4008 eum
2311 3953 2586 4022 impietate
2632 3963 2660 3992 ἰ
2707 3953 2961 4011 ferientes
3012 3957 3405 4026 praevaluerunt
3427 3998 3441 4022 ,
3497 3956 3715 4024 quando

2126 4051 2156 4081 ν
2183 4044 2592 4112 cruciﬁxerunt;
2635 4048 3062 4117 prmvaluerunt,
3111 4049 3325 4117 quando
3371 4048 3710 4104 occiderunt.

2127 4132 2268 4206 Ergo
2292 4152 2413 4192 cum
2437 4138 2656 4194 vicisset
2679 4138 2868 4206 Iacob,
2895 4141 3138 4196 benedici
3169 4149 3351 4196 tamen
3372 4155 3432 4196 se
3451 4155 3483 4194 a
3505 4141 3714 4196 victore

2126 4242 2285 4297 posse
2312 4231 2580 4298 cognovit,
2612 4231 2816 4295 dicens,
2860 4230 2981 4287 Non
3012 4233 3269 4287 dimittam
3298 4243 3373 4300 te,
3417 4234 3522 4288 nisi
3559 4233 3712 4288 bene~

444 4303 808 4358 misericordia
830 4297 1156 4361 continetur.
1213 4304 1392 4361 Prima
1421 4309 1700 4366 nativitate
1728 4320 1752 4358 ε
1790 4314 2019 4369 terrenis
2049 4308 2098 4367 Ι)
2126 4318 2320 4374 dixeris
2341 4297 2484 4376 mihi.
2503 4321 2668 4388 Quale
2687 4324 2999 4395 mysterium
3020 4325 3072 4379 in
3093 4297 3414 4380 certamine!
3439 4325 3713 4380 lnlirmior

515 4451 542 4479 "
572 4441 704 4499 Cod.
735 4444 983 4502 Ambros.
1013 4447 1156 4517 apud
1200 4447 1418 4515 Murat.,
1451 4449 1705 4520 proditori
1741 4452 2021 4524 discipulo—

439 4527 648 4668 Ϊίιῗῖξει
679 4583 802 4666 οοάι
835 4583 1128 4668 .ᾹΞ¹¹¹)¹Σ⁰⁵’.’,
1165 4587 1316 4668 cvitas
1335 4588 1512 4668 lectio
1533 4591 1706 4668 maria
1753 4601 1836 4668 est
1878 4593 2021 4668 apud

443 4647 724 4732 hiantem,
747 4653 847 4707 nisi
873 4654 935 4732 de
962 4647 1448 4732 charigtate'datum,
1491 4660 1595 4714 nisi
1621 4660 1684 4714 de
1710 4647 2022 4732 a/j'ectur'dai-

451 4728 589 4786 tum;
617 4733 668 4777 et
693 4734 829 4777 certe
857 4725 1049 4778 sciebat
1075 4725 1244 4780 illum.

521 4800 543 4828 ε
575 4792 802 4871 codd._2
838 4803 892 4871 et
990 4793 1047 4849 8.
1077 4794 1262 4852 Crucis
1287 4795 1503 4862 Minon,
1538 4800 1593 4854 in
1622 4802 1795 4871 futuro
1829 4841 1844 4858 .
1874 4843 1889 4858 .
1921 4845 1935 4859 .
1963 4806 2019 4858 in

447 4866 703 4978 praeterito
724 4864 787 4918 de
807 4866 988 4919 salutis
1007 4875 1197 4921 nostra:
1224 4883 1381 4922 causa
1405 4878 1456 4922 et
1475 4864 1768 4927 occasiones
1788 4890 2019 4928 nascan-

471 4945 547 4978 ur.

471 4945 547 4982 ur.

519 5000 546 5038 ἀ
573 5000 705 5075 (_Iod.
737 5003 858 5075 174,
888 5005 1234 5075 producimur.

521 5081 548 5108 ε
576 5069 918 5128 Coneordant
942 5091 1130 5130 omnes
1159 5077 1308 5131 citati
1331 5076 1486 5131 codd.

526 5137 546 5176 ί
578 5137 709 5214 god.
737 5140 1018 5214 prbevet"
1047 5147 1101 5198 in
1129 5147 1237 5200 lucc
1261 5155 1510 5214 tempora.

523 5220 548 5258 s
575 5207 711 5262 Cod.
733 5208 769 5260 2
794 5209 850 5264 S.
877 5207 1060 5268 Crucis
1087 5214 1301 5281 Minor.,
1329 5207 1509 5270 Prima
1530 5220 1797 5274 nativitate
1817 5230 2018 5278 terrena

449 5281 782 5351 ingredimur,
813 5281 1031 5334 secunda
1059 5285 1340 5340 calestibus
1367 5303 1736 5358 prwparamur.

523 5353 548 5386 ιι
579 5349 722 5404 Idem
743 5349 862 5403 cod.
885 5349 920 5401 2
941 5350 995 5402 8.
1027 5349 1214 5409 Crucis
1243 5355 1456 5411 Miuor..
1481 5374 1736 5411 conaresst

529 5371 548 5386 --
579 5371 722 5404 idem
743 5371 862 5403 cou.
886 5371 920 5401 ι
941 5371 995 5402 ο.
1027 5371 1214 5409 urucrs
1243 5371 1456 5418 muor.,
1481 5374 1786 5429 congressus
1813 5371 1908 5419 est.

529 5419 708 5502 fCod.
739 5419 772 5473 5
798 5418 857 5473 8.
887 5418 1070 5475 Crucis
1099 5422 1289 5478 Minor.
1338 5428 1545 5493 melius,
1595 5433 1820 5486 moriens
1860 5435 2019 5488 inter-

449 5493 711 5612 fcviubod.
753 5556 789 5610 2
824 5557 1034 5613 Sancta:
1079 5558 1262 5615 Crucis
1301 5562 1515 5634 Miuor.,
1563 5568 1619 5622 in
1652 5571 2019 5635 exercitatione

449 5636 794 5756 “vi?
829 5699 947 5755 Vat.
985 5697 1118 5753 1270
1147 5697 1354 5756 videtur
1382 5704 1571 5760 abrasa
1600 5725 1701 5762 vox
1736 5710 1820 5766 illa
1852 5712 1975 5767 hwc.
2005 5744 2014 5754 -

2201 4455 2218 4494 ¹
2252 4455 2384 4512 Cod.
2417 4459 2540 4512 Vat.
2566 4459 2721 4522 1270,
2753 4459 2822 4512 ad
2850 4461 2945 4514 hoc
2968 4462 3139 4516 cessit.

2193 4535 2232 4563 ω
2250 4528 2406 4601 _ldem
2435 4529 2557 4601 cod.
2590 4530 2744 4601 i270,
2771 4531 2988 4601 eﬂ'ossus
3016 4547 3112 4601 pro
3132 4531 3346 4600 effusus.

2191 4605 2220 4666 Ρ
2250 4598 2326 4652 Ita
2355 4598 2475 4654 cod.
2511 4599 2631 4665 174,
2663 4601 2790 4654 olim
2817 4599 2956 4654 mdil.
2987 4598 3119 4656 eccl.
3155 4598 3332 4666 Flor.;
3361 4601 3485 4656 cod.
3522 4611 3708 4657 autem

2119 4663 2157 4718 2
2183 4664 2240 4720 8.
2270 4667 2456 4792 ἳιίιεὶε
2476 4663 2690 4735 Minoia,
2721 4679 3033 4744 mortemque
3051 4672 3162 4742 ejus
3183 4663 3702 4739 dum'succumberet,

2124 4752 2276 4792 percu
2302 4749 2361 4792 ιι.

2124 4749 2361 4806 percutit.

2196 4817 2220 4843 ο
2251 4806 2385 4880 god.
2414 4807 2700 4880 ρώπῳ.)
2729 4812 2775 4864 ei
2805 4827 2904 4880 pro
2931 4827 3067 4866 eum.

2190 4887 2219 4926 r
2248 4877 2379 4953 C_od.
2414 4877 2531 4953 Vat.
2562 4877 2700 4953 l270_
2725 4877 3014 4953 sic—habet;
3039 4883 3176 4953 ejus.
3198 4878 3321 4953 Ipse
3343 4897 3462 4953 vero
3481 4883 3569 4953 qui
3589 4883 3705 4953 vin-

2120 4946 2546 5022 c_itur_benedicit,
2576 4957 2625 5002 et
2653 4949 2928 5016 claudicat,
2953 4953 3040 5022 qui
3061 4946 3116 5006 se
3135 4946 3312 5005 vicisse
3340 4946 3599 5006 credebat.
3636 4951 3705 5006 In

2122 5014 2285 5088 Iacob
2306 5033 2449 5088 ergo,
2475 5025 2582 5088 etc.

2192 5097 2219 5134 τι
2241 5085 2379 5160 βοά.
2398 5086 2542 5160 _Vgt.
2562 5086 2720 5155 1270,
2746 5087 2911 5143 Deum
2941 5089 3118 5160 fuisse.

2194 5165 2217 5193 τ
2241 5154 2299 5211 In
2313 5157 2436 5231 _cod.
2456 5154 2712 5231 Urbe‘vet.
2727 5159 2922 5231 omissa
2941 5154 3194 5230 suntqute
3212 5167 3512 5229 sequuntur
3531 5175 3702 5231 usque

2121 5221 2188 5276 ad
2215 5227 2399 5292 verba,
2427 5227 2634 5292 quando
2663 5229 2980 5282 occiderunt.

2195 5304 2216 5368 ὲ
2247 5295 2380 5368 god.
2407 5295 2510 5368 174
2535 5305 2767 5368 metrop.
2798 5299 2932 5354 eccl.
2960 5298 3127 5364 Flor.,
3156 5301 3421 5354 smientes
3442 5300 3637 5356 Judaei.

2195 5367 2212 5400 ‘
2247 5364 2379 5439 βοὰ.
2410 5365 2534 5439 Yat.
2559 5364 2794 5439 l27_0[in
2823 5368 2915 5439 illa
2937 5370 3242 5439 refugientes
3263 5371 3397 5423 diem
3427 5381 3588 5425 nocte.

2152 5504 2164 5517 .
2189 5441 2217 5470 ιι
2233 5433 2326 5557 tlta
2345 5434 2464 5490 cod.
2496 5433 2532 5488 2
2557 5433 2614 5490 S.
2639 5435 2824 5493 Crucis
2852 5433 3071 5505 Minoia,
3100 5440 3152 5492 in
3175 5455 3290 5492 eum
3312 5441 3578 5512 impietate
3599 5457 3700 5498 sc-

2152 5520 2228 5557 ien
2253 5521 2326 5557 es.

2117 5519 2326 5559 meum.

2189 5572 2532 5653 τεαὶ-νει.
2582 5574 2718 5632 i270
2745 5577 2925 5647 habet,
2973 5578 3358 5649 cruci/istarum.
3400 5580 3542 5653 Ergo
3581 5598 3698 5635 cum

2117 5644 2343 5700 vicissset
2366 5645 2548 5714 Iacob,
2577 5655 2682 5703 etc.
