4054 6190
274 340 387 396 609

1659 344 1892 403 SERMO
1928 346 2178 405 XXXVII.

3457 360 3564 416 610

267 458 589 525 αεςιίωαιυτ,
610 466 667 514 et
685 458 752 513 ad
779 458 1158 517 conferendam
1183 458 1617 516 benedictionem
1642 461 1869 519 idoneus
1898 469 1945 526 Α
1974 467 2188 534 generis
2213 466 2499 524 multitudo
2522 476 2621 524 est.
2652 479 2674 508 ε
2699 469 2837 536 Quid
2858 477 2958 536 est,
2986 471 3219 540 inquam,
3244 470 3406 545 496
3420 477 3565 543 quod

266 551 564 605 invenitur.
618 551 818 621 Aperte
864 552 1107 607 Christus
1160 551 1497 607 adversarios
1549 552 1865 622 benedixit,

265 642 489 710 quando
532 650 588 696 et
638 658 738 711 pro
791 641 1234 699 interlicientibus
1289 642 1451 712 5.95
1509 642 1861 711 supplicavit,

265 732 457 786 dicens
484 749 498 784 :
530 730 746 785 Dimitte
764 733 889 798 illis,
908 728 1094 798 Pater,
1117 732 1237 802 quia
1260 732 1495 784 nesciunt
1523 731 1647 801 quid
1667 732 1865 801 faciunt

267 820 426 891 (Luc.
456 821 626 891 χχιιι).
653 829 680 857 ι
708 821 990 875 Benedixit
1037 820 1240 886 victus,
1283 819 1375 887 qui
1404 819 1596 873 liberat
1639 834 1861 889 passus;

265 914 563 967 intervenit
602 928 747 977 reus,
779 913 1113 982 absolvitque
1157 912 1472 975 damnatus,
1504 910 1532 948 ι)
1559 912 1685 980 quia
1726 920 1780 966 et
1820 911 1866 965 si

264 1003 566 1057 adversarii
587 1004 929 1072 resipiscant,
947 1002 1371 1072 redemptionem
1397 1002 1583 1055 tribuit
1604 1002 1863 1056 interem-

263 1104 414 1163 ptus.
455 1093 592 1160 Quid
622 1094 751 1148 illud
780 1095 943 1148 etiam
971 1102 1075 1161 est,
1103 1093 1246 1163 quod
1278 1102 1399 1163 post
1428 1094 1571 1148 illam
1600 1095 1865 1149 collucta-

266 1187 475 1242 tionem
501 1186 668 1241 Jacob
696 1187 1126 1241 benedictionem
1148 1186 1375 1255 accepit,
1399 1195 1453 1239 et
1473 1186 1695 1241 claudus
1720 1184 1867 1241 ince-

264 1278 385 1332 dit?
414 1277 505 1333 Sic
528 1278 671 1332 enim
702 1278 779 1332 ait
803 1296 815 1331 :
842 1277 911 1331 Et
932 1279 1099 1349 tetigit
1119 1278 1335 1349 angelus
1355 1278 1681 1331 latitudinem
1702 1280 1865 1349 femo—

264 1369 343 1422 n's
371 1370 506 1440 ejus,
535 1378 583 1423 et
612 1368 938 1423 claudicabat
964 1369 1108 1439 pede.
1139 1366 1390 1423 Latitudo
1412 1366 1632 1423 femoris
1653 1368 1863 1423 Judaici

1970 572 2077 610 uno
2105 558 2247 628 pede
2275 560 2649 616 claudicabat?
2689 563 2817 630 hoc,
2863 564 2988 633 quia
3038 564 3106 618 de
3149 564 3335 631 Jacob,
3386 566 3439 620 id
3484 577 3568 622 est

1968 647 2274 705 Judmorum
2303 661 2493 719 gente,
2536 651 2751 707 Christo
2782 664 3117 725 resurgente,
3152 672 3275 725 pars
3316 657 3563 724 credidit,

1970 754 2096 809 pars
2124 740 2177 793 in
2223 739 2535 797 inﬁdelitate
2563 744 2892 812 permansit,
2941 753 2997 798 et
3036 759 3066 797 a
3090 744 3313 813 justitiae
3343 762 3406 800 ac
3440 748 3566 800 vitae

1972 830 2178 883 semitis
2206 830 2545 887 claudicavit.
2575 832 2730 898 Quod
2769 843 2948 887 autem
2994 834 3124 891 dicit
3153 836 3267 905 ipse
3295 837 3520 902 angelus
3546 855 3560 890 :

1970 916 2187 972 Dimitte
2208 936 2307 983 me,
2334 922 2449 991 jam
2477 923 2613 975 enim
2642 923 2873 976 ascendit
2902 940 3121 991 aurora,
3155 926 3256 980 hoc
3294 926 3567 980 indicabat

1970 1030 2132 1085 posse
2162 1031 2284 1070 eum
2310 1014 2337 1053 ἀ
2373 1032 2404 1071 a
2446 1027 2622 1072 morte
2650 1018 2822 1082 vinci,
2848 1034 2954 1072 non
2983 1036 3142 1087 posse
3181 1022 3422 1075 retineri.
3454 1020 3564 1075 Sed

1970 1112 2092 1174 post
2120 1105 2263 1159 illam
2298 1115 2321 1143 θ
2347 1105 2579 1174 fugatam
2611 1107 2729 1161 luce
2761 1108 3026 1176 passionis
3055 1119 3267 1164 noctem
3299 1111 3565 1181 promittit

1972 1194 2113 1248 illico
2156 1211 2277 1249 esse
2322 1197 2650 1251 reddendam
2689 1199 3099 1253 resurrectionis
3144 1215 3415 1254 auroram.
3461 1200 3562 1266 Qui

1968 1285 2103 1338 vivit
2126 1293 2182 1339 et
2211 1296 2400 1355 regnat
2430 1287 2483 1341 in
2513 1288 2707 1343 stecula
2736 1288 3073 1343 szeculorum.
3104 1289 3293 1344 Anien.

1591 1479 1861 1541 SERMO
1903 1480 2235 1543 XXXVII.

1342 1577 1422 1630 De
1459 1578 1637 1632 eadem
1673 1578 1952 1635 Paschatis
1995 1583 2321 1637 solemnitate
2382 1584 2485 1641 IX.

1720 1690 2111 1747 ADMONlTlO.

338 1778 401 1859 In
429 1778 718 1859 Anecdotis
745 1779 1122 1859 Maratorianis
1146 1781 1380 1859 primum
1408 1781 1461 1859 in
1500 1780 1677 1859 lucem
1706 1783 1886 1851 prodit
1923 1783 2016 1859 hic
2054 1800 2266 1859 seruio;
2300 1801 2400 1859 nec
2442 1786 2499 1841 S.
2543 1787 2777 1845 Maximo
2805 1803 3074 1859 assertus,
3118 1795 3218 1849 nisi
3260 1795 3414 1849 unius
3455 1811 3557 1851 ms.

266 1849 977 1928 ambrosianiﬁauctoritate
1023 1849 1327 1928 hucusque
1356 1850 1473 1928 fuit.
1505 1849 1878 1928 Nuncnpraiter
1898 1853 2139 1908 codicem
2170 1849 2575 1928 Tau‘rinenseni,
2608 1859 2661 1912 in
2690 1875 2799 1928 quo
2829 1870 2911 1917 est
2938 1849 3117 1919 sermo
3146 1864 3179 1918 9
3208 1880 3329 1919 cum
3362 1849 3555 1920 titulo:-

266 1917 405 2004 {tem
431 1928 481 2004 et
505 1919 832 2004 dePgscha,
861 1920 997 2001 duos
1024 1917 1587 2004 codices'Casiiienses
1615 1917 1905 2004 aﬁerirhnush,
1958 1939 2151 2004 nempe
2199 1925 2303 2004 50g
2348 1927 2535 2004 μεθ]
2564 1917 2601 1982 ἐι
2652 1917 2920 2004 ιρὲεολρι
2960 1932 3065 2004 305
3095 1917 3232 2003 'pég;
3251 1917 3559 2004 ’7l"ildi"e"

263 1988 322 2068 S_.
358 1990 621 2068 antistitis
632 1989 987 2068 :faurinensis
1016 2006 1211 2045 nomen
1240 1998 1295 2068 et
1314 1991 1724 2068 inscriptionem
1761 1992 1835 2044 De
1855 1988 2447 2068 Pascentem-immuni.
2475 1988 3062 2068 Quamvisvhujusmodi
3091 1988 3560 2059 t'eslimon'iaISatis

264 2059 400 2146 sint,
424 2068 491 2146 ἰι-ι
517 2060 573 2114 S.
601 2059 866 2146 Maximus
890 2059 1007 2146 ejus
1024 2069 1223 2146 ‘auctp‘r
1247 2059 1534 2146 habeatur,
1563 2062 1609 2115 si
1636 2061 1976 2146 quis‘tamen.
2005 2059 2243 2130 dubitet,
2284 2066 2332 2119 is
2354 2059 2591 2146 animum
2620 2069 2688 2146 a_d
2708 2059 3004 2146 dictionem
3031 2080 3087 2127 et
3127 2073 3194 2129 ad
3218 2073 3411 2129 similia
3437 2090 3559 2146 quae

263 2129 396 2183 alibi
422 2129 560 2185 idem
582 2131 823 2200 scripsit,
853 2131 1119 2185 advertat.
1153 2130 1261 2185 Nec
1290 2130 1597 2197 Ambrosio,
1626 2129 1728 2185 nec
1754 2130 2053 2199 Augustino
2079 2148 2304 2202 usquam
2331 2137 2620 2192 attributus
2645 2138 2856 2208 legitur.

263 2264 1423 2340 unumunum—71hChristiresurrectione
1443 2264 1665 2340 ostendit
1687 2263 1859 2317 Maxi-
1889 2267 1936 2328 B
1959 2262 2183 2333 jacerct.
2215 2264 2371 2331 Quod
2398 2282 2527 2324 vero
2556 2271 2906 2326 annuntiatur
2937 2260 3103 2328 Filius
3132 2274 3247 2340 Dei,
3282 2282 3438 2328 natus
3468 2284 3555 2331 est

335 2354 457 2389 mus
487 2337 645 2406 fuisse
689 2338 771 2407 ini
789 2353 848 2391 eo
894 2336 1150 2407 duplicent
1199 2346 1460 2407 naturam,
1506 2336 1860 2406 duplicemlue

335 2404 707 2475 operationem.
740 2406 940 2460 Passus
964 2404 1115 2475 enim
1150 2415 1225 2475 est
1253 2404 1486 2458 Christus
1506 2446 1521 2471 ,
1551 2415 1601 2458 et
1627 2404 1859 2459 mortuus

332 2474 394 2530 ut
421 2477 594 2542 homo,
616 2476 897 2530 resurrexit
915 2483 970 2527 ut
991 2474 1149 2529 Deus.
1184 2474 1249 2528 In
1279 2491 1434 2528 carne
1463 2484 1731 2545 assumpta
1752 2482 1859 2529 tota

333 2547 542 2617 refulsit
567 2546 827 2612 divinitas,
851 2556 899 2599 et
927 2562 1041 2599 cum
1063 2545 1332 2600 divinitate
1358 2561 1478 2598 caro
1521 2562 1668 2599 suam
1697 2561 1856 2616 copu-

334 2618 465 2671 lavit
487 2617 860 2685 inﬁrmitatem.

334 2728 658 2784 Veneranda
681 2727 857 2798 passio
878 2726 1172 2782 Salvatoris
1194 2726 1381 2790 nostri,
1401 2735 1563 2796 atque
1585 2725 1652 2781 ab
1676 2725 1857 2781 inferis

258 2820 386 2890 ejus
415 2819 675 2873 mirabilis
702 2818 932 2884 reditus,
966 2826 1255 2872 attestatur
1294 2818 1528 2872 divinam
1559 2817 1632 2870 illi
1662 2818 1854 2871 huma-

258 2926 501 2981 namque
522 2909 686 2964 fuisse
713 2908 1085 2963 substantiam.
1110 2908 1240 2975 Quis
1267 2908 1410 2961 enim
1440 2907 1648 2962 dubitet
1669 2906 1858 2963 inetia-

258 3003 450 3059 biliter
475 3017 595 3056 eum
626 3001 816 3055 Filium
844 3000 973 3068 Dei,
1005 2998 1277 3068 ﬁliumque
1304 3014 1426 3054 esse
1453 2999 1716 3066 hominis,
1762 3000 1852 3067 qui

259 3094 443 3163 potuit
489 3100 544 3148 et
573 3100 801 3145 mortem
845 3091 1079 3160 perpeti,
1126 3098 1182 3144 et
1209 3096 1384 3143 morte
1410 3088 1621 3143 devicta
1651 3096 1853 3143 semet.

260 3188 442 3256 ipsum
470 3185 732 3239 suscitare
776 3184 842 3237 de
887 3184 1130 3238 tumulo?
1158 3182 1293 3237 Nam
1320 3191 1569 3252 suscepta
1599 3198 1760 3237 carne
1784 3183 1853 3237 de

256 3278 492 3346 virgine,
514 3291 583 3330 ne
601 3291 761 3344 quam
792 3276 844 3329 in
872 3274 976 3330 [ide
1005 3282 1203 3329 nostra:
1224 3272 1575 3328 confessionis
1602 3273 1851 3327 nebulam

260 3378 601 3438 pateremur,
634 3376 748 3421 toto
787 3366 1181 3437 prmdicationis
1227 3381 1337 3421 sua:
1384 3373 1626 3434 tempore
1661 3380 1848 3420 verum

257 3478 318 3516 se
351 3461 624 3515 revelabat
662 3460 861 3523 Deum,
891 3458 1189 3528 perfectum
1217 3457 1535 3513 ostendebat
1574 3466 1629 3512 et
1671 3457 1847 3511 homi-

257 3566 407 3605 nem.
437 3550 626 3604 Flebat
649 3551 866 3619 quippe,
891 3557 950 3602 ut
972 3557 1159 3604 nostro
1181 3549 1368 3605 dobre
1396 3563 1649 3615 mmrens,
1673 3547 1765 3603 sed
1790 3556 1848 3601 ut

1962 2355 2031 2410 de
2072 2356 2310 2424 virgine,
2358 2364 2513 2414 tanto
2559 2360 2613 2414 in
2654 2362 2915 2418 miraculo
2962 2379 3070 2418 non
3116 2364 3279 2420 debet
3318 2366 3555 2422 humana

1960 2445 2223 2504 ﬂuctuare
2242 2449 2517 2519 fragilitas,
2536 2452 2661 2521 quia
2682 2454 2959 2523 stupendtc
2975 2454 3100 2511 huic
3120 2456 3344 2511 novitati
3363 2457 3553 2524 Deum,

1961 2539 2051 2593 cui
2096 2554 2257 2595 omne
2303 2556 2439 2611 opus
2487 2542 2743 2611 possibile
2771 2552 2872 2611 est,
2903 2544 3224 2601 conﬁtemur
3251 2554 3551 2603 auctorem.

1960 2626 2158 2683 Beatus
2186 2643 2418 2699 namque
2456 2630 2623 2686 David
2652 2633 3098 2703 omnipotentiam
3123 2634 3221 2689 Dei
3259 2634 3316 2690 S.
3349 2635 3552 2707 Spiritu

1958 2722 2236 2777 revelante
2264 2722 2543 2786 decantat,
2586 2724 2771 2780 dicens
2795 2742 2808 2779 :
2837 2725 3029 2779 Omnia
3056 2743 3367 2798 quaecunque
3393 2726 3553 2782 voluit

1961 2810 2245 2880 Dominus,
2278 2816 2399 2884 fecit
2424 2816 2491 2867 in-
2534 2815 2659 2870 calo
2688 2824 2737 2869 et
2784 2817 2838 2870 in
2887 2825 3026 2870 terra
3070 2817 3251 2889 (Psal.
3295 2823 3547 2887 cxxxrv).

1961 2901 2063 2969 Qui
2113 2919 2243 2975 ergo
2292 2905 2417 2960 fecit
2470 2921 2590 2976 qua:
2637 2908 2835 2971 voluit,
2882 2907 3007 2962 fecit
3053 2916 3113 2961 ut
3153 2908 3305 2976 virgo
3358 2910 3545 2963 conci-

1954 3003 2150 3065 peret;
2204 2997 2298 3064 qui
2350 2996 2477 3051 fecit
2531 2999 2710 3052 omnia
2757 3012 2877 3067 quae
2934 2998 3141 3064 voluit,
3207 2998 3334 3075 fecit
3398 3002 3542 3071 quod

1954 3089 2111 3142 nobis
2172 3087 2189 3127 ι
2248 3091 2577 3145 subveniret.
2640 3089 2867 3156 Omnia,
2931 3092 3146 3161 inquit,
3210 3109 3326 3163 qua:
3390 3094 3550 3148 voluit

1954 3176 2095 3231 Deus
2114 3220 2128 3245 ,
2170 3181 2310 3247 fecit.
2351 3179 2532 3233 Voluit
2561 3194 2628 3234 ex
2667 3180 2833 3234 nihilo
2864 3181 3098 3236 formare
3126 3182 3419 3237 mundum?
3448 3182 3549 3237 fuit

1952 3270 2111 3341 497
2136 3270 2184 3323 ei
2209 3278 2316 3323 tam
2344 3270 2519 3339 magni
2556 3271 2736 3339 operis
2764 3269 2989 3325 effectus
3028 3271 3081 3325 in
3112 3271 3311 3326 Verbo.
3362 3271 3547 3327 Voluit

1951 3363 2227 3419 hominem
2253 3363 2482 3431 ﬁgurare
2504 3362 2572 3417 de
2615 3363 2872 3431 pulvere?
2908 3362 3090 3417 Virtus
3120 3371 3281 3417 tanta:
3310 3378 3418 3418 non
3446 3365 3545 3418 de-

1949 3453 2051 3508 fuit
2070 3453 2352 3508 voluntati.
2374 3452 2556 3507 Voluit
2579 3452 2718 3507 inter
2740 3454 2853 3522 ipsa
2874 3452 2995 3507 coeli
3026 3461 3291 3521 terrmque
3319 3454 3545 3522 primor-

1951 3543 2039 3598 dia
2060 3545 2201 3599 virili
2229 3543 2299 3599 de
2319 3559 2549 3627 corpore
2577 3543 2806 3599 educere
2835 3543 3127 3599 feminam?
3155 3559 3185 3597 e
3214 3544 3381 3598 latere
3412 3561 3540 3599 mox

255 3659 359 3698 sua
385 3644 585 3697 virtute
614 3650 804 3712 potens
831 3642 1115 3696 miseratus
1136 3656 1401 3696 caecorum
1425 3642 1693 3707 tenebras,
1721 3641 1845 3697 huic
1872 3638 1919 3701 C
1950 3633 2078 3688 Adte
2100 3643 2274 3690 mater
2320 3635 2541 3690 humani
2570 3636 2783 3704 generis
2812 3634 2922 3689 Eva
2955 3635 3231 3705 processit.
3266 3635 3445 3691 Voluit
3472 3637 3544 3690 de

256 3732 493 3787 necdum
524 3732 783 3787 formatos
811 3730 1041 3786 faciebat
1069 3732 1273 3795 oculos,
1300 3731 1375 3785 illi
1396 3731 1656 3786 reddebat
1684 3732 1845 3786 amis-

252 3840 381 3888 sos;
428 3823 683 3891 navigans
730 3839 851 3877 cum
897 3822 1172 3893 discipulis
1226 3823 1337 3877 suis
1382 3838 1572 3879 somno
1616 3822 1849 3879 hominis

252 3914 563 3968 dormiebat
586 3913 638 3966 in
669 3913 881 3982 puppis,
920 3911 1011 3966 sed
1042 3912 1272 3967 consciae
1300 3911 1596 3982 majestatis
1623 3913 1847 3983 imperio

250 4005 646 4075 insurgentium
682 4004 934 4059 ﬂuctuum
959 4003 1129 4058 moles
1152 4004 1525 4073 minascesque
1546 4013 1736 4058 ventos
1757 4019 1845 4060 se-

251 4111 393 4151 rena
422 4096 670 4165 protinus
700 4094 1084 4165 tranquillitate
1129 4094 1478 4163 compescuit.
1529 4093 1845 4149 Moriturum

247 4201 338 4247 se,
373 4192 433 4238 ut
462 4184 776 4253 temporalis
822 4184 944 4237 vita:
984 4184 1146 4237 homo
1186 4182 1477 4250 stupissime
1528 4184 1841 4251 testabatur,

245 4278 351 4333 sed
380 4286 442 4331 ut
465 4286 697 4332 aeternus
725 4277 881 4342 Deus,
910 4275 1097 4345 refugo
1120 4276 1170 4329 in
1194 4290 1421 4344 corpora
1448 4275 1595 4329 vitali
1627 4277 1840 4346 spiritu,

246 4367 322 4422 ad
353 4367 527 4422 lucem
569 4375 812 4421 mortuos
848 4365 1026 4421 redire
1053 4365 1327 4435 prazcepit.
1372 4362 1442 4418 Ut
1472 4364 1581 4420 ﬁlio
1611 4367 1843 4422 hominis

245 4458 639 4525 ingerebantur
656 4457 896 4512 convicia
929 4456 1438 4525 blasphemantium,
1462 4457 1555 4512 sed
1582 4466 1640 4512 ut
1659 4458 1841 4527 ignara

244 4548 558 4602 mortalitas
600 4548 926 4603 inostensam
970 4547 1223 4602 credendi
1265 4547 1495 4602 disceret
1538 4550 1840 4619 veritatem,

244 4638 407 4707 quasi
430 4639 643 4692 unicum
666 4626 865 4693 Filium.
878 4653 1031 4692 suum
1055 4636 1216 4691 Pater
1236 4639 1611 4707 alloquebatur
1630 4655 1661 4694 e
1681 4641 1838 4696 omlo.

244 4726 308 4780 Si
341 4742 469 4795 ergo
497 4727 690 4790 credis,
721 4744 753 4781 ο
783 4730 967 4796 homo,
999 4727 1232 4797 indigna,
1265 4744 1384 4797 qum
1428 4729 1651 4798 pertulit
1680 4728 1839 4783 Chri-

243 4826 396 4881 stus,
429 4833 524 4872 cur
552 4833 660 4872 non
709 4819 878 4888 magis
907 4817 1083 4873 credis
1130 4819 1370 4873 miranda
1412 4834 1531 4887 qum
1560 4821 1842 4888 przestitit?

243 4907 329 4961 lta
359 4923 488 4963 sane
517 4908 1125 4978 incompreliensibiliter
1145 4924 1270 4963 caro
1293 4910 1345 4962 in
1369 4909 1500 4975 Deo,
1525 4911 1654 4965 etin
1675 4925 1839 4964 carne

1950 3726 2069 3780 viro
2114 3734 2170 3779 et
2197 3725 2393 3779 femina
2424 3726 2701 3795 utriusque
2730 3741 2894 3781 sexus
2932 3725 3180 3780 homines
3210 3726 3393 3781 nasci?
3422 3726 3543 3797 lege

1947 3819 2239 3874 voluntatis
2266 3818 2384 3887 ejus
2410 3818 2638 3889 replevit
2662 3819 2850 3874 orbem
2871 3817 3023 3887 jussa
3070 3818 3389 3873 fecunditas.
3423 3818 3536 3875 Vo-

1949 3911 2067 3977 luit,
2114 3920 2176 3964 ut
2224 3909 2429 3964 dictum
2475 3916 2577 3975 est,
2618 3910 2878 3977 virginem
2906 3910 3134 3980 parere?
3163 3917 3221 3965 et
3247 3910 3539 3966 obumbra-

1949 4002 2094 4055 tione
2122 3998 2424 4070 majestatis
2464 4000 2603 4068 ejus,
2634 4001 2780 4055 nullo
2809 4000 3033 4069 virginei
3064 3999 3286 4070 pudoris
3315 4001 3538 4068 damno,

1946 4078 2193 4147 Christus
2221 4093 2485 4161 processit
2512 4107 2579 4147 ex
2610 4091 2797 4146 Maria.
2825 4090 2888 4143 Et
2916 4092 3042 4146 inde
3071 4099 3155 4146 est
3181 4093 3328 4162 quod
3356 4093 3540 4162 philo-

1945 4183 2101 4253 sophi
2148 4184 2406 4253 gentium,
2438 4182 2837 4252 prudentesque
2876 4183 3082 4246 mundi,
3106 4185 3198 4250 qui
3228 4185 3408 4238 omnia
3437 4185 3538 4239 sibi

1944 4273 2162 4344 prapria
2200 4274 2390 4328 volunt
2416 4273 2806 4342 disceptatione
2853 4279 3125 4334 constare,
3158 4272 3286 4326 dum
3320 4282 3537 4329 terreno

1944 4379 2105 4419 sensu
2136 4364 2317 4418 divina
2344 4363 2659 4430 discutiunt,
2682 4361 2944 4431 sapientia
2991 4377 3085 4415 sua
3116 4361 3441 4431 desipientes
3466 4365 3535 4418 ad

1942 4456 2331 4527 plenitudinem
2362 4471 2468 4509 non
2498 4456 2818 4525 perveniunt
2846 4454 3110 4510 veritatis.
3141 4453 3242 4520 Qui
3272 4455 3409 4509 hanc
3431 4456 3534 4522 igi-

1943 4557 2033 4603 tur
2052 4548 2317 4604 desudant
2344 4548 2545 4602 habere
2572 4547 2894 4611 doctrinam,
2925 4554 2985 4601 ut
3012 4548 3159 4615 quod
3205 4547 3305 4616 ipsi
3335 4547 3531 4601 adver-

1940 4648 2058 4695 tere
2096 4648 2386 4708 nequeunt,
2442 4640 2675 4709 superbo
2700 4647 2968 4694 tumentes
2996 4640 3204 4710 spiritu,
3229 4638 3398 4693 Deum
3439 4645 3533 4691 aut

1941 4744 2050 4783 non
2104 4738 2251 4784 recte
2296 4730 2455 4793 velle,
2497 4737 2590 4782 aut
2617 4745 2725 4783 non
2753 4745 2913 4800 posse
2938 4729 3288 4785 contendunt.
3320 4727 3443 4794 Qui,
3470 4735 3533 4781 ut

1940 4821 2017 4873 ait
2064 4818 2374 4888 Apostolus,
2422 4818 2649 4873 dicentes
2704 4835 2760 4872 se
2805 4836 2915 4873 esse
2949 4820 3205 4888 sapientes
3234 4817 3378 4871 stulti
3402 4820 3529 4888 facti

1940 4921 2088 4975 sunt;
2143 4918 2199 4966 et
2247 4911 2463 4975 iterum,
2520 4920 2833 4964 evanuerunt
2886 4913 2940 4965 in
2988 4909 3384 4981 cogitationibus
3422 4912 3528 4964 suis

241 4998 425 5063 Deus,
458 5006 518 5051 ut
555 5013 729 5067 neque
770 4998 936 5053 Deum
980 5000 1047 5053 ab
1078 4999 1292 5053 homine
1318 5000 1499 5069 passio
1540 5008 1831 5069 separaret,
1866 5014 1915 5075 D
1942 5003 2118 5074 (Rom.
2143 5003 2203 5073 1).
2234 5000 2366 5068 Quis
2395 5001 2536 5056 enim
2562 5002 2635 5055 ita
2655 5001 2876 5056 demens
2906 5001 2959 5055 in
2986 5001 3079 5055 illo
3107 5011 3374 5070 conceptu
3420 5002 3529 5055 vir-

240 5102 429 5156 neque
463 5104 559 5159 per
586 5089 857 5143 hominem
883 5089 1024 5145 Deus
1052 5091 1298 5145 humanis
1337 5092 1678 5162 passionibus
1706 5094 1833 5148 sub-

321 5275 347 5304 ⁸
369 5266 505 5322 Cod.
525 5267 810 5339 Vallicell.,
839 5266 1101 5339 Benedicit
1122 5268 1299 5332 victus,
1322 5270 1409 5339 qui
1427 5268 1609 5324 liberat
1630 5286 1830 5339 passos,

238 5340 520 5394 intervenit
544 5355 679 5400 reos,
705 5336 1019 5410 absolvitque
1046 5336 1353 5403 damnatos;
1374 5341 1494 5410 quia
1518 5350 1567 5393 et
1591 5336 1836 5394 adversa-

238 5410 366 5474 riis,
398 5410 443 5460 si
479 5410 812 5533 residiisoant,
844 5409 1247 5477 redemptionem
1275 5409 1450 5462 tribuit
1477 5412 1828 5480 interemptus.

323 5477 349 5515 δ
378 5476 511 5532 Cod.
594 5480 796 5533 rbevet.
829 5477 1120 5534 conformis
1147 5488 1228 5533 est
1251 5482 1439 5534 textui.
1471 5488 1829 5534 praeterquam

324 5495 349 5515 ιι
378 5495 511 5532 ιιοα.
548 5495 796 5533 urnevet.
829 5495 1120 5534 conlormis
1147 5495 1228 5533 eSt
1251 5495 1439 5543 texwi,
1471 5495 1754 5548 praeterqu:

241 5550 305 5605 in
336 5548 419 5619 his
443 5550 648 5619 verbis,
672 5550 791 5619 quia
811 5560 860 5602 et
884 5550 1195 5619 adversariis
1223 5550 1268 5602 si
1295 5550 1615 5619 resipiscant.
1646 5561 1754 5604 etc.

327 5630 347 5656 ε
380 5617 513 5672 Cod.
549 5619 671 5673 Vat.
718 5618 853 5672 £270
892 5620 1019 5686 legit
1063 5637 1078 5671 :
1124 5617 1260 5688 Quid
1296 5628 1373 5671 est
1397 5617 1505 5671 'Itoc
1541 5619 1677 5688 quod
1704 5619 1834 5688 pede

243 5689 549 5742 claudicat?
569 5692 663 5741 hoc
684 5698 758 5742 est
781 5689 917 5759 quod
941 5691 1005 5742 de
1031 5687 1241 5755 Jacob.,
1267 5687 1322 5741 id
1343 5700 1418 5742 est
1446 5689 1507 5741 de
1529 5687 1833 5743 Judworum

246 5776 454 5829 genere,
481 5760 686 5813 Christo
711 5770 1004 5826 resin-gente
1030 5776 1165 5825 pars
1198 5759 1431 5821 credidit,
1461 5776 1587 5821 pars
1616 5760 1666 5811 in
1710 5760 1831 5817 inli-

1938 5094 2095 5163 gineo
2135 5107 2319 5149 semen
2358 5100 2564 5161 quaerat
2609 5092 2921 5157 humanum,
2969 5090 3059 5145 ubi
3108 5091 3282 5159 agitur
3306 5093 3527 5147 cmleste

1939 5269 2149 5324 delitate
2168 5271 2444 5334 remansit,
2467 5277 2517 5322 et
2536 5286 2568 5322 a
2583 5268 2803 5334 justitiaa
2822 5268 3021 5322 semitis
3039 5270 3376 5334 claudicavit;
3403 5287 3523 5325 cum

1936 5355 2044 5410 quo
2072 5339 2260 5394 codice
2288 5340 2550 5411 convenit
2578 5338 2855 5404 Urbevet.,
2906 5339 2999 5393 sed
3041 5341 3208 5405 addit,
3242 5357 3276 5393 a
3306 5342 3526 5411 justitite

1937 5409 2000 5462 ac
2030 5411 2147 5464 vita:
2171 5409 2385 5463 semitis.

2007 5478 2032 5517 ά
2062 5480 2195 5535 Cod.
2233 5478 2332 5532 174
2353 5487 2583 5548 metrop.
2612 5478 2748 5533 eccl.
2786 5479 2959 5548 Flor.,
2985 5495 3161 5535 amore
3189 5478 3341 5531 vinci.

2007 5560 2031 5587 ε
2062 5549 2231 5604 Codd.
2261 5549 2384 5603 Vat.
2411 5547 2546 5601 19.70
2570 5556 2623 5602 et
2670 5547 2945 5615 Urbcvet.,
2992 5549 3121 5604 Post
3158 5549 3304 5603 illam
3340 5549 3521 5618 fugam

1937 5619 2098 5690 lucem
2127 5620 2383 5690 passionis
2406 5628 2554 5690 nocte
2577 5621 2851 5690 promittit,
2889 5630 2994 5674 etc.

2008 5688 2030 5728 ἲ
2065 5687 2199 5744 Ced.
2236 5687 2418 5743 Casin.
2451 5687 2572 5755 505,
2602 5688 2748 5744 nobis
2777 5690 3030 5745 omnibus.

3500 5760 3549 5785 ἰι
