4054 6194
460 301 559 371 till
1134 320 1141 331 -
1679 295 1738 351 s.
1780 292 2026 355 MAXIMI
2064 291 2521 351 raunrncnsrs
3639 286 3757 342 sia

455 417 801 491 mysterium?
821 414 1030 483 Quanta
1061 414 1311 471 vecordia
1356 414 1410 468 in
1437 413 1530 469 illo
1560 411 1820 469 nascendi
1846 425 2047 481 genere
2080 421 2123 475 Α
2151 429 2211 470 se
2230 413 2458 475 invicem
2483 412 2674 484 impari
2695 415 2964 483 potestate
2992 409 3215 467 distare.
3241 406 3388 463 Misit
3414 404 3577 463 Pater
3618 420 3758 479 pro—

455 507 780 577 generalitas
795 506 1047 561 mortalis
1075 504 1410 570 obtenditur,
1465 512 1527 557 ut
1581 518 1747 573 opere
1788 501 2052 571 Omnipo-
2158 503 2336 574 prium
2363 502 2581 567 Filium,
2601 516 2712 557 non
2731 516 2763 556 a
2789 515 2850 556 se
2870 498 3259 565 discedentem,
3288 496 3385 553 sed
3404 495 3473 549 ad
3497 510 3600 550 nos
3645 510 3763 550 no-

459 600 619 655 tentis
640 614 739 669 pro
777 597 889 651 vita
917 595 1257 665 pereuntium
1301 602 1491 664 partus
1517 592 1772 649 salutaris
1800 591 2054 647 efﬂoruit.
2081 632 2085 637 .
2159 602 2272 651 stra
2326 609 2426 665 pro
2480 593 2655 648 salute
2683 592 3010 649 venientem.
3041 589 3203 646 Venit
3230 598 3413 645 autem
3442 587 3540 643 Dei
3566 587 3763 653 Filius,

458 689 566 749 Sed
589 689 814 744 fortasse
831 684 1064 756 perﬁdus
1080 686 1339 752 occurrit,
1369 694 1423 741 et
1442 684 1573 739 dicit
1596 701 1608 739 :
1636 696 1799 739 nemo
1822 695 2059 749 unquam
2162 699 2271 739 non
2294 692 2354 737 nt
2367 682 2630 739 mittentis
2642 689 2846 738 tantum
2864 679 3441 752 Patrisexsequeretur
3450 677 3764 748 imperium.

464 781 536 834 ita
560 788 643 835 est
661 787 840 834 natus.
864 776 1034 832 Nemo
1053 792 1266 843 revera,
1288 776 1415 848 quia
1438 775 1634 830 nullius
1654 781 1851 844 praeter
1872 782 1898 810 ³
1920 770 2062 827 hanc

464 888 591 928 caro
613 872 760 927 unita
787 885 907 926 cum
926 868 1040 924 Deo
1070 877 1173 924 est.
1204 866 1347 935 Quid
1374 868 1646 923 incassum
1692 863 1943 921 dubitas?
1968 859 2061 930 qui

466 964 614 1019 solus
635 960 786 1019 dedit
810 960 1118 1015 hominibus
1145 958 1291 1014 nasci
1313 972 1412 1028 per
1430 957 1709 1027 conjuges,
1729 954 1876 1009 solus
1894 951 2066 1013 voluit

469 1053 687 1125 prodire
714 1051 782 1107 de
808 1052 1036 1121 virgine.
1068 1049 1383 1127 mirabiliter
1410 1055 1570 1105 natus
1590 1055 1674 1103 est
1694 1045 1960 1111 Christus,
2008 1049 2065 1101 et

472 1142 836 1199 obstinatione
864 1140 1066 1211 perfida
1093 1155 1201 1195 non
1222 1138 1401 1195 credis
1426 1138 1629 1192 Deum?
1653 1133 1793 1202 Quid
1832 1135 2063 1198 laceres,

471 1234 519 1287 si
573 1232 843 1287 communi
875 1237 1017 1284 esset
1062 1230 1180 1298 lege
1225 1227 1554 1297 conceptus?
1597 1223 1779 1281 Inanis
1827 1237 1956 1292 ergo
2013 1228 2070 1285 et

475 1322 638 1376 stulta
667 1320 911 1374 causatio
940 1328 1042 1381 est,
1075 1319 1279 1372 nullum
1308 1318 1385 1371 ita
1416 1314 1578 1369 fuisse
1626 1323 1832 1378 natum,
1862 1310 1955 1381 qui
1981 1326 2071 1365 sa-

476 1416 811 1465 cramentum
839 1406 1084 1462 fecundae
1128 1406 1371 1475 virginis,
1410 1403 1557 1475 quod
1603 1403 1819 1459 unicum
1864 1400 1963 1455 Dei
1990 1407 2074 1456 est

481 1515 647 1569 opus;
680 1514 855 1568 neque
883 1498 1083 1553 habere
1111 1506 1237 1552 ante
1272 1512 1330 1552 se
1360 1497 1555 1567 potuit,
1587 1511 1687 1551 nec
1707 1502 1832 1565 post
1858 1507 1919 1548 se
1941 1491 2072 1547 reli-

479 1590 594 1659 quit
638 1588 968 1658 exemplum.
1020 1586 1174 1642 Unde
1202 1596 1259 1642 et
1287 1596 1363 1652 tu,
1396 1586 1587 1655 frater,
1616 1587 1663 1641 si
1688 1584 1961 1655 sapienter
1988 1582 2074 1637 in-

480 1678 867 1747 compreltensa
896 1679 1127 1746 rimaris,
1149 1678 1293 1747 quod
1312 1678 1586 1747 singulare
1614 1677 1882 1747 pervides,
1912 1673 2078 1731 crede

2161 778 2259 834 sed
2297 786 2357 833 ut
2399 792 2741 839 communem
2766 784 3056 847 perageret
3089 775 3445 836 voluntatem.
3470 771 3638 826 Venit
3663 769 3768 825 Dei

2168 870 2350 935 Filius,
2383 884 2492 924 non
2507 869 2600 940 qui
2621 868 2689 925 de
2707 868 2827 925 loco
2850 869 3106 927 transiret
3124 867 3193 923 ad
3210 866 3410 931 locum,
3432 863 3528 922 sed
3548 863 3605 919 in
3632 863 3761 919 loco

2170 975 2279 1029 quo
2303 960 2466 1015 vellet
2489 959 2755 1029 propositi
2799 959 2880 1014 sui
2910 972 3104 1015 munus
3131 956 3399 1034 impleret.
3444 952 3517 1007 Et
3566 966 3767 1009 revera

2169 1052 2359 1117 Deum,
2389 1067 2512 1111 cum
2534 1051 2734 1120 ubique
2762 1065 2977 1121 semper
2992 1049 3085 1114 sit,
3118 1057 3281 1118 atque
3324 1046 3510 1102 omnia
3550 1042 3765 1113 gremio

2169 1142 2470 1211 maiestatis
2497 1156 2607 1196 sua:
2634 1139 2895 1207 includat,
2926 1140 3055 1195 illuc
3094 1147 3278 1193 tamen
3325 1137 3427 1203 ire,
3456 1143 3549 1193 aut
3577 1133 3770 1198 venire

2168 1232 2426 1299 creditur,
2451 1234 2541 1287 ubi
2566 1248 2626 1288 se
2650 1233 2896 1287 revelare
2923 1230 3194 1301 dignatur.
3227 1229 3371 1294 Haec,
3418 1227 3606 1292 frater,
3660 1223 3770 1283 nisi

2170 1324 2275 1381 fide
2320 1324 2583 1394 sequaris,
2641 1323 2789 1379 nulla
2830 1322 3088 1377 mundani
3133 1335 3326 1376 sensus
3348 1319 3561 1375 ratione
3585 1316 3775 1373 conci.

2170 1415 2310 1488 pies.
2335 1414 2565 1469 Tantum
2589 1414 2733 1469 enim
2764 1414 2915 1468 abest
2934 1413 3001 1467 ab
3021 1412 3275 1482 Operibus
3295 1411 3393 1465 Dei
3417 1409 3774 1485 intelligentia

2173 1503 2419 1558 mortalis
2471 1501 2692 1569 ingenii,
2734 1508 2995 1571 quantum
3023 1500 3225 1555 distare
3251 1506 3434 1569 potest
3459 1498 3530 1553 ab
3550 1499 3774 1553 attenti-

2174 1600 2288 1647 tate
2333 1591 2650 1646 mortalitas.
2692 1589 2801 1645 Sed
2843 1589 3046 1659 optima
3096 1588 3303 1644 homini
3327 1587 3469 1641 ratio
3495 1594 3596 1651 est,
3628 1589 3776 1641 utin

2178 1683 2264 1737 his
2290 1697 2411 1751 qua:
2436 1696 2545 1735 non
2591 1687 2770 1750 potest
2806 1688 2989 1734 mente
3016 1678 3322 1748 complecti,
3372 1676 3530 1732 cedat
3574 1677 3780 1731 mentis

482 1773 739 1827 divinum-
773 1772 1016 1841 Denique
1050 1786 1172 1825 cum
1220 1786 1255 1824 a
1299 1770 1575 1840 discipulis
1602 1770 1735 1834 suis,
1764 1770 1884 1839 quis
1909 1773 2071 1829 esset.
2109 1783 2153 1842 Β
2180 1772 2406 1828 auctori.
2431 1769 2583 1827 Scire
2612 1783 2742 1838 ergo
2770 1768 3050 1834 debemus,
3073 1766 3354 1832 carissimi,
3394 1765 3522 1834 quia
3577 1763 3781 1819 nativi-

484 1872 541 1918 ct
567 1864 633 1917 ab
654 1863 960 1918 hominibus
982 1862 1313 1928 crederetur,
1345 1860 1595 1918 Salvator
1615 1860 1932 1930 inquireret,
1958 1859 2079 1913 bea-

488 1954 726 2010 tissimus
753 1962 882 2009 tunc
921 1950 1114 2009 Petrus
1139 1961 1350 2009 sacrata
1372 1968 1512 2008 voce
1535 1950 1815 2022 respondit
1841 1949 2028 2005 dicens
2061 1965 2075 2003 :

491 2045 568 2099 Tu
593 2063 649 2099 es
677 2043 913 2100 Christus
941 2044 1113 2100 Filius
1134 2045 1233 2100 Dei
1253 2047 1349 2100 vivi
1381 2045 1597 2117 (Matth.
1626 2046 1759 2113 xvi).
1788 2042 1947 2110 Ecce,
1972 2040 2081 2096 fra-

492 2144 622 2201 trcs,
653 2135 891 2204 loquitur
920 2135 1098 2203 lingua
1126 2136 1361 2191 hominis
1382 2135 1526 2206 quod
1563 2150 1659 2191 cor
1684 2134 1922 2189 hominis
1940 2133 2088 2202 igno-

491 2226 666 2283 rabat.
694 2225 957 2301 Loquitur
983 2228 1286 2297 apostolus,
1315 2226 1461 2298 quod
1490 2241 1598 2283 non
1626 2224 1983 2281 meditatione
1998 2223 2083 2279 di-

493 2318 644 2383 dicit,
673 2317 773 2374 sed
799 2320 1132 2376 revelatione
1149 2320 1420 2389 cognovit.
1447 2318 1601 2377 Unde
1624 2319 1771 2377 enim
1800 2319 1965 2375 sciret
1986 2325 2092 2374 tera

495 2422 662 2461 renus
688 2409 1038 2482 mortalisque
1059 2409 1222 2465 homo
1244 2411 1702 2480 ineomprehensz
1721 2408 2089 2480 generationis

499 2512 775 2566 arcanum,
807 2499 909 2555 nisi
936 2506 992 2555 et
1020 2498 1182 2557 Pater
1209 2500 1342 2570 ipse,
1373 2500 1526 2569 cujus
1553 2516 1713 2557 verus
1738 2508 1859 2559 erat
1901 2498 2087 2563 Filius.

500 2605 611 2645 non
660 2588 952 2645 revelasset
997 2604 1031 2645 e
1076 2590 1256 2645 εαξιοῖ
1310 2599 1373 2647 ut
1397 2590 1474 2647 ait
1517 2590 1585 2645 ad
1610 2591 1757 2644 illum
1784 2589 2088 2649 Dominus:

500 2677 695 2733 Beatus
723 2695 796 2744 es,
827 2678 1013 2735 Simon
1051 2679 1159 2734 Bar
1177 2679 1339 2749 Iona,
1370 2680 1499 2752 quia
1526 2698 1630 2737 non
1660 2697 1781 2737 caro
1803 2689 1857 2735 et
1880 2679 2094 2750 sanguis

503 2770 746 2845 rerelavit
785 2770 950 2843 £98
997 2770 1107 2841 tibi,
1147 2772 1243 2828 sed
1272 2774 1433 2829 Pater
1454 2790 1596 2829 meus
1632 2775 1721 2846 qui
1749 2775 1803 2828 in
1841 2773 1981 2831 uelis
2016 2779 2096 2829 est

507 2858 718 2930 (Ibid-)0
752 2859 906 2927 Ωιιοά
933 2862 1078 2918 enim
1106 2864 1406 2935 prmcipuus
1442 2866 1813 2935 apostolorum
1861 2863 2096 2920 Redem-

508 2960 719 3022 ptorem
768 2953 1007 3017 omnium
1041 2954 1149 3009 vivi
1171 2955 1268 3010 Dei
1296 2955 1488 3012 Filium
1509 2956 1659 3022 dicit,
1685 2949 1920 3026 paternae
1948 2954 2002 3008 in
2030 2969 2098 3010 eo

509 3042 725 3099 deitatis
751 3043 1104 3099 substantiam
1124 3043 1441 3110 confitetur;
1471 3044 1617 3116 qtlod
1660 3045 1908 3101 eumdem
1936 3042 2098 3099 Chri-

2180 1872 2348 1921 tatcm
2398 1860 2815 1933 passionemque
2854 1857 3182 1917 dominicam
3209 1870 3317 1915 non
3345 1856 3504 1912 nobis
3531 1854 3652 1925 ejus
3676 1853 3781 1908 de-

2181 1956 2260 2011 dit
2307 1952 2567 2018 conditio,
2607 1950 2704 2009 sed
2741 1950 3015 2009 voluntas.
3077 1948 3250 2007 Nostri
3290 1948 3545 2005 nimirum
3593 1945 3785 2013 exegit

2181 2062 2346 2103 causa
2399 2044 2621 2115 negotii,
2669 2043 2942 2099 Christum
2963 2041 3248 2098 Dominum
3279 2039 3541 2111 pudorem
3569 2036 3785 2092 ventris

2184 2154 2294 2193 non
2340 2137 2612 2192 declinare
2667 2134 2906 2198 feminei,
2938 2133 3247 2189 sordentem
3273 2131 3467 2202 pannis
3494 2128 3787 2184 infantiam

2184 2231 2417 2303 perpeti,
2438 2236 2773 2287 crescentem
2793 2242 2891 2299 per
2916 2241 3100 2285 moras
3118 2233 3437 2296 exspectare
3471 2222 3787 2295 pueritiam,

2175 2321 2654 2401 convalescentem
2674 2319 3010 2387 temporibus
3029 2316 3560 2386 agerejuventutem,
3582 2321 3643 2369 et
3658 2328 3788 2368 ωιιι

2189 2411 2338 2469 omni
2365 2410 2625 2482 patientia
2653 2407 2860 2464 Judaiei
2887 2407 3083 2465 furoris
3111 2406 3335 2478 injurias
3354 2404 3637 2474 aedesque
3663 2418 3793 2475 per-

2189 2502 2354 2560 ferre.
2402 2500 2588 2571 Neque
2616 2514 2750 2556 vero
2777 2496 3062 2569 superﬂua:
3090 2497 3380 2555 voluntatis
3399 2503 3538 2563 erat,
3562 2503 3658 2549 aut
3684 2508 3789 2548 va-

2193 2609 2327 2657 cuae,
2353 2600 2411 2647 ut
2438 2591 2534 2646 Dei
2563 2590 2729 2645 Filius
2758 2598 2856 2659 per
2885 2597 3155 2643 tantarum
3179 2587 3446 2642 dedecora
3473 2585 3792 2656 passionum

2193 2682 2424 2743 materia
2474 2678 2829 2739 humanitatis
2874 2686 3180 2734 moreretur
3227 2678 3281 2733 in
3304 2676 3432 2732 terri
3453 2698 3482 2744 ',
3507 2676 3601 2745 qui
3625 2675 3794 2747 599

2194 2774 2405 2832 cmicsti
2433 2774 2488 2829 in
2516 2786 2684 2840 regno
2712 2779 2939 2842 paterna
2959 2770 3159 2829 deitate
3200 2769 3438 2837 vivebat,
3482 2769 3587 2824 nisi
3638 2766 3792 2825 nasci

2197 2867 2352 2923 illum
2381 2864 2605 2922 remedii
2629 2864 2803 2919 nostri
2824 2864 3120 2921 necessitas
3139 2861 3454 2933 flagitasset.
3484 2861 3625 2931 Quid
3648 2861 3793 2916 Dens

2199 2957 2269 3015 ad
2287 2957 2546 3015 carnem?
2571 2957 2702 3027 quid
2730 2957 3103 3014 immaculatus
3122 2955 3192 3015 ad
3218 2956 3472 3012 crucem?
3490 2954 3620 3026 quid
3634 2963 3799 3011 teter-

2202 3065 2303 3105 nus
2354 3048 2426 3104 ad
2476 3049 2746 3104 mortem?
2785 3047 2981 3111 Essent
3007 3046 3223 3117 quidem
3251 3046 3348 3102 Dei
3374 3046 3510 3103 Filio
3537 3045 3704 3103 verba
3731 3060 3800 3101 ac

510 3144 653 3188 stum
685 3134 1017 3204 pronuntiat,
1043 3134 1273 3188 materni
1303 3134 1480 3190 inesse
1506 3134 1749 3204 corporis
1779 3132 1971 3189 asserit
2007 3146 2101 3188 ve-
2126 3162 2173 3223 ρ
2202 3141 2445 3206 vulnera,
2494 3139 2784 3209 omniaque
2832 3138 2980 3195 illata
3019 3137 3282 3209 passionis
3310 3136 3600 3208 opprobria
3629 3152 3798 3206 repu-

513 3224 747 3279 ritatem.
775 3224 868 3280 Sic
892 3239 1081 3280 revera
1110 3224 1454 3283 beatissimus
1481 3221 1674 3279 Petrus
1722 3230 2006 3292 utramque
2044 3221 2099 3279 in

516 3317 729 3373 Christo
759 3326 1003 3373 naturain
1029 3319 1130 3373 sub
1153 3332 1257 3373 una
1278 3324 1362 3372 est
1381 3316 1742 3387 appellatione
1767 3314 2100 3384 complexus,

517 3418 576 3464 ut
628 3408 911 3465 iueffabilis
948 3410 1195 3482 mysterii
1222 3416 1618 3467 sacramentum
1645 3408 1963 3463 brevissimo
1990 3421 2105 3462 scr-

518 3516 680 3557 mone
731 3500 996 3567 delibans,
1049 3515 1225 3570 neque
1276 3499 1551 3570 geminata
1594 3498 1878 3564 divideret,
1930 3509 2106 3566 neque

521 3594 669 3648 unita
688 3591 1061 3648 confunderet.
1090 3591 1161 3647 Ut
1185 3599 1368 3647 autem
1395 3592 1605 3663 plenius
1627 3581 2031 3645 adVertereinus
2053 3587 2106 3642 in

522 3685 803 3744 Salvatore
822 3698 998 3752 neque
1016 3698 1055 3737 a
1079 3682 1192 3738 Deo
1217 3682 1509 3749 hominem,
1536 3695 1711 3751 neque
1736 3679 1905 3735 Deum
1925 3678 1992 3735 ab
2011 3677 2111 3731 ho-

524 3776 668 3829 mine
720 3775 1099 3843 separandmn,
1145 3774 1223 3829 ait
1258 3773 1677 3842 gloriosissimus
1704 3772 1961 3839 magister
1988 3768 2110 3824 lidei

529 3864 725 3918 Paulus
756 3864 1054 3932 apostolus,
1083 3861 1304 3918 dicens:
1353 3862 1499 3916 Misit
1545 3861 1682 3917 Deus
1721 3860 1918 3915 Filium
1962 3875 2111 3917 suum

530 3957 726 4026 factum
771 3970 836 4006 ex
890 3953 1122 4027 muliere,
1173 3954 1367 4023 factum
1412 3950 1503 4005 sub
1546 3951 1657 4022 lege
1688 3949 1829 4022 (Gal.
1862 3949 1965 4021 ut).
1993 3949 2113 4005 Non

531 4048 716 4114 utique
742 4045 916 4099 factus
945 4052 1027 4098 est
1051 4042 1217 4099 Filius
1246 4042 1342 4098 Dei
1369 4050 1430 4098 ut
1455 4042 1782 4108 mitteretur,
1809 4038 1908 4095 sed
1954 4039 2021 4093 ad
2061 4036 2115 4092 id

533 4136 678 4209 quod
703 4137 898 4192 missus
925 4142 1027 4199 est,
1056 4132 1194 4190 ﬁlius
1220 4134 1391 4190 factus
1415 4141 1500 4190 est
1522 4131 1773 4188 hominis.
1794 4129 1954 4189 Salva
1972 4128 2115 4184 enim

535 4230 717 4285 divina
741 4229 1071 4300 proprietate
1094 4234 1317 4292 naturae,
1373 4237 1622 4282 naturam
1665 4226 1722 4280 in
1776 4240 1836 4281 se
1882 4222 2119 4291 suscepit

537 4322 844 4386 humanam,
896 4336 1004 4375 non
1034 4318 1175 4375 facta
1212 4318 1549 4384 confusione,
1580 4318 1677 4373 sed
1720 4318 1962 4372 unitionc
1990 4330 2118 4386 per-

538 4410 696 4466 fecta.
720 4410 885 4478 Misit,
906 4410 1098 4480 inquit,
1125 4409 1319 4464 Filium
1342 4421 1520 4477 suum,
1542 4408 1688 4464 misit
1708 4424 1815 4464 non
1836 4406 2123 4463 creaturali

2207 3231 2388 3298 tanda,
2434 3230 2539 3288 nisi
2567 3231 2817 3287 universa
2842 3246 2961 3301 quae
3003 3244 3194 3300 passus
3216 3237 3301 3287 est
3318 3230 3643 3287 resurrectio
3669 3244 3803 3285 mox

2205 3330 2392 3378 secuta
2418 3329 2678 3379 curasset.
2731 3320 2862 3389 Quis
2889 3337 3019 3391 ergo
3048 3322 3123 3377 ita
3147 3321 3418 3390 desipiens
3447 3318 3803 3389 retractando

2207 3413 2528 3472 decolorare
2556 3420 2862 3484 priesumat,
2908 3412 3054 3482 quod
3100 3412 3387 3469 crucifixus
3415 3422 3501 3466 est
3526 3410 3801 3479 Christus,

2205 3506 2299 3575 qui
2319 3514 2399 3560 tot
2417 3505 2702 3560 virtutibus
2726 3506 2993 3580 unisque
3013 3505 3285 3561 miraculis
3303 3504 3602 3560 mirabilior
3625 3502 3802 3559 factus

2207 3604 2292 3652 est
2311 3611 2411 3651 sua
2441 3596 2728 3665 passione?
2767 3594 2898 3663 Quis
2926 3595 3003 3653 illi
3032 3596 3333 3652 triduanum
3355 3594 3688 3664 exprobrare
3714 3610 3805 3653 au-

2208 3687 2335 3761 deat
2361 3687 2524 3758 500
2550 3686 2905 3754 sepulturam,
2938 3668 3091 3755 cujus
3127 3699 3251 3741 cum
3278 3685 3611 3755 sempiterno
3640 3683 3807 3743 Patre

2211 3791 2537 3850 permanens
2559 3776 2837 3834 mternitas
2858 3775 3215 3846 prmdicatur?
3243 3774 3356 3833 Imo
3381 3776 3502 3845 quis
3545 3791 3650 3832 non
3682 3784 3809 3831 toto

2211 3875 2435 3936 stupore
2486 3866 2714 3921 miretur
2754 3865 2962 3921 inferna
2988 3865 3138 3920 illum
3169 3863 3336 3927 fuisse
3361 3865 3663 3934 dignatum,
3712 3866 3811 3934 qui

2213 3950 2412 4017 virtute
2437 3960 2657 4030 propria
2683 3969 2740 4017 et
2758 3959 2830 4015 ad
2860 3961 3023 4017 vitam
3070 3961 3247 4030 potuit
3273 3959 3453 4017 redire
3495 3966 3624 4030 post
3660 3973 3811 4014 mor—

2216 4058 2346 4119 tem,
2375 4058 2431 4106 ei
2455 4050 2650 4115 coelum
2673 4052 2697 4088 δ
2715 4066 2836 4111 non
2877 4051 3141 4107 dubitavit
3184 4049 3481 4109 ascendere
3504 4058 3633 4119 post
3670 4048 3812 4106 infe-

2216 4142 2348 4198 ros?
2391 4140 2456 4195 Et
2483 4141 2627 4207 ideo,
2677 4140 2889 4208 fratres,
2923 4142 3051 4198 illud
3074 4158 3236 4199 unum
3257 4143 3413 4199 nobis
3440 4150 3527 4201 est
3552 4142 3812 4208 salutare,

2219 4241 2280 4291 ut
2331 4233 2618 4290 metientes
2670 4233 3052 4302 nosmetipsos,
3094 4241 3151 4286 et
3179 4233 3413 4302 pectoris
3441 4233 3614 4287 nostri
3642 4247 3816 4301 angu-

2218 4332 2324 4387 sta,
2372 4338 2494 4392 qua:
2540 4323 2679 4378 ultra
2706 4321 2924 4377 modum
2953 4337 3014 4376 se
3034 4322 3290 4387 olferunt,
3317 4322 3670 4392 castigantes,
3700 4322 3819 4377 veri

2223 4412 2339 4478 Dei,
2370 4414 2568 4482 quibus
2595 4412 2890 4483 potentiam
2915 4412 3229 4481 probamus,
3272 4428 3566 4482 sequantur
3592 4412 3651 4467 in
3695 4427 3821 4467 oin-

540 4503 834 4561 conditioni
879 4502 1199 4568 subjectum,
1230 4499 1329 4554 scd
1356 4500 1588 4554 naturali
1614 4500 1841 4554 caritate
1889 4511 2092 4555 concor

2200 4505 2384 4567 ,nibus
2411 4505 2764 4573 voluntatem,
2792 4504 2885 4573 qui
2910 4503 3047 4559 vivit
3074 4511 3130 4565 et
3174 4513 3367 4573 regnat
3415 4502 3468 4565 in
3496 4505 3694 4561 saecula
3720 4520 3826 4563 sa:-

540 4598 686 4651 dem.
716 4595 834 4666 Ipse
858 4592 1003 4657 enim
1033 4591 1287 4647 Dominus
1315 4591 1392 4644 ait
1419 4609 1432 4645 :
1456 4588 1571 4664 Ego
1601 4599 1647 4644 et
1675 4591 1833 4644 Pater
1852 4606 2012 4645 unum
2032 4605 2123 4645 su-
2228 4594 2494 4651 culorum.
2517 4595 2710 4650 Amen.
3173 4600 3179 4606 ‘

543 4707 655 4745 inus
695 4688 877 4761 (Joan.
907 4685 989 4758 Σ).
1022 4684 1124 4753 Qui
1152 4699 1282 4754 ergo
1313 4700 1479 4745 unum
1530 4691 1676 4753 sunt,
1706 4700 1814 4743 non
1842 4691 2070 4755 possunt
2094 4698 2127 4737 a

1845 4782 2114 4845 SERMO
2157 4783 2530 4845 XXXVIII.

1675 4881 1759 4939 De
1778 4883 1959 4938 eadem
1985 4882 2265 4938 Paschalis
2291 4884 2619 4939 solemnitate
2644 4883 2717 4938 X.

621 5040 1013 5117 [iniic‘quoque
1035 5043 1243 5117 ed_itu_m
1263 5058 1295 5117 a
1317 5020 1611 5117 Muratgrio
1639 5056 1946 5117 sermonem
1973 4970 2475 5117 ἒέᾖίέἕὲἷιεὲὲι-ρε
2515 5043 2729 5117 co_di_ces
2758 5053 2869 5101 tres
2894 5047 3248 5117 Taurinensis
3286 5062 3411 5103 cum
3437 5046 3599 5103 titulo
3632 5064 3647 5100 :
3696 5043 3831 5100 ιιειπ

551 5108 613 5163 de
637 5108 840 5194 Pascha
866 5108 1035 5194 ςεὶ-γηο
1062 5113 1134 5178 Χ,
1162 5112 1471 5194 Casinensis
1489 5109 1738 5194 505_pag.
1772 5111 1861 5194 εὖτ
1892 5120 1947 5166 et
1973 5109 2381 5194 Ratisponensis
2405 5112 2590 5194 S_ancti
2617 5113 2965 5194 Emmerami.
2996 5115 3056 5171 In
3077 5116 3420 5194 _his_d_uobus
3437 5117 3833 5194 posterioribus

550 5181 721 5233 sancti
747 5179 960 5255 Maximi
983 5199 1184 5255 nomen
1211 5182 1487 5252 conceptis
1509 5179 1684 5237 verbis
1698 5179 1953 5248 habetur,
1983 5180 2079 5235 sed
2121 5179 2178 5236 in
2203 5183 2394 5238 codice
2422 5183 2686 5242 Vaticano
2727 5182 2891 5254 645i,
2920 5199 3042 5255 pag.
3074 5185 3168 5255 21,
3197 5186 3336 5241 idem
3363 5179 3545 5246 sermo
3575 5184 3829 5241 describi‘

552 5259 661 5314 tur,
685 5251 887 5305 omisso
913 5254 1147 5307 auctoris
1174 5251 1409 5308 nomine.

552 5343 946 5399 Ancumsnrun.
974 5376 1046 5386 —-
1073 5344 1139 5398 In
1160 5347 1532 5401 resurrectione
1559 5342 1947 5414 Christianum,
1970 5343 2136 5414 inquit

624 5415 686 5487 δ.
713 5414 995 5487 Ifaximus,
1028 5422 1179 5485 atque
1204 5416 1427 5487 idipsum
1454 5418 1647 5487 fartim:
1667 5424 1744 5487 es_t
1772 5413 2014 5487 gaudium
2036 5413 2139 5487 re-

623 5482 833 5555 lestilius
861 5495 1010 5555 atque
1030 5482 1267 5555 terrenis.
1282 5482 1518 5540 'Omném
1534 5485 1669 5539 diem
1697 5482 1950 5540 Dominus
1972 5483 2136 5555 dedit,

623 5554 712 5609 sed
741 5553 874 5608 hunc
900 5553 1160 5622 pate/tatis
1191 5556 1489 5624 festivitatis
1526 5555 1818 5626 specialiter
1859 5555 2001 5625 fecit,
2047 5554 2134 5626 qui

628 5704 653 5732 ⁸
684 5692 815 5752 Cod.
836 5692 1013 5750 Casin.
1048 5689 1173 5755 305,
1197 5699 1383 5759 pra'ter
1411 5690 1563 5747 hunc.

2315 5352 2556 5420 perpetuo
2610 5347 2839 5420 fulgens,
2866 5364 3058 5420 iumme
3095 5350 3496 5404 vicissitudinem
3524 5365 3627 5405 non
3656 5346 3836 5415 recipit

2315 5415 2657 5471 tenebrarum.
2690 5415 3025 5474 'Credulitate
3078 5428 3232 5475 recte
3277 5419 3403 5491 ﬁdei
3450 5420 3699 5490 mysteria
3755 5426 3836 5469 te-

2315 5501 2547 5538 neamus.
2776 5496 2781 5501 ’

2309 5554 2366 5609 In
2394 5556 2631 5625 paschali
2659 5554 2967 5624 festivitate,
2992 5556 3185 5614 fratres
3207 5558 3493 5624 carissimi,
3524 5572 3631 5628 qua
3653 5553 3839 5614 Domi-

2321 5690 2350 5731 ι
2379 5690 2511 5747 Cod.
2538 5689 2743 5756 Casin.,
2776 5708 2880 5747 non
2907 5690 3169 5747 dubitatur
3195 5692 3512 5748 ascendisse.

2875 5775 2903 5799 δ
