4054 6194
278 361 391 417 613

1682 358 1919 416 SERMO
1958 358 2189 414 XXXIX.

3430 336 3549 420 “ou
3612 444 3619 450 θ

281 490 411 528 num
442 484 682 529 nostrum
711 473 931 530 rediisse
951 475 1018 529 ab
1039 472 1220 528 inferis
1241 473 1586 535 exsoluamus,
1609 480 1693 525 est
1715 472 1867 526 nobis
1895 480 1940 536 Α
1972 481 2029 524 ιιι
2056 470 2203 525 οιηηὶ
2225 470 2414 524 mortis
2442 470 2467 507 ά
2500 472 2814 526 tristissima:
2834 487 3066 528 tua-rore
3090 474 3323 539 deterso,
3345 485 3401 531 et
3421 492 3552 544 prte-

280 564 535 631 gaudium
565 579 849 619 commune
877 579 996 618 cum
1021 563 1179 618 etelo.
1204 561 1476 615 Ltetantur
1502 563 1642 615 enim
1668 562 1862 628 angeli,

282 655 561 708 inimicum
618 654 827 707 Domini
873 654 978 720 sui,
1007 662 1061 707 et
1089 662 1368 724 tyrannum
1388 653 1626 707 cmlestis
1653 646 1864 721 imperii

283 745 505 811 legitimi
535 754 695 813 atque
722 746 907 798 aeterni
937 745 1096 812 Regis
1148 745 1342 799 virtute
1371 754 1398 783 ιι
1422 744 1677 798 deletum.
1724 742 1867 797 Morb

280 834 418 886 tales
464 834 650 899 etiam,
681 833 981 901 inﬁmique
1026 834 1271 889 homines
1324 834 1617 902 gloriamur
1641 846 1865 887 munere

279 923 567 978 dominica:
588 926 873 992 passionis,
904 926 1100 979 diaboli
1126 926 1342 981 tandem
1380 926 1640 980 servitute
1692 924 1863 994 depo-

282 1015 411 1079 sita,
441 1015 493 1067 in
516 1015 819 1070 libertatem
846 1033 943 1070 nos
966 1017 1196 1081 vivendi,
1238 1023 1399 1086 atque
1437 1018 1490 1071 in
1512 1016 1602 1087 jus
1627 1025 1865 1087 paterna:

281 1105 499 1171 pietatis
524 1120 643 1157 esse
672 1114 968 1160 revocatos.
1002 1106 1117 1161 Hoc
1143 1115 1227 1162 est
1252 1108 1503 1161 nimirum
1545 1107 1677 1162 illud
1721 1107 1866 1175 quod

282 1193 363 1245 ait
418 1194 605 1247 beatus
659 1192 865 1247 David:
918 1194 1176 1248 Ltetentur
1220 1197 1332 1251 coeli
1377 1207 1425 1250 et
1464 1198 1683 1251 exsultet
1724 1206 1863 1250 terra

282 1283 460 1351 (Psat.
504 1286 617 1353 xv).
673 1284 844 1338 Unum
889 1286 1129 1353 profecto
1158 1294 1318 1355 atque
1350 1287 1401 1340 id
1444 1289 1616 1357 ipsum
1663 1288 1862 1342 factum

280 1385 367 1428 est
394 1377 642 1442 gaudium
680 1378 987 1430 coelestibus
1032 1387 1192 1445 atque
1231 1379 1475 1443 terrenis,
1508 1378 1535 1418 δ
1563 1380 1688 1447 quia
1728 1394 1865 1433 unus

282 1465 534 1533 idemque
559 1474 642 1519 est
670 1466 943 1527 Dominus,
972 1467 1063 1533 qui
1090 1467 1220 1520 vicit
1249 1467 1302 1519 in
1333 1468 1507 1531 terris,
1558 1476 1614 1520 et
1663 1468 1755 1535 qui
1779 1482 1865 1521 re-

280 1565 413 1621 gnat
459 1556 512 1608 iu
550 1556 706 1610 caelo.
751 1555 815 1608 Et
843 1556 1031 1609 iterum
1061 1556 1201 1609 idem
1229 1573 1243 1609 :
1278 1556 1379 1608 Hic
1406 1565 1501 1620 est,
1534 1548 1723 1624 inquit,
1755 1558 1863 1610 dies

275 1661 433 1713 quem
461 1647 581 1714 fecit
606 1646 887 1709 Dominus;
916 1647 1227 1698 exsultemus
1255 1656 1303 1699 et
1332 1648 1562 1701 lwtemur
1589 1648 1643 1700 in
1664 1665 1743 1701 eo.
1776 1647 1866 1704 Sic

278 1734 414 1787 dicit
439 1751 452 1785 :
484 1733 584 1787 Hic
606 1743 682 1786 est
712 1734 820 1786 dies
848 1750 995 1805 quem
1024 1737 1144 1804 fecit
1172 1734 1444 1803 Dominus,
1489 1738 1640 1805 quasi
1665 1738 1735 1791 sit
1762 1738 1862 1791 ali-

1967 564 2135 619 sentis
2164 565 2285 617 vita:
2315 564 2546 617 lzetitiam
2577 566 2829 635 prmdieet
2854 574 2912 620 et
2952 569 3157 621 futurae.
3208 567 3551 624 Exsultemus

1966 670 2096 721 ergo
2121 671 2262 708 nunc
2282 655 2568 724 redempti,
2598 663 2657 710 ut
2682 665 2870 725 postea
2899 657 3165 724 possimus
3192 657 3425 723 gaudere
3440 658 3548 710 sal-

1965 744 2093 799 vati.
2154 743 2494 797 Exsultemus
2546 753 2859 811 resurgente
2906 745 3156 813 Domino,
3192 754 3251 800 ut
3278 746 3546 814 possimus

1964 836 2154 890 eodem
2182 844 2443 903 regnante
2471 836 2656 889 laetari.
2684 835 2749 888 Et
2768 844 2915 890 recte
2934 837 3298 905 gaudebimus,
3332 835 3543 899 fratres,

1964 924 2009 977 si
2039 940 2138 978 nos
2163 937 2301 977 verae
2330 922 2449 978 fidei
2474 934 2496 961 °
2524 940 2766 988 munera,
2796 934 2852 979 et
2901 926 3135 993 prtestita
3172 925 3281 993 jam
3336 926 3545 978 redem-

1966 1013 2097 1081 ptio,
2130 1020 2185 1066 et
2210 1013 2534 1068 resurrectio
2583 1015 2846 1081 promissa
2904 1014 3151 1069 ltetiticet.
3206 1015 3314 1069 Cur
3341 1022 3541 1080 autem,

1964 1103 2248 1167 carissimi,
2299 1102 2366 1157 de
2414 1102 2808 1172 Omnipotentis
2861 1104 3132 1159 beneficiis
3178 1106 3545 1171 ambigamus?

1964 1195 2209 1262 Nunquid
2256 1195 2372 1249 sine
2400 1211 2559 1249 causa
2592 1196 2753 1249 homo
2782 1204 2863 1250 est
2902 1194 3073 1249 factus
3094 1212 3161 1250 ex
3207 1196 3422 1258 femina,
3453 1197 3542 1265 qui

1966 1285 2581 1354 iucomprehensibiliter
2599 1285 2666 1338 de
2688 1286 2797 1339 Deo
2826 1293 2980 1339 natus
3000 1292 3081 1339 est
3102 1285 3278 1339 Deus?
3300 1285 3546 1351 Nunquid

1966 1375 2160 1429 frustra
2188 1377 2371 1443 vagire
2401 1376 2453 1429 in
2475 1377 2625 1430 cunis
2645 1377 2836 1444 voluit,
2866 1377 2958 1444 qui
2988 1376 3232 1431 terrificis
3253 1377 3545 1430 tonitruum

1965 1481 2181 1519 suorum
2210 1466 2429 1519 vocibus
2459 1475 2655 1519 terram
2683 1466 2984 1533 cmlumque
3014 1466 3349 1521 tremefacit?
3400 1467 3547 1520 Nun-

1964 1556 2089 1624 quid
2140 1555 2405 1609 incassum
2458 1554 2630 1616 flevit,
2671 1555 2761 1622 qui
2796 1571 2825 1608 a
2854 1556 3131 1609 uativitate
3158 1559 3311 1626 501
3344 1572 3544 1611 caecum

1967 1646 2120 1699 novis
2149 1646 2319 1699 oculis
2347 1646 2673 1713 sputamenti
2702 1645 2782 1699 sui
2803 1646 2999 1698 virtute
3020 1646 3247 1699 ditavit?
3290 1646 3542 1714 Nunquid

1966 1736 2138 1789 otiose
2159 1742 2374 1803 potatus
2395 1743 2568 1797 aceto,
2598 1734 2806 1787 cibatus
2837 1742 2919 1787 est
2938 1733 3080 1799 felle,
3105 1736 3197 1803 qui
3241 1736 3541 1791 vastissima

273 1824 403 1891 quis
439 1823 556 1876 dies
592 1838 752 1890 quem
805 1839 911 1877 non
946 1823 1133 1879 fecerit
1170 1825 1349 1879 Deus?
1376 1824 1600 1881 Omnem
1646 1826 1861 1893 quidem
1891 1832 1938 1891 Β
1966 1828 2018 1880 in
2041 1842 2224 1881 eremo
2250 1825 2551 1879 sitientibus
2595 1824 2664 1878 de
2686 1831 2837 1894 petra
2864 1826 3030 1890 rivos,
3077 1832 3132 1878 et
3185 1824 3543 1881 esurientibus

275 1915 424 1968 diem
454 1915 711 1968 Dominus
738 1915 901 1978 dedit,
929 1915 1023 1972 sed
1050 1916 1192 1969 hunc
1245 1916 1550 1984 specialiter
1594 1917 1738 1980 fecit,
1769 1918 1861 1985 qui

276 2013 543 2072 perpetuo
593 2004 800 2071 fulgens
844 2005 1042 2060 lumine
1091 2006 1505 2061 vicissitudinem
1535 2023 1641 2062 non
1670 2009 1863 2077 recipit

275 2094 641 2147 tenebrarum.
673 2094 772 2149 Hic
797 2102 879 2148 est
907 2096 1022 2149 dies
1044 2096 1136 2164 qui
1160 2096 1398 2151 discussa
1426 2099 1687 2153 scelerum
1717 2100 1860 2155 nube

273 2184 630 2250 caligantibus
656 2185 962 2239 mortalium
989 2187 1159 2241 oculis
1188 2187 1359 2241 lucem
1389 2189 1763 2256 perpetuitatis
1786 2190 1861 2243 ir-

275 2273 475 2326 radiat.
510 2273 605 2329 llic
631 2283 715 2329 est
742 2275 855 2329 dies
883 2290 989 2344 quo
1016 2277 1140 2329 vitae
1163 2276 1419 2332 Dominus
1445 2276 1733 2346 infernum,
1754 2294 1859 2334 sa:-

274 2362 516 2416 vientem
547 2374 569 2402 ο
598 2372 827 2419 mortem
851 2374 1066 2419 internae
1096 2367 1265 2422 nectis
1290 2368 1515 2423 horrore
1542 2369 1858 2437 terribilem,

272 2468 420 2506 nova
442 2454 832 2523 improvisaque
856 2456 1149 2524 majestatis
1174 2473 1283 2512 suae
1304 2459 1548 2513 claritate
1574 2460 1855 2514 deterruit.

272 2543 633 2609 Exsuttemus,
666 2548 837 2615 inquit
865 2563 1042 2602 sermo
1078 2548 1442 2617 propheticus,
1472 2560 1521 2602 et
1545 2550 1775 2603 ltetemur
1803 2550 1859 2602 in

269 2649 378 2699 eo;
406 2636 559 2703 quasi
597 2652 705 2691 non
733 2636 1004 2692 suﬂiceret
1030 2637 1229 2693 dixisse
1256 2641 1601 2706 exsultemus,
1634 2641 1733 2695 nisi
1760 2640 1859 2694 ad-

265 2724 473 2791 jiceret
499 2734 554 2779 et
574 2726 832 2781 laetemur.
867 2726 975 2781 Sed
998 2727 1195 2781 ideirco
1222 2730 1537 2797 prophetica
1568 2730 1856 2799 praescion—

269 2813 351 2867 tia
379 2815 730 2884 spiritualium
762 2817 915 2873 nobis
942 2817 1255 2886 gaudiorum
1298 2821 1461 2875 verba
1490 2822 1850 2891 congeminat,

1965 1919 2033 1974 de
2052 1919 2190 1973 caelo
2216 1917 2392 1986 potuit
2419 1931 2614 1969 manna
2633 1916 2910 1984 praebere?
2939 1912 3185 1981 Nunquid
3210 1914 3380 1967 inanis
3426 1913 3542 1982 ejus

1967 2016 2048 2062 est
2070 2006 2267 2075 passio,
2298 2006 2390 2074 qui
2426 2004 2442 2041 ί
2476 2004 2530 2059 in
2569 2004 2924 2071 investigabili
2952 2005 3243 2058 voluntatis
3296 2020 3405 2061 sum
3450 2020 3541 2059 se-

1966 2105 2117 2151 creto
2163 2097 2229 2151 de
2271 2096 2577 2150 etelestibus
2607 2093 2881 2147 descendit
2909 2093 2975 2146 ad
3021 2096 3273 2148 crucem?
3302 2092 3368 2146 Et
3395 2093 3536 2156 ideo,

1965 2187 2056 2253 qui
2101 2184 2451 2240 crassitudine
2491 2183 2722 2238 carnalis
2777 2183 2935 2252 502
2979 2183 3177 2251 ingenii
3229 2184 3536 2251 passionum

1965 2276 2083 2344 ejus
2101 2275 2355 2345 mysteria
2384 2274 2841 2343 comprehendere
2882 2290 2986 2328 non
3014 2275 3277 2338 valemus,
3307 2276 3536 2329 creduli-

1964 2375 2073 2422 tate
2095 2377 2253 2423 recL‘e
2275 2364 2417 2430 ﬁdei,
2449 2381 2568 2434 qua:
2613 2367 2861 2435 praastitit
2887 2373 3186 2420 teneamus.
3219 2366 3539 2421 Tenebimus

1964 2466 2144 2512 autem
2195 2458 2569 2526 eapiemusque
2620 2456 2762 2511 dona
2814 2457 2996 2525 gloriae
3026 2458 3141 2525 ejus
3175 2458 3219 2511 si
3248 2458 3412 2512 vitam
3442 2475 3540 2510 no-

1964 2558 2129 2604 stram
2179 2546 2310 2604 ﬁdes
2336 2548 2559 2612 muniat,
2611 2556 2665 2603 et
2690 2563 2718 2601 a
2750 2546 2852 2602 fide
2883 2549 2991 2601 vita
3031 2563 3136 2601 non
3159 2547 3441 2617 discrepet.
3474 2549 3541 2607 Et

1964 2640 2103 2694 sicut
2129 2639 2217 2693 ille
2245 2639 2401 2693 nobis
2429 2639 2595 2693 voluit
2619 2638 2833 2706 placere
2862 2638 3157 2701 moriendo,
3183 2639 3274 2701 ita
3324 2654 3421 2693 nos
3448 2653 3541 2706 ge~

1964 2731 2187 2785 stiamus
2215 2730 2263 2784 ei
2293 2745 2403 2784 non
2448 2729 2731 2798 displicere
2777 2729 3035 2794 vivendo;
3087 2730 3203 2799 ipso
3252 2738 3540 2799 praestante

1964 2821 2057 2888 qui
2084 2836 2206 2874 eum
2237 2818 2417 2887 Patre,
2447 2826 2554 2874 etc.

1611 2934 1881 3001 SERMO
1923 2934 2232 2995 XXXIX.

1376 3030 1443 3087 In
1470 3033 1649 3087 eadem
1681 3034 1956 3088 Paschalis
1982 3036 2307 3089 solemnitate
2334 3033 2382 3087 Χ
2390 3032 2437 3088 1.

1712 3141 2101 3197 ADMONITIO.

343 3233 633 3306 Auctorem
660 3232 880 3306 hujusce
906 3231 1189 3306 sermonis,
1218 3245 1377 3299 quem
1409 3233 1751 3306 amanuensis
1771 3234 1973 3306 codicis
2002 3235 2246 3306 Vaticani
2275 3228 2431 3301 6451,
2464 3249 2587 3306 pag.
2621 3235 2710 3302 21,
2744 3237 3027 3306 ignoravit,
3058 3253 3156 3291 nos
3190 3246 3303 3291 tuto
3333 3240 3536 3296 suffici-

263 3318 416 3365 mus,
443 3303 599 3390 t'rium
650 3303 894 3390 codicum
942 3302 1516 3390 auctrprintatemuniti.
1576 3301 1639 3354 Hi
1686 3312 1810 3383 sunt
1838 3303 2239 3390 Ambrosianus,
2292 3301 2817 3390 alque—deprompsit
2846 3307 3535 3390 vulgavitqueMuratqrius

262 3381 407 3424 tom.
436 3369 513 3442 IV
544 3371 807 3442 Anecdot.
840 3386 1003 3442 serm.
1056 3369 1486 3442 6,,Taurinensis
1513 3386 1634 3424 cum
1683 3373 1975 3442 epigraplte
2006 3391 2019 3424 :
2055 3373 2187 3427 Item
2215 3385 2264 3426 et
2310 3369 2384 3426 de
2421 3369 2629 3426 Pascha
2657 3369 2825 3429 sermo
2850 3369 2961 3438 XI,
2991 3386 3046 3429 et
3073 3369 3381 3433 Casineusis
3410 3380 3531 3442 105,

263 3453 394 3509 pag.
430 3439 512 3491 15.
536 3440 676 3493 Ante
706 3439 979 3494 Muratorii
1009 3440 1298 3493 editionem
1328 3441 1577 3494 eumdem
1605 3439 1903 3509 publicarat
1930 3440 2186 3499 Cumdius
2212 3452 2343 3498 tom.
2367 3443 2387 3496 I
2411 3443 2666 3497 Biblioth.
2693 3443 2818 3500 PP..
2846 3460 2969 3514 pag.
2990 3445 3109 3498 itii.

259 3551 897 3633 Διουιίεκτιλω.-Νρὺὶ.ς
925 3553 1178 3633 praecipue
1206 3550 1483 3633 tw‘pndum
1512 3559 1606 3615 est,
1638 3551 1839 3633 Christo
1866 3555 1909 3615 C
1940 3555 2088 3608 venit
2136 3555 2435 3619 exsultare,
2494 3569 2721 3623 quorum
2767 3569 2927 3609 causa
2988 3552 3299 3622 Unigenitus
3342 3555 3438 3609 Dei
3468 3565 3526 3610 et

336 3632 649 3692 resurgente,
694 3622 869 3692 quibus
921 3625 1035 3675 novi
1086 3622 1311 3689 mysleﬁi
1359 3631 1688 3692 sacramento
1723 3638 1841 3689 pec-

335 3702 457 3761 cata
487 3688 761 3755 tolluntur,
818 3692 995 3743 (mlum
1050 3692 1221 3755 datur,
1274 3690 1506 3743 redditur
1543 3688 1834 3761 paradisus.

331 3759 620 3812 Pendentis
650 3762 701 3811 in
722 3777 868 3829 cruce
910 3761 1127 3813 latronis
1156 3761 1284 3829 ﬁdes
1312 3759 1550 3813 universo
1577 3761 1840 3814 hominum

330 3831 509 3948 generi
537 3831 772 3910 profecit.
805 3826 985 3883 Oratio
1017 3826 1204 3883 Christi
1228 3846 1322 3899 pro
1343 3831 1452 3883 suis
1490 3830 1839 3901 interfectori-

369 3915 425 3948 us
456 3909 745 3948 CIDO'IIHUT.

369 3915 425 3950 us
456 3909 745 3968 exponitur.

327 4009 653 4073 Justissime,
694 4010 908 4077 fratres,
938 4011 1177 4077 generali
1206 4011 1365 4065 hodie
1392 4012 1588 4079 gaudio
1614 4010 1842 4064 mundus

252 4101 513 4163 exsultat,
546 4102 976 4170 quandoquidem
996 4109 1298 4156 revertente
1317 4118 1349 4155 a
1379 4103 1603 4156 mortuis
1628 4102 1839 4157 Christo

252 4192 469 4245 cunctis
508 4191 703 4257 ubique
732 4191 1045 4247 mortalibus
1074 4207 1198 4260 spes
1226 4199 1343 4244 orta
1395 4200 1478 4245 est
1505 4190 1837 4257 resurgendi.

252 4279 326 4333 Et
357 4296 573 4335 necesse
594 4289 675 4334 est
704 4289 762 4333 ut
781 4291 1144 4335 creaturarum
1167 4282 1392 4336 Domino
1446 4280 1829 4348 triumphante,

251 4373 521 4424 illustrata
570 4387 665 4440 per
717 4386 838 4424 eum
894 4381 1137 4425 creatura
1168 4373 1393 4426 laetetur.
1423 4370 1629 4425 Gaudet
1659 4370 1839 4440 itaque

251 4461 475 4525 caelum,
491 4461 616 4527 quia
636 4461 778 4515 videt
800 4460 1007 4528 jamdiu
1030 4463 1265 4530 peccatis
1284 4461 1591 4516 sordentem
1618 4468 1835 4523 terram,

251 4553 471 4605 Domini
500 4553 579 4605 sui
607 4568 797 4606 cruore
825 4561 1132 4621 purgatam;
1154 4555 1349 4620 gaudet
1369 4553 1651 4606 multitudo
1673 4553 1833 4607 etule-

250 4643 357 4695 stis
375 4643 662 4708 exercitus,
690 4644 812 4710 quia
844 4643 1093 4697 conﬂictu
1116 4644 1276 4711 Regis
1304 4645 1385 4698 sui
1415 4645 1589 4698 omnis
1636 4644 1837 4698 inimici

251 4733 512 4801 principis
531 4734 793 4788 debellata
824 4736 1008 4789 militia
1037 4744 1139 4789 est.
1170 4735 1377 4791 Gaudet
1396 4738 1556 4792 etiam
1585 4737 1686 4798 sol,
1710 4736 1835 4804 quia

249 4821 509 4887 lugubres
538 4824 654 4876 illas
684 4825 951 4891 tenebras,
982 4840 1114 4892 quas
1135 4826 1359 4879 Domino
1401 4828 1663 4881 moriente
1715 4822 1835 4895 per;

1944 3647 2059 3715 ipse
2105 3646 2247 3701 Deus
2298 3647 2593 3701 humanum
2640 3646 2810 3700 induit
2862 3662 3100 3711 carnem,
3131 3654 3398 3715 quatenus
3428 3666 3527 3720 per

1941 3753 2157 3793 carnem
2188 3738 2419 3792 hominis
2446 3738 2655 3792 veniret
2682 3737 2749 3792 ad
2777 3754 3008 3801 crucem,
3048 3755 3144 3807 per
3171 3756 3387 3794 crucem
3429 3757 3525 3797 su-

1944 3830 2177 3899 sciperet
2198 3838 2448 3892 mortem,
2476 3838 2812 3897 permortem
2842 3830 3098 3898 spoliaret
3125 3830 3407 3885 infernum.
3442 3832 3525 3890 Att

1943 3935 2049 3973 non
2079 3919 2361 3972 Imtandum
2392 3920 2544 3973 nobis
2571 3927 2672 3983 est,
2697 3919 2888 3988 quibus
2936 3923 3057 3975 novi
3091 3922 3115 3957 ιλ
3155 3924 3394 3992 mystcrii
3439 3940 3524 3977 sa~

1942 4019 2217 4066 cramento
2244 4020 2464 4080 peccata
2514 4010 2792 4076 tolluntur,
2822 4011 3015 4065 malum
3045 4012 3220 4076 datur,
3279 4013 3524 4068 redditur

1941 4103 2254 4172 paradisus?
2304 4103 2543 4170 Denique
2587 4104 2780 4157 latroni
2812 4112 2938 4157 tunc
2988 4105 3039 4158 in
3060 4122 3216 4160 cruce
3247 4107 3524 4175 pendenti,

1942 4210 2063 4249 cum
2094 4192 2250 4247 ﬁdem
2279 4193 2394 4263 ejus
2422 4209 2522 4248 nec
2561 4209 2677 4259 sua,
2728 4210 2825 4248 nec
2854 4195 3047 4248 Christi
3075 4212 3232 4263 pmna
3258 4199 3521 4266 turbaret,

1944 4287 2019 4339 ait
2047 4285 2161 4354 ipse
2191 4285 2477 4338 Dominus:
2510 4283 2671 4335 Amen
2695 4284 2811 4336 dico
2836 4284 2927 4336 tibi
2957 4301 2975 4337 :
3010 4284 3177 4337 Hodie
3207 4303 3400 4340 mecum
3418 4289 3520 4341 eris

1940 4378 1996 4430 in
2021 4377 2295 4446 paradiso;
2326 4374 2535 4429 dicebat
2562 4374 2705 4428 enim
2737 4374 2871 4427 latro
2902 4391 2914 4426 :
2942 4373 3203 4427 Memento
3251 4378 3371 4439 mei,
3407 4377 3519 4430 Do-

1941 4469 2096 4533 mine,
2127 4466 2140 4505 ί
2167 4484 2282 4520 cum
2306 4467 2497 4520 veneris
2513 4467 2565 4518 in
2587 4482 2799 4535 regnum
2822 4476 2959 4518 tuum
2991 4464 3140 4534 (Luc.
3166 4466 3518 4533 xxnt).Quatn

1944 4560 2077 4613 mira
2107 4559 2220 4614 [nec
2247 4555 2376 4611 ﬁdes
2400 4565 2501 4620 est,
2529 4555 2742 4621 fratres,
2772 4564 2831 4609 ut
2870 4555 3028 4622 latro,
3060 4556 3149 4625 qui
3196 4557 3353 4609 vitam
3407 4572 3515 4611 non

1943 4650 2250 4705 merebatur
2288 4649 2487 4702 habere
2539 4655 2874 4716 prtesentem,
2933 4649 3073 4702 inter
3117 4649 3371 4716 supplicia
3419 4665 3516 4704 sua

1942 4754 2092 4806 spem
2123 4737 2493 4806 perpetuitatis
2536 4747 2847 4802 assumeret,
2881 4741 2894 4788 l
2951 4754 3175 4805 eamque
3204 4739 3304 4791 sibi
3331 4754 3360 4790 a
3381 4738 3518 4791 Cru-

1939 4828 2097 4895 cilixo
2126 4826 2369 4880 crederet
2414 4841 2572 4894 posse
2606 4827 2876 4894 praestari!
2913 4826 2979 4879 Et
3007 4842 3162 4894 quam
3188 4827 3330 4895 juste
3361 4836 3517 4883 tanta:

251 4910 487 4977 tulerat,
549 4912 840 4965 Izetiorihus
896 4914 1056 4968 radiis
1118 4923 1173 4969 et
1219 4918 1422 4985 perpeti
1478 4918 1835 4985 gratulatione
1869 4914 2307 4985 [)promissionis
2334 4929 2527 4969 munus
2556 4914 2693 4967 latro
2744 4914 2912 4969 fidelis
2959 4917 3186 4983 accepit,
3243 4918 3331 4985 qui
3390 4928 3515 4973 tunc

248 5012 277 5048 ε
302 5005 619 5071 compescit.
648 5004 791 5058 Inter
819 5006 938 5070 ista,
969 5008 1249 5077 carissimi,
1289 5010 1556 5080 prtecipue
1583 5024 1682 5064 nos
1703 5024 1833 5065 con-

322 5164 353 5227 f
379 5154 519 5227 _C‘od.
545 5156 692 5218 Vat.,
726 5157 997 5227 dejectum.

322 5222 520 5301 bidem
551 5227 671 5301 cod.
694 5222 841 5301 Vai.,
873 5228 1147 5301 quiaunus
1160 5228 1391 5301 idemque
1410 5239 1504 5293 est,
1528 5232 1612 5301 qui
1633 5232 1750 5285 vicit
1772 5232 1827 5283 in

242 5295 481 5371 terrisft
506 5295 592 5371 qui
614 5306 794 5366 regnat
823 5295 1048 5371 incocto.
1077 5296 1177 5371 Hic
1203 5295 1508 5371 esu-inquit,
1533 5295 1661 5371 dies,
1687 5317 1831 5371 quem

244 5364 375 5431 fecit
404 5361 689 5425 Dominus}
712 5365 1019 5419 exsultemus
1061 5376 1108 5417 et
1138 5367 1369 5420 lattemur
1394 5361 1461 5419 'in
1491 5386 1568 5423 eo.
1603 5361 1832 5422 Sic'dics

399 5448 417 5483 :
450 5432 550 5485 Hic
569 5443 644 5486 est
666 5435 770 5509 dies
794 5451 938 5509 quem
961 5437 1077 5509 {erit
1100 5435 1370 5500 Dominus,
1394 5440 1538 5509 quasi
1558 5439 1624 5491 sit
1645 5440 1830 5508 aliquis

240 5503 363 5553 dies
379 5518 532 5573 gnem
561 5518 660 5556 non
691 5504 866 5573 fecerit
894 5503 1163 5557 Dominus.

326 5580 349 5605 ε
378 5569 521 5623 Idem
549 5573 668 5626 cod.
691 5569 850 5639 'Val.,
880 5577 1169 5627 stertentem
1197 5582 1359 5629 morte
1393 5592 1454 5628 ac
1481 5585 1625 5631 tetra:
1650 5578 1830 5630 mortis

242 5639 469 5691 horrore
499 5641 792 5695 terribilem.

321 5703 350 5741 ἀ
375 5707 519 5762 Idem
538 5709 655 5765 cod.
684 5712 825 5779 ναι,
853 5721 907 5764 ut
933 5715 1075 5767 omni
1096 5716 1271 5768 mortis
1298 5715 1510 5769 horrore
1536 5716 1752 5769 detersa.

1939 5019 2160 5072 regnum
2207 5001 2482 5057 confessus
2533 5010 2616 5056 est
2654 5001 2873 5068 Christi,
2905 5002 3118 5069 quando
3151 5002 3173 5038 ιτ
3205 5013 3259 5057 et
3283 5007 3515 5074 apostoli

2014 5168 2036 5195 ε
2066 5158 2199 5213 CorI.
2231 5157 2434 5223 Casin.,
2459 5158 2503 5211 si
2531 5173 2622 5209 nos
2650 5169 2782 5209 vera:
2809 5153 2932 5221 ﬁdei
2960 5168 3183 5223 munere.

2018 5228 2038 5266 τ
2072 5228 2241 5283 Codd.
2272 5229 2393 5281 Vat.
2427 5235 2481 5281 et
2507 5226 2710 5289 Casin.,
2759 5225 2812 5275 in
2853 5222 3217 5291 investigabitis
3242 5223 3513 5276 roluntutis

1935 5316 2046 5353 sua:
2069 5308 2278 5351 secreto.

2014 5380 2035 5414 8
2069 5367 2201 5421 Cod.
2236 5367 2382 5431 Vat.,
2411 5370 2724 5432 compensat.

2012 5437 2034 5474 ί]
2066 5436 2234 5491 Codd.
2264 5436 2382 5488 Vat.
2416 5442 2469 5487 et
2488 5430 2690 5498 Casin.,
2714 5430 2891 5501 quibus
2920 5432 3034 5485 nori
3065 5432 3304 5501 mysterio
3333 5448 3510 5483 sarra-

1934 5509 2110 5561 menti.
2350 5514 2361 5531 ι

2013 5577 2026 5613 ί
2063 5575 2224 5628 Iidem
2248 5572 2402 5627 codd.
2434 5571 2555 5625 Vat.
2582 5578 2636 5623 et
2662 5568 2865 5631 Casiu.,
2899 5570 3016 5623 dum
3044 5568 3259 5624 veneris.

2012 5646 2025 5695 1
2064 5644 2201 5697 Cod.
2226 5643 2369 5704 νει,
2392 5658 2505 5693 cum
2531 5640 2627 5693 sibi
2659 5660 2688 5693 (ι
2711 5640 2991 5710 Cruciﬁa‘o.

2010 5713 2029 5750 ¹ί
2066 5714 2208 5766 Idem
2238 5711 2359 5766 cod.
2390 5710 2510 5762 Vat.
2544 5711 2741 5765 omittit
2769 5721 2835 5764 et.
