4054 6194
568 303 676 360 ωδ
1801 296 1860 353 S.
1904 291 2153 350 MAXIMI
2193 285 2653 348 TAURINENSIS
3722 303 3810 358 616

567 411 951 471 turbabantur!
1003 409 1182 481 Atque
1235 411 1360 468 ideo
1413 410 1594 468 omnia
1642 409 1870 464 latronis
1916 413 2163 462 anteacta
2194 416 2241 469 Α
2267 402 2388 472 quis
2416 420 2605 466 revera
2631 404 2700 460 de
2727 402 3002 475 petitionis
3029 410 3316 460 cunctetur
3354 402 3566 476 effectu,
3621 409 3701 465 ubi
3743 430 3814 469 ω.

566 507 770 562 scelera
791 504 950 559 unius
977 503 1229 557 meritum
1249 500 1606 556 confessionis
1633 499 1888 561 absolvit,
1929 505 1984 552 et
2005 495 2165 566 quid-
2267 494 2503 549 medium
2550 495 2760 550 miseris
2799 495 2974 550 bonus
2995 495 3172 565 poscit
3196 511 3229 550 a
3255 495 3440 552 bene?
3470 497 3721 569 Nesciunt,
3749 507 3817 561 in.

567 595 698 667 quid
745 596 902 662 longa
947 600 1109 648 aetate
1159 593 1483 662 deliquerat,
1531 589 1855 646 brevissimo
1903 601 2161 643 sermone
2265 587 2401 656 quit,
2432 586 2556 658 quid
2584 587 2804 658 faciunt.
2837 586 3096 641 Sciebant
3115 585 3333 655 quidem
3357 586 3817 660 Judzcisanguinem

569 685 784 741 delevit.
818 693 845 722 ⁸
868 683 977 740 Nec
1023 682 1287 737 latrocinii
1333 697 1457 736 eum
1477 681 1560 736 sui
1581 679 1724 750 apud
1745 674 1915 733 Deum
1944 676 2166 744 sanguis
2264 693 2326 733 se
2365 678 2595 734 fundere
2642 678 2964 744 innocentis,
3020 677 3118 732 sed
3145 678 3465 733 nesciebant
3490 690 3696 750 peccata
3722 697 3821 738 om-

568 774 862 838 damnavit,
907 773 1037 840 quia
1082 771 1283 826 Christi
1321 771 1640 839 sanguinem
1668 783 1895 837 regnum
1939 765 2168 822 credidit
2265 771 2416 826 nium
2445 771 2538 825 illo
2566 785 2761 826 cruore
2787 769 2977 825 deleri.
3006 769 3264 824 Sciebant
3290 769 3632 826 acerbissimo
3656 788 3708 828 se
3725 791 3824 830 cru-

569 881 708 929 csse,
741 880 849 919 non
879 879 1113 934 ptenam.
1145 862 1303 930 Quod
1334 861 1556 929 factum,
1587 859 1868 924 carissimi,
1913 859 2164 913 universo
2271 863 2352 917 eis
2371 863 2632 932 supplicio
2660 862 2853 932 punire
2880 862 3173 929 Christum,
3197 861 3292 916 sed
3318 862 3625 918 nesciebant
3649 864 3730 921 Dei
3757 865 3824 920 Fi-

570 957 598 996 δ
629 948 908 1012 hominum
937 956 1121 1025 generi
1143 955 1439 1025 profecisse
1472 969 1580 1008 non
1626 953 1847 1008 dubium
1877 959 1980 1006 est.
2032 950 2164 1005 Nam
2266 953 2398 1008 lium
2425 953 2758 1024 triumphare
2785 968 2885 1023 per
2930 969 3170 1008 crucem.
3231 952 3488 1009 Sciebant
3516 965 3540 1002 ε
3570 970 3683 1036 eum
3724 973 3824 1014 csse
3853 1021 3859 1028 ,

569 1048 692 1116 quis
715 1047 784 1102 de
813 1047 908 1102 Dei
939 1047 1131 1117 gratia,
1163 1046 1411 1100 absoluto
1433 1046 1663 1108 latrone,
1689 1043 1962 1114 desperet,
1992 1042 2038 1097 si
2087 1050 2169 1096 ta-
2267 1046 2620 1111 moriturum;
2677 1044 2774 1100 sed
2816 1045 3114 1099 rediturum
3159 1059 3192 1098 a
3245 1045 3473 1099 mortuis
3519 1045 3820 1112 ignorabant.

572 1153 697 1192 men
742 1137 1141 1206 supplicantum
1171 1150 1363 1206 preces
1387 1135 1614 1189 latronis
1641 1133 1934 1189 credulitas
1981 1132 2182 1206 subse;
2270 1133 2425 1191 Unde
2451 1135 2667 1204 egregie
2697 1131 2860 1205 505
2887 1149 2917 1188 a
2948 1135 3178 1189 Domino
3205 1135 3406 1190 dictum
3446 1144 3533 1191 est
3565 1155 3576 1188 :
3608 1135 3824 1191 Nesciunt

573 1199 826 1297 quaturi-
846 1199 1134 1281 habemus
1173 1199 1235 1282 et
1286 1225 1429 1280 aliud
1462 1236 1485 1265 ο
1516 1223 1859 1293 magnificum
1887 1199 2189 1278 dominiue‘
2269 1226 2392 1295 quid
2413 1199 2632 1296 faciunt.
2663 1199 2988 1280 Niesciebant
3012 1223 3256 1294 profecto
3283 1223 3455 1280 Judaei
3476 1227 3565 1280 illa
3592 1225 3616 1264 δ
3638 1243 3722 1282 sua
3741 1228 3825 1282 im-

573 1318 792 1388 pietatis
816 1318 1146 1386 exemplum,
1179 1331 1290 1385 quo
1321 1330 1538 1370 omnem
1566 1313 1861 1370 mortiferae
1890 1312 2170 1382 ,despera-
2267 1317 2443 1386 pietas
2487 1323 2702 1385 quantae
2739 1321 2884 1370 esset
2925 1315 3288 1370 ministerium
3341 1317 3577 1385 pietatis.
3631 1317 3694 1371 At
3717 1334 3825 1373 vero

575 1410 736 1464 tionis
787 1407 1124 1464 formidinem
1176 1407 1514 1477 deponentes
1551 1407 1618 1461 de
1648 1404 1902 1460 ineffabili
1932 1403 2171 1459 Redem-
2271 1409 2532 1463 Dominus
2588 1407 2802 1462 virtutis
2829 1422 2940 1462 sua:
2965 1407 3068 1462 sibi
3095 1407 3364 1472 conscius,
3395 1423 3610 1464 errores
3635 1410 3826 1464 misera-

575 1501 750 1569 ptoris
779 1499 948 1554 nostri
970 1498 1300 1567 indulgentia
1331 1497 1682 1552 confidamus.
1712 1494 1848 1550 Cum
1869 1495 2012 1549 enim
2034 1509 2165 1549 con-
2271 1509 2360 1556 ius
2414 1499 2700 1562 humanos,
2757 1499 3069 1569 plenissime
3113 1498 3291 1554 sciens
3329 1500 3590 1568 supplicia
3628 1501 3706 1556 illa
3730 1517 3826 1569 qua:

575 1594 860 1647 demnatus
890 1589 916 1629 τί
947 1593 1016 1646 ab
1048 1589 1227 1660 impiis
1267 1591 1532 1660 penderet
1577 1587 1827 1643 Christus
1881 1587 1938 1642 in
1985 1601 2168 1653 cruce,
2271 1597 2584 1659 quantaque
2627 1587 2825 1655 gaudia
2875 1597 3250 1658 sequerentur,
3281 1589 3698 1656 crucifigentium
3724 1590 3829 1646 faci-

575 1683 835 1754 furorque
863 1682 1116 1738 Judaicus
1139 1682 1386 1736 illuderet
1406 1679 1698 1745 Crucitixo,
1738 1681 2169 1748 omnipotentem
2274 1696 2397 1749 nus,
2427 1688 2483 1735 et
2510 1680 2650 1734 inter
2673 1687 2942 1736 tormenta
2961 1680 3225 1751 benignus
3248 1681 3503 1747 absolvit,
3529 1691 3827 1753 mortemque

577 1772 793 1828 Patrem
823 1789 924 1843 pro
973 1770 1409 1826 interfectoribus
1447 1769 1558 1823 suis
1604 1769 1718 1838 ipsa
1766 1768 1908 1822 inter
1951 1767 2173 1821 vulnera
2203 1765 2251 1826 B
2275 1787 2426 1828 suam
2456 1771 2623 1826 vitam
2651 1772 2822 1828 voluit
2849 1787 2969 1828 esse
3013 1773 3334 1838 occisorum,
3366 1781 3424 1828 et
3469 1773 3829 1829 damnationem

581 1865 740 1934 epius
754 1862 1074 1930 suffragator
1096 1863 1308 1924 orabat,
1343 1859 1531 1914 dicens
1556 1877 1569 1911 :
1594 1858 1773 1922 Pater,
1793 1857 1990 1912 dimitte
2010 1857 2170 1927 503
2277 1863 2398 1920 fieri
2450 1863 2623 1920 voluit
2667 1865 3049 1920 occidentium.
3105 1864 3342 1920 Rediens
3379 1875 3561 1920 autem
3588 1868 3652 1922 ab
3677 1866 3831 1922 inferis

577 1954 722 2008 illis:
753 1954 988 2007 nesciunt
1025 1951 1148 2023 quid
1178 1952 1377 2023 faciant
1397 1949 1620 2021 (Ibid.);
1651 1957 1706 2004 et
1745 1963 1869 2004 cum
1915 1948 1968 2001 in
2006 1963 2172 2002 manu
2277 1957 2355 2013 sic
2375 1972 2504 2012 suos
2529 1957 2809 2026 requisivit
2829 1956 3124 2026 apostolos,
3149 1963 3210 2010 ut
3235 1956 3414 2011 inesse
3439 1957 3543 2012 sibi
3589 1965 3642 2011 ei
3665 1968 3830 2026 ροιθη-

579 2051 725 2100 esset
753 2044 870 2113 ejus
897 2044 1142 2098 vivorum
1173 2049 1622 2110 mortuorumque
1644 2040 1927 2110 judicium,
1961 2039 2172 2093 veniam
2278 2047 2413 2102 tiam
2459 2046 2778 2109 divinitatis,
2826 2040 2882 2101 et
2927 2046 3208 2100 veritatem
3236 2046 3416 2102 carnis
3442 2046 3752 2102 ostenderet.
3779 2044 3832 2099 Et

2278 2135 2420 2200 ideo,
2445 2136 2638 2192 fratres
2667 2136 2954 2201 carissimi,
2986 2135 3202 2192 Christo
3228 2152 3260 2190 a
3280 2137 3514 2192 mortuis
3559 2144 3832 2206 resurgente

2276 2225 2544 2294 laetemur,
2566 2240 2892 2294 carnemque
2921 2225 3070 2280 illum
3096 2241 3250 2280 suam
3274 2226 3342 2280 ab
3373 2225 3564 2281 inferis
3587 2239 3831 2282 revocasse

579 2144 763 2190 tamen
795 2134 816 2173 τ
848 2133 1200 2205 pereuntibus
1222 2133 1572 2203 precabatur;
1597 2131 1692 2189 sed
1717 2147 1801 2198 ea,
1831 2140 1890 2186 ut
1917 2131 2172 2198 arbitror,

578 2227 814 2296 ratione,
865 2233 926 2281 ut
953 2223 1322 2280 indubitanter
1348 2223 1680 2289 ostenderet,
1713 2231 1770 2278 et
1793 2237 1854 2278 se
1900 2222 2018 2291 ejus
2064 2230 2174 2276 tam

581 2315 847 2372 nefarium
871 2316 1118 2372 relaxare
1137 2314 1416 2380 delictum,
1442 2321 1498 2369 et
1526 2329 1557 2367 a
1585 2329 1685 2368 suo
1716 2313 1836 2368 illos
1859 2311 2020 2368 Patre
2063 2327 2172 2366 non
2277 2315 2579 2383 credamus,
2619 2327 2680 2372 ut
2721 2319 2992 2388 possimus
3045 2324 3100 2373 et
3125 2319 3437 2388 apostolica:
3459 2319 3660 2386 gratias,
3685 2327 3732 2373 et
3753 2318 3831 2372 do-

581 2422 704 2461 essc
729 2407 1087 2472 damnandos,
1120 2405 1316 2476 quibus
1344 2406 1461 2476 ipse
1487 2405 1765 2475 parcebat,
1793 2405 1840 2459 si
1869 2412 2048 2459 tamen
2106 2404 2176 2459 ad
2278 2411 2489 2466 minicze
2516 2411 2931 2468 resurrectionis
2975 2409 3335 2468 desiderabile
3383 2411 3706 2468 consortium
3729 2423 3831 2481 pro-

580 2513 782 2555 nomen
809 2497 1030 2566 Christi,
1056 2497 1338 2569 repudiata
1359 2495 1606 2568 perfidia,
1633 2497 2007 2553 convenirent.
2039 2497 2173 2552 Nam
2280 2503 2482 2558 mereri
2519 2502 2558 2556 ί.

2004 2611 2275 2675 SERMO
2315 2614 2449 2675 XL.

1658 2709 1735 2765 De
1763 2710 1945 2765 eadem
1976 2709 2252 2767 Pascltatis
2283 2714 2609 2768 solemnitate
2632 2713 2772 2768 XII.

2045 2826 2435 2883 ADMONlTlO.

653 2918 1056 2992 Perelegantem
1084 2917 1230 2971 hunc
1254 2931 1563 2992 sermonem
1594 2916 1662 2972 de
1685 2916 1949 2992 Pa_schat_e
1970 2934 2094 2992 cum
2125 2921 2348 2992 reliquis
2377 2921 2433 2992 S.
2468 2921 2687 2977 Maximi
2709 2922 2916 2992 primus
2941 2939 3010 2979 ex
3033 2923 3220 2980 codice
3241 2925 3599 2982 Ambrosiam
3626 2930 3674 2983 in
3692 2927 3831 2980 lucem

581 2990 924 3062 protulit,iut
970 2997 1312 3062 compertum
1356 2996 1458 3048 est.
1498 2986 1857 3062 _Mura_torius.
1893 2988 2078 3062 Fidem
2125 2986 2281 3062 tanti,
2303 2991 2506 3046 codicis
2550 3002 2604 3046 et
2632 2986 2854 3047 edi-toris
2884 3009 3140 3062 augemus
3168 2996 3476 3051 testimonio
3510 2999 3623 3052 cod.
3676 2996 3832 3050 Tauri-

580 3055 782 3126 nensis,
807 3055 1453 3184 tibideztstat‘inscriptus:
1491 3055 1621 3110 Item
1643 3057 1709 3111 dc
1739 3056 1950 3112 Pascha
1970 3076 2138 3115 sermo
2161 3060 2303 3116 XII.
2336 3062 2454 3132 ipsa
2485 3076 2800 3118 sermonum
2846 3055 3016 3118 seriés
3045 3066 3113 3119 ab
3144 3081 3252 3120 uno
3283 3065 3432 3121 fonte
3472 3068 3710 3122 eulndem
3742 3081 3832 3120 πιθα

580 3148 714 3184 nare
739 3147 801 3184 os
827 3145 896 3184 en
939 3147 953 3184 ι
983 3169 998 3182 .
1846 3158 1849 3162 ·

580 3148 714 3187 nare
739 3145 998 3185 OSlenGll.
1846 3158 1849 3162 -

581 3243 1275 3302 Aneuusnwu.——Sanctus
1325 3241 1590 3314 Maximus
1626 3243 1882 3314 explicat
1919 3244 2178 3314 quomodo
2208 3245 2254 3306 Ω
2286 3245 2505 3300 humani
2545 3245 2758 3313 generis
2803 3245 3073 3300 labentem
3113 3256 3342 3301 renovat
3389 3257 3730 3312 senectutem,
3767 3246 3834 3301 di-

1064 3312 2175 3407 ilﬂ‘f‘fjfihdﬁdjf‘
2279 3345 2439 3392 cente
2463 3312 2624 3393 beato
2650 3337 2848 3392 David:
2880 3337 3072 3392 Emitte
3085 3336 3340 3407 Spiritum
3366 3347 3534 3402 tuum,
3563 3350 3609 3392 et
3628 3337 3835 3392 creaban-

651 3383 775 3442 serit
815 3386 879 3439 de
916 3387 1160 3456 mysterio
1179 3386 1321 3438 illius
1343 3384 1667 3448 humilitatis,
1693 3383 1757 3436 de
1783 3399 1953 3448 cruce,
1985 3383 2049 3437 de
2077 3401 2173 3438 no-
2283 3383 2438 3392 ”””’“
2463 3383 2621 3393 "ww
2650 3383 2751 3440 ’Ἴ
2766 3383 2816 3392 “’
2837 3383 2848 3390 ’
2880 3383 3195 3442 ἷ”’ί”’””⁷”
3366 3383 3534 3402 ’””””
3564 3383 3608 3392 ⁷⁷
3629 3383 3819 3392 ”’“’“”

651 3459 805 3500 mimi
842 3456 905 3500 de
933 3457 1326 3500 ’,Νη’,ΜηίωωΔ
2282 3434 2387 3492 tur,
2419 3436 2468 3480 et
2498 3426 2773 3482 renovabts
2795 3429 2982 3498 [artem
3030 3435 3182 3481 terrae
3203 3426 3374 3495 (Psal.
3400 3429 3539 3500 cm).
3567 3428 3836 3483 Renovatur

651 3459 808 3523 mine,
2282 3456 2387 3492 cur,
2419 3456 2467 3480 σι
2499 3456 2772 3482 ιτηυυαυιδ
2795 3456 2870 3498 ,ιιι
2883 3456 2982 3480 ιτιη
3030 3456 3095 3480 ιω
3108 3456 3180 3481 ru:
3203 3456 3374 3495 μ“οαι.
3400 3456 3539 3500 ιιιιι).
3568 3456 3834 3483 ΙὶΰΙΙυῒᾶιυῐ

2279 3519 2532 3573 nimirum
2562 3519 2726 3575 facies
2749 3527 2907 3574 terrae
2937 3520 3188 3586 hominis,
3241 3537 3361 3576 cum
3411 3530 3620 3576 vetusta
3671 3519 3834 3575 diaboli

2280 3610 2600 3679 captivitate
2622 3609 2888 3679 deposita,
2924 3626 3117 3666 novam
3139 3611 3266 3665 novi
3296 3610 3458 3678 Regis
3515 3611 3678 3666 induit
3705 3610 3838 3663 liber-

2281 3709 2474 3756 tatem.
2507 3701 2678 3770 Ipsius
2696 3717 2928 3771 namque
2957 3701 3170 3756 Domini
3192 3703 3460 3757 sententia
3489 3713 3588 3768 est,
3618 3701 3837 3756 dicentis:

2282 3792 2343 3848 Si
2363 3810 2450 3847 vos
2469 3791 2642 3847 Filius
2663 3792 2974 3856 liberaverit,
3003 3811 3116 3848 vere
3136 3794 3284 3848 liberi
3306 3795 3450 3848 eritis
3484 3795 3659 3866 (Joan.
3680 3789 3840 3860 vn).Et

2283 3892 2452 3948 recte,
2487 3883 2768 3948 carissimi,
2801 3883 2947 3939 solus
2985 3884 3080 3939 Dei
3133 3883 3298 3939 Filius
3318 3894 3632 3955 peccatores
3658 3884 3838 3944 liberat,

2283 3973 2410 4041 quia
2439 3973 2589 4028 solus
2616 3973 2752 4029 liber
2784 3982 2868 4030 est
2910 3989 2941 4028 a
2986 3982 3231 4045 peccato,
3263 3984 3323 4029 ut
3361 3975 3480 4044 ipse
3521 3976 3590 4030 de
3610 3989 3666 4029 se
3685 3970 3841 4026 testari

2279 4063 2529 4132 dignatus
2572 4074 2656 4120 est
2696 4080 2796 4135 per
2845 4065 3186 4136 prophetam,
3237 4065 3469 4121 dicens:
3526 4065 3713 4119 Factus
3750 4075 3841 4115 sm

2281 4155 2431 4209 Imma
2453 4157 2564 4210 sine
2585 4157 2845 4226 adjutorio
2865 4158 2999 4210 inter
3019 4165 3246 4211 mortuos
3267 4157 3396 4212 liber
3417 4156 3594 4225 (Psal.
3613 4153 3842 4220 Lxxxvn).

2283 4247 2414 4303 Sine
2434 4248 2702 4317 adiutorio
2731 4249 2916 4316 utique
2961 4256 3090 4302 tunc
3115 4247 3328 4301 videtur
3354 4248 3597 4312 elfectus,
3622 4261 3734 4301 cum
3759 4258 3844 4296 stc-

2282 4337 2460 4392 viendi
2489 4338 2545 4391 in
2572 4353 2696 4391 eum
2724 4337 2996 4406 acciperet
3043 4335 3190 4390 furor
3219 4335 3476 4391 Judaieus
3527 4341 3842 4406 potestatem.

659 3617 850 3670 Annua
879 3612 1094 3684 quidem
1125 3609 1300 3677 nobis,
1355 3607 1549 3663 fratres
1584 3606 1864 3672 carissimi,
1895 3605 2178 3662 dominica:

582 3703 1000 3761 resurrectionis
1027 3701 1289 3756 festivitas
1315 3700 1476 3761 redit,
1527 3699 1622 3754 sed
1671 3700 1759 3754 ubi
1790 3699 2067 3767 religionis
2095 3707 2178 3753 est

581 3797 802 3854 veritas,
837 3807 1033 3846 novum
1057 3806 1274 3858 semper
1294 3797 1378 3844 est
1401 3789 1645 3844 fidelibus
1668 3799 2089 3856 sacramentum,
2116 3799 2176 3844 ut

581 3887 655 3938 ait
678 3881 1014 3937 beatissimus
1044 3879 1241 3932 Paulus
1272 3896 1284 3929 :
1329 3878 1512 3931 Vetera
1535 3879 1874 3942 transierunt,
1899 3883 2038 3950 facta
2058 3890 2178 3934 sunt

581 3974 757 4028 omnia
806 3987 943 4024 nova
967 3968 1056 4040 (11
1087 3968 1207 4022 Cor.
1240 3967 1318 4036 v).
1343 3965 1453 4022 Nec
1476 3967 1746 4022 immerito
1768 3983 1983 4038 semper
2005 3985 2178 4025 novus

581 4061 885 4119 credendus
912 4067 997 4115 est
1025 4059 1120 4113 Dei
1160 4057 1346 4123 Filius,
1376 4057 1467 4126 qui
1511 4057 1713 4112 nullam
1758 4059 1922 4113 sentit
1949 4068 2176 4130 praeter-

580 4153 822 4210 euntium
872 4159 1176 4220 temporum
1215 4156 1578 4214 vetustatem;
1630 4165 1803 4204 novus
1844 4151 2044 4221 quippe
2072 4159 2173 4218 est,

581 4243 790 4306 fratres,
817 4242 870 4296 in
892 4256 1000 4310 quo
1022 4241 1166 4295 nulla
1188 4239 1364 4294 aetatis
1390 4239 1619 4294 mutatio
1640 4247 1741 4303 est,
1771 4257 1869 4295 τινα
1889 4241 2176 4309 aliquando

583 4336 728 4391 aliud
754 4335 908 4390 novit
933 4348 1071 4397 esse,
1102 4348 1264 4402 quam
1296 4338 1453 4385 natus
1479 4339 1579 4386 est.
1613 4330 1756 4386 Deus
1797 4332 1939 4386 enim
1988 4347 2180 4402 proce-

580 4428 714 4483 dens
743 4425 812 4480 de
839 4424 975 4491 Deo,
1005 4431 1065 4476 ut
1112 4421 1409 4477 nativitatis
1463 4437 1570 4475 non
1628 4421 1792 4475 habet
1837 4429 2067 4491 tempus,
2102 4423 2176 4477 ita
2280 4427 2500 4482 Exstitit
2523 4443 2655 4484 vero
2681 4427 2822 4482 inter
2843 4435 3087 4481 mortuos
3132 4427 3290 4491 liber,
3332 4427 3458 4495 quia
3510 4428 3648 4481 inter
3684 4436 3846 4479 omnes

581 4519 744 4573 tinem
766 4532 873 4570 non
897 4517 1079 4584 potest
1106 4512 1308 4567 habere
1337 4511 1574 4575 vivendi,
1600 4519 1660 4566 ut
1680 4512 1756 4565 ait
1782 4513 1848 4566 ad
1897 4527 2023 4567 eum
2068 4513 2180 4582 glo—
2281 4517 2538 4572 mortales
2566 4517 2712 4573 solus
2741 4533 2932 4573 causas
2977 4517 3239 4572 moriendi
3269 4533 3379 4572 non
3409 4518 3618 4573 habuit.
3647 4515 3846 4584 Propter

581 4609 909 4666 riosissimus
938 4605 1243 4676 patriarcha
1277 4604 1444 4658 David
1474 4621 1487 4656 :
1516 4603 1592 4656 Tu
1622 4615 1794 4659 autem
1815 4605 1952 4660 idem
1978 4623 2177 4678 semper
2207 4617 2258 4677 υ
2280 4609 2424 4678 quod
2451 4617 2506 4664 et
2524 4609 2666 4665 victa
2694 4624 2794 4680 per
2819 4623 2944 4664 eum
2969 4624 3116 4664 mors
3142 4607 3378 4663 retinere
3405 4625 3532 4663 eum
3560 4623 3666 4662 non
3694 4602 3848 4676 potuit

581 4720 654 4767 es,
686 4712 736 4757 et
757 4702 881 4755 anni
909 4701 981 4753 tui
1003 4715 1105 4752 non
1135 4697 1374 4767 deﬁcient
1402 4695 1574 4767 (Psal.
1600 4696 1697 4765 (ιι).
1723 4694 1791 4751 Et
1840 4713 1950 4753 non
1997 4697 2172 4752 solum
2281 4708 2671 4769 resurgentem.
2701 4699 2892 4756 Videte
2921 4706 3123 4764 autem,
3169 4699 3452 4763 carissimi,
3503 4705 3755 4768 quantum
3791 4693 3849 4748 sit

585 4793 698 4863 ipse
745 4794 909 4848 homo
947 4790 1210 4854 Christus,
1261 4788 1352 4856 qui
1383 4804 1504 4842 cum
1535 4787 1649 4842 Deo
1687 4787 1859 4844 factus
1880 4799 1962 4844 est
1988 4804 2171 4855 unum,
2283 4788 2338 4843 in
2367 4787 2564 4844 Christi
2595 4790 2896 4845 humilitate
2924 4790 3259 4860 mysterium,
3284 4789 3376 4858 qui
3405 4804 3528 4844 cum
3554 4797 3775 4843 :nternus
3792 4783 3849 4837 sit

585 4900 800 4954 semper
827 4892 910 4938 cst
938 4897 1134 4946 novus;
1165 4879 1261 4934 sed
1289 4893 1504 4949 semper
1523 4878 1693 4934 videri
1718 4879 1893 4943 datur,
1925 4879 2178 4950 spiritua-

585 4973 714 5028 lium
737 4989 994 5042 aquarum
1025 4973 1284 5034 fomento,
1312 4978 1370 5025 et
1392 4971 1631 5025 caelestis
1659 4971 1779 5026 fidei
1829 4973 2177 5028 nutrimentis

659 5133 682 5161 ⁸
713 5123 858 5204 Idem
889 5124 1011 5204 cod.
1035 5125 1182 5190 Vat.,
1217 5120 1328 5176 Nec
1357 5122 1686 5179 latrocinium
1701 5126 1782 5180 sui
1802 5127 1940 5198 apud
1963 5127 2178 5183 Patrem

586 5202 881 5265 sanguinis,
911 5202 1014 5246 etc.

658 5264 685 5303 ιδ
715 5262 859 5338 idem
888 5262 1010 5338 cod.
1039 5262 1187 5338 Xat.,
1207 5263 1446 5338 uniuerso
1476 5265 1924 5338 humanogeneri.

660 5345 683 5372 ε
715 5331 860 5412 idem
887 5331 1009 5412 cod.
1039 5331 1187 5396 Vat.,
1210 5332 1476 5390 Habemus
1497 5344 1546 5390 et
1575 5331 2175 5410 aliud'permagniﬁcum

585 5404 880 5466 dominicw,
907 5408 1012 5455 etc.

657 5471 684 5509 ά
712 5471 872 5548 μάθωΔ
906 5471 1026 5526 cod.
1060 5470 1210 5540 Vat.,
1249 5477 1619 5532 condemnatus
1649 5476 1884 5532 Christus
1912 5477 1976 5530 ab
2005 5478 2177 5548 impiis

584 5543 828 5615 penderet
855 5541 911 5595 in
931 5557 1100 5615 cruce.

660 5622 684 5651 ο
713 5609 860 5694 Idem
880 5611 1005 5666 cod.
1041 5613 1185 5695 vat.,
1210 5613 1355 5695 illis;
1385 5617 1506 5695 quia
1545 5618 1780 5673 nesciunt
1801 5618 1925 5690 quid
1946 5619 2176 5690 faciunt;

581 5693 632 5740 et
659 5700 775 5740 cum
796 5691 848 5736 in
868 5699 1025 5738 manu
1055 5691 1169 5754 ejus
1196 5693 1347 5750 esset,
1402 5691 1508 5738 etc.

2282 4879 2350 4933 ab
2376 4888 2599 4946 aeterno,
2622 4890 2678 4936 et
2707 4880 2965 4934 Dominus
2987 4880 3369 4946 universitatis,
3393 4893 3673 4935 servorum
3695 4885 3848 4930 tamen

2281 4988 2505 5028 suorum
2534 4973 2780 5044 perficiat
2799 4973 3128 5028 libertatem.
3165 4971 3380 5028 Gaudet
3428 4971 3660 5040 injuriis,
3691 4965 3848 5022 exsul—

2361 5129 2381 5168 ί
2413 5129 2600 5185 Codex
2628 5129 2897 5194 Vatican.,
2939 5128 3139 5182 veniam
3174 5139 3343 5182 tamen
3395 5123 3725 5197 peccantibus
3748 5137 3848 5190 pre-

2283 5200 2530 5264 cabatur;
2568 5199 2660 5254 sed
2691 5216 2774 5262 ea,
2805 5209 2862 5252 ut
2890 5198 3134 5262 arbitror,
3168 5194 3475 5261 ratione,“
3524 5194 3853 5248 indubitanter

2283 5272 2592 5340 ostenderet,
2621 5278 2670 5322 et
2693 5286 2748 5323 se
2773 5270 2846 5340 eis
2858 5278 2984 5340 itam
3011 5269 3272 5340 nefarium
3310 5267 3581 5322 relaxatae
3608 5265 3846 5317 delictum.

2285 5337 2576 5394 Uniformis
2596 5347 2680 5393 est
2697 5339 2818 5394 cod.
2844 5337 3166 5392 CasinenSis.

2356 5420 2382 5457 ε
2413 5409 2546 5464 Cod.
2575 5408 2781 5471 Casin.,
2811 5406 3058 5462 Sciebant
3081 5409 3217 5462 enim
3245 5422 3380 5460 eum.

2353 5479 2377 5516 ιι
2407 5477 2542 5534 Cod.
2573 5479 2694 5533 Vat.
2727 5477 2928 5532 omittit
2947 5494 3062 5532 sua.

2359 5547 2373 5585 ί
2409 5548 2552 5605 Idem
2583 5547 2700 5603 cod.
2733 5547 2881 5610 Vat.,
2910 5547 3011 5611 Qui
3039 5563 3153 5601 cum
3179 5545 3360 5612 Patre,
3387 5553 3434 5600 et
3453 5543 3659 5613 Spiritu
3685 5542 3851 5595 suum

2279 5618 2397 5674 vivit
2424 5628 2475 5675 et
2501 5628 2681 5692 regnat
2701 5620 2756 5674 in
2783 5618 2975 5674 stuc-uia
2999 5618 3327 5674 swculorum.
3361 5617 3545 5671 Amen.

3775 5790 3808 5800 ον-

2325 5815 2370 5830 με
