4054 6194
200 366 308 419 61⁵1

1642 361 1871 420 SERMO
1908 357 2037 418 XLI.

3357 360 3462 417 M8

200 490 284 534 tat
311 476 639 548 opprobriis,
662 476 818 546 505
847 476 1126 542 omnisque
1153 475 1202 529 ei
1226 474 1523 543 triumphus
1552 474 1605 528 in
1625 489 1785 529 cruce
1813 481 1858 537 Α
1888 472 2048 543 506
2072 471 2245 527 hostia
2286 472 2379 526 vili
2411 470 2591 540 aliqua
2630 482 2793 541 atque
2837 478 3094 527 consueta
3140 479 3314 526 morte
3342 488 3468 528 sne-

197 576 305 631 est,
332 564 756 632 admirandoque
775 562 993 617 remedii
1015 576 1211 630 genere
1233 562 1505 616 diabolum
1536 562 1787 630 patiendo

198 663 449 726 superat,
480 662 535 707 et
560 653 831 707 hominem
862 650 1140 706 moriendo
1170 651 1417 705 viviﬁcat.
1452 650 1580 716 Qua:
1607 651 1789 705 omnia

201 762 304 815 pro
326 745 481 798 nobis
504 741 817 811 Unigenitus
840 741 933 794 Dei
951 741 1148 809 pietate
1168 754 1449 808 aggressus
1468 750 1570 808 est,
1592 741 1792 795 virtute

200 836 482 898 sustinuit,
513 822 1087 900 humilitate‘perl‘eeit.
1134 830 1225 884 Ait
1252 832 1319 885 de
1359 831 1460 885 hac
1488 831 1790 885 humilitate

204 927 373 981 Isaias
392 924 655 993 propheta
690 939 703 974 ε
733 923 879 975 Sicut
918 937 1081 992 agnus
1123 936 1297 975 coram
1327 922 1564 975 tondente
1590 937 1644 973 se
1681 921 1791 973 sine

201 1032 347 1076 voce,
380 1013 455 1067 sic
481 1029 585 1065 non
624 1011 821 1080 aperuit
848 1027 903 1063 os
932 1028 1078 1064 suum
1105 1011 1159 1063 in
1200 1009 1485 1063 humilitate
1509 1026 1602 1063 sua
1632 1008 1785 1079 (Isai.

202 1103 345 1171 uti).
376 1101 545 1168 Quam
566 1100 829 1169 speciosa,
856 1098 1063 1163 fratres,
1090 1100 1423 1168 comparatio
1463 1099 1563 1152 ista
1582 1139 1596 1164 ,
1630 1107 1792 1166 atque

199 1189 557 1247 accommoda
580 1188 827 1242 veritati!
853 1186 1001 1241 Sicut
1020 1189 1161 1242 enim
1182 1203 1303 1243 cum
1326 1187 1577 1242 tondetur
1602 1202 1790 1255 agnus,

206 1280 386 1335 nescit
440 1277 737 1333 reclamare
788 1275 1063 1342 tondenti;
1095 1276 1169 1329 ita
1221 1290 1343 1330 cum
1392 1274 1786 1343 cruciﬁgeretur

202 1369 477 1435 Christus,
508 1382 617 1421 non
646 1366 843 1420 restitit
870 1366 1195 1420 vulneranti.
1224 1365 1493 1435 Spoliatur
1520 1380 1710 1435 agnus,
1738 1373 1795 1420 et

200 1463 364 1525 silet;
387 1459 653 1515 occiditur
680 1455 944 1520 Christus,
968 1464 1024 1510 et
1052 1464 1211 1511 tacet.
1242 1457 1522 1512 Silentium
1552 1457 1696 1525 agni,
1713 1456 1793 1511 la-

200 1554 395 1620 nigero
419 1550 647 1605 detonso
676 1548 895 1611 vellere,
918 1547 1191 1603 hominem
1220 1549 1402 1605 vestit.
1434 1548 1792 1604 Taciturnitas

201 1641 407 1697 Christi
430 1639 638 1695 cunctis
665 1637 1004 1693 credentibus
1029 1644 1244 1691 aeterna:
1271 1638 1456 1692 salutis
1484 1637 1792 1691 indumenta

202 1732 479 1802 prtetexit.
512 1728 635 1783 Non
677 1729 897 1799 aperuit,
930 1727 1134 1795 inquit,
1166 1744 1223 1782 os
1250 1729 1306 1781 in
1339 1728 1625 1781 humilitate
1653 1744 1745 1781 sua
1769 1743 1787 1780 :

1889 562 2199 626 cumberet;
2241 561 2335 615 sed
2363 569 2420 614 ut
2463 560 2556 615 Dei
2613 571 2775 631 atque
2803 561 3078 615 hominum
3117 559 3384 615 mediator
3413 562 3467 615 in

1889 651 2067 705 medio
2096 651 2217 706 cmli
2248 658 2302 705 et
2331 658 2487 705 terra:
2533 656 2796 719 susceptae
2824 651 3013 705 mortis
3056 649 3338 719 perﬁceret
3380 666 3468 705 sa-

1891 751 2246 795 cramentum.
2304 741 2504 796 Auctor
2532 742 2714 809 itaque
2765 741 2889 795 vittae
2930 748 3112 794 nostra
3159 740 3469 795 conditione

1892 838 1975 885 est
1995 838 2256 895 mortuus,
2284 841 2343 884 ut
2370 846 2471 885 nos
2492 831 2632 884 illius
2665 830 2942 900 privilegio
2968 831 3287 885 viveremus.
3326 830 3467 884 Crn-

1892 918 2083 975 ciﬁxus
2111 934 2239 989 ergo
2268 928 2354 974 est
2407 920 2503 975 Dei
2552 920 2736 983 Filius,
2768 935 2876 975 non
2922 929 2982 975 ut
3026 937 3157 975 crux
3197 920 3466 976 Christum

1893 1010 2138 1078 ﬁedaret,
2169 1011 2263 1066 sed
2291 1020 2349 1064 ut
2370 1020 2709 1066 sacramento
2735 1011 2932 1066 Christi
2952 1027 3084 1066 crux
3101 1021 3295 1066 nostrze
3317 1011 3468 1066 ﬁeret

1891 1100 2099 1167 insigne
2125 1098 2383 1154 victoriae.
2418 1100 2659 1169 Denique
2710 1117 2808 1155 nos
2853 1114 3076 1169 omnes,
3128 1104 3219 1171 qui
3268 1103 3466 1158 Christi

1893 1189 2233 1245 confessione
2285 1189 2609 1257 gaudemus,
2639 1191 2812 1245 crucis
2852 1191 3125 1258 signaculo
3153 1192 3463 1258 gloriamur.

1893 1284 2074 1353 Neque
2100 1298 2228 1338 vero
2273 1282 2576 1338 Christiana
2614 1284 2735 1351 quis
2779 1290 2962 1352 potest
3007 1284 3196 1337 militia
3236 1285 3467 1352 censeri,

1893 1374 1996 1428 nisi
2018 1372 2161 1427 ﬁdeli
2185 1387 2347 1426 manu
2376 1371 2631 1425 vexillum
2653 1373 2889 1426 erexerit
2916 1371 3187 1427 Cruciﬁxi.
3221 1370 3300 1426 0b
3331 1374 3472 1427 hanc

1893 1464 2067 1518 crucis
2115 1470 2368 1530 mortem,
2398 1462 2533 1516 sicut
2576 1462 2789 1530 legitur,
2836 1465 3090 1519 exaltavit
3130 1466 3472 1534 omnipotens

1893 1555 2162 1610 Christum
2191 1569 2369 1620 suum,
2399 1569 2706 1624 nomenque
2755 1555 2829 1607 illi
2859 1570 3021 1624 super
3067 1572 3227 1611 omne
3274 1571 3474 1611 nomen

1892 1645 2061 1701 dedit.
2093 1645 2246 1699 Dedit
2276 1645 2560 1698 illinomen
2589 1659 2752 1713 super
2788 1659 2947 1699 omne
2974 1660 3191 1707 nomen,
3232 1661 3355 1700 cum
3384 1642 3468 1699 di—

1894 1736 2025 1791 tioni
2060 1735 2420 1805 potestatique
2460 1733 2576 1803 ejus
2604 1734 2839 1789 caelestia
2869 1735 3100 1799 tradidit,
3133 1736 3385 1791 mundum
3418 1744 3475 1792 et

200 1820 257 1875 id
279 1826 386 1886 est,
414 1817 557 1888 quod
579 1817 720 1898 inter
742 1815 1029 1885 opprobria
1055 1824 1110 1870 et
1135 1816 1419 1870 maledicta
1450 1817 1614 1870 tacuit
1634 1814 1788 1869 Chri-

1897 1824 2098 1880 inferna
2127 1824 2372 1893 subjecit,
2396 1831 2457 1877 ut
2496 1823 2572 1877 ait
2615 1823 2731 1893 ip'se
2774 1822 3023 1878 Salvator
3055 1841 3068 1876 :
3112 1822 3303 1877 Omnia
3348 1821 3475 1879 mihi

199 1919 339 1973 stus,
366 1923 474 1962 non
509 1907 608 1960 fuit
651 1906 898 1969 miseriae,
931 1903 1025 1959 sed
1070 1904 1298 1959 virtutis.
1329 1903 1443 1958 Tali
1473 1904 1618 1958 enim
1662 1919 1787 1973 pro-

199 2000 386 2068 posito
416 1996 509 2051 Dei
538 1996 701 2049 Filius
728 1994 985 2049 mundum
1015 1994 1390 2064 redempturus
1435 1994 1682 2061 advenit,
1728 2002 1789 2048 ut

200 2087 469 2157 superbos
513 2085 831 2149 humilitate,
863 2092 1211 2138 contumaces
1251 2082 1531 2150 modestia,
1561 2080 1787 2136 maledi-

200 2189 398 2233 centes
416 2176 629 2231 silentio
658 2173 1037 2243 triumpharet.
1068 2172 1144 2225 Ita
1158 2186 1309 2237 sane,
1333 2180 1388 2226 et
1410 2172 1631 2240 legitur:
1660 2169 1786 2224 Cum

201 2268 615 2328 malediceretur,
635 2280 736 2317 non
754 2260 1152 2332 maledicebat_(l
1170 2260 1397 2332 Pelr.n).
1414 2260 1522 2315 Nec
1535 2260 1779 2315 dubitan-

202 2357 336 2410 dum
371 2356 503 2420 haec,
529 2353 744 2419 fratres,
768 2351 892 2420 quia
918 2350 1236 2405 maledicere
1259 2367 1383 2406 vera
1412 2350 1786 2406 benedictione

200 2447 415 2501 sciebat
449 2462 462 2497 :
496 2458 669 2513 neque
697 2442 838 2496 enim
869 2441 1094 2496 terrenis
1123 2441 1326 2495 moveri
1352 2448 1565 2510 poterat
1614 2441 1784 2495 male-

202 2538 387 2601 dictis,
417 2536 511 2605 qui
538 2534 938 2590 benedictiones
965 2542 1189 2587 venerat
1227 2540 1483 2601 praestare
1524 2531 1590 2586 de
1628 2532 1785 2588 cmlo.

203 2628 275 2681 Et
308 2636 455 2682 recte
477 2626 749 2697 Sapientia
786 2623 881 2678 Dei
908 2622 1153 2678 Christus
1180 2623 1323 2676 nulla
1351 2622 1789 2677 maledicentibus

204 2720 498 2776 maledicta
527 2719 812 2784 referebat,
842 2716 965 2787 quia
995 2731 1156 2771 omne
1169 2715 1510 2771 maledictum
1530 2714 1787 2784 patientia

206 2828 587 2883 repercussum
638 2813 693 2865 in
738 2824 892 2865 suum
939 2807 1079 2863 redit
1134 2814 1427 2862 auctorem.
1484 2804 1791 2859 Humiliavit

208 2904 397 2972 itaque
436 2915 492 2957 se
525 2900 787 2968 Christus,
815 2906 874 2953 ut
918 2898 991 2951 ait
1018 2896 1324 2967 Apostolus,
1356 2897 1522 2966 factus
1551 2893 1789 2948 obediens

206 3011 373 3065 usque
418 2994 487 3047 ad
528 3002 763 3060 mortem,
808 2998 1021 3045 mortem
1050 2998 1219 3042 autem
1250 2989 1413 3040 cruris
1442 2986 1656 3058 (Philip.
1692 2985 1783 3055 lt).

1890 1918 2081 1972 tradita
2119 1925 2237 1970 sunt
2264 1934 2297 1969 a
2327 1915 2486 1969 Patre
2511 1932 2621 1970 meo
2646 1916 2701 1968 in
2728 1915 2852 1969 caelo
2880 1920 2929 1969 et
2976 1916 3030 1968 in
3058 1924 3196 1969 terra
3243 1915 3470 1984 (Matth.

1891 2010 1987 2080 χι).
2018 2009 2097 2063 An
2127 2024 2236 2063 non
2258 2007 2470 2062 videtur
2490 2015 2676 2061 tenere
2700 2021 2861 2075 super
2879 2013 3073 2061 cuncta
3115 2006 3472 2072 dominatum,

1889 2114 1961 2153 an
2009 2114 2116 2153 non
2159 2098 2359 2151 habere
2403 2096 2795 2165 principatum,
2846 2110 3027 2164 quem,
3073 2097 3212 2151 sicut
3259 2096 3469 2163 legitur,

1890 2196 2137 2242 creatura
2165 2186 2340 2240 omnis
2365 2184 2505 2238 ﬂexo
2541 2192 2760 2238 curvata
2800 2200 2938 2254 genu
2962 2186 3140 2238 tremit
3169 2194 3224 2239 et
3250 2186 3472 2254 suspicit

1890 2276 2278 2347 imperantem?
2303 2274 2543 2343 Denique
2571 2275 2840 2328 nonnulla:
2865 2274 2974 2343 jam
3007 2282 3213 2343 gentes,
3241 2291 3362 2329 cum
3384 2276 3469 2329 in-

1894 2368 1975 2417 ter
1996 2374 2054 2414 se
2073 2359 2381 2414 diversitate
2408 2358 2622 2412 vivendi
2651 2365 2702 2411 et
2730 2358 3030 2426 linguarum
3066 2359 3328 2413 varietate
3357 2359 3470 2413 dis-

1891 2450 2120 2514 sideant,
2152 2449 2205 2502 in
2236 2446 2573 2503 confessione
2595 2456 2775 2502 tamen
2796 2446 2993 2502 Christi
3020 2464 3126 2502 uno
3155 2450 3356 2518 pariter
3378 2463 3471 2503 ore

1892 2540 2249 2604 concordant;
2279 2546 2335 2593 et
2379 2538 2506 2593 licet
2534 2539 2697 2607 aliqui
2743 2553 2812 2593 ex
2841 2537 2921 2592 eis
2949 2539 3199 2596 suasione
3236 2539 3470 2608 pessima

1890 2633 1955 2687 de
1982 2632 2098 2701 ejus
2119 2647 2149 2685 a
2180 2630 2335 2686 nobis
2362 2630 2669 2699 discrepent
2700 2630 2932 2692 deitate,
2964 2630 3242 2684 nobiscum
3293 2639 3471 2685 tamen

1891 2728 1950 2775 et
1972 2735 2185 2789 passum
2207 2719 2376 2785 illum,
2402 2727 2457 2773 et
2486 2719 2707 2774 rediisse
2728 2734 2757 2772 a
2786 2720 3011 2773 mortuis
3040 2719 3379 2774 conﬁtentur.
3405 2721 3471 2775 Et

1891 2811 2011 2866 ideo
2035 2826 2149 2875 nos,
2172 2810 2521 2876 dilectissimi,
2542 2810 2992 2864 resurrectionem
3010 2810 3204 2865 Christi
3230 2825 3471 2878 regnum-

1891 2915 1995 2970 que
2039 2900 2316 2955 credentes
2340 2940 2355 2965 ,
2386 2900 2545 2954 castis
2573 2899 2843 2953 mentibus
2869 2907 2922 2953 et
2950 2907 3136 2954 saneta
3185 2900 3471 2955 devotione

1892 2985 2154 3052 laetemur,
2185 2993 2466 3053 quatenus,
2495 2983 2639 3051 quod
2664 2983 2982 3038 universitas
3003 2984 3190 3045 credit,
3224 2999 3320 3038 nos
3336 3000 3472 3053 quo-

205 3085 397 3154 Usque
425 3084 493 3140 ad
546 3092 774 3139 mortem
830 3096 889 3138 se
931 3080 1104 3135 crucis
1146 3077 1419 3143 humiliat,
1450 3090 1519 3130 ne
1560 3074 1791 3129 caelestis
1818 3066 1861 3127 C
1893 3090 1997 3144 quc
2028 3091 2131 3130 non
2154 3074 2456 3139 diseredere
2486 3071 2589 3129 ﬁde
2623 3080 2677 3128 et
2704 3072 2957 3143 operibus
2984 3073 3360 3143 approbemus.

1611 3204 1877 3266 SERMO
1923 3206 2084 3265 XLI.

1290 3309 1366 3364 De
1393 3308 1571 3362 eadem
1590 3307 1864 3361 Paschatis
1891 3306 2213 3361 solemnitate
2238 3304 2411 3359 XIII.

1664 3415 2051 3472 ADMONITIO.

285 3526 532 3597 Optimus
560 3525 612 3579 in
643 3523 846 3597 eritice_
866 3516 1118 3587 magister
1163 3507 1486 3596 Muratorius
1511 3510 1672 3597 unius
1697 3512 1896 3597 codicis
1930 3511 2265 3597 Ambrosiam
2315 3510 2641 3597 ξςξιίῐηρηίε,
2665 3510 2896 3597 ἱῃιξίιιιξ,
2929 3510 3073 3597 lim}?
3105 3526 3407 3597 ngjnmeem
3438 3532 3466 3597 εξ

212 3579 456 3653 tenebris
480 3579 689 3650 erutum
716 3594 772 3647 S.
802 3579 1034 3644 Maximo
1061 3586 1305 3647 asseruit,
1338 3592 1541 3653 etcum
1571 3583 1689 3637 aliis
1715 3582 1953 3651 ejusdem
1978 3582 2212 3637 auctoris
2241 3580 2549 3651 publicavit.
2582 3579 2679 3636 Hic
2697 3580 2837 3635 idem
2863 3581 2917 3634 in
2936 3579 3125 3635 codice
3155 3581 3467 3641 'l'aurincnsi

213 3652 413 3736 htgitur
444 3665 724 3733 inscriptus
749 3681 761 3714 :
780 3661 857 3714 De
892 3658 1093 3711 Pascha
1109 3673 1273 3710 sermo
1293 3652 1467 3707 XIII.

214 3802 609 3858 Ancouenrun.
659 3828 730 3841 -——
759 3795 916 3850 Isaia
936 3797 1174 3865 primum,
1198 3792 1379 3847 deinde
1408 3792 1621 3846 Davidis
1651 3794 1795 3846 testi-

285 3872 476 3924 moniis
522 3867 795 3937 propositis
822 3867 1119 3937 capioseque
1137 3865 1427 3937 explicatis,
1458 3878 1551 3916 nos
1579 3879 1793 3937 quoque,

286 3943 364 3993 ait
392 3932 685 3994 sanc'tns'M
692 3932 923 4001 eximus,
954 3932 1192 4004 religiosa
1220 3932 1328 4004 Deo
1383 3941 1559 3986 nostro
1591 3932 1796 4003 ‘gaudia

287 4011 603 4078 deferamus,
624 4015 784 4078 atque
811 4004 1009 4058 Pascha
1024 4003 1077 4057 in
1104 4003 1297 4072 azymis
1317 4004 1626 4056 sinceritatis
1648 4011 1695 4055 et
1717 4018 1797 4055 ca-

288 4076 483 4134 stitatis
509 4076 834 4130 celebremus.

295 4168 685 4238 Prophetarum
738 4164 1035 4235 praecipuus
1080 4162 1424 4218 beatissimus
1480 4160 1656 4225 Isaias,
1705 4161 1794 4229 qui

219 4258 477 4331 mysteria
508 4257 819 4323 nativitatis,
849 4254 1255 4309 resurrectionis
1276 4253 1554 4307 dominicae
1583 4252 1794 4306 intona-

219 4355 321 4415 vit,
360 4351 436 4403 ait
481 4351 621 4404 inter
664 4357 855 4403 caetera
891 4364 903 4400 :
948 4346 1183 4409 Ltetare,
1234 4345 1435 4413 cazlum,
1490 4354 1538 4398 et
1578 4345 1797 4398 exsultet

218 4454 398 4506 terra;
426 4449 693 4511 erumpant
720 4447 914 4493 montes
934 4438 1328 4508 jucunditatem,
1365 4446 1413 4489 et
1458 4437 1610 4489 colles
1643 4436 1793 4506 justi-

222 4537 372 4596 tiam,
405 4534 524 4605 quia
549 4533 783 4585 misertus
836 4540 913 4584 est
957 4530 1094 4584 Deus
1120 4534 1309 4601 populo
1355 4546 1444 4582 suo
1464 4568 1478 4594 ,
1509 4538 1557 4582 et
1586 4528 1796 4581 humiles

216 4624 400 4697 populi
426 4624 503 4676 sui
520 4622 810 4675 consolatus
833 4619 1094 4688 est(Psal.
1123 4623 1267 4691 xcv).
1308 4618 1420 4673 Hoc
1449 4618 1792 4688 praeconium,

1900 3807 2122 3861 regnum
2144 3791 2505 3849 universitatis
2532 3792 2755 3862 accepit.
2795 3791 3014 3859 Lwture,
3046 3792 3234 3861 inquit,
3270 3793 3467 3859 cwlum,

1899 3894 1948 3936 et
1975 3884 2192 3937 exsultet
2233 3893 2387 3937 terra.
2413 3882 2658 3938 Exsultat
2706 3883 2955 3936 nimirum
3001 3883 3221 3936 humani
3262 3886 3469 3949 generis

1902 3982 2064 4039 terra,
2096 3990 2213 4044 quae
2233 3975 2490 4043 sanguine
2512 3975 2647 4044 Agni
2670 3975 2905 4030 caelestis
2928 3988 3145 4044 aspersa
3171 3990 3277 4028 non
3303 3976 3472 4030 solum

1901 4065 2140 4120 redditur
2165 4065 2437 4135 paradiso,
2468 4064 2559 4118 sed
2582 4074 2869 4133 regnatura
2914 4080 3032 4120 cum
3063 4064 3291 4119 Domino
3318 4080 3473 4121 voca~

1901 4164 1991 4212 tur
2017 4158 2083 4213 ad
2112 4158 2324 4213 caelum.
2356 4157 2600 4211 Exsultet
2627 4164 2682 4211 et
2702 4172 2829 4213 caro
2858 4167 3060 4223 nostra,
3092 4172 3210 4225 qum
3244 4174 3371 4213 vere
3396 4169 3482 4215 est

1905 4256 2066 4314 terra,
2114 4247 2364 4317 quoniam
2392 4244 2685 4314 gloriﬁcata
2723 4260 2822 4315 per
2865 4244 3136 4299 Christum
3164 4247 3475 4301 societatem

1902 4340 2203 4394 Divinitatis
2229 4338 2469 4392 emeruit.
2497 4336 2809 4407 Erumpunt,
2839 4337 2933 4403 ait,
2962 4346 3155 4390 montes
3177 4340 3474 4407 jucundita-

1906 4441 2025 4499 teni,
2072 4440 2121 4483 et
2169 4430 2324 4483 colles
2346 4417 2625 4498 justitiam.
2682 4427 2792 4482 Hos
2825 4437 3039 4482 montes
3073 4427 3345 4495 collesque
3385 4427 3473 4496 qui

1904 4523 2204 4575 excitantur
2228 4519 2291 4575 ad
2331 4520 2540 4588 gaudia,
2568 4521 2901 4591 patriarchas
2927 4520 3027 4575 dici
3069 4536 3174 4575 non
3222 4521 3473 4575 inconve-

1904 4615 2112 4669 nienter
2139 4614 2445 4682 accipimus,
2478 4613 2617 4669 sicut
2644 4621 2699 4668 et
2725 4613 2779 4668 in
2807 4613 2970 4668 David
3003 4621 3192 4668 saneto
3220 4613 3470 4680 legimus:

220 4685 439 4777 Iratres,
472 4712 538 4767 ad
568 4713 665 4766 hos
702 4685 1103 4780 quammaxime
1142 4685 1408 4779 pertinere
1437 4685 1569 4774 (lies,
1600 4707 1801 4762 l'estivi-
1829 4685 1879 4744 ι)
1910 4705 2213 4759 Illuminans
2240 4714 2294 4757 tu
2338 4705 2645 4759 mirabiliter
2692 4722 2723 4758 a
2769 4704 3023 4758 montibus
3065 4705 3271 4757 teternis
3302 4702 3471 4773 (Psal.

220 4813 501 4871 tatemque
529 4802 887 4871 przenuntiare
914 4802 1240 4871 paschalem,
1263 4810 1318 4855 et
1338 4817 1404 4855 ex
1425 4801 1589 4870 ipsius
1618 4800 1802 4854 lectio—

220 4900 309 4953 nis
336 4896 662 4951 advertimus
675 4896 835 4960 serie,
854 4903 908 4950 et
934 4911 1001 4950 ex
1023 4895 1475 4964 consequentibus
1493 4893 1800 4949 edocemur.

221 4988 393 5041 Recte
420 4986 579 5056 igitur
608 5001 749 5040 nunc
770 4985 1006 5040 caelestia
1029 4986 1079 5037 in
1107 5000 1319 5039 omnem
1352 4984 1586 5037 laetitiam
1608 4996 1804 5052 provo-

216 5086 435 5142 camur,
464 5075 677 5145 quando
706 5073 1020 5142 Unigenitus
1039 5074 1312 5136 Altissimi,
1345 5074 1587 5129 contritis
1612 5070 1804 5126 inferni

218 5164 397 5235 portis
450 5163 768 5233 dejectoque
807 5164 1058 5231 diabolo,
1087 5163 1442 5218 maestissimis
1491 5163 1803 5217 mortalibus

214 5253 420 5323 gaudia
448 5253 617 5307 beata:
662 5255 1032 5323 perpetuitatis
1078 5254 1301 5308 invexit.
1335 5254 1614 5320 Quomodo
1645 5255 1801 5324 507

213 5348 409 5398 autem
436 5352 649 5413 poterat
676 5360 780 5399 non
810 5345 1043 5412 gaudere
1082 5346 1275 5400 cmlnm
1318 5361 1437 5400 cum
1467 5345 1672 5399 videret
1702 5345 1806 5399 Do-

214 5435 433 5490 minum
462 5450 614 5488 suum
636 5444 855 5504 peracto
882 5436 1068 5490 salutis
1100 5444 1293 5491 nostra:
1320 5437 1503 5506 praelio
1536 5437 1604 5490 ad
1623 5438 1804 5491 sedem

212 5523 527 5594 Inajesta'tis
554 5541 680 5589 suae,
713 5533 768 5580 et
794 5525 861 5579 ad
900 5526 1175 5580 dexteram
1202 5525 1373 5581 Patris
1419 5527 1607 5581 sedere
1634 5527 1805 5581 victo-

214 5619 382 5677 rem?
404 5616 612 5672 Gaudet
638 5618 831 5673 cmlum
878 5619 1022 5688 quod
1064 5618 1324 5674 Dominus
1351 5635 1494 5679 suus,
1526 5618 1804 5687 proposito

217 5719 467 5780 paternae
496 5708 783 5763 voluntatis
831 5709 1079 5777 impleto,
1108 5725 1170 5764 ac
1201 5708 1449 5778 triumphi
1480 5709 1559 5763 sui
1590 5707 1801 5768 merito.

477 5802 744 5862 Ριτκοι.
792 5803 976 5863 [ΧΠ.

1903 4797 2065 4863 Lxxv)
2091 4814 2105 4860 ;
2135 4804 2189 4849 et
2213 4796 2337 4848 alibi
2376 4814 2387 4847 :
2432 4795 2635 4849 Montes
2663 4796 3046 4849 exsultaverunt
3072 4802 3127 4847 ut
3166 4795 3351 4846 arietes
3370 4834 3385 4859 ,
3427 4802 3474 4846 et

1902 4887 2056 4940 colles
2083 4887 2212 4939 sicut
2240 4885 2364 4954 agni
2401 4885 2567 4938 ovium
2596 4884 2773 4953 (Psal.
2828 4881 3015 4953 cxnt).
3048 4882 3157 4936 Nec
3208 4881 3475 4936 immerito

1899 4975 2029 5046 justi
2051 4975 2247 5045 quique
2275 4983 2486 5029 montes
2514 4981 2892 5042 nuncupantur
2915 4981 2970 5028 et
2989 4973 3169 5035 colles,
3195 4973 3284 5040 qui
3302 4981 3475 5027 terre-

1908 5082 1987 5122 nae
2016 5065 2436 5123 conversationis
2459 5065 2681 5120 humilia
2706 5064 3089 5134 relinquentes,
3116 5065 3180 5118 ad
3201 5064 3476 5134 superiora

1905 5160 2137 5215 caelestis
2160 5158 2281 5213 vim
2328 5156 2448 5212 ﬁdei
2474 5172 2583 5211 sua:
2610 5154 2865 5211 verticem
2910 5155 3259 5210 sustulerunt.
3290 5156 3480 5211 Justis-

1904 5250 2040 5305 sime
2069 5249 2247 5317 itaque
2266 5248 2602 5303 venerabiles
2628 5246 2945 5317 patriarcbte
2971 5262 3242 5302 assumere
3282 5246 3475 5316 jucun~

1905 5341 2126 5396 ditatem
2153 5356 2399 5395 sermone
2439 5340 2759 5410 prophetico
2788 5348 3215 5394 commonentur.
3241 5338 3477 5406 Quorum

1906 5434 2107 5502 proles,
2138 5432 2191 5486 id
2212 5439 2296 5487 est
2339 5430 2582 5486 Christus
2609 5429 2888 5498 Dominus,
2910 5432 3100 5485 mortis
3143 5445 3265 5493 suze,
3299 5447 3478 5485 resur~

1908 5524 2264 5591 rectionisque
2292 5522 2565 5593 mysterio,
2586 5523 2745 5577 etiam
2762 5523 3015 5612 wreteriti
3036 5523 3213 5577 smculi
3238 5521 3480 5577 Patribus

1910 5617 2075 5668 vitam
2102 5614 2296 5668 retudit
2330 5613 2600 5668 amissam.
2626 5613 2996 5668 Jucundantur
3036 5612 3354 5667 omnimodis
3382 5627 3478 5679 pa-

1914 5705 2174 5769 triarchze,
2207 5721 2433 5774 quorum
2463 5704 2530 5760 de
2558 5704 2796 5774 germine
2824 5712 2983 5760 natus
3020 5702 3113 5759 Dci
3143 5702 3307 5755 Filius
3357 5700 3477 5753 uni-

3111 5794 3191 5850 20
