4054 6194
553 366 655 421 619

1779 360 1834 414 5.
1878 357 2124 415 MAXIM
2163 357 2615 415 TAURINENSIS

3727 359 3852 414 620

552 494 764 535 versam
795 477 976 532 mundi
1007 476 1196 532 faciem
1235 472 1514 529 diabolicis
1539 471 1736 527 dudum
1768 471 2134 543 impietatihus
2162 470 2208 529 A
2239 477 2374 532 stus,
2405 470 2451 524 si
2475 469 2705 534 sobrius,
2737 467 2784 523 si
2822 467 3018 538 justus,
3049 467 3092 522 si
3119 467 3396 538 pacificus,
3426 469 3469 525 si
3517 469 3709 540 plenus
3739 471 3856 524 ira-

552 568 912 631 sordidatam,
965 564 1290 619 immaculati
1336 563 1498 634 508
1565 563 1809 632 corporis
1865 563 1948 616 sui
1999 576 2141 617 novo

553 674 746 717 cruore
771 657 1013 712 detersit.
1046 655 1114 710 Et
1141 654 1286 723 ideo,
1318 653 1531 723 fratres,
1564 654 1691 724 quia
1722 655 1892 709 laetari
1919 654 2140 723 omium,

553 750 826 805 exsultare
854 756 1074 816 terram,
1106 741 1320 804 montes
1345 747 1618 816 collesque
1654 747 1888 814 gaudere
1915 759 2144 814 cognos-

557 841 750 906 cimus,
775 854 876 895 nos
902 854 1118 908 quoque
1146 839 1398 906 religiosa
1421 839 1532 892 Deo
1559 844 1745 893 nostro
1777 837 1968 905 gaudia
1995 836 2144 892 defe-

553 943 764 994 ramus;
795 929 1130 983 celebremus
1151 927 1355 982 Pascha
1378 927 1610 992 Domini,
1643 934 1703 982 ut
1727 928 1802 980 ait
1829 927 2139 996 Apostolus:

2245 571 2413 617 ternae
2441 562 2685 618 caritatis
2731 561 3034 617 adveneris.
3081 560 3251 615 Nemo
3299 562 3444 616 enim
3498 571 3683 630 potest
3731 563 3856 616 vita

2246 652 2652 721 inemendabili,
2683 651 2847 707 corde
2876 651 3244 721 impaenitens,
3267 657 3459 706 etcum
3479 652 3697 708 diabolo
3723 669 3850 708 sce-

2246 743 2417 798 lerum
2448 743 2646 798 habere
2672 741 3026 805 consortium,
3059 749 3115 796 et
3141 755 3263 795 cum
3292 740 3509 797 Christo
3536 744 3859 799 sanctitatis

2248 835 2525 890 celebrare
2552 834 2884 906 mysterium.
2913 835 3256 902 Deponamus
3305 833 3488 903 itaque
3528 850 3690 889 omne
3738 837 3856 890 ini-

2247 926 2470 994 quitatis
2495 925 2836 992 fermentum,
2866 932 2926 979 ut
2965 925 3235 994 possimus
3261 938 3393 978 vere
3421 925 3714 995 participes
3744 927 3858 980 hu-

555 1016 683 1072 Non
709 1021 763 1072 in
806 1021 1056 1090 fermento
1085 1019 1303 1072 malitia:
1349 1026 1400 1071 et
1443 1017 1698 1086 nequitiw,
1730 1016 1820 1070 sed
1859 1017 1915 1070 in
1946 1017 2142 1086 azymis
2243 1016 2332 1087 jus
2352 1032 2469 1073 esse
2489 1017 2703 1083 iretitiaa,
2736 1015 2804 1071 ad
2830 1030 2990 1086 quam
3020 1031 3118 1086 per
3136 1016 3396 1085 Spiritum
3410 1023 3678 1083 sanctum,
3704 1034 3857 1073 voce

553 1109 869 1163 sinceritatis
898 1117 928 1148 ι
954 1117 1004 1162 et
1031 1105 1288 1162 castitatis
1328 1106 1382 1177 (Ι
1411 1105 1530 1162 Cor.
1562 1106 1640 1175 v).
1671 1105 2011 1174 Celebrabis,
2038 1106 2145 1161 fra-

557 1209 659 1265 ter,
704 1198 913 1254 Pascha
953 1199 1006 1253 in
1054 1199 1257 1270 azymis
1301 1198 1628 1253 sinceritatis
1674 1205 1729 1252 et
1764 1197 2048 1262 castitatis,
2098 1199 2144 1252 si

556 1306 746 1347 sensus
770 1292 848 1346 tui
877 1291 1183 1346 redolentes
1211 1290 1535 1346 dominicum
1565 1304 1782 1358 panem,
1813 1290 1960 1344 nullo
1988 1291 2144 1345 vitio-

557 1396 677 1435 rum
716 1381 1005 1451 fcrmento,
1038 1382 1184 1436 nulla
1211 1381 1412 1436 diaboli
1459 1380 1772 1450 aspersione
1818 1381 2143 1437 coalescant.

557 1468 867 1525 Celebrabis
894 1469 1122 1536 Pascha,
1147 1478 1204 1524 et
1239 1469 1500 1525 claritatis
1519 1468 1637 1538 ejus
1663 1469 1950 1539 splendore
1977 1470 2145 1539 fulge-

558 1559 662 1626 bis,
691 1559 736 1613 si
766 1560 820 1614 in
848 1561 1011 1615 corde
1039 1567 1134 1614 tuo
1160 1559 1320 1614 nullae
1345 1561 1582 1614 tenebras
1626 1559 1972 1627 cogitationis
1999 1559 2146 1614 adul-

559 1661 688 1705 tera:
734 1651 868 1706 tanti
897 1651 1219 1706 sacramenti
1262 1651 1440 1705 lumen
1488 1651 1801 1706 obscurent.
1832 1649 2145 1706 Celebrabis

2247 1109 2582 1181 pmphetica,
2613 1115 2826 1162 montes
2855 1115 3226 1162 convocantur
3252 1113 3308 1160 et
3334 1106 3533 1172 colles,
3582 1107 3650 1161 ad
3677 1123 3856 1176 quam

2249 1200 2416 1254 etiam
2439 1197 2632 1253 omium
2662 1197 2921 1251 invitatur
2947 1201 3003 1250 et
3050 1202 3216 1250 terra.
3249 1193 3381 1261 Quis
3409 1195 3551 1250 enim
3574 1196 3649 1250 ita
3676 1211 3854 1251 sensu

2247 1288 2431 1344 hebeti
2456 1289 2672 1356 stupet?
2700 1285 2830 1352 Quis
2853 1286 2925 1339 ita
2956 1285 3147 1340 mersis
3175 1285 3226 1338 in
3256 1293 3454 1339 terram
3481 1284 3653 1340 oculis
3682 1294 3854 1339 tene-

2249 1381 2407 1437 brosa
2453 1387 2634 1434 mente
2661 1383 2893 1432 emeatus
2931 1383 3035 1442 est,
3065 1376 3156 1444 qui
3201 1391 3308 1431 non
3336 1375 3452 1430 haec
3501 1376 3665 1430 totius
3691 1375 3856 1430 orbis

2248 1481 2374 1526 vota
2415 1471 2562 1525 omni
2609 1484 2731 1524 cum
2762 1468 3122 1523 exsultatione
3165 1467 3531 1532 concelebret,
3561 1466 3613 1522 in
3643 1467 3856 1536 quibus

2249 1561 2500 1618 remissio
2523 1567 2891 1631 peccatorum,
2914 1557 3340 1626 regenerationis
3359 1556 3528 1624 gratia
3544 1596 3560 1621 ,
3585 1556 3854 1625 redemp-

2251 1653 2414 1707 tionis
2441 1651 2774 1722 mysterium,
2803 1647 3214 1706 resurrectionis
3241 1646 3433 1716 gloria,
3463 1655 3518 1700 et
3543 1661 3666 1715 Spes
3690 1655 3854 1700 arter-

562 1737 768 1798 Pascha
798 1742 855 1797 in
881 1742 1083 1812 azymis
1109 1741 1374 1807 veritatis,
1407 1741 1449 1796 si
1479 1739 1549 1796 ad
1594 1739 1889 1795 Ecclesiam
1932 1741 2027 1796 Dei
2055 1757 2150 1797 ca-
2183 1739 2227 1799 B
2256 1743 2439 1798 nitatis
2467 1739 2699 1796 arridet?

1942 1853 2213 1918 SERMO
2255 1857 2455 1916 XLII.

1627 1949 1706 2006 De
1728 1950 1908 2006 eadem
1940 1951 2218 2008 Paschatis
2249 1953 2574 2010 solemnitate
2603 1949 2690 2004 XI
2702 1950 2766 2006 V.

2011 2060 2407 2116 ADMONlTiO.

640 2151 720 2206 Ne
743 2151 933 2206 eadem
953 2149 1238 2205 scribendo
1268 2150 1465 2206 nostris
1491 2147 1783 2204 lectoribus
1810 2149 2021 2204 molesti
2049 2150 2236 2218 simus,
2258 2150 2495 2204 monitos
2518 2149 3044 2219 eosdemvolumus,
3079 2149 3224 2219 hunc
3251 2156 3308 2203 et
3331 2148 3423 2216 qui
3449 2150 3692 2219 sequitur
3726 2166 3860 2206 ser-

561 2237 774 2276 monem
797 2220 868 2274 45
885 2221 1184 2288 exscriptos
1197 2234 1265 2274 ex
1288 2219 1643 2289 Ambrosiano
1664 2219 1868 2289 codice,
1892 2219 2138 2287 vulgatos
2157 2236 2187 2274 a
2210 2219 2260 2274 Μ
2268 2220 2505 2289 uratorio
2529 2226 2659 2289 tom.
2689 2218 2757 2274 ιν
2786 2217 3049 2289 Anecdot.
3083 2217 3266 2285 luisse,
3293 2217 3609 2289 exstareque
3640 2221 3692 2274 in
3733 2223 3862 2277 lau-

559 2293 687 2346 dato
713 2291 900 2347 codice
927 2285 1244 2346 Taurinensi
1266 2305 1412 2343 num.
1441 2288 1531 2356 20,
1556 2297 1612 2344 et
1637 2286 1887 2344 adnotari
1909 2285 2099 2344 deesse
2126 2305 2406 2345 sermones
2431 2288 2519 2352 2i,
2546 2287 2634 2354 22,
2665 2289 2756 2356 25,
2787 2287 2856 2341 24
2877 2296 2930 2343 et
2950 2285 3038 2342 25.

563 2402 952 2458 Ancuusuruu.
978 2430 1047 2440 —
1071 2398 1330 2453 Humana:
1349 2399 1618 2469 sapientia:
1646 2414 1802 2452 ausus
1834 2397 2006 2469 divina
2035 2415 2155 2469 per-

629 2471 1186 2551 grutantispntpsteria
1213 2468 1540 2551 refelluntur,
1594 2468 1938 2551 et_quidquid
1972 2468 2153 2523 contra

633 2542 826 2595 Christi
847 2540 1188 2603 nativitatem,
1204 2541 1324 2611 vita;
1343 2540 1633 2611 rationem,
1654 2540 2154 2611 ignominiosamque

629 2611 743 2682 ejus
792 2620 1048 2674 mortem,
1105 2607 1428 2679 apponebant
1464 2609 1655 2662 ethnici
1668 2607 1695 2674 ,⁷
1737 2611 1962 2680 graviter
2006 2607 2150 2680 refu-

637 2690 796 2735 tatur.

632 2768 1040 2840 Redemptionis
1065 2775 1261 2824 nostra:
1281 2768 1617 2839 mysterium,
1649 2767 1842 2824 fratres
1864 2768 2150 2835 carissimi,

569 2861 715 2936 quod
738 2861 808 2916 de
836 2861 977 2917 caelo
1022 2859 1248 2915 veniens
1283 2858 1511 2914 salutem
1539 2867 1782 2914 nostram
1811 2866 2065 2930 operatur
2105 2859 2159 2930 in

566 2952 747 3022 terris,
777 2958 929 3006 tanta
970 2964 1030 3006 se
1077 2947 1361 3018 majestate
1407 2957 1662 3018 tantaque
1710 2948 2018 3017 dignatione
2055 2949 2162 3004 cir-

565 3039 816 3106 cumfert,
842 3047 901 3094 ut
927 3040 1099 3095 virtus
1127 3039 1242 3109 ejus
1279 3047 1336 3095 et
1363 3040 1564 3096 veritas
1583 3040 1794 3095 occulta
1828 3041 1900 3095 sit
1920 3039 2158 3110 perﬁdis,

2260 2398 2628 2455 immoderatis
2650 2398 3127 2470 disceptationibus
3154 2399 3267 2455 suis
3294 2408 3480 2468 partus
3506 2401 3719 2474 feminei
3757 2402 3866 2457 de-

2259 2490 2493 2561 spiciunt
2521 2491 2811 2557 vilitatem;
2841 2507 2941 2546 nos
2979 2505 3111 2544 vero
3135 2491 3414 2545 illuminati
3448 2491 3546 2546 lide
3568 2493 3870 2562 virginalis

2259 2581 2401 2637 uteri
2424 2581 2746 2652 suspicimus
2787 2589 3205 2636 sacramentum.
3248 2581 3491 2637 Christus
3522 2582 3660 2636 enim
3700 2581 3868 2637 Deus

2260 2689 2325 2730 ac
2346 2673 2604 2730 Dominus
2629 2681 2815 2728 noster
2843 2673 2915 2727 ita
2943 2672 2995 2726 in
3024 2672 3338 2742 semetipso,
3361 2673 3503 2741 quod
3529 2673 3775 2727 habebat
3795 2674 3867 2728 de

2259 2763 2440 2829 Patre,
2471 2772 2526 2818 et
2544 2763 2690 2832 quod
2718 2762 2785 2818 de
2811 2771 2987 2819 matre
3010 2763 3274 2827 sumebat,
3307 2761 3555 2817 ineffabili
3585 2763 3868 2818 societate

2260 2855 2519 2922 devinxit,
2567 2863 2625 2910 ut
2673 2855 3058 2912 incarnationis
3085 2854 3202 2924 ejus
3247 2854 3596 2924 profundum,
3629 2852 3866 2924 repulsa

2260 2945 2450 3022 procul
2503 2947 2807 3016 sapientum
2838 2945 3156 3017 prudentia,
3203 2947 3514 3016 simplicitas
3561 2946 3869 3015 inspiceret

2262 3036 2625 3106 parvulorum.
2658 3037 2900 3106 Denique
2940 3044 3000 3092 ut
3026 3037 3094 3092 ad
3129 3037 3407 3106 sequentia
3435 3037 3743 3101 veniamus,
3793 3038 3870 3092 ri-

565 3129 855 3186 tuanifesta
883 3127 1244 3184 credentibus.
1312 3127 1382 3184 Ut
1423 3129 1569 3184 enim
1604 3127 1750 3200 quod
1785 3127 1870 3184 est
1915 3137 2160 3185 sanctum
2187 3145 2232 3209 ο
2264 3127 2393 3181 dent
2430 3134 2618 3195 gentes
2645 3127 2790 3198 quod
2817 3129 3102 3183 crucifixus
3131 3135 3213 3182 est
3239 3127 3504 3196 Christus,
3538 3144 3642 3182 non
3671 3129 3868 3185 inten-

571 3221 815 3278 lidelibus
843 3219 1152 3287 innotescit,
1184 3219 1260 3274 ita
1287 3234 1404 3274 rem
1449 3217 1573 3274 ﬁdei
1608 3218 1794 3274 videre
1833 3234 1943 3274 non
1982 3226 2164 3290 potest

567 3313 810 3386 perﬁdia.
860 3314 922 3370 ln
948 3312 1322 3370 examinandis
1357 3327 1594 3382 namque
1639 3312 1954 3369 coelestibus
2001 3311 2164 3368 rebus

568 3406 714 3462 omni
741 3405 1008 3476 sapientia
1056 3402 1350 3460 infatuatur
1377 3403 1631 3471 humana,
1683 3409 1846 3474 atque
1882 3418 2042 3460 omne
2069 3418 2167 3459 cor

573 3495 806 3554 mortale
828 3496 1108 3568 torpescit,
1136 3503 1195 3550 ut
1221 3495 1299 3548 ait
1318 3493 1738 3562 gloriosissimus
1764 3494 1955 3549 doctor
1969 3491 2167 3550 Paulus

573 3587 853 3659 apostolus
884 3605 898 3641 :
944 3585 1222 3658 Sapientia
1247 3584 1400 3655 hujus
1443 3583 1624 3638 mundi
1660 3584 1882 3640 stultitia
1925 3590 2002 3638 est
2028 3583 2167 3656 apud

573 3679 741 3734 Deum
766 3679 821 3751 (1
845 3678 968 3735 Cor.
999 3677 1080 3751 v).
1109 3677 1232 3748 ipse
1285 3678 1451 3732 etiam
1498 3677 1759 3733 Dominus
1811 3693 1876 3733 ac
1922 3676 2172 3734 Salvator

573 3777 762 3826 noster
806 3770 995 3825 mundi
1036 3768 1198 3839 hujus
1234 3769 1557 3840 sapientiam
1586 3769 1885 3840 reprobans
1909 3768 2122 3824 dicebat
2152 3786 2167 3823 :

574 3860 737 3932 509
759 3858 970 3915 Gratius
995 3859 1084 3913 tibi
1115 3876 1235 3930 ago,
1273 3858 1454 3926 Pater,
1473 3861 1598 3930 quia
1629 3860 1948 3915 abscondisti
1993 3861 2102 3916 hwc
2139 3877 2172 3915 a

573 3948 892 4020 sapientibus
938 3957 989 4003 et
1023 3948 1394 4018 prudentibus,
1449 3958 1502 4002 et
1541 3949 1784 4003 revelasti
1828 3967 1892 4004 ea
1940 3951 2172 4021 parvulis

579 4035 800 4108 (Hauh.
823 4035 924 4107 ιι).
953 4034 1154 4090 Discite
1194 4035 1378 4106 itaque
1419 4051 1520 4108 per
1545 4037 1681 4103 ham,
1728 4035 1944 4109 fratres,
1986 4054 2170 4095 sacra-

578 4135 765 4184 menta
784 4127 908 4183 vita:
933 4135 1135 4184 nostrae
1164 4143 1273 4184 non
1291 4127 1681 4201 philosophicis
1708 4131 2040 4201 assequenda
2077 4131 2166 4189 do.

578 4218 788 4286 ctrinis,
813 4219 912 4276 sed
938 4219 1286 4290 parvulorum
1313 4219 1659 4292 simplicitate
1705 4221 1998 4288 credenda,
2048 4223 2176 4292 quia

2263 3217 2455 3272 dentes
2491 3218 2617 3287 quia
2672 3233 2774 3287 per
2817 3232 3029 3273 crucem
3088 3217 3232 3272 illius
3277 3218 3508 3273 mundus
3556 3220 3866 3284 intremuit,

2263 3306 2478 3363 clausus
2528 3314 2612 3362 est
2646 3307 2763 3362 dies
2807 3315 2883 3372 et,
2925 3306 3073 3376 quod
3103 3307 3263 3362 nullis
3299 3317 3457 3362 antea
3497 3309 3727 3376 contigit
3762 3325 3864 3363 sa:-

2265 3396 2430 3463 culis,
2476 3397 2600 3452 caeli
2664 3397 2946 3452 Dominum
2997 3397 3205 3452 inferna
3269 3397 3534 3453 viderunt.
3580 3397 3868 3467 Adjiciunt

2266 3490 2452 3557 etiam,
2479 3489 2722 3545 dicentes
2746 3507 2758 3541 :
2790 3487 3075 3556 Quomodo
3099 3486 3347 3545 Christus
3372 3498 3552 3544 vester
3573 3497 3633 3543 ut
3658 3489 3814 3545 Deus
3836 3508 3869 3546 a

2265 3581 2422 3637 vobis
2467 3582 2683 3648 colitur,
2733 3581 2825 3651 qui
2873 3581 3052 3636 timuit
3079 3582 3255 3636 mori?
3282 3581 3340 3636 Si
3368 3596 3498 3652 ergo
3536 3582 3679 3636 nosti
3729 3584 3871 3653 quia

2268 3673 2409 3728 mori
2440 3673 2616 3726 timuit
2642 3670 2910 3740 Christus,
2940 3688 3039 3728 cur
3082 3673 3320 3741 ignoras,
3346 3688 3453 3728 non
3498 3672 3750 3741 ignavize,
3773 3673 3872 3730 sed

2269 3764 2515 3836 mysterii
2539 3761 2701 3820 fuisse
2727 3762 2874 3833 quod
2896 3763 3107 3819 timuit?
3129 3763 3329 3819 Timuit
3357 3764 3568 3832 quidem
3587 3759 3872 3830 Christus,

2270 3855 2368 3910 sed
2400 3863 2459 3910 ut
2481 3855 2672 3910 timere
2699 3862 2792 3909 aut
2819 3855 3004 3920 vellet,
3037 3861 3132 3910 aut
3171 3862 3373 3924 posset,
3404 3856 3561 3927 διο
3585 3852 3655 3907 de
3683 3855 3874 3910 nostri

2271 3943 2402 4000 illud
2423 3947 2666 4016 corporis
2694 3945 3003 4002 inﬁmitate
3045 3946 3302 4017 suscepit.
3337 3945 3467 4002 inde
3509 3945 3650 4000 enim
3683 3946 3874 4002 timuit

2273 4035 2416 4092 unde
2454 4043 2510 4091 et
2551 4037 2795 4104 esurivit,
2827 4037 2972 4094 unde
3019 4037 3188 4094 tristis
3231 4045 3369 4102 erat,
3403 4035 3541 4092 unde
3579 4034 3873 4102 dormivit,

2274 4127 2418 4185 unde
2439 4129 2638 4195 doluit,
2669 4128 2813 4185 unde
2861 4127 3030 4185 ﬂevit.
3070 4128 3227 4196 Quod
3273 4129 3380 4184 hoc
3421 4128 3502 4183 rei
3547 4127 3667 4183 est?
3704 4127 3876 4183 Vides

2275 4217 2550 4275 Christum
2580 4221 2857 4276 timentem
2881 4221 3042 4290 mori,
3069 4227 3126 4276 et
3154 4236 3266 4275 non
3292 4220 3487 4290 aspicis
3511 4234 3628 4274 eum
3672 4220 3878 4275 trium-

581 4310 854 4382 profundo
875 4311 969 4368 illo
994 4309 1091 4367 Dei
1121 4311 1293 4370 nostri
1331 4327 1637 4384 magnoque
1655 4312 1882 4384 judicio,
1907 4313 2054 4384 quod
2090 4329 2178 4370 sa-
2278 4310 2423 4380 phali
2451 4325 2613 4365 manu
2649 4310 2878 4380 captivae
2915 4310 3104 4366 mortis
3131 4311 3306 4381 spolia
3332 4309 3748 4365 detrahentem?
3785 4309 3879 4363 Vi-

582 4401 856 4473 pientibus
881 4400 1151 4466 conditur,
1180 4403 1406 4472 parvulo
1426 4403 1715 4458 revelatUr.
1749 4401 2008 4458 Parvulus
2033 4403 2174 4458 enim
2278 4398 2375 4454 des
2420 4400 2567 4470 quod
2602 4400 2780 4456 timuit
2821 4409 3072 4469 mortem,
3103 4409 3159 4456 et
3199 4401 3382 4457 videre
3410 4401 3680 4456 detrectas
3723 4403 3881 4472 quod

583 4492 798 4557 dicitur,
826 4508 935 4548 non
975 4491 1062 4548 cui
1089 4500 1220 4547 aetas
1247 4493 1319 4548 sit
1366 4490 1706 4563 imperfecta,
1736 4493 1832 4548 sed
1858 4493 1951 4563 qui
1979 4500 2179 4566 myste-
2203 4517 2258 4579 Β
2281 4499 2552 4546 mortuum
2575 4492 2887 4548 suscitavit?
2913 4491 3036 4559 Qui,
3072 4493 3370 4563 peragratis
3389 4492 3589 4558 inferis,
3615 4492 3877 4548 sibimet-

585 4583 682 4638 riis
703 4581 877 4637 nescit
892 4580 1164 4637 contraire
1182 4581 1392 4636 divinis.
1417 4580 1486 4635 Et
1509 4589 1658 4638 recte
1684 4583 1940 4654 parvulus
1968 4599 2175 4640 nuncu-

584 4679 746 4742 patur
792 4672 884 4741 qui
930 4671 1198 4728 voluntati
1243 4671 1340 4727 Dei
1367 4673 1452 4729 sui
1486 4689 1599 4729 non
1644 4682 1802 4745 parat
1837 4684 2173 4745 argumenta,

583 4763 684 4820 scd
705 4763 885 4819 iidem.
917 4762 1282 4819 Absconditur
1304 4778 1434 4834 ergo
1472 4766 1729 4837 sapienti,
1784 4783 1853 4823 ne
1893 4767 2175 4823 manifesta

588 4853 793 4921 videat,
820 4853 967 4924 quod
995 4854 1227 4924 superbe
1252 4863 1309 4910 et
1335 4855 1708 4928 imprudenter
1732 4858 1933 4925 elatus,
1972 4859 2092 4930 plus
2118 4873 2176 4914 se

589 4957 780 5012 sapere
808 4958 972 5014 quam
1009 4944 1180 5000 Deum
1209 4960 1389 5015 posse,
1417 4946 1712 5002 contendit.
1753 4947 1822 5002 Et
1864 4947 1988 5004 ideo
2024 4964 2174 5020 qua:-

575 5035 795 5101 lstiones
820 5037 1094 5094 stecularis
1129 5038 1408 5107 sapientia:
1445 5037 1766 5108 refutantes,
1790 5047 2070 5096 teneamus
2114 5041 2172 5093 ii-

590 5122 712 5192 dem
754 5139 874 5194 qua:
913 5129 1148 5196 parvulis
1176 5129 1466 5196 revelatur,
1497 5129 1872 5186 incunctanter
1898 5131 2180 5188 credentes

590 5215 910 5284 operatione
936 5219 1144 5274 cmlesti
1169 5220 1433 5290 virginem
1479 5221 1816 5292 concepisse,
1844 5229 2004 5290 atque
2033 5221 2179 5278 edito

591 5301 703 5358 ﬁlio
729 5304 994 5373 virginem
1024 5311 1288 5368 mansisse
1307 5320 1433 5384 post
1457 5317 1694 5384 partum.
1718 5312 1830 5368 Nec
1870 5312 2180 5371 dubitemus

587 5409 715 5465 eum
739 5403 925 5452 natum
952 5396 1021 5452 de
1043 5399 1270 5471 virgine,
1298 5418 1458 5473 quem
1487 5405 1603 5461 sola
1638 5405 1798 5474 digne
1839 5405 2016 5475 potuit
2045 5421 2170 5476 par-

589 5489 759 5544 turire
787 5488 1085 5559 virginitas.
1107 5491 1175 5547 Et
1193 5493 1298 5582 hoqc
1316 5505 1418 5562 est,
1442 5499 1722 5564 carissimi,
1740 5499 1792 5553 in
1807 5515 1915 5570 quo
1937 5514 1968 5552 a
1989 5499 2172 5554 mundi

578 5581 748 5653 hujus
787 5582 1124 5654 sapientibus
1168 5583 1556 5659 diserepamus,
1587 5593 1711 5660 quia
1740 5591 1816 5647 illi
1859 5591 1912 5645 in
1953 5589 2170 5648 Christo

661 5751 685 5778 ⁸
725 5741 949 5812 Vulgata
979 5742 1104 5812 legit
1124 5751 1174 5795 et
1194 5741 1441 5797 veritatis.

2283 4581 2385 4653 ipsi
2409 4583 2574 4637 vitam
2613 4583 2845 4639 reddidit
2867 4592 2990 4653 post
3016 4583 3360 4653 sepulcrum?
3389 4583 3507 4640 Noli
3541 4597 3670 4653 ergo
3717 4584 3881 4639 illum

2283 4675 2559 4744 despicere
2586 4686 2877 4738 mortuum.
2901 4677 2993 4746 qui
3031 4678 3365 4747 sepulturam
3411 4693 3564 4733 suam
3591 4691 3882 4733 resurrec-

2286 4764 2433 4820 tione
2460 4763 2744 4833 gloriiicat.
2776 4764 2854 4822 De
2877 4774 3050 4822 matre
3077 4767 3220 4822 enim
3250 4767 3416 4822 traxit
3462 4766 3605 4838 quod
3631 4775 3882 4823 mortem

2283 4862 2626 4924 susceperat;
2654 4869 2685 4909 a
2715 4854 2874 4911 Patre
2902 4855 3093 4912 detulit
3110 4856 3254 4926 quod
3276 4863 3546 4912 mortuum
3559 4857 3883 4913 suscitaret.

2283 4943 2522 5012 Surgens
2551 4953 2733 5002 autem
2777 4946 2845 5002 ab
2875 4947 3082 5017 inferis,
3127 4955 3188 5003 ut
3232 4949 3544 5004 ostenderet
3560 4948 3662 5003 sibi
3693 4948 3884 5006 inesse

2282 5035 2531 5091 suscitati
2563 5037 2647 5091 sui
2692 5038 2935 5108 corporis
2979 5039 3288 5107 veritatem,
3337 5038 3413 5092 ait
3466 5037 3534 5093 ad
3578 5038 3883 5108 discipulos

2278 5143 2424 5193 suos,
2457 5128 2640 5184 dicens
2664 5146 2677 5182 :
2707 5127 2929 5200 Palpate
2954 5138 3005 5183 et
3032 5130 3215 5197 videte,
3244 5131 3368 5201 quia
3395 5129 3608 5199 spiritus
3651 5147 3880 5183 comem

2279 5230 2327 5276 et
2356 5237 2478 5276 ossa
2503 5237 2608 5276 non
2633 5222 2804 5287 habet,
2829 5221 2963 5275 sicut
2990 5221 3172 5275 videtis
3195 5238 3274 5275 me
3301 5219 3488 5274 habere
3516 5219 3665 5292 (Luc.
3690 5221 3877 5289 xxn').

2281 5311 2413 5368 Ossa
2434 5328 2529 5368 sua
2557 5313 2796 5370 ostendit
2815 5320 2871 5368 et
2895 5327 3135 5380 carnem,
3166 5320 3225 5367 ut
3252 5312 3430 5366 nullus
3457 5311 3752 5378 ambigeret
3794 5312 3879 5380 ip-

2280 5422 2398 5462 sum
2425 5405 2652 5461 rediisse
2691 5405 2758 5461 de
2806 5405 3011 5460 tumulo
3055 5405 3145 5474 qui
3170 5405 3339 5461 clavis
3375 5403 3552 5460 fuerat
3578 5402 3881 5458 transfixus

2281 5497 2334 5550 in
2363 5496 2525 5565 ligno.
2565 5495 2804 5567 Palpate,
2854 5495 3045 5565 inquit,
3074 5504 3124 5550 et
3169 5495 3335 5550 videte
3364 5511 3383 5549 :
3415 5493 3469 5548 id
3519 5499 3602 5549 est
3645 5491 3881 5562 palpate

2281 5602 2466 5657 manu,
2513 5587 2694 5644 videte
2741 5586 2862 5651 ﬁde,
2891 5587 3015 5657 quia
3043 5587 3181 5644 inest
3207 5585 3338 5643 mihi
3384 5593 3440 5642 et
3475 5584 3717 5656 corporis
3757 5585 3882 5639 mei
