4054 6194
386 390 494 443 621

1816 389 2045 447 SERMO
2084 391 2255 447 XLIII.

3584 402 3689 451 62!?

385 508 614 569 veritas,
647 512 706 560 et
732 506 1033 575 proprietas
1052 505 1283 560 deitatis.
1318 504 1546 575 Spiritus
1561 519 1769 558 carnem
1793 514 1841 558 et
1871 520 1989 559 ossa
2020 509 2065 567 Α
2097 507 2189 574 (ιυὶ
2219 505 2271 559 in
2301 520 2532 576 corpore
2560 521 2681 562 meo
2711 506 2987 563 clavorum
3020 506 3266 575 vestigia,
3284 521 3391 560 non
3421 507 3572 567 mihi,
3594 516 3691 563 sed

384 612 499 649 non
529 596 703 663 habet,
731 596 865 649 sicut
892 613 973 650 me
992 596 1173 649 ridetis
1196 596 1401 650 habere.
1428 595 1487 649 Id
1516 604 1622 664 est,
1642 612 1751 651 non
1782 602 1864 651 est
1892 609 1990 649 na-

386 697 534 743 tura:
579 694 638 741 ut
665 687 886 757 spiritus
914 687 996 741 vel
1030 702 1149 741 ossa
1190 688 1360 756 possit
1389 687 1591 741 habere
1618 687 1706 741 vel
1734 700 1985 751 carnem;

387 792 524 833 meo
545 792 676 832 vero
705 776 964 847 mysterio
1013 775 1214 831 factum
1242 786 1348 845 est,
1380 792 1498 832 mea
1546 775 1828 844 Patrisque
1882 775 1989 830 mei

388 871 616 934 virtute,
648 877 708 923 ut
735 877 792 923 et
818 883 946 923 caro
968 882 1086 922 mea
1106 868 1160 922 in
1184 868 1395 938 spiritu,
1418 877 1472 921 et
1500 867 1719 937 spiritus
1749 867 1800 920 in
1831 881 1993 920 carne

388 975 612 1031 semper
636 960 768 1013 mihi
818 960 1126 1029 inseparata
1154 965 1489 1014 constarent.
1514 956 1705 1011 Videte
1733 969 1882 1024 ergo,
1914 955 1994 1009 vi-

387 1053 543 1118 dete,
572 1053 697 1121 quia
728 1066 830 1121 ego
860 1052 975 1121 ipse
1013 1066 1153 1121 sum,
1180 1051 1273 1119 qui
1295 1050 1464 1105 clavis
1490 1049 1789 1117 lanceaque
1819 1056 1991 1102 trans-

390 1144 579 1199 fossus
613 1153 843 1198 mortem
873 1143 1114 1198 timendo
1144 1159 1252 1199 non
1280 1142 1455 1209 timui,
1486 1141 1579 1212 qui
1608 1142 1826 1195 vulnera
1871 1154 1989 1193 mea

394 1251 510 1290 non
533 1233 864 1288 medicinalis
892 1233 1025 1289 artis
1054 1232 1334 1300 industria,
1358 1231 1453 1287 sed
1482 1230 1763 1287 moriendo
1783 1230 1991 1296 curavi,

2096 603 2291 651 vestra:
2344 595 2466 651 ﬁdei
2513 596 2802 650 reservavi.
2857 595 3012 650 Volui
3051 596 3195 650 enim
3250 594 3500 649 salutaris
3552 596 3691 654 illius

2092 686 2362 755 passionis
2391 686 2446 740 in
2476 700 2563 740 me
2588 700 2697 739 non
2715 683 2895 739 delere
2922 683 3259 747 memoriam,
3286 684 3418 737 utin
3441 686 3692 741 cordibus

2098 777 2295 831 vestris
2341 776 2754 833 resurrectionis
2792 790 2925 830 mea:
2964 776 3167 829 veritas
3216 785 3578 844 permaneret.
3624 776 3693 830 Et

2105 868 2250 934 ideo,
2281 868 2495 932 fratres,
2551 868 2879 923 honoremus
2926 867 3134 922 Domini
3172 868 3453 923 morientis
3499 879 3695 939 myste-

2090 959 2259 1027 rium,
2284 967 2344 1013 ut
2365 960 2631 1029 possimus
2668 959 2892 1027 gloriam
2922 960 3251 1026 resurgentis
3294 959 3561 1029 accipere.
3590 959 3693 1014 Ye-

2099 1064 2351 1104 neremur
2394 1048 2729 1114 cruciﬁxum,
2763 1058 2821 1103 ut
2867 1064 3170 1103 mereamur
3218 1064 3345 1104 eum
3392 1049 3577 1105 videre
3607 1058 3693 1104 re-

2098 1148 2370 1208 gnantem.
2422 1140 2598 1209 Elegit
2622 1141 2765 1196 enim
2804 1142 2971 1205 mori,
3001 1156 3108 1195 non
3139 1149 3198 1195 ut
3245 1141 3396 1196 illum
3435 1141 3535 1197 sibi
3576 1141 3693 1196 vin-

2096 1231 2303 1287 dicaret
2330 1230 2583 1299 infernus,
2615 1232 2710 1289 sed
2743 1241 2798 1287 ut
2828 1243 3069 1289 mortuos
3097 1247 3127 1286 a
3163 1233 3388 1289 mortuis
3418 1234 3689 1288 liberaret.

1769 1363 2039 1426 SERMO
2086 1364 2308 1425 XLIII.

1499 1465 1576 1519 De
1604 1464 1781 1518 cadent
1817 1464 2093 1520 Paschalis
2120 1466 2446 1519 solemnitate
2475 1466 2522 1519 Χ
2540 1466 2604 1519 γ.

396 1586 561 1655 511
589 1578 1255 1655 Ancuusnrtm.7—C_Itrist_i
1284 1577 1544 1655 humilitas
1565 1577 1719 1655 .ntiris
1748 1573 1995 1647 certisque

470 1646 728 1709 {austrum
742 1654 839 1722 fuit
854 1651 1135 1722 divinitatis
1164 1646 1539 1722 splendoribus.
1562 1646 1790 1717 Utraque
1805 1646 1995 1722 natura

471 1723 608 1797 quod
638 1716 903 1797 proprium
927 1729 1039 1797 erat
1069 1720 1122 1771 in
1159 1716 1225 1797 eo
1247 1718 1368 1797 egit,
1400 1725 1471 1797 ut.
1502 1716 1732 1797 humana
1748 1716 1995 1797 conditio

472 1784 661 1849 divina?
689 1784 899 1845 serviret
941 1784 1337 1858 dispensationi,
1369 1796 1417 1839 et
1446 1788 1615 1858 {ai-ma
1649 1784 1859 1858 deitatis
1900 1784 1997 1858 i-

2103 1576 2345 1647 injurias.
2377 1577 2505 1633 Inde
2525 1579 2685 1633 etiam
2718 1586 2853 1643 erat,
2878 1580 3020 1648 quod
3051 1580 3175 1635 dum
3210 1582 3351 1637 inter
3372 1597 3691 1642 concertan-

2105 1675 2186 1723 tcs
2214 1667 2425 1725 Judaxos
2446 1668 2513 1724 de
2562 1670 2680 1739 ipso
2710 1668 2939 1724 Domino
2986 1673 3306 1742 p0pulorum
3339 1673 3572 1731 ferveret
3613 1679 3694 1733 di-

2100 1773 2259 1813 versa
2280 1759 2568 1825 sententia,
2600 1760 2740 1813 alter
2761 1761 2909 1814 illum
2931 1761 3266 1832 despiciebat
3316 1774 3374 1819 ut
3399 1767 3690 1836 hominem,

472 1868 599 1919 tium
628 1863 871 1926 hominis,
903 1850 1085 1929 nem'pe
1131 1858 1415 1923 Christum,
1439 1850 1688 1927 (aqualem
1735 1854 1846 1910 Deo
1902 1855 1994 1908 de—
2036 1895 2076 1953 Β
2104 1850 2240 1905 alter
2259 1851 2561 1906 mirabatur
2579 1860 2637 1906 ut
2662 1853 2852 1907 Deum.
2905 1853 3032 1909 Inde
3057 1864 3174 1910 erat
3197 1865 3256 1911 ut
3280 1858 3368 1912 alii
3400 1859 3547 1914 illum
3569 1877 3693 1916 cru-

473 1940 805 1988 monstraret.

473 2044 731 2114 Superna:
761 2040 1057 2097 voluntatis
1084 2053 1149 2095 ac
1171 2037 1542 2108 dispositionis
1570 2037 1834 2107 profunda
1853 2080 1866 2102 ,
1892 2038 2001 2093 fra-

402 2147 521 2191 tres
540 2133 823 2201 carissimi,
854 2131 956 2187 nisi
982 2131 1049 2186 de
1072 2130 1174 2183 ﬁde
1196 2144 1506 2199 sequamur,
1535 2128 1887 2197 intelligentia
1920 2128 2002 2181 in-

400 2229 739 2284 terturbatur
766 2226 1025 2291 humana,
1048 2231 1102 2277 et
1128 2224 1181 2276 in
1214 2220 1585 2290 magnitudine
1611 2235 1835 2290 Operum
1874 2220 2005 2274 divi-

400 2334 619 2383 norum,
651 2318 753 2372 nisi
800 2313 1191 2384 omnipotentis
1233 2311 1329 2366 Dei
1378 2320 1705 2366 terreremur
1742 2310 1999 2375 arbitrio,

398 2410 647 2467 mortalis
700 2407 896 2477 ingenii
944 2404 1085 2459 ratio
1126 2403 1273 2457 velut
1325 2401 1529 2456 inﬁrma
1577 2400 1899 2455 succumbit.
1935 2398 2003 2453 Et

398 2501 531 2556 ideo
559 2515 678 2569 qua:
734 2498 1031 2565 Deusagit,
1081 2510 1188 2548 non
1236 2501 1363 2547 sunt
1410 2490 1651 2545 rimanda
1683 2491 1882 2558 verbis,
1904 2489 2001 2544 sed

398 2591 693 2647 devotione
719 2587 1005 2643 credenda.
1031 2585 1164 2640 Nam
1195 2585 1249 2639 in
1290 2582 1558 2638 Christum
1589 2581 1875 2636 Dominmn
1906 2598 2002 2636 n0-

399 2692 573 2740 strum
626 2682 697 2735 ita
750 2679 843 2734 Dei
879 2678 1223 2746 hominisque
1267 2682 1606 2730 sacramenta
1647 2681 1999 2738 concurrunt,

400 2783 463 2830 ut
486 2773 585 2828 sub
606 2771 838 2841 quodam
861 2769 1086 2838 geminae
1108 2766 1335 2822 actionis
1358 2763 1557 2829 ofﬁcio,
1573 2771 1629 2817 et
1653 2764 1704 2817 in
1720 2762 2005 2831 majestate

400 2865 523 2935 ejus
550 2862 830 2918 humilitas
856 2860 1075 2930 fulgeat,
1110 2866 1165 2913 et
1203 2864 1395 2928 regnet
1423 2858 1475 2910 in
1505 2855 1807 2909 humilitate
1837 2853 2005 2923 maje-

398 2967 534 3014 stas.
567 2954 695 3009 Erat
714 2954 914 3024 quippe
942 2953 1054 3021 ipse
1075 2950 1321 3005 Christus
1340 2948 1441 3003 sub
1463 2947 1670 3001 unitate
1691 2944 2004 3000 substantia:

380 3048 649 3111 diversae,
690 3060 787 3115 per
816 3042 1071 3114 mysteria
1121 3038 1512 3110 redemptionis
1560 3045 1777 3103 nostrae,
1835 3036 2001 3091 homo

402 3148 621 3210 potens,
672 3145 725 3191 et
755 3134 973 3190 humilis
1002 3134 1174 3198 Deus;
1200 3132 1297 3187 sed
1324 3130 1619 3186 secundum
1666 3128 2001 3199 propositum

2103 1940 2404 2009 ciﬁgerent,
2427 1943 2517 1997 alii
2546 1942 2862 2011 adorarent;
2886 1946 3024 2000 sicut
3049 1952 3104 2001 et
3128 1948 3366 2007 latrones
3395 1951 3469 2005 illi
3495 1954 3695 2022 pariter

2102 2032 2367 2102 cruciﬁxi,
2396 2050 2533 2089 unus
2559 2035 2706 2089 illum
2730 2043 2982 2105 tanquam
3006 2048 3315 2095 consortem
3342 2043 3608 2111 supplicii,
3640 2053 3695 2097 ut

2103 2122 2341 2193 perﬁdus
2371 2126 2703 2195 increpabat,
2737 2127 2876 2182 alter
2900 2137 2958 2181 ut
2980 2128 3147 2183 Deum
3177 2133 3415 2187 sentiens
3438 2135 3696 2203 precaba-

2101 2220 2208 2266 tur.
2244 2213 2311 2267 Et
2350 2214 2492 2279 ideo,
2518 2215 2734 2281 fratres,
2759 2217 2883 2285 quia
2904 2228 3021 2272 erat
3050 2227 3179 2275 tunc
3206 2222 3365 2276 simul
3404 2224 3458 2278 in
3482 2223 3695 2281 Christo

2101 2314 2155 2359 et
2185 2307 2461 2374 regnantis
2505 2306 2826 2375 dominatio,
2876 2317 2931 2363 et
2985 2311 3339 2366 ministerium
3388 2317 3696 2375 servientis.

2102 2394 2234 2448 Nam
2265 2411 2388 2450 cum
2418 2397 2473 2450 in
2504 2397 2672 2452 forma
2703 2398 2798 2453 Dei
2819 2408 2980 2463 esset,
3028 2406 3089 2455 ut
3125 2401 3288 2458 docet
3342 2401 3540 2461 Paulus
3567 2421 3697 2477 apo-

2102 2486 2294 2551 stolus,
2322 2488 2547 2542 formam
2575 2487 2748 2543 induit
2768 2490 3207 2547 servitutis.Erat
3228 2508 3417 2549 revera
3447 2496 3501 2550 in
3528 2497 3697 2555 forma

2102 2576 2199 2630 Dei
2228 2575 2494 2643 Christus,
2527 2594 2649 2633 cum
2677 2595 2871 2649 aquam
2899 2582 2950 2634 in
2985 2582 3107 2636 vina
3137 2584 3397 2640 vertendo
3427 2595 3696 2644 creatura~

2104 2684 2220 2722 rum
2251 2684 2309 2724 se
2338 2684 2456 2724 esse
2485 2670 2761 2725 dominum
2793 2673 3085 2728 revelabat.
3130 2674 3186 2728 In
3217 2675 3390 2733 forma
3431 2679 3527 2734 Dei
3556 2691 3693 2747 erat,

2104 2774 2225 2813 cum
2247 2768 2522 2830 praecepto
2550 2761 2720 2831 ipsius
2763 2762 2831 2817 de
2861 2763 3095 2819 obsessis
3137 2768 3459 2836 corporibus
3499 2786 3566 2826 ac
3604 2787 3697 2827 ve-

2106 2850 2265 2905 tustis
2291 2865 2323 2905 e
2351 2851 2570 2906 sedibus
2617 2853 2976 2909 reclamantes
3030 2855 3303 2912 daemones
3339 2860 3697 2929 pellebantur.

2105 2939 2238 2994 Erat
2266 2941 2317 2995 in
2340 2941 2437 2996 Dei
2467 2940 2659 3008 forma,
2689 2959 2815 2999 cum
2840 2944 3031 3001 mediis
3063 2947 3116 3001 in
3146 2944 3397 3004 fluctibus
3438 2950 3578 3006 unda
3612 2966 3699 3007 so-

2106 3032 2290 3099 lidata,
2317 3049 2418 3089 nec
2435 3043 2617 3090 tamen
2646 3036 2765 3091 sine
2796 3038 3012 3105 timore,
3047 3042 3374 3097 venerandis
3395 3042 3511 3113 ejus
3538 3047 3699 3101 vesti-

2104 3125 2205 3192 giis
2224 3127 2513 3181 serviebat.
2539 3127 2596 3181 In
2627 3128 2797 3183 forma
2819 3139 2999 3186 autem
3020 3133 3161 3187 servi
3187 3143 3324 3202 erat,
3350 3151 3470 3192 cum
3496 3138 3702 3195 itineris

403 3232 591 3302 gloria:
619 3244 729 3285 sua:
771 3226 1043 3282 humilitas
1073 3224 1168 3279 Dei
1197 3225 1361 3279 homo
1408 3230 1524 3289 est,
1553 3228 1610 3275 et
1635 3219 1876 3289 potentia
1902 3218 2001 3273 lio-
2030 3253 2076 3316 Ο
2107 3215 2420 3284 fatigatione
2450 3218 2677 3273 lassatus
2706 3221 2855 3275 velut
2893 3223 3237 3291 requiescens
3268 3240 3434 3297 super
3461 3243 3523 3283 os
3551 3231 3699 3299 putei

402 3324 566 3377 minis
595 3322 738 3376 Deus
766 3327 867 3373 est.
900 3316 1128 3372 Humilis
1151 3328 1283 3369 sane
1322 3313 1520 3367 dicitur
1546 3311 1716 3375 Deus,
1750 3309 1839 3363 ubi
1866 3324 2003 3377 pra:-

402 3416 704 3484 rogativam
735 3411 968 3483 propriae
1006 3408 1304 3464 divinitatis
1344 3406 1609 3461 inclinans
1657 3403 1805 3459 cruci
1845 3418 2001 3457 suum

402 3522 601 3577 corpus
629 3504 795 3574 attigi,
829 3500 1029 3556 mundo
1059 3501 1180 3570 ipso
1226 3498 1462 3567 lugente,
1491 3494 1765 3565 permisit;
1811 3500 1867 3548 et
1904 3508 2003 3563 po-

403 3610 523 3655 tens
552 3606 636 3652 est
682 3597 847 3650 homo
878 3593 932 3648 in
960 3592 1073 3647 Deo
1098 3605 1218 3654 suo,
1261 3604 1382 3645 cum
1411 3588 1563 3643 verbi
1605 3586 1721 3655 ejus
1774 3585 2002 3655 imperio

401 3691 749 3746 infirmitates
766 3686 1069 3752 discedunt,
1088 3680 1740 3750 sanitateslanguentibus
1753 3678 2001 3747 redeunt,

401 3782 670 3837 immundi
699 3780 907 3848 fugiunt
928 3776 1171 3846 spiritus,
1202 3781 1259 3829 et
1289 3772 1465 3840 angeli
1488 3771 1877 3839 obsequuntur.
1907 3767 2005 3823 Ita-

399 3887 509 3943 que
536 3888 660 3927 cum
695 3870 822 3926 novi
853 3867 1087 3923 hominis
1133 3865 1293 3934 hujus
1318 3865 1389 3919 sit
1430 3872 1579 3917 tanta
1608 3862 1873 3932 potentia,
1906 3861 2002 3915 de-

401 3966 594 4020 bemus
615 3963 899 4018 advertere
921 3962 1047 4031 quia
1077 3959 1253 4015 omnis
1280 3958 1367 4012 illa
1389 3956 1483 4011 Dei
1515 3956 1788 4010 humilitas
1815 3955 2003 4022 digna-

403 4056 568 4111 tionis
594 4062 678 4110 est
722 4054 916 4123 pietas,
958 4066 1065 4107 non
1094 4049 1295 4105 delctio
1326 4046 1633 4117 potestatis.
1669 4044 1771 4100 l’cr
1794 4044 1898 4099 hoc
1927 4044 2001 4097 ni-

402 4147 598 4201 mirum
620 4144 1042 4201 sacratissimnm
1065 4138 1451 4197 incarnationis
1471 4135 1811 4207 mysterium,
1844 4136 1915 4189 ita
1946 4135 2000 4188 in

401 4254 572 4295 unum
602 4237 887 4293 Dominum
908 4247 1177 4303 unamque
1208 4245 1493 4303 personam
1517 4244 1643 4285 caro
1665 4227 1920 4283 convenit
1947 4237 2003 4281 et

402 4331 736 4397 Verbum,ut
756 4337 809 4383 et
824 4328 963 4382 Deus
986 4333 1269 4397 putaretur
1281 4331 1440 4379 natus
1464 4338 1493 4377 e
1516 4322 1735 4387 femina,
1766 4320 2002 4375 ethomo

399 4423 653 4479 credatur
668 4422 878 4476 venisse
899 4420 967 4475 de
989 4419 1147 4485 C(BIO,
1165 4415 1460 4473 secundum
1474 4414 1621 4485 quod
1642 4414 2002 4480 aitSalvator,

398 4514 587 4571 dicens
621 4532 633 4566 :
669 4511 840 4567 Nemo
863 4511 1092 4566 ascendit
1111 4510 1165 4563 in
1190 4508 1393 4575 coelum,
1425 4508 1526 4561 nisi
1549 4508 1633 4577 qui
1655 4504 1918 4559 descendit
1941 4504 2004 4558 de

398 4605 547 4671 calo,
574 4604 618 4657 F'
620 4606 741 4659 ilius
764 4604 1005 4668 hominis,
1035 4602 1121 4672 qui
1140 4602 1192 4654 in
1216 4600 1340 4653 coelo
1363 4609 1439 4653 est
1469 4597 1647 4670 (Joan.
1682 4598 1779 4666 ιιι).
1808 4596 2002 4662 Quarso

398 4716 546 4754 nunc
574 4697 850 4767 quomodo
894 4704 1018 4751 ante
1057 4694 1358 4764 passionem
1390 4708 1542 4748 suam
1582 4690 1848 4756 Christus,
1879 4706 1999 4743 cum

398 4791 630 4846 necdum
666 4789 993 4859 gloriﬁcatus
1016 4794 1362 4858 properasset
1415 4784 1483 4839 ad
1514 4783 1747 4845 Patrem,
1776 4782 1828 4834 in
1860 4782 2000 4836 coelo

398 4882 690 4946 essedixit,
718 4879 1022 4936 ascendisse
1046 4878 1229 4942 etiam,
1257 4876 1343 4931 vel
1373 4874 1715 4930 descendisse
1736 4874 1803 4927 de
1832 4872 1999 4927 εωιοῖ

399 4972 706 5041 Quomodo,
733 4972 943 5034 fratres,
995 4970 1095 5025 nisi
1142 4970 1268 5038 quia
1303 4976 1421 5023 erat
1458 4967 1599 5021 filius
1626 4966 1859 5021 hominis
1907 4965 1996 5033 qni

401 5063 569 5117 Filius
592 5062 721 5116 Dei?
744 5061 852 5115 Nec
879 5075 1165 5130 possumus
1187 5073 1432 5115 seorsum
1464 5064 1556 5110 aut
1579 5057 1849 5110 hominem
1883 5055 1999 5109 sine

403 5155 540 5220 Deo,
568 5163 662 5207 aut
690 5152 859 5208 Deum
883 5152 997 5206 sine
1016 5152 1238 5207 homine
1266 5147 1533 5206 conﬁteri.
1560 5147 1751 5203 Nonne
1790 5147 2001 5202 videtur

400 5246 599 5301 etclam
624 5243 1018 5299 transcendisse
1047 5244 1232 5305 homo,
1264 5240 1481 5312 quando
1506 5241 1558 5293 in
1586 5247 1739 5294 utero
1783 5239 2001 5307 virginis

403 5338 585 5392 unitas
616 5344 699 5390 est
724 5334 819 5389 Dei
849 5335 1063 5390 Verbo?
1091 5333 1159 5387 Et
1188 5342 1315 5388 tunc
1365 5335 1525 5405 512
1562 5330 1904 5386 descendisse
1934 5331 2001 5384 de

402 5428 565 5491 coelo,
614 5425 833 5497 quando
863 5425 994 5479 nihil
1039 5426 1139 5479 sibi
1189 5426 1256 5479 de
1308 5425 1536 5493 genuina
1574 5422 1856 5491 majestate
1904 5438 1999 5475 sua

406 5520 705 5587 vindicans,
733 5520 1005 5574 hominem
1034 5534 1189 5574 suum
1220 5518 1417 5588 pmnali
1459 5516 1678 5571 tradidit
1724 5516 1998 5585 passimd?

405 5613 585 5680 Atque
614 5612 735 5667 ideo
764 5611 818 5665 in
846 5611 985 5666 ctelo
1014 5621 1131 5665 erat
1151 5610 1417 5677 Christus,
1440 5625 1561 5664 cum
1589 5615 1859 5676 potestate
1890 5624 2000 5661 cm-

406 5704 531 5760 lesti
561 5702 807 5757 miranda
838 5701 1100 5767 faciebat;
1131 5709 1250 5755 erat
1278 5701 1622 5755 nihilominus
1644 5708 1699 5753 et
1744 5699 1794 5751 in
1820 5698 1995 5761 terris,

409 5811 535 5854 Cum
565 5795 707 5851 mitis
754 5803 810 5849 et
848 5794 1065 5850 humilis
1112 5804 1353 5847 terrenas
1382 5808 1480 5860 per
1506 5792 1695 5861 impios
1725 5798 2000 5859 pateretur

2035 4636 2083 4694 D

2105 3306 2348 3361 sedebat.
2380 3307 2635 3362 Formam
2664 3312 2807 3364 servi
2860 3313 3081 3381 agebat,
3106 3330 3231 3370 cum
3277 3316 3330 3371 in
3374 3334 3499 3375 eum
3530 3322 3699 3378 insul-

2105 3403 2283 3451 tantes
2314 3398 2463 3467 impii
2512 3398 2871 3455 sordidissimi
2900 3402 3011 3458 oris
3038 3405 3120 3458 sui
3166 3413 3700 3482 sputamentaproji-

2102 3498 2310 3544 cerent.
2333 3488 2487 3544 Servi
2513 3491 2739 3545 formam
2778 3502 3108 3563 susceperat,
3141 3511 3264 3551 cum
3305 3497 3495 3555 faciem
3522 3517 3699 3571 suam,

2104 3593 2266 3648 quam
2308 3580 2506 3635 intueri
2535 3582 2881 3638 credentibus
2927 3587 3117 3654 pavori
3162 3596 3303 3655 erat,
3345 3606 3375 3644 a
3424 3594 3619 3662 palmis
3646 3608 3699 3652 et

2105 3670 2300 3725 ictibus
2328 3670 2628 3727 ludentium
2683 3690 2791 3729 non
2839 3677 3024 3741 vertit,
3052 3686 3106 3733 et
3134 3681 3282 3748 quod
3326 3683 3412 3739 his
3450 3687 3541 3755 qui
3574 3702 3699 3743 vere

2104 3770 2232 3817 sunt
2259 3764 2399 3818 servi
2431 3766 2641 3835 perpeti
2668 3774 2782 3821 erat
2816 3769 3206 3841 turpissimum,
3237 3775 3401 3831 etiam
3449 3782 3699 3849 scapulas

2104 3868 2251 3921 suas,
2282 3855 2477 3924 quibus
2506 3864 2690 3911 nostra
2716 3868 2945 3914 venerat
2972 3871 3194 3930 peccata
3235 3875 3474 3935 portare,
3504 3872 3698 3928 verbe-

2105 3948 2339 4002 rantium
2368 3949 2618 4005 manibus
2640 3950 3113 4021 inclinavit.Quasi
3133 3972 3324 4015 servus
3348 3963 3533 4033 utique
3560 3978 3699 4036 erat,

2106 4056 2229 4095 cum
2259 4042 2498 4098 salutare
2533 4043 2700 4113 ipsius
2737 4054 2900 4115 caput
2929 4047 3271 4106 inimicorum
3298 4063 3550 4112 contexta
3580 4074 3698 4115 ma-

2108 4131 2266 4187 nibus
2293 4133 2478 4202 spinea
2528 4149 2731 4189 corona
2763 4134 3021 4193 foedabat.
3070 4139 3279 4210 Itaque,
3333 4146 3544 4214 fratres,
3575 4164 3699 4204 cum

2106 4240 2245 4279 unus
2269 4225 2520 4294 idemque
2547 4226 2640 4280 Dei
2672 4226 2839 4281 Filius
2868 4229 3003 4285 mira
3025 4230 3233 4300 fecerit,
3255 4234 3432 4291 flenda
3462 4242 3698 4308 pertule-

2106 4318 2196 4384 rit,
2228 4333 2364 4373 unus
2394 4318 2644 4387 idemque
2690 4328 2826 4384 erat,
2871 4328 2925 4374 ct
2951 4335 3161 4390 servus,
3194 4332 3251 4378 et
3278 4324 3549 4384 dominus.
3586 4331 3695 4384 To-

2107 4418 2218 4463 tum
2241 4409 2382 4463 enim
2406 4418 2465 4463 ut
2493 4410 2746 4466 dominus
2770 4420 3004 4481 poterat,
3035 4422 3089 4468 et
3115 4422 3285 4470 totum
3316 4420 3621 4488 patiebatur
3640 4433 3695 4482 ut

2106 4514 2313 4554 servus.
2345 4498 2452 4554 Sed
2490 4499 2601 4569 jam
2633 4502 2912 4559 videamus
2939 4506 3136 4573 quibus
3162 4507 3495 4576 potissimum
3524 4512 3696 4567 virtu-

2110 4591 2251 4645 tibus
2280 4590 2582 4660 quibusque
2609 4592 2865 4659 gradibus
2890 4594 2999 4659 ille,
3031 4597 3120 4664 qui
3145 4613 3332 4654 servus
3362 4608 3495 4666 erat,
3527 4600 3694 4657 Deum

2108 4698 2168 4737 se
2216 4699 2335 4737 esse
2387 4684 2498 4739 suis
2526 4685 2801 4755 discipulis
2829 4687 3189 4743 conﬁmiavit.
3233 4690 3413 4747 Primo
3453 4696 3692 4750 omnium

2110 4775 2402 4829 ﬁdelissimi
2456 4779 2790 4834 centurionis
2836 4783 3200 4835 necessarium
3253 4783 3532 4855 famulum,
3572 4803 3693 4844 cum

2109 4865 2293 4919 lethali
2320 4876 2602 4932 urgeretur
2644 4869 3009 4936 incommodo,
3057 4882 3277 4939 rogatus
3323 4874 3391 4928 ab
3433 4878 3553 4946 ejus
3592 4881 3693 4936 do-

2107 4960 2272 5023 mino,
2292 4961 2486 5015 absens
2514 4961 2812 5030 absentem,
2830 4974 2888 5018 ut
2915 4980 3039 5019 vere
3064 4966 3220 5030 Deus,
3257 4969 3417 5023 missa
3441 4973 3693 5039 sanitate,

2106 5052 2336 5116 curavit,
2387 5060 2443 5105 et
2468 5062 2728 5119 aegrotum
2771 5056 2936 5118 illum,
2981 5072 3138 5123 quem
3178 5060 3340 5127 paulo
3369 5062 3435 5115 lo;
3460 5065 3578 5131 gius
3601 5068 3693 5120 de.

2108 5145 2450 5200 cumbenteni
2478 5147 2638 5218 513
2668 5149 3027 5218 corporaliter
3065 5166 3173 5205 non
3215 5152 3453 5223 videbat,
3484 5158 3695 5215 deitatis

2107 5254 2216 5293 sua:
2245 5239 2401 5294 oculo
2439 5240 2694 5294 visitavit.
2732 5240 2969 5310 Denique
3006 5242 3323 5299 miseranda:
3362 5248 3534 5303 vidua:
3579 5253 3692 5304 uni-

2108 5347 2229 5384 cum
2286 5329 2471 5399 filium,
2503 5346 2623 5385 cum
2660 5331 2773 5400 jam
2822 5333 3163 5401 sepeliendus
3202 5336 3343 5391 lecto
3387 5348 3693 5407 portaretur

2109 5424 2175 5475 ad
2206 5423 2487 5485 tumulum,
2508 5422 2751 5489 jussione
2771 5423 3088 5480 vivificantis
3119 5428 3325 5495 imperii
3355 5431 3692 5495 suscitatmn,

2108 5513 2233 5566 vita:
2262 5513 2420 5565 simul
2464 5528 2526 5566 ac
2553 5514 2730 5577 matri,
2765 5513 2969 5569 medias
3017 5516 3155 5571 inter
3186 5519 3388 5583 turbas,
3437 5528 3492 5575 et
3523 5530 3691 5573 morte

2112 5606 2223 5674 ipsa
2252 5612 2404 5667 teste,
2440 5605 2693 5659 restituit.
2730 5604 2857 5659 Post
2898 5607 3029 5673 lncc,
3078 5609 3416 5664 sacerdotum
3448 5611 3691 5680 principe

2110 5712 2207 5765 pro
2237 5697 2408 5750 salute
2440 5694 2561 5749 ﬁlia:
2603 5711 2711 5750 suae
2758 5698 3112 5767 supplicante,
3149 5700 3259 5768 ipse
3280 5701 3372 5769 qui
3403 5703 3565 5755 vitam
3597 5719 3690 5756 na-

2108 5790 2278 5843 scenti
2325 5788 2567 5855 dederat,
2600 5788 2870 5846 defuncta:
2901 5792 3092 5859 puellm
3135 5792 3369 5851 animam
3413 5798 3688 5860 proprium
