4054 6194
462 381 565 432 διεδ

1676 374 1735 430 S.
1776 372 2019 429 MAXIM!
2060 372 2508 432 TAURINENSIS

3644 378 3748 434 69.5

460 487 671 542 induxit
695 487 748 542 in
771 502 983 557 corpus.
1006 486 1081 541 Ac
1110 500 1178 540 ne
1198 485 1267 542 de
1290 485 1563 541 miraculis
1590 486 1912 542 recentioris
1930 486 2051 542 obi-
2082 490 2131 549 Α
2160 487 2342 542 reditu
2368 488 2437 542 ab
2489 486 2674 543 inferis
2717 488 3035 561 disputaret,
3086 492 3178 560 qui
3225 491 3557 560 probabatur
3603 502 3750 547 tanta

460 588 548 632 tus
576 577 719 647 apud
748 578 942 647 impios
968 576 1186 631 colludii
1217 583 1524 631 remaneret
1552 577 1661 631 ulla
1698 577 1968 646 suspicio,
1999 584 2056 632 et

460 676 781 738 putarentur
810 682 919 721 non
963 680 1085 720 esse
1124 666 1325 721 mortui
1360 674 1468 721 tam
1507 667 1765 722 velociter
1791 667 2053 735 suscitati,

460 757 533 811 ad
560 757 702 813 beati
738 756 926 810 Lazari
954 756 1198 825 pergitur
1234 757 1596 827 sepulturam,
1628 759 1721 829 qui
1746 758 2057 829 quatriduo-

464 863 586 913 nus,
617 854 673 902 et
713 846 929 912 fetidus,
959 846 1190 903 vinculis
1227 846 1462 918 insuper,
1494 856 1554 903 ut
1596 849 1762 904 moris
1803 857 1908 917 est,
1938 849 2055 904 col-

462 938 679 1007 ligatus,
700 936 861 1009 514
873 938 941 991 ad
954 946 1284 1008 praeceptum
1300 937 1498 993 Christi
1517 940 1763 995 vocantis
1783 938 2053 1005 exsiliens,

463 1027 639 1083 factus
665 1041 749 1083 εει
776 1028 1036 1084 continuo
1064 1027 1294 1084 Domino
1318 1044 1418 1084 suo
1466 1028 1523 1083 in
1567 1029 1843 1099 colloquio
1888 1029 2057 1099 parti-

462 1133 615 1189 ceps,
645 1126 702 1173 et
729 1118 782 1172 in
802 1134 1002 1174 mensae
1041 1119 1302 1175 societate
1329 1118 1579 1174 conviva.
1610 1118 1740 1185 Qua:
1770 1119 1949 1174 omnia
1971 1118 2055 1173 fa-

466 1218 555 1265 cta
580 1216 706 1266 sunt
734 1208 955 1274 idcirco,
988 1209 1272 1273 carissimi,
1311 1217 1371 1264 ut
1399 1224 1558 1265 nemo
1587 1209 1804 1281 penitus
1841 1207 1911 1263 de
1937 1206 2055 1277 ejus

2157 578 2330 648 gloria
2355 579 2644 635 suscitasse
2668 580 2971 637 defunctos.
2989 582 3058 636 Et
3081 584 3202 637 ideo
3222 583 3507 638 credamus
3523 584 3753 640 Domino

2158 670 2271 725 Deo
2298 676 2487 725 nostro
2522 677 2634 724 tam
2657 673 2919 740 stupenda
2947 673 3216 726 mirabilia
3240 672 3475 728 facienti.
3497 674 3754 729 Amemus

2157 777 2280 817 eum
2309 770 2421 816 tam
2442 777 2635 832 magna
2665 764 2823 819 nobis
2850 764 3115 820 beneficia
3142 764 3510 820 conferentem
3530 805 3548 829 ,
3580 765 3752 819 susci-

2164 859 2369 907 tantem
2397 860 2666 908 mortuos.
2699 854 3037 909 Veneremur
3066 854 3134 908 ab
3158 854 3343 909 inferis
3358 863 3751 923 resurgentem;

2161 942 2421 1010 colamus,
2448 943 2732 999 adoremus
2760 945 2925 999 etiam
2954 944 3021 999 ad
3052 944 3228 1000 Patris
3273 945 3520 1000 dextram
3570 960 3754 1000 cons»

2159 1032 2396 1098 dentem,
2430 1040 2592 1102 atque
2612 1034 2757 1087 omni
2787 1033 3077 1089 devotione
3104 1034 3357 1089 vivorum
3385 1042 3751 1089 mortuorum.

2159 1135 2267 1190 que
2285 1130 2517 1178 venturo
2541 1121 2710 1192 judici
2737 1124 3057 1190 serviamus,
3091 1124 3185 1194 qui
3210 1139 3331 1180 cum
3364 1123 3527 1180 Patre
3554 1133 3614 1179 et
3634 1124 3743 1193 Spi-

2157 1211 2266 1265 ritu
2290 1218 2499 1279 sancto,
2524 1219 2628 1268 etc.

1838 1320 2112 1385 SERMO
2152 1323 2377 1385 XLIV.

1744 1420 1821 1477 De
1842 1422 2155 1476 Ascensione
2199 1421 2410 1479 Domini
2440 1422 2488 1478 1.

1878 1509 2269 1567 ADMONITIO.

537 1610 708 1679 Hujus
736 1609 863 1665 item
891 1605 1158 1679 sermonis
1179 1614 1467 1679 auctorem
1479 1617 1606 1679 esse
1627 1601 1917 1679 Maximum
1942 1617 2050 1679 non
2073 1602 2244 1679 sty_lus
2273 1602 2456 1679 modo,
2490 1619 2678 1679 verum
2704 1604 2869 1679 etiam
2899 1605 3145 1679 codicum
3173 1606 3467 1661 auctoritas
3495 1604 3753 1661 ostendit.

473 1670 645 1750 Atque
674 1680 726 1735 id
754 1679 973 1750 quidem
1001 1677 1145 1732 ultro
1171 1675 1420 1731 concedit
1448 1673 1777 1750 Muratorius
1801 1688 1917 1750 una_
1937 1670 2241 1750 eretus'fide
2266 1673 2469 1750 codicis
2510 1674 2872 1750 Amhresiani.
2905 1675 3228 1750 Nos_veter_a
3253 1685 3606 1750 monumenta
3632 1692 3752 1750 veg

467 1741 651 1805 saritcs
696 1741 1056 1804 Ambrosiano
1084 1760 1386 1801 consonare
1426 1743 1792 1869 comperimus
1819 1742 1940 1798 cod.
1966 1741 2380 1809 Taurinensem,
2413 1744 2467 1799 in
2508 1758 2617 1814 quo
2646 1744 2787 1800 idem
2815 1760 2995 1801 sermo
3018 1745 3159 1801 inter
3182 1744 3534 1801 Maximianos
3562 1755 3648 1801 est
3677 1744 3756 1799 De

469 1821 785 1869 Aseensione
806 1818 1019 1869 Domini
1047 1833 1217 1869 sermo
1242 1814 1347 1869 ΧΙ.
1380 1822 1436 1869 et
1464 1829 1493 1869 e
1573 1853 1588 1867 .
1616 1812 1967 1867 Casinensem
1995 1811 2118 1869 102.
2146 1825 2272 1869 nas.
2309 1812 2394 1867 70.

469 1821 785 1875 Ascensione
806 1818 1019 1874 Domini
1047 1833 1217 1871 sermo
1242 1814 1347 1882 X1,
1380 1822 1436 1869 et
1464 1829 1493 1870 c

468 1931 860 1986 ABGUIBNTUI.
881 1960 954 1971 -—-
984 1925 1216 1980 Elevatio
1245 1924 1435 1978 Christi
1464 1921 1534 1975 ad
1562 1920 1734 1985 cwlos,
1760 1937 1859 1991 qua
1881 1919 2050 1991 capti—

537 2017 655 2055 eam
679 2001 828 2053 duxit
855 1998 1223 2069 captivitatem,
1249 1994 1304 2048 id
1329 1994 1603 2115 estIiustos.
1624 2007 1655 2044 a
1677 1989 1907 2044 tartareo
1926 1989 2055 2070 libe-

537 2080 680 2115 γαιηι
700 2076 968 2115 πηιριιαιε-
992 2083 1163 2115 secum
1191 2065 1391 2115 colmzre
1429 2078 1483 2115 es
1508 2064 1626 2115 feeit
1646 2061 1863 2113 caelestis
1884 2075 2053 2115 ream.

537 2080 680 2125 ratos
700 2058 968 2139 potestate,
992 2083 1163 2139 secum
1191 2058 1483 2139 cohaaredes
1507 2060 1626 2132 fecit
1646 2061 1863 2139 caelestis
1884 2058 2053 2139 regni,

538 2129 731 2211 magna
752 2156 845 2194 nos
866 2129 1011 2191 debet
1032 2129 1545 2211 afﬁcerepoluptate,
1564 2146 1678 2184 cum
1698 2137 1747 2183 et
1778 2129 2057 2211 Dominum

536 2209 607 2264 ad
628 2197 909 2264 "(sternam
936 2197 1191 2261 remeasse
1215 2197 1436 2274 gloriam
1455 2203 1769 2267 intueantur,
1797 2209 1847 2254 et
1875 2214 1970 2254 nos
1995 2197 2059 2251 de

537 2297 599 2335 ea
626 2278 752 2333 bene
778 2293 987 2349 sperare
1008 2274 1304 2346 jubeamur.

541 2388 826 2457 Religiosis
846 2385 1135 2441 admodum
1162 2382 1371 2453 gaudiis
1398 2381 1701 2451 devotaque
1723 2381 1924 2448 laetitia,
1953 2381 2061 2435 fra-

469 2493 581 2538 tres
603 2479 902 2544 carissimi,
931 2475 1180 2532 hodierni
1220 2474 1460 2546 mysterii
1487 2474 1644 2527 nobis
1671 2480 1756 2527 est
1782 2472 2062 2527 celebran-

467 2575 537 2629 da
559 2571 841 2635 festivitas,
870 2567 998 2638 quia
1026 2565 1273 2621 Christus
1294 2564 1554 2619 Dominus
1580 2571 1784 2627 noster,
1813 2562 1899 2616 cui
1922 2563 2062 2616 inter

469 2661 763 2737 primordia
818 2655 1218 2726 congressionis
1258 2669 1369 2710 suae
1414 2660 1653 2708 tentator
1681 2652 1771 2707 ille
1798 2652 2012 2708 dicebat
2044 2671 2057 2707 :

467 2757 529 2812 Si
556 2754 725 2808 Filius
746 2750 843 2805 Dei
863 2766 938 2817 es,
974 2748 1056 2802 dic
1081 2757 1138 2801 ut
1157 2746 1358 2818 lapides
1387 2746 1472 2799 isti
1499 2760 1660 2815 panes
1682 2744 1815 2814 ﬁant
1837 2742 2056 2813 (Matth.

470 2846 568 2917 tv),
597 2845 795 2901 ctelum
824 2841 987 2897 hodie
1013 2846 1305 2911 penetrans
1350 2850 1568 2892 omnem
1595 2835 1907 2891 credentem
1955 2834 2061 2889 vivi

469 2934 661 3005 lapidis
683 2931 970 2989 conﬁrmat
1000 2928 1299 2984 munimine
1316 2968 1331 2993 ,
1363 2934 1418 2981 et
1444 2924 1680 2980 caelestis
1707 2924 1861 2996 panis
1890 2923 2063 2980 refec-

469 3027 617 3082 tione
644 3021 908 3087 vivilicat;
939 3029 996 3076 et
1044 3018 1213 3074 totius
1249 3016 1358 3073 doli
1387 3014 1583 3070 artifex
1609 3015 1950 3088 explorabat,
1981 3016 2063 3070 di-

468 3129 635 3172 cens:
670 3113 731 3168 Si
752 3110 927 3165 Filius
972 3107 1068 3163 Dei
1096 3124 1173 3176 es,
1210 3108 1355 3161 mitte
1374 3117 1423 3161 te
1453 3106 1720 3172 deorsum;
1751 3121 1860 3162 nou
1886 3104 2061 3160 solum

467 3205 721 3261 deorsum
766 3218 874 3258 non
922 3200 1166 3267 corruit,
1193 3198 1289 3255 sed
1334 3197 1566 3268 sumptis
1612 3205 1829 3253 aeterna:
1874 3196 2062 3266 glorire

1616 1812 1967 1867 Casinensem
1995 1811 2118 1879 102,
2146 1825 2272 1882 pag.
2309 1812 2394 1867 70.

2086 1927 2131 1987 Β
2158 1918 2406 1977 Christus
2432 1920 2698 1991 ascendit,
2728 1929 2784 1978 et
2830 1921 3125 1987 hominem,
3167 1936 3327 1991 quem
3370 1922 3569 1977 invidia
3593 1923 3755 1977 mali-

2160 2012 2376 2082 gnantis
2402 2013 2607 2068 inimici
2637 2012 2807 2082 prima
2837 2012 2926 2066 illa
2952 2011 3185 2082 paradisi
3214 2012 3546 2068 habitatione
3564 2012 3759 2081 depul-

2160 2116 2279 2157 sum
2310 2102 2338 2141 δ
2371 2102 2778 2173 projectumque
2824 2102 2877 2156 in
2906 2102 3049 2157 hanc
3092 2102 3279 2157 mundi
3324 2102 3501 2156 labem
3551 2100 3759 2156 fecerat

2161 2205 2282 2247 esse
2309 2191 2673 2262 peregrinum,
2700 2190 2938 2259 angelica
2960 2190 3012 2245 in
3041 2191 3216 2261 patria
3244 2190 3547 2256 collocavit,
3577 2198 3635 2245 et
3657 2206 3757 2261 pa—

2162 2284 2329 2341 radisi
2357 2284 2617 2349 exsulem,
2641 2283 2815 2338 civem
2836 2282 3136 2338 cmlestium
3164 2281 3310 2336 fecit.
3335 2278 3566 2351 Propter
3584 2281 3755 2349 quod,

2162 2376 2446 2443 carissimi,
2473 2376 2732 2430 immensa
2755 2374 2911 2430 nobis
2931 2381 3015 2431 est
3042 2372 3401 2442 gratulatione
3429 2372 3725 2426 laetandum
3741 2412 3757 2436 ,

2163 2468 2290 2537 quia
2337 2482 2476 2537 quos
2516 2474 2770 2522 tentator
2823 2465 2984 2533 elisit,
3014 2464 3266 2522 Salvator
3314 2464 3505 2529 erexit,
3537 2473 3594 2519 et
3621 2478 3759 2533 quos

2163 2568 2451 2629 peccatum
2480 2557 2681 2613 diaboli
2708 2557 2985 2623 vinxerat,
3014 2555 3214 2610 Christi
3260 2555 3435 2624 gratia
3467 2555 3756 2621 liberavit;

2162 2649 2305 2711 sicut
2332 2651 2406 2705 ait
2432 2649 2772 2705 beatissimus
2797 2647 2994 2704 Paulus
3021 2647 3301 2719 apostolus
3325 2666 3338 2701 :
3372 2647 3470 2702 Ubi
3513 2647 3757 2702 abunda-

2162 2740 2235 2794 bit
2259 2750 2546 2810 peccatum,
2580 2738 3014 2810 superabundavit
3041 2748 3091 2793 et
3113 2740 3286 2809 gratia
3315 2737 3493 2807 (Rom.
3515 2738 3593 2808 v).
3620 2738 3756 2794 Vere

2162 2831 2605 2901 superabundans
2648 2831 2851 2900 gratia,
2883 2845 3004 2901 qua:
3049 2831 3230 2886 deleto
3281 2831 3486 2886 homini
3522 2840 3756 2886 mortem

2164 2921 2452 2978 transfodit
2480 2922 2548 2978 ad
2576 2922 2762 2990 vitam,
2794 2930 2850 2979 et
2898 2936 3113 2992 pmuam
3143 2921 3309 2978 vertit
3353 2922 3405 2975 in
3450 2921 3755 2993 praemium.

2164 3012 2301 3069 Nam
2330 3013 2477 3083 quod
2497 3028 2687 3069 revera
2715 3021 2896 3084 potest
2925 3012 3097 3083 majus
3117 3027 3235 3069 esse
3264 3013 3540 3083 praemium
3568 3027 3758 3083 pecca-

2164 3108 2290 3174 tori,
2320 3121 2481 3176 quam
2519 3105 2662 3177 quod
2713 3106 2829 3176 ejus
2857 3121 3017 3162 causa
3066 3103 3383 3175 Unigenitus
3429 3104 3525 3160 Dei
3584 3105 3759 3160 induit

2166 3213 2407 3267 carnem,
2438 3213 2657 3255 crucem
2686 3197 2846 3269 515
2875 3197 3117 3268 pertulit,
3144 3197 3478 3268 sepulturam
3504 3196 3759 3265 dignatus

468 3298 661 3369 pennis
688 3296 864 3352 victor
889 3293 1068 3350 aemuli
1090 3292 1174 3350 sui
1214 3290 1417 3347 volavit
1443 3291 1511 3345 ad
1541 3289 1741 3346 cmlum
1771 3307 1786 3344 ;
1813 3289 2059 3344 Ascendit
2085 3297 2132 3361 C
2161 3302 2247 3350 est
2268 3333 2284 3359 ,
2314 3292 2519 3348 inferna
2572 3306 2680 3345 non
2721 3291 2970 3356 horruit,
2996 3289 3359 3358 damnatoque
3382 3290 3503 3360 ipso
3531 3296 3758 3344 auctore

468 3392 635 3457 enim,
658 3390 797 3445 sicut
834 3386 1091 3456 scriptum
1121 3392 1225 3451 est,
1254 3400 1409 3455 super
1436 3382 1716 3449 cherubim,
1747 3390 1793 3436 et
1822 3382 2008 3436 volavit
2038 3395 2057 3435 :

469 3481 659 3537 volavit
680 3495 834 3551 super
853 3492 1053 3547 pennas
1078 3485 1343 3531 ventorum
1366 3474 1539 3548 (Psal.
1562 3474 1716 3545 xvu).
1742 3471 1810 3528 Et
1830 3473 1918 3528 cui
1937 3480 2063 3528 tunc

470 3572 736 3637 diabolus,
765 3570 811 3627 si
839 3570 909 3625 ab
934 3583 1001 3624 eo
1022 3576 1166 3623 esset
1191 3566 1469 3632 adoratus,
1493 3580 1663 3635 regna
1691 3572 1746 3619 et
1766 3571 2062 3635 potestates

470 3665 650 3721 εωοωί
677 3661 1047 3736 promittebat,
1078 3666 1258 3729 spreta
1285 3658 1527 3713 vanitate
1572 3656 1855 3725 tentantis,
1885 3655 2061 3710 domi-

472 3763 659 3810 natum
708 3752 894 3809 mundi
938 3758 994 3806 et
1032 3750 1422 3820 sempiternum
1461 3748 1586 3805 coeli
1634 3747 1847 3817 accepit
1892 3744 2062 3817 impe-

472 3848 632 3911 rium,
658 3852 720 3899 ut
748 3844 861 3913 ipse
906 3842 983 3895 ait
1013 3858 1028 3894 :
1062 3837 1255 3894 Omnia
1300 3840 1429 3893 mihi
1467 3839 1662 3893 tradita
1690 3846 1810 3892 sunt
1836 3854 1869 3891 a
1896 3836 2059 3891 Patre

472 3955 584 3993 meo
609 3938 665 3990 in
687 3934 814 3989 casto
833 3942 884 3988 et
904 3935 961 3987 in
987 3939 1129 3985 terra
1150 3929 1367 4001 (Matth.
1392 3930 1490 3999 xl).
1516 3928 1625 3984 Nec
1644 3929 1913 3984 immerito
1933 3928 2060 3983 bea-

474 4027 683 4083 tissimo
709 4028 1086 4079 remuneratus
1107 4028 1191 4076 cst
1214 4034 1403 4089 regno,
1420 4020 1513 4090 qui
1543 4019 1767 4088 legitimi
1781 4020 1923 4089 regis
1943 4020 2060 4074 ani-

472 4132 621 4173 mum
650 4128 846 4185 gerens
866 4110 1143 4184 tyrannica
1170 4110 1436 4182 promissa
1462 4109 1947 4181 despexit.Magnis
1969 4110 2062 4181 igi-

474 4218 564 4264 tur
591 4205 922 4278 approbatis,
947 4202 1519 4274 incomprehensisque
1540 4201 1837 4269 miraculis,
1858 4211 2061 4275 myste-

472 4304 550 4359 ria
581 4302 737 4358 nobis
761 4298 959 4356 Christi
987 4298 1321 4368 virtutesque
1340 4304 1703 4353 succrescunt.
1738 4297 1872 4350 Nam
1898 4310 2061 4366 quem

472 4402 752 4449 maternus
778 4398 967 4447 uterus
994 4389 1051 4443 in
1070 4404 1229 4444 usum
1252 4388 1531 4458 praesentis
1558 4388 1681 4443 vita:
1703 4387 1937 4443 humana
1962 4403 2062 4458 per

470 4486 807 4540 incrementa
832 4480 1129 4553 produxit,
1177 4478 1417 4547 ingenito
1465 4477 1861 4534 confoederatus
1913 4478 2060 4534 Patri

466 4578 707 4633 dextera:
736 4574 854 4645 ejus
881 4579 1176 4644 perpetuus
1222 4570 1532 4626 dominator
1560 4570 1787 4636 assedit;
1817 4578 1873 4626 et
1898 4586 2059 4640 quem

2162 3384 2369 3449 delicti,
2402 3392 2713 3453 susceptum
2751 3382 3027 3437 hominem
3067 3381 3305 3452 portavit
3333 3382 3385 3435 in
3412 3379 3646 3436 coelum?
3674 3378 3757 3434 Ιη-

2162 3476 2369 3532 tendite
2411 3475 2593 3544 itaque
2618 3516 2633 3543 ,
2684 3474 3038 3541 dilectissimi,
3074 3475 3089 3505 ¹
3118 3473 3246 3543 quia
3276 3473 3396 3543 plus
3427 3472 3633 3543 profuit
3660 3472 3757 3527 ho-

2161 3568 2294 3624 mini
2320 3567 2476 3637 culpa
2513 3581 2675 3636 quam
2726 3566 2949 3632 nocuit;
2980 3581 3105 3621 nam
3151 3565 3245 3635 qui
3296 3563 3758 3635 prmvaricationis

2164 3660 2476 3715 humiliatus
2504 3659 2622 3729 lege
2650 3659 2860 3729 captiva
2891 3658 3160 3713 diabolico
3188 3658 3320 3727 jugo
3342 3656 3481 3712 colla
3507 3656 3757 3725 subjece—

2165 3759 2272 3820 rat,
2302 3751 2483 3807 omnia
2523 3749 2817 3821 tyrannica:
2846 3749 3177 3820 captivitatis
3206 3748 3417 3803 vincula
3439 3763 3471 3802 a
3501 3747 3595 3803 Dei
3619 3745 3755 3802 Filio

2168 3852 2355 3912 captus
2395 3842 2587 3898 evasit.
2622 3840 2772 3896 Sicut
2800 3841 2877 3895 ait
2900 3840 2969 3896 de
2997 3840 3115 3911 ipso
3140 3840 3367 3896 Domino
3395 3838 3755 3909 Redemptore

2168 3941 2358 3989 nostro
2383 3932 2726 3988 venerandus
2755 3931 2923 3987 David
2956 3949 2969 3985 :
3009 3942 3029 3969 ο
3070 3930 3368 3985 Ascendens
3394 3931 3449 3984 in
3479 3931 3644 3983 altum
3669 3944 3756 3982 ca-

2166 4025 2359 4095 ptivam
2383 4024 2532 4078 duxit
2558 4024 2929 4094 captivitatem,
2951 4022 3089 4076 dedit
3109 4021 3249 4077 dona
3276 4020 3587 4075 hominibus.
3614 4018 3752 4086 Quid

2166 4128 2297 4184 ergo
2319 4112 2545 4184 prodest
2573 4112 2730 4169 nobis
2752 4112 2799 4168 si
2823 4112 3193 4184 captivitatem
3222 4118 3460 4167 nostram
3487 4110 3755 4181 captivam

2162 4222 2378 4263 sursum
2432 4206 2693 4261 Dominus
2720 4205 2894 4274 duxit,
2940 4213 2998 4260 et
3036 4204 3181 4273 quod
3229 4210 3448 4274 captum
3479 4217 3510 4257 a
3540 4201 3755 4257 diabolo

2164 4308 2315 4370 erat,
2364 4315 2474 4356 non
2499 4300 2703 4356 sineret
2756 4314 2875 4355 esse
2926 4297 3235 4368 captivum?
3263 4295 3368 4351 Per
3395 4294 3576 4350 omnia
3605 4293 3758 4348 nobis

2166 4390 2410 4462 prodest,
2438 4388 2721 4455 carissimi,
2750 4397 2808 4443 et
2853 4387 3299 4443 inaestimabiliter
3344 4385 3601 4457 prodest,
3631 4384 3759 4455 quia

2169 4482 2225 4536 in
2253 4489 2477 4551 captura
2498 4479 2699 4535 diaboli
2727 4478 2858 4534 dura
2887 4485 2969 4533 est
2988 4478 3242 4545 servitus,
3264 4485 3322 4531 et
3341 4477 3501 4531 beata
3528 4475 3583 4528 in
3604 4473 3759 4529 Chri-

2166 4574 2236 4628 sti
2265 4572 2580 4642 captivitate
2607 4570 2849 4625 libertas.
2871 4569 2982 4624 Nec
3010 4568 3253 4633 dubium,
3278 4567 3406 4636 quia
3434 4566 3612 4622 omnis
3631 4580 3761 4634 cap-

473 4669 635 4725 terris
661 4671 1085 4739 persequentum
1124 4678 1231 4718 vox
1268 4662 1433 4733 impia
1456 4671 1483 4699 ι
1512 4661 1868 4731 hlasphemat,
1900 4662 2059 4718 obse—
2088 4665 2137 4725 D
2164 4673 2251 4720 tus
2279 4680 2308 4718 a
2338 4663 2573 4727 diabolo,
2629 4661 2855 4717 traditus
2910 4659 3105 4714 inferni
3158 4659 3394 4713 tenebris
3444 4672 3660 4727 semper
3709 4655 3760 4709 in

472 4759 755 4830 quentium
781 4771 925 4813 nunc
952 4753 1270 4825 angelorum
1302 4752 1537 4807 laudatio
1568 4752 1832 4808 indefessa
1861 4768 2058 4809 conce-

470 4853 678 4921 lebrat;
709 4854 849 4910 sicut
894 4850 1156 4921 scriptum
1185 4856 1269 4903 est
1297 4866 1309 4901 :
1342 4845 1600 4901 Laudatio
1642 4846 1756 4918 ejus
1803 4856 1976 4901 manet
2004 4849 2059 4902 in

471 4945 719 5000 secutum
756 4943 933 4999 saeculi
961 4940 1117 5014 (Psat
1146 4938 1296 5010 cxx).
1330 4937 1598 4993 Lmtemur
1618 4937 1817 5007 itaque,
1846 4937 2055 5003 fratres,

469 5041 526 5087 et
556 5032 884 5089 exsultemus
912 5033 967 5088 in
995 5031 1247 5095 Domino,
1272 5030 1399 5100 quia
1426 5028 1589 5084 hodie
1615 5028 1736 5083 οωιί
1757 5027 1864 5081 alta
1886 5035 2063 5083 trans—

472 5121 718 5177 cendens
744 5121 811 5175 ad
839 5130 1077 5191 paternae
1104 5120 1250 5178 sedis
1279 5118 1678 5190 incogitabilem
1718 5117 2059 5187 majestatem

544 5295 571 5322 ⁸
600 5281 735 5338 Cod.
763 5278 972 5350 Casin._,
1001 5278 1405 5350 biasphemabat.

545 5354 571 5394 ιι
596 5353 745 5408 Idem
774 5348 900 5406 cod.
929 5348 1132 5414 Casin.,
1156 5352 1489 5420 ejectumque.

546 5495 564 5527 ⁸
602 5489 729 5546 Haec
756 5486 955 5557 scripta
983 5500 1080 5555 per
1110 5485 1408 5567 emphasim
1430 5490 1583 5566 sunt,
1614 5493 1790 5603 eoqzue
1814 5484 2061 5560 spectant

549 5579 583 5603 η
608 5559 735 5603 illud
763 5557 907 5603 anui
949 5555 1159 5603 sabbati
1186 5564 1358 5603 sancti
1390 5555 1478 5603 die
1514 5560 1660 5603 canit
1736 5549 1929 5603 cclesna
1964 5567 1976 5601 :
2013 5546 2058 5601 0

471 5579 583 5637 quo
608 5559 736 5616 illud
763 5555 909 5628 quod
949 5555 1160 5611 sabbati
1186 5555 1358 5609 sancti
1390 5555 1478 5609 die
1514 5555 1660 5633 canit
1691 5555 1929 5604 Ecclesia
1964 5567 1976 5601 :
2013 5555 2058 5601 υ

474 5635 607 5699 (alia:
629 5631 800 5699 culpa,
831 5635 934 5699 etc.
968 5626 1302 5699 Enumerans
1328 5639 1457 5699 vero
1481 5623 1760 5699 Maximus
1804 5619 2060 5699 prmclara

494 5641 607 5691 otia:
629 5641 800 5699 culpa,
831 5641 933 5682 etc.
968 5641 1302 5679 enumerans
1328 5641 1457 5677 vero
1495 5641 1760 5676 maleus
1804 5641 2057 5689 praxcwl'a

472 5641 731 5763 Leuelicia
757 5714 876 5770 quae
904 5696 1108 5770 Christi
1130 5693 1455 5770 resurrectio
1480 5692 1785 5770 hominibus
1810 5690 2057 5770 centulit,

474 5759 715 5847 imusque
757 5759 1141 5841 redemptionis
1188 5762 1434 5836 perfecit,
1465 5760 1754 5816 ostendere
1778 5760 1947 5817 voluit
1973 5759 2061 5829 ja—

2120 4776 2123 4781 ί
2166 4757 2311 4811 luctu
2332 4765 2436 4823 est,
2460 4764 2516 4810 et
2539 4756 2593 4809 in
2621 4755 2821 4809 lumine
2850 4752 3087 4809 ccclestis
3116 4751 3270 4820 regni
3292 4750 3493 4805 Christi
3514 4749 3762 4818 captivus

2166 4849 2418 4904 exsultat.
2444 4847 2533 4901 Ait
2558 4859 2687 4913 ergo
2712 4847 2904 4901 beatus
2928 4845 3093 4899 David
3120 4862 3133 4897 :
3166 4843 3433 4914 Captivam
3463 4841 3615 4894 duxit
3640 4856 3761 4907 cap-

2168 4941 2436 5003 tivitatem,
2470 4937 2633 5007 516
2657 4935 2795 4990 dedit
2826 4934 2965 4989 dona
2986 4933 3278 4987 hominibus
3351 4930 3545 4985 Videte
3583 4936 3637 4984 et
3665 4926 3760 4981 ad-

2166 5029 2382 5093 vertite,
2407 5042 2569 5096 quam
2596 5041 2696 5082 nos
2724 5024 2978 5095 expediat
3000 5022 3200 5078 Christi
3230 5036 3349 5076 esse
3378 5020 3646 5089 captivos,
3666 5014 3765 5086 qui

2167 5119 2341 5190 captis
2370 5117 2482 5173 suis
2511 5130 2621 5172 non
2676 5116 2852 5172 solum
2900 5122 3157 5170 aeternam
3206 5112 3394 5169 tribuit
3420 5111 3760 5173 libertatem,

2245 5284 2266 5312 ε
2282 5270 2422 5326 Psal.
2442 5286 2602 5335 van,
2618 5267 2906 5323 Ascendiin
2916 5268 2971 5321 in
2994 5270 3174 5334 altum,
3192 5247 3375 5335 cepisti
3389 5263 3757 5334 captivitatem,

2169 5342 2407 5414 accepisti
2431 5341 2568 5395 dona
2596 5341 2650 5393 in
2680 5339 2989 5394 hominibus.

2168 5484 2379 5533 cturam
2410 5473 2477 5529 ab
2507 5471 2753 5539 originali
2781 5469 2979 5541 delicto
3022 5466 3179 5521 nobis
3217 5463 3439 5541 illatam,
3468 5477 3567 5533 per
3576 5459 3758 5541 (abun—

2168 5530 2469 5601 dantiorem
2498 5530 2761 5597 donvorum
2791 5539 3003 5608 copiam
3029 5540 3337 5609 reparatam
3367 5530 3551 5609 fuisse.
3576 5530 3758 5609 Simile

2207 5600 2443 5685 uidpiam
2486 5612 2699 5681 scripsit
2733 5610 2788 5685 ὃ.
2833 5600 3181 5685 Ambrosius;
3212 5620 3334 5685 eum
3359 5605 3428 5685 de
3456 5600 3756 5685 Theodosio

2207 5634 2443 5685 nluptam
2486 5634 2699 5681 SCI‘IPSII
2733 5634 2788 5665 δ.
2833 5634 3181 5670 nutunutu»,
3212 5634 3334 5658 cum
3359 5634 3428 5658 uc
3466 5634 3754 5656 ιιιευυυοιυ

2168 5634 2410 5755 augusto
2450 5692 2633 5750 ageret
2654 5681 2843 5755 epist.
2866 5678 2974 5755 μ).
3000 5677 3137 5731 dixit
3170 5675 3260 5755 :‘U
3289 5672 3754 5755 .beetum.men_da:

2168 5738 2320 5823 ciui’n,
2345 5773 2442 5827 quo
2470 5738 2752 5825 acquiritur
2781 5750 2874 5807 sibi
2904 5751 3125 5804 aliorum
3155 5746 3430 5807 absolutio.
3456 5744 3534 5799 sui
3558 5738 3753 5812 gratia!
