4054 6194
289 326 390 381 625

1694 327 1921 386 SERMO
1959 327 2140 384 XLVI.

3443 321 3551 379 696

285 439 377 494 sed
401 446 456 492 et
486 438 769 494 inell‘abilia
800 440 1096 496 caelestium
1136 454 1415 494 munerum
1445 439 1586 494 dona
1616 440 1860 510 largitur.
1896 448 1943 505 Α
1972 453 2134 506 guum
2182 438 2304 503 hoc,
2340 434 2552 503 fratres,
2585 439 2711 509 quia
2761 438 2876 508 ipse
2906 436 3165 492 Dominus
3207 436 3285 489 ait
3314 454 3326 488 :
3357 436 3554 507 Jugttnt

284 529 517 597 Ideoque
546 530 652 583 alio
684 531 735 583 in
767 531 887 585 loco
920 530 1223 600 patriarcha
1267 530 1518 585 decantat
1550 548 1563 583 :
1594 529 1862 594 Converte,

284 617 522 683 Domine,
546 620 890 688 captivitatem
911 630 1163 685 nostram,
1186 621 1315 673 sicut
1338 630 1536 675 torrens
1556 621 1610 674 in
1632 631 1865 675 austrum

286 707 459 779 (Psal.
487 710 668 777 cxxv).
699 709 989 778 Converte,
1014 710 1120 772 ait,
1146 725 1252 765 non
1281 719 1483 775 averte,
1509 711 1560 764 id
1606 719 1689 765 est
1725 725 1864 780 prte-

282 805 384 862 sta,
402 798 648 865 Domine,
673 807 732 853 ut
749 800 839 868 qui
856 799 968 869 jam
990 799 1190 853 dudum
1212 800 1354 869 capti
1371 816 1400 853 a
1419 800 1633 855 diabolo
1654 814 1859 865 sumus,

282 888 355 941 tui
386 887 601 942 tandem
630 904 931 943 mereamur
952 904 1070 944 esse
1095 889 1316 958 captivi.
1345 890 1555 944 Scimus
1576 890 1718 943 enim
1736 890 1862 957 quia

280 975 495 1030 diabolo
507 991 626 1031 esse
637 976 933 1045 subjectum
963 993 1240 1047 peramara
1262 978 1501 1033 conditio
1521 987 1604 1033 est
1624 986 1680 1033 et
1704 978 1857 1033 inex-

280 1066 444 1134 pleta,
479 1077 505 1106 ι
537 1068 650 1134 tibi,
694 1068 936 1135 Domine,
962 1070 1168 1125 servire
1190 1068 1516 1138 iucunditas.
1549 1069 1659 1126 Nec
1687 1071 1857 1125 ambi-

1967 547 2134 584 meum
2154 546 2308 583 suave
2328 539 2426 592 est,
2449 540 2498 585 et
2517 548 2647 585 onus
2668 548 2833 585 meum
2856 531 2961 584 leve
2983 528 3199 599 (Matth.
3225 528 3321 597 χι).
3342 526 3555 584 Idcirco

1967 618 2365 691 disrumpentes
2394 621 2725 678 infidelitatis
2775 621 2987 677 vincula
3008 660 3024 685 ,
3065 629 3122 675 et
3148 618 3496 689 projieientes
3519 633 3551 674 a

1966 715 2264 771 cervicibus
2288 716 2485 771 nostris
2499 716 2682 785 jugum
2704 716 2922 780 diaboli,
2948 715 3096 769 omni
3118 729 3241 769 eum
3263 711 3555 767 devotione

1966 806 2102 860 colla
2133 815 2317 862 nostra
2345 807 2617 862 dominico
2658 808 2945 862 subdamus
2992 806 3237 877 imperio,
3268 804 3391 873 quia
3430 818 3551 858 rna-

1966 908 2124 963 gnam
2150 897 2495 952 credentibus
2519 896 2728 952 confert
2755 896 3027 964 Evangelii
3050 896 3233 965 jugum
3268 902 3327 949 et
3353 893 3559 950 Christi

1965 985 2246 1054 captivitas
2282 986 2621 1043 suavitatem.
2651 987 2753 1054 Qui
2780 1002 2902 1043 cum
2933 986 3091 1042 Patre
3119 994 3174 1043 ct
3201 985 3402 1057 Spiritu
3424 1000 3553 1041 san-

1964 1083 2076 1144 cto,
2108 1085 2211 1133 etc.

1658 1179 1926 1242 SERMO
1968 1183 2137 1244 XLV

1434 1278 1513 1333 De
1540 1280 1719 1333 eadem
1740 1282 2042 1337 ascensione
2068 1282 2281 1338 Domini
2311 1284 2394 1339 II.

1730 1392 2121 1450 ADMONITIO.

346 1478 701 1557 Prmmittilur
730 1478 817 1532 hic
845 1478 1305 1557 sermo-superiori
1345 1479 1398 1533 in
1429 1479 1619 1557 codice
1645 1480 1981 1557 Taurinensi,
2024 1485 2077 1538 in
2123 1500 2233 1554 quo
2268 1494 2362 1557 est
2402 1486 2645 1557 decimus
2687 1502 2874 1544 eorum
2912 1488 3002 1557 qui
3036 1487 3114 1541 De
3143 1460 3444 1543 ascensione
3466 1490 3554 1557 in-

275 1551 605 1628 scribuntur.
639 1548 746 1602 Nos
774 1548 969 1628 serie_m
996 1547 1413 1628 Muratorianam
1440 1551 1593 1619 sequi
1620 1552 1925 1620 maluimus,
1950 1547 2009 1608 ut
2038 1547 2157 1623 quaS
2182 1555 2356 1612 codici
2383 1554 2761 1625 Ambrosiano,
2785 1573 2817 1614 e
2843 1547 2951 1627 quo
2969 1558 3109 1613 idem
3124 1558 3425 1628 descriptus
3449 1556 3549 1613 fuit

276 1635 482 1687 sermo,
512 1619 669 1689 plane
697 1618 1041 1686 respondeat.

277 1736 671 1789 Ancuurznrou.
703 1760 773 1771 -—
801 1732 947 1787 Sicut
975 1732 1037 1785 de
1072 1733 1195 1786 caelo
1240 1732 1438 1787 venisse
1470 1731 1861 1801 Redemptorem

1968 1747 2192 1808 peccato
2231 1738 2543 1795 dominante
2584 1741 2828 1810 captiva,
2873 1740 2980 1795 illic
3024 1740 3237 1796 vivendi
3283 1743 3552 1811 acciperet

343 1804 658 1900 5742532."
684 1802 1865 1900 5.8.5:.-ff‘iff'd‘i'l'.£€e§.??.‘_ﬁff"f?%‘.ﬁ'fl’f
1896 1807 1939 1867 Β
1968 1828 2290 1895 libertatem.
2321 1844 2430 1898 quo
2455 1830 2611 1899 culpa
2649 1831 2877 1887 transire
2916 1846 3023 1885 non
3066 1830 3264 1900 possit!
3298 1830 3555 1886 Ascendit

344 1874 423 1925 ad
458 1873 638 1925 caelum
684 1872 1009 1941 remigrasse.
1049 1870 1229 1941 Magni
1259 1870 1527 1941 faciendus
1559 1879 1633 1924 est
1672 1872 1865 1927 reditus

343 1942 560 1995 Domini
582 1941 649 1994 ad
678 1940 849 1993 sedem
877 1940 1086 2009 gloriaz;
1121 1940 1169 1993 et
1196 1940 1343 1995 valde
1367 1941 1525 1995 etiam
1554 1957 1646 1994 nos
1676 1959 1863 1996 conso-

342 2012 490 2081 latur
532 2018 685 2081 parta
734 2010 986 2081 felicitas,
1034 2011 1168 2081 quod
1213 2012 1350 2064 inter
1397 2011 1620 2065 caelestes
1667 2011 1865 2067 incolas

343 2080 583 2134 Christus
610 2080 870 2134 hominem
898 2080 1227 2147 cooptavcrit.

342 2189 608 2245 llodierni
654 2188 762 2244 diei
808 2188 1174 2253 festivitatem,
1204 2187 1397 2243 fratres
1434 2188 1715 2255 carissimi,
1752 2201 1866 2260 my-

273 2283 503 2338 sterium
533 2281 686 2335 nobis
704 2279 984 2334 dominica:
1013 2279 1352 2337 Ascensionis
1378 2278 1629 2348 instituit,
1657 2287 1716 2335 ut
1741 2278 1869 2334 Uni-

271 2373 517 2442 genitum
548 2370 662 2437 Dei,
693 2384 851 2439 quem
881 2383 981 2440 pro
1009 2368 1377 2439 redemptione
1402 2370 1640 2424 omnium
1667 2368 1735 2423 ad
1759 2377 1867 2423 ter-

272 2478 359 2517 ras
393 2461 608 2518 venisse
637 2460 951 2532 gaudemus,
996 2475 1098 2530 pro
1136 2460 1437 2514 aeternitate
1466 2467 1646 2527 nostra
1672 2460 1865 2515 cmlum

270 2552 521 2609 lzutemur
550 2552 847 2621 ingressum
882 2568 893 2603 :
928 2566 1052 2604 nam
1080 2550 1194 2605 hate
1221 2558 1305 2605 est
1333 2550 1531 2605 veritas
1572 2549 1692 2605 ﬁdei
1724 2549 1867 2604 salu-

272 2643 432 2711 taris,
463 2650 521 2695 ut
549 2640 702 2710 cujus
729 2639 1035 2710 passionem
1063 2638 1353 2702 credimus,
1384 2639 1607 2707 gloriam
1636 2654 1746 2695 non
1772 2654 1867 2695 ne-

270 2749 483 2804 gemus.
521 2733 631 2787 Nec
673 2732 849 2800 magni
894 2746 1024 2786 sane
1063 2730 1304 2785 miraculi
1345 2746 1432 2786 res
1471 2739 1575 2799 est,
1618 2730 1761 2801 quod
1799 2730 1867 2785 ad

269 2824 473 2879 malum
508 2821 649 2894 rcdit
688 2822 777 2890 qui
809 2821 957 2876 venit
986 2836 1017 2875 e
1044 2820 1201 2884 C(Blﬂ,
1244 2820 1339 2874 sed
1380 2819 1521 2889 quod
1567 2820 1865 2889 hominem,

268 2928 437 2981 quem
471 2911 706 2979 suscepit
734 2926 765 2966 e
794 2919 958 2977 terra,
991 2910 1233 2980 pervexit
1260 2910 1329 2964 ad
1358 2909 1593 2965 Patrem.
1621 2911 1710 2965 Ait
1733 2910 1865 2966 bea-

271 3002 517 3056 tissimus
548 3000 709 3054 David
738 3018 751 3053 :
784 2998 1048 3054 Ltetentur
1070 3000 1179 3053 caeli
1206 3008 1253 3053 et
1281 3000 1498 3054 exsultet
1527 3008 1666 3053 terra
1690 3000 1860 3072 (Psal.

272 3092 398 3160 xcv)
422 3109 437 3155 ;
467 3090 612 3159 quod
640 3106 762 3145 eum
794 3089 861 3145 de
884 3098 1224 3145 sacramento
1246 3089 1441 3145 Christi
1472 3092 1731 3147 cecinisse
1757 3108 1863 3148 non

1968 1935 2098 1991 ergo
2126 1922 2194 1976 ad
2229 1920 2444 1978 Patrem
2471 1921 2735 1986 Salvator,
2766 1930 2826 1977 ut
2854 1930 2910 1977 et
2938 1922 3052 1993 ipse
3078 1922 3261 1978 debito
3287 1922 3553 1993 potiretur

1968 2011 2213 2082 imperio,
2254 2021 2310 2069 et
2353 2013 2508 2068 nobis
2553 2014 2870 2069 tetemitatis
2918 2015 3077 2086 517
3113 2014 3394 2084 promissae
3429 2028 3554 2083 spes

1968 2101 2175 2172 integra
2201 2110 2561 2172 permaneret.
2592 2102 2702 2158 Nec
2725 2102 3093 2171 dubitandum,
3122 2103 3337 2171 fratres,
3359 2104 3426 2159 de
3444 2104 3554 2160 hoc

1968 2194 2201 2261 Domini,
2231 2210 2391 2264 quem
2438 2194 2808 2264 praedicamus,
2860 2210 3104 2251 ascensu.
3144 2194 3277 2249 Nam
3322 2195 3369 2249 si
3409 2193 3554 2250 Elias

1967 2283 2238 2353 quondam
2286 2283 2385 2339 Dei
2426 2282 2657 2339 famulus
2696 2284 2767 2339 ob
2809 2284 3073 2339 castitatis
3110 2291 3166 2339 et
3202 2283 3324 2339 fidei
3362 2285 3553 2342 merita

1967 2390 2127 2431 curru
2155 2373 2404 2429 ﬂammeo
2432 2381 2488 2429 et
2515 2374 2667 2445 equis
2699 2374 2871 2445 igneis
2908 2390 3080 2443 usque
3119 2374 3188 2428 ad
3234 2374 3428 2430 etelum
3470 2382 3554 2430 est

1967 2465 2231 2533 elevatus,
2261 2480 2359 2520 cur
2384 2480 2492 2519 non
2522 2472 2633 2519 tota
2662 2464 2947 2520 devotione
2975 2465 3257 2521 credamus
3282 2463 3554 2520 Christum

1968 2562 2212 2609 nostrum
2246 2554 2414 2611 caelos
2450 2554 2763 2625 supergredi
2799 2555 3062 2624 potuisse,
3104 2555 3197 2623 qui
3243 2555 3555 2625 sempiterni

1969 2643 2143 2699 Patris
2170 2652 2226 2699 et
2251 2643 2487 2699 Verbum
2528 2651 2611 2699 est
2656 2650 2712 2699 et
2755 2644 3038 2698 voluntas?
3069 2646 3084 2676 ¹
3116 2644 3192 2699 De
3229 2644 3335 2700 hoc
3365 2660 3556 2716 nempe

1969 2734 2169 2789 dictum
2198 2742 2281 2788 est
2301 2747 2399 2803 per
2422 2732 2682 2803 Spiritum
2703 2741 2945 2789 sanctum
2970 2752 2983 2787 :
3010 2733 3195 2806 Regna
3219 2743 3386 2800 terraz,
3414 2735 3556 2805 psal-

1968 2824 2058 2876 lite
2096 2821 2351 2887 Domino,
2391 2824 2477 2894 qui
2526 2824 2759 2877 ascendit
2804 2840 2958 2893 super
3004 2825 3157 2879 catlos
3200 2826 3443 2879 calorum
3487 2824 3557 2878 ad

1969 2914 2219 2967 orientem
2262 2911 2445 2984 (Psal.
2484 2911 2615 2983 cn);
2659 2921 2715 2967 et
2752 2913 2946 2968 iterum
2986 2932 2998 2967 :
3038 2914 3293 2969 Dominus
3331 2916 3385 2968 in
3430 2915 3558 2971 caelo

1968 3004 2171 3073 paravit
2216 3003 2387 3057 sedem
2426 3019 2592 3066 suam,
2636 3003 2798 3074 518
2832 3014 2881 3057 et
2920 3021 3134 3076 regnum
3171 3005 3283 3076 ejus
3322 3005 3557 3060 omnibus

1969 3091 2315 3145 dominabitur
2346 3090 2517 3162 (Psal.
2543 3109 2631 3159 cn,
2660 3092 2777 3163 l9);
2809 3101 2864 3147 et
2891 3093 3018 3148 alibi
3052 3111 3065 3145 :
3091 3092 3346 3147 Dominus
3376 3107 3557 3146 ascen-

270 3182 497 3236 dubium
526 3190 609 3236 est
641 3198 655 3234 :
692 3196 814 3234 nam
852 3182 1085 3236 exsultat
1114 3190 1275 3245 terra,
1306 3196 1425 3251 quae
1456 3196 1681 3250 regnare
1707 3199 1863 3238 suum
1892 3173 1937 3237 C
1969 3181 2044 3234 dit
2082 3198 2236 3248 super
2279 3182 2449 3246 caelos,
2488 3189 2539 3234 et
2570 3190 2730 3235 tonat.
2769 3181 2877 3235 Aut
2902 3180 3176 3249 quomodo
3206 3189 3421 3251 poterat
3450 3196 3557 3237 non

272 3274 423 3327 videt
462 3273 515 3325 in
550 3273 857 3329 cmlestibus
900 3272 1351 3342 Redemptorem;
1396 3273 1606 3327 lmtatur
1642 3275 1859 3341 ccelum,

270 3364 395 3431 quia
428 3371 485 3417 et
514 3361 679 3417 Deum
707 3378 881 3428 suum,
913 3377 1072 3431 quem
1096 3362 1301 3429 habuit,
1332 3378 1441 3417 non
1470 3362 1665 3427 amisit,
1689 3371 1745 3418 et
1763 3364 1863 3419 ho-

270 3456 496 3519 minem,
540 3469 700 3524 quem
746 3470 855 3508 non
902 3454 1154 3519 habebat,
1186 3454 1412 3523 accepit.
1462 3452 1670 3509 Gaudet
1716 3461 1861 3511 terra

270 3543 467 3599 Filium
514 3544 608 3599 Dei
643 3544 983 3599 descendisse
1010 3544 1077 3599 de
1105 3545 1261 3610 coelo,
1294 3544 1388 3600 sed
1416 3561 1525 3600 non
1554 3546 1728 3601 minus
1762 3562 1859 3601 ex-

270 3637 440 3689 sultat
485 3636 679 3690 malum
726 3635 917 3689 Filium
962 3635 1195 3689 hominis
1240 3635 1545 3691 ascendisse
1585 3635 1652 3691 de
1692 3644 1857 3691 terra.

270 3724 444 3791 Sedit,
470 3724 662 3792 inquit,
684 3724 753 3777 ad
781 3724 1043 3777 dexteram
1073 3724 1267 3778 Patris.
1297 3723 1466 3789 Quam
1496 3725 1858 3780 necessarium

269 3826 410 3881 erat,
451 3815 732 3878 carissimi,
776 3824 835 3870 ut
873 3830 999 3870 caro
1038 3814 1448 3884 hominis,,qua3
1489 3813 1695 3883 jamdiu
1742 3822 1860 3869 erat

1966 3271 2021 3324 in
2041 3270 2236 3325 cmlum
2265 3269 2451 3337 recipi,
2483 3270 2573 3337 qni
2600 3269 2891 3322 humanum
2920 3282 3089 3337 genus
3110 3270 3340 3325 vocabat
3359 3270 3426 3323 ad
3446 3285 3557 3326 om-

1966 3362 2113 3416 lum?
2160 3360 2507 3415 Exsultemus
2549 3360 2754 3427 itaque,
2794 3359 3147 3426 dilectissimi,
3186 3368 3242 3415 et
3289 3361 3552 3424 laetemur,

1964 3453 2089 3522 quia
2132 3451 2203 3507 ibi
2237 3467 2355 3508 esse
2384 3460 2627 3506 nostrum
2662 3451 2910 3507 novimus
2942 3451 3379 3522 Redemptoreni,
3408 3451 3556 3508 unde

1964 3554 2161 3601 cuncta
2202 3552 2259 3599 et
2300 3544 2611 3614 proSpicere
2654 3543 2826 3613 possit
2864 3553 2921 3599 et
2963 3557 3171 3611 regere,
3203 3552 3259 3598 et
3290 3543 3417 3614 quia
3446 3542 3555 3599 illic

1963 3643 2206 3705 ereptum
2237 3635 2305 3689 ab
2333 3633 2517 3688 inferis
2545 3633 2818 3688 hominem
2846 3633 3152 3698 collocavit,
3186 3632 3277 3687 ubi
3317 3647 3423 3687 non
3466 3646 3555 3685 ar-

1962 3725 2063 3781 bor
2088 3724 2323 3780 scientiae
2349 3722 2478 3779 boni
2506 3729 2561 3778 et
2588 3722 2715 3777 mali
2738 3722 3014 3777 mortifera
3043 3738 3204 3791 poma
3229 3721 3551 3792 praetendat,

1961 3814 2056 3870 sed
2070 3813 2319 3870 salutaris
2331 3829 2394 3869 ac
2408 3812 2667 3884 simplicis
2687 3811 2943 3868 bonitatis
2964 3812 3228 3867 inhabitat
3247 3812 3549 3885 plenitudo.

1633 3928 1903 3990 SERMO
1944 3926 2147 3988 XLVI
2160 3970 2174 3984 .

1411 4026 1489 4082 De
1508 4027 1691 4082 eadem
1718 4028 2019 4082 ascensione
2051 4025 2265 4082 Domini
2297 4024 2408 4080 111.

1712 4116 2104 4172 ADMONITIO.

337 4215 405 4269 Et
427 4214 555 4285 styli
577 4211 734 4279 ratio,
764 4211 1098 4285 etAcodicum
1120 4217 1383 4285 veterum,
1416 4207 1765 4285 Taurinensis
1793 4209 2124 4285 cumprimis,
2165 4207 2464 4285 auctoritas
2489 4205 2670 4285 effecit
2698 4214 2777 4270 ut,
2794 4205 3092 4285 Mnratorio
3115 4220 3388 4285 assensus,
3407 4208 3553 4285 hunc

271 4288 429 4338 etiam
461 4272 769 4339 sermonem
814 4282 871 4336 S.
920 4280 1145 4334 antistiti
1196 4272 1515 4333 Taurinensi
1563 4272 1964 4347 attribuenduin
2017 4272 2137 4347 esse
2176 4278 2492 4347 judicarem.
2540 4274 2634 4330 Est
2658 4290 2793 4347 vero
2835 4276 2883 4347 is
2906 4274 2959 4325 in
2989 4272 3180 4347 eodem
3230 4273 3552 4330 Taurinensi

272 4356 455 4409 codice
488 4354 627 4407 inter
652 4352 709 4407 S.
743 4351 958 4405 Maximi
987 4364 1264 4419 sermones
1292 4347 1368 4401 De
1394 4350 1691 4419 ascensione
1719 4364 1886 4403 sermo
1906 4344 2082 4412 XIII,
2107 4341 2269 4419 quem
2298 4345 2516 4417 quidem
2543 4360 2609 4401 ex
2641 4344 2997 4399 Ambrosiano
3019 4341 3205 4397 codice
3235 4358 3550 4413 expressum

271 4424 544 4477 transtulit
572 4423 713 4477 idem
742 4421 1064 4476 Muratorius
1089 4420 1142 4473 in
1172 4418 1238 4472 ιν
1263 4427 1465 4473 tomum
1504 4418 1764 4473 Anecdot.

272 4536 661 4587 Ancuuenrvu.
692 4562 764 4573 ——
792 4529 1031 4601 Gloriosa
1052 4529 1261 4601 Domini
1292 4528 1526 4601 ascensio
1556 4544 1737 4601 novam
1757 4528 1848 4582 lw-
1880 4530 1929 4589 D
1956 4529 2074 4599 ejus
2092 4526 2406 4601 magnitudo
2429 4525 2688 4590 declarat,
2713 4522 2823 4593 qui,
2855 4530 3107 4593 suscepto
3128 4521 3384 4577 adversus
3403 4538 3553 4575 mun-

339 4606 469 4657 titire
522 4604 776 4655 rationem
828 4600 1138 4671 suppeditat.
1200 4597 1370 4671 Davitl
1412 4598 1723 4671 vaticinatus
1776 4606 1852 4671 est

338 4674 601 4725 Christum
631 4671 834 4725 ca'licas
861 4665 993 4723 inter
1029 4671 1239 4723 virtutes
1265 4668 1633 4736 recipiendum.
1680 4665 1850 4720 Verba

338 4743 659 4809 prophetica,
684 4742 888 4808 aliaque
919 4740 1206 4809 Scriptum
1238 4738 1354 4791 loca
1381 4736 1549 4790 doctis
1587 4752 1850 4790 commen-

340 4812 491 4865 tariis
518 4811 866 4865 illustrantur.

338 4904 587 4967 Quantus
613 4908 669 4956 et
691 4916 851 4971 quam
878 4900 1261 4968 investigabilis
1289 4900 1359 4955 sit
1383 4900 1437 4954 in
1463 4898 1715 4969 operibus
1742 4896 1853 4952 suis

279 4991 589 5062 Unigenitus
615 4992 957 5061 omnipotens
981 4990 1073 5045 Dei
1097 4989 1443 5045 ineliabilium
1473 4988 1851 5060 mysteriorum

346 5167 371 5194 ³
400 5155 535 5212 Cod.
566 5155 770 5221 Casin.,
804 5154 914 5217 tibi,
942 5152 1158 5218 Christe,
1191 5152 1397 5207 servire.

346 5296 364 5326 '
405 5292 560 5359 Quod
587 5290 782 5345 Paulus
810 5288 909 5344 inl
937 5289 1061 5344 Cor.
1084 5304 1129 5361 t_,_
1149 5286 1236 5361 Ἃ,
1266 5287 1401 5361 dixit
1430 5303 1455 5361 εΔ
1474 5286 1689 5361 Χριστὸν
1716 5290 1848 5343 Θεοῦ

273 5356 507 5426 assulis,
539 5366 620 5416 καὶ
647 5368 775 5417 Θεοῦ
803 5366 1037 5434 gagatem,
1071 5358 1327 5434 Christum
1356 5356 1853 5434 DeiuriorI-zsn'rnu

272 5447 371 5487 seu
393 5448 684 5495 vmrursn,
709 5438 763 5483 et
790 5425 907 5483 Dei'
924 5429 1264 5496 sapientiam;
1312 5426 1417 5481 hoc
1464 5425 1750 5496 Maximus
1774 5425 1855 5478 sic

274 5502 585 5573 accepit,nt
605 5493 872 5573 Christum
891 5493 1067 5551 Patris
1091 5514 1203 5573 esse
1230 5497 1537 5573 voluntatem
1564 5493 1852 5573 Ct-t'et'btttn

272 5564 567 5639 scripserit.
597 5572 730 5624 Cum
772 5570 915 5623 enim
958 5568 1299 5639 omnipotens
1335 5566 1586 5639 voluntas
1624 5564 1717 5616 Dei
1758 5564 1848 5639 sit,

275 5632 597 5705 potestatem
649 5641 967 5693 virtutemve
1010 5632 1219 5697 Patris,
1266 5636 1545 5690 voluntatis
1584 5632 1852 5705 expressit

278 5703 557 5767 iot‘abulo.
590 5709 791 5765 Dicitur
820 5718 1006 5774 autem,
1033 5706 1202 5773 inquit
1240 5706 1293 5761 S.
1328 5706 1562 5762 Thomas
1584 5704 1636 5757 in
1667 5703 1847 5757 locum

1956 4622 2007 4676 di
2046 4621 2347 4690 principem
2395 4616 2601 4687 prtclio,
2653 4612 2940 4684 pugnando
2987 4612 3041 4667 in
3090 4612 3309 4668 homine
3346 4619 3402 4666 et
3431 4611 3550 4664 vin-

1955 4710 2126 4764 cendo
2154 4724 2250 4777 per
2274 4706 2547 4761 hominem
2579 4703 2810 4758 incolam
2835 4702 2954 4757 cceli
2979 4711 3241 4771 terrzeque
3268 4701 3546 4756 dominum

1956 4800 2101 4854 fecit.
2126 4797 2227 4864 Qui
2252 4796 2414 4850 etiam
2444 4810 2641 4863 corpus
2671 4791 2799 4846 illud
2821 4791 3136 4847 humilitatis
3165 4800 3381 4857 nostrae,
3400 4792 3548 4861 quod

1958 4890 2128 4959 fragili
2159 4888 2389 4956 sumpsit
2414 4901 2445 4940 e
2472 4885 2687 4950 femina,
2711 4884 2873 4938 variis
2900 4891 3317 4953 persequentum
3347 4884 3551 4951 objecit

1960 4980 2187 5050 injuriis,
2217 4976 2363 5032 cruci
2393 4975 2552 5030 etiam
2584 4973 2828 5043 permisit
2857 4972 2996 5043 afligi
3018 5010 3033 5037 ,
3065 4972 3289 5030 elevatis
3320 4982 3550 5029 teterna-

1962 5278 2214 5349 proxime
2267 5274 2559 5349 indicatum
2608 5265 3001 5349 Apostoli,__Dei
3046 5266 3292 5349 viriuset
3326 5265 3547 5349 Dei_sa-

1965 5336 2159 5419 pientia
2188 5362 2279 5417 per
2306 5336 3066 5419 quamdam_approbationem.
3107 5336 3284 5419 Virtus
3319 5338 3544 5419 quidem,

1948 5407 2003 5472 i'n
2032 5407 2281 5489 quantum
2308 5407 2396 5484 per
2436 5407 2745 5489 eumnl’a'ter
2776 5409 2952 5489 omnia
2978 5415 3256 5489 operatur:
3292 5407 3337 5489 (ζ
3351 5407 3544 5460 Omnia

1957 5478 2056 5558 per.
2069 5489 2234 5557 ipsum
2258 5478 2535 5558 factasunt
2556 5480 2734 5558 (Joan.
2756 5482 2855 5558 1);)
2874 5479 3292 5558 sapietttiavero,
3311 5478 3363 5558 in
3379 5494 3542 5558 quan-2

1956 5544 2063 5611 lum
2090 5544 2269 5627 ipsum.
2301 5552 2521 5627 Verbum
2539 5544 2722 5627 {quod
2751 5544 2826 5627 est
2864 5547 2911 5600 F
2916 5544 3058 5613 ilius,
3105 5548 3235 5627 nihil
3272 5555 3347 5600 est
3392 5544 3542 5599 aliud

1952 5615 2768 5698 quam'sapientiagenitatvcl
2792 5627 3093 5698 Iconceptu‘:
3132 5636 3149 5668 ε
3188 5615 3299 5687 Ego
3341 5632 3407 5669 ea:
3452 5630 3540 5669 ore

1954 5687 2487 5763 Άιιήεειηιῖρνοάίυἱζ»
2521 5699 2624 5748 etc.
2654 5687 2876 5755 (Ecclus.
2910 5687 3080 5746 xxiv.)
