4054 6194
486 264 580 316 ϐῒ)

1709 259 1765 315 S.
1808 259 2050 316 MAXIM]
2092 261 2544 320 TAURINENSIS

3645 269 3748 324 69.8

487 377 625 429 libus
655 373 822 444 portis
851 387 1055 439 secum,
1080 380 1134 427 et
1165 371 1219 424 in
1247 385 1302 426 se
1331 370 1492 426 hodie
1521 371 1701 425 evexit
1729 371 1795 426 ad
1828 370 2062 426 l‘atrem.
2099 379 2142 434 Α
2173 373 2449 430 Dominus.
2483 375 2678 439 Fortis,
2729 392 2836 432 non
2881 377 3007 448 quia
3043 377 3290 433 inimicos
3328 391 3456 434 suos
3503 385 3754 446 potenter

488 466 727 534 Denique
755 465 916 520 beato
947 461 1116 517 David
1143 464 1442 517 instruente
1489 462 1870 530 cognovimus,
1904 462 2072 518 collo—

485 554 774 623 queutibus
829 553 970 607 inter
1016 567 1076 606 se
1121 550 1407 606 virtutibus
1443 550 1603 616 coeli,
1657 551 1773 606 hmo
1819 551 2072 620 pratdicta

488 644 823 699 mortalibus.
851 643 940 702 Ait
964 643 1108 697 enim
1143 660 1156 694 :
1184 641 1370 696 Tollite
1393 651 1574 712 portas
1601 643 1860 713 principes
1897 644 2071 707 uestri,

487 744 534 787 et
562 733 852 798 eleuamini,
891 741 1055 802 porta:
1084 731 1354 786 wternales
1373 771 1387 797 ,
1413 740 1460 784 et
1495 730 1726 786 introibit
1757 729 1867 786 Rex
1893 732 2074 802 gloria:

491 823 661 894 (l’sal.
688 823 865 894 χχιιι).
899 823 1086 890 Recte,
1114 822 1696 886 carissimi,a:ternales
1709 821 1931 876 elevata:
1949 830 2075 877 sunt

489 923 678 983 portae,
730 914 853 984 quia
895 912 1285 982 gloriosissimo
1334 910 1467 982 Regi
1503 920 1559 966 et
1609 911 1925 967 aeternitatis
1962 911 2073 966 Do-

495 1005 641 1060 mino
679 1004 936 1058 mirabilis
971 1002 1038 1057 ad
1066 1018 1294 1072 superna
1322 1003 1612 1072 parabatur
1639 1003 1926 1070 ingressus.
1958 1002 2063 1056 An-

492 1095 771 1150 nuntiatur
806 1109 935 1165 ergo
962 1109 1061 1163 per
1079 1091 1438 1163 patriarcham
1470 1090 1825 1159 eamdemque
1850 1091 2075 1161 pr0pbe-

493 1192 600 1238 tam
629 1184 866 1240 elevatas
893 1183 1174 1238 aeternales
1201 1190 1384 1252 portas
1410 1224 1425 1248 ,
1474 1189 1536 1236 ut
1561 1181 1900 1238 advertamus
1939 1196 2073 1251 pra:-

491 1281 654 1329 eunte
679 1273 804 1328 illuc
839 1272 1074 1338 Christo,
1105 1272 1300 1327 malum
1341 1269 1452 1341 jam
1494 1279 1683 1342 patere
1730 1270 2069 1327 mortalibus.

493 1362 779 1431 Patebunt,
802 1361 1159 1428 dilectissimi,
1192 1368 1361 1430 porta:
1407 1359 1512 1414 illa:
1559 1358 1820 1424 ﬁdelibus,
1851 1366 1906 1413 et
1933 1373 2074 1413 sem-

492 1473 592 1526 per
617 1458 919 1526 patebunt,
969 1471 1132 1528 quas,
1177 1456 1386 1512 devicta
1425 1464 1600 1514 morte
1640 1456 2076 1526 triumphatoque

492 1547 725 1613 diabolo,
754 1547 819 1602 ad
847 1547 1056 1602 Patrem
1080 1561 1306 1618 pergens
1328 1547 1556 1619 praevius
1575 1546 1823 1602 Salvator
1840 1548 2068 1617 aperuit.

493 1639 808 1702 Mirantibus
847 1649 1026 1696 autem
1056 1649 1111 1694 et
1134 1640 1602 1710 percunctantibus
1637 1637 1757 1709 quis
1785 1647 1926 1696 esset
1971 1639 2074 1694 iste

495 1728 604 1782 Rex
636 1729 839 1796 gloriar,
871 1729 943 1782 ita
971 1729 1216 1799 protinus
1245 1727 1600 1797 respondetur
1633 1726 1926 1782 :Dominus
1964 1730 2072 1799 for-

495 1819 559 1870 tis
580 1826 626 1870 et
653 1827 856 1888 potens,
885 1817 1140 1876 Dominus
1166 1827 1344 1887 potens
1385 1818 1439 1871 in
1468 1816 1648 1888 prwlio
1677 1815 1858 1888 (Psal.
1888 1817 2069 1885 mn).

2175 467 2391 535 occidit,
2419 466 2511 522 sed
2539 467 2662 536 quia
2693 483 2792 537 pro
2822 468 2977 523 nobis
3005 468 3274 538 patienter
3294 468 3506 524 occisus
3525 474 3629 523 est.
3660 467 3755 524 Po-

2176 565 2317 622 tens,
2367 558 2491 626 quia
2536 559 2677 614 inter
2723 559 3012 628 opprobria
3052 567 3108 614 et
3152 559 3411 629 supplicia
3441 559 3750 629 passionum

2173 652 2335 701 tanta:
2373 647 2474 702 sibi
2497 647 2712 703 virtutis
2755 649 3002 705 conscius
3045 655 3104 702 ut
3145 648 3502 703 ministerium
3550 648 3758 705 redem-

2173 737 2372 807 ptionis
2402 738 2667 807 impleret,
2703 753 2853 795 suam
2904 739 3076 793 noluit
3115 745 3388 793 ostentare
3431 738 3752 807 potentiam.

2175 826 2302 880 Cum
2321 829 2456 880 enim
2486 829 2540 881 in
2571 829 2738 898 forma
2763 826 2857 881 Dei
2884 836 3038 892 esset,
3076 843 3178 881 non
3207 827 3447 895 rapinam
3475 825 3756 882 arbitratus

2172 927 2249 970 est
2269 933 2378 970 esse
2403 934 2458 970 se
2494 917 2743 988 wqualem
2781 915 2914 983 Deo,
2955 917 3046 970 sed
3077 917 3407 987 semetipsum
3439 917 3754 980 erinanioit,

2174 1008 2394 1078 formam
2424 1008 2554 1061 servi
2583 1007 2866 1078 suscipiens
2903 1006 3126 1076 (Philip.
3149 1007 3226 1077 ιι).
3259 1005 3436 1061 Fortis
3464 1006 3648 1074 itaque
3668 1022 3758 1076 po-

2176 1104 2294 1151 tens
2314 1103 2396 1151 est
2424 1103 2478 1151 et
2523 1097 2808 1166 gloriosus.
2841 1095 3042 1161 Fortis,
3072 1097 3201 1151 dum
3229 1111 3260 1150 a
3289 1096 3508 1151 diabolo
3536 1097 3590 1150 in
3626 1112 3756 1151 con-

2171 1187 2448 1256 gressione
2490 1202 2598 1241 non
2624 1187 2875 1241 vincitur.
2925 1185 3126 1242 Potens
3147 1227 3162 1251 ,
3194 1185 3322 1240 dum
3372 1185 3755 1254 subjugaturus

2173 1283 2403 1330 mortem
2423 1274 2613 1330 inlerni
2639 1275 2873 1330 claustra
2901 1273 3151 1344 disrupit.
3174 1273 3474 1344 Gloriosus,
3496 1274 3623 1329 dum
3654 1276 3754 1328 im-

2173 1365 2440 1420 maculato
2461 1363 2723 1434 sanguine
2751 1379 2850 1420 suo
2879 1365 3206 1434 captivitatis
3233 1371 3447 1430 nostra),
3485 1365 3758 1432 chirogra-

2173 1458 2282 1530 pho
2311 1472 2374 1512 ex
2403 1458 2521 1528 lege
2545 1456 2744 1524 deleto,
2774 1456 2840 1511 ad
2869 1455 3053 1512 sedem
3084 1464 3320 1527 paternae
3347 1455 3532 1525 gloria:
3553 1456 3762 1511 cunctis

2173 1545 2434 1600 calorum
2461 1544 2747 1598 virtutibus
2773 1543 3101 1598 adorandum
3130 1542 3394 1599 ascendit.
3422 1541 3554 1609 Qua:
3596 1543 3756 1611 igitur

2173 1643 2257 1689 est
2284 1633 2442 1703 hujus
2478 1632 2816 1704 profunditas
2861 1633 3204 1700 sacramenti,
3251 1647 3414 1703 quam
3439 1634 3760 1703 imperscru-

2179 1727 2340 1781 tabile
2368 1726 2559 1782 divina:
2587 1725 2916 1796 Operationis
2955 1740 3231 1786 arcanum,
3263 1724 3409 1794 quod
3438 1725 3483 1779 is
3511 1725 3602 1794 qui
3632 1735 3763 1781 ante

2178 1821 2372 1876 satcula
2401 1821 2633 1891 prodivit
2659 1837 2690 1875 a
2721 1821 2881 1893 520
2920 1819 3112 1884 Patre,
3143 1818 3252 1882 ille,
3284 1818 3376 1888 qui
3406 1817 3459 1872 in
3488 1816 3592 1873 ﬁne
3620 1825 3763 1873 tem-

492 1907 617 1962 ldeo
646 1921 774 1975 ergo
806 1916 1018 1977 potens,
1048 1907 1171 1976 quia
1203 1906 1374 1962 fortis.
1401 1907 1468 1961 Et
1504 1908 1576 1962 ita
1605 1923 1791 1962 revera
1820 1916 1903 1962 est
1930 1922 2070 1978 prze-
2105 1947 2148 2005 Β
2178 1925 2369 1979 porum
2409 1911 2673 1980 processit
2699 1925 2766 1965 ex
2816 1908 3034 1975 femina,
3061 1923 3202 1962 unus
3247 1908 3420 1963 factus
3447 1915 3530 1962 est
3573 1907 3719 1963 Deus
3738 1909 3764 1963 ?

490 1997 717 2056 dicenda
757 1999 1019 2068 potentia,
1067 2013 1188 2068 quae
1214 2014 1322 2056 non
1363 1999 1557 2054 alienis
1604 1996 1732 2052 fulta
1765 1997 2072 2066 virtutibus,

491 2088 583 2142 sed
612 2103 710 2146 sua
746 2089 848 2144 sibi
891 2105 988 2160 per
1035 2090 1215 2144 omnia
1262 2096 1532 2160 potestate
1579 2089 1848 2154 subsistit;
1897 2103 2016 2159 qua:
2043 2101 2073 2143 a

490 2177 717 2234 Domino
744 2187 800 2235 et
829 2179 1191 2251 Redemptore
1238 2189 1423 2236 nostro
1465 2196 1572 2236 non
1612 2181 1906 2241 ambitione
1933 2195 2073 2250 ιιι-ω-

489 2277 700 2339 sumpta
723 2279 823 2338 est,
847 2286 956 2328 non
985 2286 1265 2329 munerum
1294 2271 1569 2342 redempta
1595 2270 1941 2341 commercio,
1966 2286 2072 2326 non

491 2358 596 2413 ulla
629 2359 935 2418 adulatione
962 2363 1204 2430 quazsita,
1235 2362 1330 2417 sed
1357 2361 1595 2432 perfecta
1625 2370 1680 2416 et
1709 2362 1938 2432 simplici
1967 2363 2075 2416 vir-

492 2458 606 2506 tute
637 2467 903 2520 possessa.
937 2452 1070 2506 Nam
1118 2453 1262 2524 quod
1305 2452 1452 2508 Patri
1493 2453 1750 2508 obediens
1780 2453 1876 2507 fuit
1905 2468 2074 2521 usque

490 2540 556 2594 ad
587 2549 816 2598 mortem
846 2542 1039 2608 crucis,
1068 2543 1208 2598 sicut
1236 2543 1311 2597 ait
1339 2542 1627 2612 Apostolus
1655 2560 1664 2596 :
1702 2542 1856 2598 Dedit
1880 2544 1960 2606 illi
1981 2559 2074 2597 no-

489 2647 604 2685 men
635 2633 770 2704 quod
798 2640 874 2687 est
914 2650 1067 2705 super
1103 2651 1255 2689 omne
1280 2651 1496 2701 nomen,
1527 2643 1583 2689 ut
1611 2635 1663 2688 in
1704 2637 1910 2688 nomine
1947 2633 2072 2689 Iesu

489 2738 639 2776 omne
676 2741 808 2794 genu
836 2725 1074 2794 ﬂectatur
1116 2725 1392 2780 cazlcslium
1417 2768 1432 2794 ,
1463 2727 1778 2781 terrestrium
1821 2733 1868 2778 et
1906 2726 2072 2796 infer-

492 2830 675 2868 narum
703 2814 926 2887 (Philip.
950 2817 1029 2888 ιι).
1056 2817 1155 2872 Hic
1181 2819 1323 2874 enim
1344 2834 1466 2874 cum
1488 2817 1618 2874 dicit
1643 2837 1654 2871 :
1682 2817 1936 2873 Dominus
1958 2820 2071 2890 for-

491 2904 558 2956 tis
577 2913 626 2958 et
651 2915 832 2974 potens
857 2945 872 2972 ,
917 2909 1027 2960 nun
1065 2909 1277 2978 gemina
1304 2907 1500 2965 Christi
1529 2924 1558 2961 a
1584 2907 1744 2962 Patre
1788 2909 2028 2978 potentia
2053 2949 2068 2975 ,

492 2994 584 3052 sed
626 2996 822 3052 invicta
872 2999 997 3052 novi
1031 2999 1263 3054 hominis
1302 2998 1558 3054 fortitudo
1581 2999 1848 3054 laudatur.
1890 2999 2071 3068 Neque

490 3100 621 3140 vero
668 3101 922 3156 magnum
973 3096 1124 3158 erat,
1169 3087 1362 3145 fortem
1410 3089 1515 3145 dici
1542 3089 1726 3158 illum,
1767 3105 1863 3160 per
1908 3107 2070 3160 quem

490 3183 669 3230 creata
709 3186 834 3232 sunt
877 3179 1077 3241 omnia,
1110 3188 1164 3234 et
1185 3179 1273 3248 qui
1323 3181 1665 3250 omnipotens
1707 3181 1775 3235 ab
1812 3179 2070 3250 Omnipo-

492 3271 637 3321 tente
665 3269 945 3336 processit.
973 3268 1148 3326 Fortis
1169 3284 1297 3340 ergo
1319 3278 1372 3324 et
1396 3279 1586 3341 potens
1613 3270 1666 3324 in
1694 3271 1879 3340 proelio
1909 3271 2071 3344 519

2180 2001 2194 2032 ¹
2224 2001 2397 2070 Atque
2424 2001 2527 2055 hoc
2557 1999 2677 2056 ideo
2695 2041 2711 2066 ,
2743 2008 2801 2056 ut
2829 2015 2952 2056 cum
2992 2009 3136 2055 esset
3165 1997 3481 2067 Unigenitus
3503 1999 3766 2055 indivisus

2174 2107 2208 2146 a
2235 2090 2394 2146 Patre
2415 2092 2637 2146 haberet
2663 2091 2826 2145 homo
2856 2091 2909 2144 in
2942 2089 3224 2158 Unigenito
3250 2087 3346 2143 Dei
3375 2097 3600 2157 paterna
3630 2106 3762 2144 cum

2175 2183 2579 2240 immortaiitate
2607 2180 2960 2236 consortium.
2993 2177 3224 2248 Propter
3249 2178 3414 2246 quod,
3444 2177 3658 2244 fratres,
3683 2179 3766 2234 sic

2174 2276 2458 2332 Dominum
2489 2273 2794 2330 ascendisse
2813 2271 3166 2329 conﬁteantur
3191 2270 3242 2323 in
3264 2269 3419 2336 (mlo,
3445 2277 3505 2324 ut
3531 2287 3640 2324 non
3666 2286 3767 2325 nos

2174 2370 2290 2425 sine
2337 2367 2527 2423 eodem
2571 2367 2790 2422 relictos
2833 2380 2955 2422 esse
2995 2362 3302 2431 credamus,
3329 2362 3453 2434 quia
3499 2361 3616 2430 ipse
3663 2361 3768 2416 sub

2175 2467 2448 2515 momento
2490 2457 2818 2512 ascensionis
2855 2470 2966 2512 sua:
3012 2455 3088 2509 ait
3125 2454 3384 2524 apostolis
3427 2471 3440 2507 :
3486 2449 3623 2509 Ecce
3667 2468 3765 2522 ego

2174 2549 2431 2605 vobiscum
2457 2565 2570 2604 sum
2596 2546 2829 2603 omnibus
2851 2544 3026 2600 diebus
3051 2546 3106 2598 in
3147 2545 3638 2600 consummationem
3659 2564 3760 2602 sa:-

2174 2641 2274 2694 culi
2307 2638 2519 2710 (Matth.
2552 2636 2756 2706 xxvtn).
2796 2635 2930 2692 Nam
2980 2635 3074 2703 qui
3113 2634 3187 2688 ita
3210 2633 3488 2688 descendit
3515 2650 3545 2689 a
3577 2634 3758 2701 Patre,

2176 2738 2234 2784 ut
2258 2729 2397 2799 apud
2425 2727 2641 2782 Patrem
2687 2725 3060 2796 inseparabilis
3105 2733 3429 2789 remaneret,
3477 2725 3555 2780 sic
3599 2727 3758 2782 nimi-

2174 2834 2294 2874 rum
2323 2819 2390 2873 de
2419 2818 2577 2872 terris
2598 2817 2840 2872 ascendit
2864 2815 2931 2870 ad
2959 2815 3174 2880 coelum,
3206 2823 3264 2870 ut
3293 2831 3400 2870 non
3428 2817 3758 2886 relinqueret

2173 2909 2448 2966 mundum.
2482 2907 2575 2962 Est
2612 2908 2754 2963 enim
2803 2907 2917 2962 haec
2945 2905 3337 2975 omnipotentia
3385 2905 3496 2963 Deo
3547 2918 3754 2975 nostro,

2173 3007 2256 3055 est
2293 2998 2600 3068 hujusmodi
2645 2996 2762 3066 ejus
2809 3005 2864 3051 et
2907 3005 3015 3050 tam
3058 2995 3332 3052 indelinita
3380 3005 3648 3067 potestas,
3700 3008 3756 3054 ut

2175 3103 2298 3145 eum
2326 3105 2424 3160 pro
2456 3087 2818 3143 immensitate
2847 3087 2929 3141 sui
2957 3085 3132 3140 omnis
3157 3085 3354 3156 ubique
3383 3087 3583 3141 habeat
3609 3103 3756 3143 crea-

2175 3188 2294 3234 tura
2327 3187 2666 3250 przesentem.
2697 3175 2795 3232 Cui
2835 3176 3012 3232 honor
3037 3182 3091 3231 et
3117 3175 3288 3245 gloria
3335 3177 3388 3232 in
3431 3177 3631 3233 saecula
3660 3193 3756 3233 sar.

2172 3271 2435 3326 culorum.
2463 3269 2650 3324 Amen.

1843 3384 2111 3446 SEHMO
2155 3383 2410 3444 XLVII.

1631 3482 1707 3537 De
1733 3483 1913 3538 eadem
1945 3484 2244 3538 ascensione
2270 3479 2482 3536 Domini
2501 3477 2530 3532 Ι
2543 3477 2604 3533 γ.

1932 3569 2316 3628 ΑΒΜΟΝΙΤΙΟ.

559 3657 709 3738 l‘iunc
733 3659 962 3781 pgimum
988 3660 1076 3714 hic
1103 3675 1282 3715 sermo
1314 3659 1368 3712 in
1408 3659 1587 3716 lucem
1630 3663 1828 3732 prodit,
1879 3679 2038 3731 quem
2084 3677 2114 3716 e
2162 3662 2526 3716 vetustissimo
2568 3662 2756 3719 codice
2803 3665 3114 3721 monasterii
3155 3664 3220 3720 de
3251 3664 3524 3735 Appannis
3555 3668 3756 3725 descri-

559 3745 712 3781 nuus.
789 3737 837 3781 st
865 3739 1042 3781 autent
1064 3737 1174 3781 tam
1204 3729 1396 3781 similis
1424 3732 1668 3781 oratione
1697 3748 1759 3781 ac
1787 3734 1926 3781 stvln
1951 3731 2163 3781 Maximi
2191 3732 2530 3781 sermonibus
2558 3733 2798 3781 relimtis-
2830 3735 2961 3781 nihil
2991 3744 3050 3781 nt
3079 3737 3251 3781 nntnri
3291 3738 3460 3781 ηοςςίι
3501 3739 3747 3781 Similisne-

489 3727 712 3803 psimus.

789 3737 837 3782 st
865 3739 1042 3784 autem
1064 3737 1174 3782 tam
1204 3729 1396 3784 similis
1424 3729 1668 3788 oratione
1697 3748 1759 3788 ac
1787 3729 1926 3805 style
1951 3731 2163 3786 Maximi
2191 3732 2530 3786 sermonibus
2558 3733 2798 3802 reliquis,
2830 3735 2963 3789 nihil
2991 3744 3050 3790 ut
3079 3737 3254 3805 optari
3291 3729 3460 3806 possit
3501 3739 3750 3795 similius.

492 3863 1026 3942 Δειρωιεκτυιιρ-Ιη
1053 3865 1310 3942 triumpho
1339 3864 1530 3942 Christi
1551 3867 1870 3942 ascendentis
1895 3875 1947 3942 tn
1966 3883 2066 3942 cae-
2097 3868 2144 3930 C
2172 3873 2254 3922 est
2279 3868 2507 3936 initiata,
2539 3870 2664 3940 quia
2693 3887 2791 3942 per
2826 3872 3190 3928 beatissimam
3233 3873 3377 3928 illam
3407 3873 3604 3929 Christi
3637 3890 3751 3931 caro

559 3936 686 3998 lum,
709 3949 811 3985 non
836 3943 937 3984 tam
956 3935 1238 4002 spectanda
1259 3941 1333 3986 est
1354 3933 1465 4002 ejus
1494 3934 1826 3987 humanitatis
1849 3938 2066 3988 cmlestis

556 4004 702 4074 regni
724 4010 922 4074 {eterna
940 4002 1223 4074 possessio,
1249 4018 1407 4074 quam
1427 4012 1726 4072 comparata
1755 4004 1898 4058 nobis
1926 4005 2067 4074 ejus-

556 4073 674 4143 dem
715 4071 975 4143 beatitatis
1020 4071 1438 4143 hazreditas.ﬂic
1475 4071 1630 4128 totius
1665 4071 2065 4143 dispensationis

554 4142 742 4213 divinae
764 4151 840 4213 est
863 4141 986 4212 finis
1003 4181 1018 4207 ,
1047 4142 1115 4195 ad
1144 4157 1292 4213 quem
1319 4159 1494 4198 omnes
1519 4152 1737 4198 conatus
1748 4141 1921 4198 nostri
1947 4154 2067 4198 sunt

555 4211 832 4284 dirigendi.

556 4324 900 4384 Discessurus
928 4339 960 4379 e
987 4323 1208 4394 regione
1229 4324 1330 4380 ista
1358 4325 1562 4380 umbrae
1591 4327 1780 4381 mortis
1809 4325 2066 4382 Dominus

487 4423 678 4470 noster
695 4413 852 4469 Iesus
878 4413 1146 4482 Christus,
1168 4421 1228 4468 ut
1247 4430 1395 4481 suos,
1419 4431 1555 4485 quos
1577 4423 1736 4471 antea
1765 4416 1819 4470 in
1850 4417 1953 4471 [ide
1981 4417 2065 4471 di-

487 4505 813 4562 lectissimos
853 4503 1124 4558 erudierat
1170 4506 1477 4574 apostolos,
1525 4508 1592 4561 de
1639 4508 1939 4562 necessaria
1982 4509 2063 4562 sui

484 4599 729 4656 absentia
766 4597 1050 4662 solaretur,
1095 4596 1352 4667 Spiritum
1395 4608 1660 4662 sanctum,
1689 4600 1774 4653 cui
1805 4614 1925 4653 cum
1948 4601 2066 4670 ipso

484 4702 539 4744 et
569 4690 728 4746 Patre
757 4700 921 4744 unum
955 4697 1116 4759 atque
1146 4687 1287 4742 idem
1314 4689 1451 4744 velle
1480 4696 1562 4743 est
1593 4691 1609 4760 (
1643 4689 1837 4744 Desunt
1867 4693 1922 4745 in
1967 4693 2068 4745 ori-

482 4783 649 4854 ginali
669 4781 961 4854 quindecim
985 4781 1137 4834 linea:
1166 4781 1476 4850 consumptis
1506 4781 1733 4851 litteris.)
1765 4781 1840 4836 De
1865 4782 2064 4852 spolia-

484 4874 634 4928 tione
655 4889 750 4927 sua
772 4873 918 4928 dolet
942 4888 1061 4927 cum
1091 4887 1190 4928 suo
1217 4872 1462 4943 principe
1491 4881 1744 4941 tartarus,
1773 4873 1840 4928 de
1866 4875 1946 4931 sui
1975 4891 2068 4929 au-

480 4971 588 5016 tem
617 4963 796 5016 damni
829 4964 1225 5019 restauratione
1263 4963 1474 5018 lzetatur
1511 4964 1790 5018 universus
1830 4965 2063 5020 cmlestis

2173 3972 2297 4012 nem
2319 3967 2553 4016 aeternus
2581 3961 2670 4017 ille
2704 3963 2826 4018 coeli
2857 3962 3055 4032 aditus,
3085 3979 3184 4034 per
3223 3979 3385 4033 quem
3431 3965 3575 4020 nulla
3608 3966 3751 4036 prius

2171 4061 2300 4102 caro
2321 4050 2607 4106 transierat
2630 4092 2646 4118 ,
2677 4053 2833 4108 nobis
2858 4062 2943 4108 est
2963 4053 3266 4110 deseratus.
3300 4053 3470 4110 Hodie
3499 4055 3592 4110 ille
3619 4056 3751 4111 liber

2172 4152 2333 4207 quem
2355 4155 2515 4196 nemo
2540 4143 2641 4196 nisi
2669 4141 2851 4212 Agnus
2877 4143 3054 4213 potuit
3081 4143 3314 4214 aperire,
3329 4152 3412 4200 est
3438 4153 3747 4212 reseratas;

2170 4232 2426 4300 quoniam
2457 4231 2509 4285 iu
2549 4231 2691 4286 illius
2718 4241 2893 4286 morte
2933 4231 3173 4302 ejusdem
3212 4240 3336 4288 sunt
3369 4232 3482 4288 libri
3513 4233 3750 4289 revelata

2177 4333 2541 4388 sacramenta;
2569 4330 2624 4377 et
2663 4338 2726 4378 ea
2755 4337 2874 4392 qua:
2904 4323 2956 4378 in
3003 4323 3121 4391 lege
3160 4331 3216 4378 et
3259 4325 3540 4393 prophetis
3568 4323 3641 4379 de
3685 4337 3752 4378 eo

2169 4415 2368 4482 scripta
2399 4413 2757 4478 inveniuntur,
2790 4420 3161 4467 consummata
3203 4411 3608 4482 dispensatione
3638 4426 3752 4466 ma-

2166 4504 2376 4574 jestatis
2406 4503 2541 4574 ejus,
2583 4503 2848 4559 hodierna
2873 4504 2960 4558 die
2989 4504 3256 4574 completa
3286 4513 3429 4558 sunt.
3466 4502 3752 4558 Descendit

2169 4596 2342 4666 primo
2378 4594 2623 4651 Christus
2667 4604 2728 4650 ut
2773 4604 2971 4652 nostra!
3011 4611 3237 4652 consors
3302 4593 3456 4651 fleret
3502 4603 3748 4659 naturae;

2169 4688 2410 4744 ascendit
2437 4704 2601 4756 nunc,
2649 4695 2710 4742 ut
2752 4703 2864 4742 suae
2911 4703 3012 4742 nos
3059 4687 3474 4757 comparticipes
3509 4685 3752 4741 elliceret

2170 4781 2370 4850 gloriae.
2421 4778 2769 4836 Descendens
2814 4779 3046 4834 mirabili
3082 4778 3494 4834 conversatione
3525 4778 3751 4833 visibilis

2169 4871 2441 4925 miraculis
2467 4871 2668 4925 lzetavit
2689 4870 2942 4925 inlantes.
2972 4869 3282 4926 Ascendens
3308 4869 3458 4924 dedit
3476 4868 3625 4924 dona
3651 4869 3749 4924 ho-

2171 4960 2421 5027 minibus,
2451 4961 2646 5030 quibus
2675 4961 2728 5015 in
2759 4959 2862 5014 tide
2885 4959 3102 5026 eruditi,
3134 4967 3296 5030 atque
3324 4959 3378 5014 in
3407 4958 3562 5014 virile
3586 4960 3752 5015 robur

483 5052 770 5106 exercitus.
804 5051 975 5108 Hodie
1003 5069 1152 5120 curo,
1181 5069 1341 5123 quam
1364 5054 1417 5107 in
1447 5053 1610 5107 terris
1631 5052 1862 5122 Spiritus
1889 5055 2061 5110 sancti
2098 5069 2138 5124 ί)
2169 5051 2380 5106 educati
2425 5051 2776 5120 temporalem
2824 5050 2990 5120 ipsius
3016 5051 3280 5106 visionem
3317 5049 3428 5118 jam
3459 5064 3570 5103 non
3612 5048 3749 5102 ultra

479 5146 744 5210 operante
772 5140 970 5195 virtute
1015 5157 1046 5194 a
1075 5141 1294 5212 Virgine
1341 5148 1514 5196 matre
1563 5149 1944 5210 assumpserat,
1995 5141 2064 5196 ad

480 5229 657 5282 Patris
701 5227 983 5283 dexteram
1029 5238 1114 5284 est
1158 5231 1462 5296 collocata,
1505 5229 1786 5299 eidemque
1823 5231 2061 5285 omnium

480 5319 775 5376 caelestium
823 5318 1106 5387 spirituum
1163 5329 1286 5374 sunt
1328 5328 1560 5375 curvatm
1618 5329 1840 5374 natum.
1892 5319 2064 5376 Hodie

481 5423 623 5462 nova
673 5407 766 5461 illa
804 5407 890 5460 via
921 5406 988 5462 de
1029 5421 1135 5475 qua
1166 5407 1291 5463 olim
1331 5409 1543 5465 diccbat
1571 5407 1877 5478 Apostolus,
1910 5409 2066 5466 nobis

549 5569 563 5597 ¹
605 5563 1067 5631 Quemadmodum
1097 5565 1209 5618 inec
1256 5563 1474 5617 Maximi
1514 5562 1674 5617 verba
1707 5562 2052 5630 intelligenda

480 5640 606 5703 sint.
630 5635 884 5706 cognosci
911 5652 1030 5690 cum
1063 5650 1130 5688 ex
1180 5633 1298 5688 aliis
1340 5632 1577 5701 ejusdem
1610 5633 1783 5687 sancti
1813 5634 2054 5702 episcopi

2169 5149 2513 5209 appeterent;
2545 5139 2641 5195 sed
2667 5155 2776 5210 quo
2818 5155 2914 5196 eos
2943 5140 3058 5210 ipse
3102 5147 3454 5210 praecesserat
3480 5146 3598 5194 tota
3627 5152 3746 5193 cum

2167 5231 2332 5286 animi
2361 5230 2711 5288 contentione
2736 5230 2890 5285 illum
2927 5231 3078 5299 sequi
3113 5229 3409 5286 studerent.
3457 5226 3605 5297 Ergo
3627 5239 3742 5283 cum

2165 5321 2448 5391 temporali
2476 5319 2718 5388 ejusdem
2740 5319 2942 5375 viduati
2965 5320 3134 5375 simus
3163 5318 3450 5389 pmsentia
3475 5317 3544 5372 ad
3587 5324 3747 5371 aeter-

2163 5429 2289 5468 nam
2330 5411 2566 5482 ejusdem
2597 5411 2857 5468 visionem
2904 5419 3020 5467 tota
3057 5410 3356 5467 intentione
3400 5409 3738 5472 festinemus,

2163 5564 2314 5628 locis,
2350 5573 2458 5618 tum
2488 5580 2551 5618 ex
2575 5561 2633 5616 S.
2661 5562 2852 5618 Thom.
2885 5564 2919 5617 5
2946 5570 3082 5631 part.
3131 5561 3365 5615 Summa:
3387 5556 3697 5626 theologica:
3715 5590 3736 5622 ,

2162 5645 2349 5704 quaest.
2387 5634 2467 5698 l6,
2502 5642 2600 5688 art.
2635 5633 2667 5688 6
2696 5643 2750 5688 et
2777 5634 2826 5698 7,
2855 5633 3008 5690 facile
3035 5631 3254 5704 poterit.
