4054 6194
193 290 301 342 529
1586 270 1816 331 SERMO
1853 272 2076 329 XLVill.
3352 276 3463 334 σευ

192 401 483 467 eidemque
510 414 633 454 cum
670 396 948 452 Psalmista
992 395 1233 451 dicamus
1293 411 1305 444 :
1359 390 1469 445 Tibi
1510 390 1643 443 dixit
1689 402 1778 441 cor
1804 386 1851 445 Α
1886 384 1975 453 plo
1996 399 2146 455 spem
2176 392 2415 441 nostram
2463 384 2828 453 conﬁrmaret,
2878 401 2947 443 eo
2992 396 3297 445 secuturam
3342 405 3463 447 esse

192 506 388 554 meum,
411 490 623 560 quaesivi
660 491 851 543 vultum
876 497 1047 553 tuum,
1086 485 1299 551 vultum,
1332 480 1570 545 Domine,
1607 481 1778 550 requi-
1883 477 2173 547 aliquando
2217 479 2452 533 universi
2498 479 2676 548 gregis
2722 479 3110 546 humilitatem,
3158 496 3269 551 quo
3307 496 3461 535 suum

195 598 311 634 mm
332 598 352 645 ;
394 596 462 633 ne
500 588 704 633 avertas
734 578 917 649 faciem
953 585 1093 631 tuam
1126 592 1158 628 a
1199 591 1279 627 me
1308 572 1481 642 (l’sal.
1531 587 1677 636 xxvr,
1698 569 1776 638 8).
1882 569 2055 624 credit
2098 569 2438 638 praecessisse
2479 578 2773 640 pastorem.
2824 569 2915 626 Sic
2954 570 3097 625 enim
3142 571 3257 641 ipse
3303 572 3465 625 etiam

194 670 384 739 Neque
448 672 592 725 enim
642 678 754 723 tota
803 667 1151 723 humanitatis
1201 664 1404 719 Christi
1444 662 1779 718 sanctissima
1885 659 2141 714 Dominus
2172 660 2419 729 promisit
2447 661 2707 729 apostolis
2736 662 2896 732 522
2936 661 3070 730 suis,
3102 660 3332 717 dicens:
3368 660 3468 717 Ubi

194 760 534 830 dispensatio
580 760 723 814 aliud
763 759 1009 823 intendit,
1043 756 1185 811 aliud
1231 755 1414 823 exigit,
1470 753 1571 809 nisi
1610 760 1669 811 ut
1715 750 1782 805 ad
1886 750 2042 821 fuerit
2078 766 2300 819 corpus,
2343 748 2412 804 ibi
2452 748 2899 821 congregabantur
2924 760 2979 806 et
3010 752 3199 823 aquila:
3226 752 3244 822 (
3271 750 3462 804 Matth.

195 867 436 922 superna
474 867 575 906 nos
620 850 838 919 dirigat,
879 857 1145 918 quatenus
1171 846 1387 915 expleto
1436 841 1784 897 mortalitatis
1887 844 2019 908 xw).
2048 840 2266 911 Aquilas
2295 841 2439 895 enim
2488 850 2701 897 sanctas
2730 851 2905 908 vocat,
2953 843 3046 913 qui
3087 844 3308 913 cupiunt
3352 842 3464 896 dis-

199 950 403 997 nostraa
433 951 677 1011 tempore
706 941 778 995 ad
799 941 879 995 sui
908 939 1247 994 manifestam
1281 937 1437 1007 521
1470 950 1570 989 nos
1596 933 1786 1003 perdu-
1886 931 2021 985 solvi
2050 940 2104 986 et
2127 947 2245 988 esse
2266 948 2388 988 cum
2414 931 2648 988 Christo.
2676 933 2771 988 Illa
2794 934 2938 989 enim
2967 935 3267 1004 aquilarum
3300 932 3471 989 fertur

197 1041 291 1089 cat
317 1035 602 1095 visionem,
630 1040 792 1100 atque
830 1039 1032 1085 eterna
1058 1029 1239 1083 vultus
1266 1027 1347 1082 sui
1374 1026 1545 1094 gloria
1576 1039 1675 1079 nos
1699 1038 1785 1077 sa-
1887 1034 2006 1075 esse
2033 1029 2245 1087 natura,
2276 1030 2335 1076 ut
2361 1037 2484 1077 cum
2526 1023 2666 1078 ultra
2713 1024 2876 1078 maris
2918 1025 3088 1078 undas
3115 1024 3343 1079 odoratu
3373 1040 3471 1079 suo

200 1124 330 1187 tiet;
360 1129 596 1176 testante
633 1119 895 1189 Apostolo
928 1137 940 1171 :
979 1118 1276 1172 Videbimus
1309 1132 1427 1170 eum
1476 1124 1593 1168 tunc
1635 1114 1787 1168 sicuti
1888 1110 2151 1166 cadavera
2180 1112 2437 1177 sentiunt,
2470 1128 2537 1168 eo
2575 1113 2738 1169 celeri
2768 1114 2952 1169 volatu
2998 1129 3059 1169 se
3094 1114 3374 1169 conferant
3402 1115 3472 1169 ad

196 1220 275 1267 est
326 1210 397 1285 (Ι
424 1212 545 1268 Cor.
580 1214 727 1281 xm);
755 1219 935 1282 atque,
967 1218 1028 1264 ut
1067 1208 1347 1264 Psalmista
1387 1210 1507 1262 ait:
1542 1206 1789 1263 Satiabor
1888 1216 2040 1255 suam
2082 1202 2311 1256 esuriem
2355 1203 2723 1259 saturandam.
2773 1203 2900 1258 Haec
2949 1212 3128 1259 autem
3174 1205 3475 1273 aquilarum

198 1318 320 1355 cum
350 1303 653 1371 apparuerit
673 1302 839 1371 gloria
871 1309 956 1353 tua
982 1299 1163 1371 (Psal.
1202 1297 1360 1367 xvi);
1394 1297 1605 1366 illisque
1634 1297 1688 1351 in
1716 1311 1789 1352 ω-
1893 1291 2098 1346 esuries
2124 1292 2451 1348 desiderium
2500 1302 2805 1349 sanctarum
2847 1294 3117 1364 signiﬁcat
3155 1295 3475 1359 animarum,

200 1402 421 1447 ternum
450 1392 689 1447 fruemur
715 1392 891 1457 bonis,
919 1406 1034 1462 quas
1065 1389 1243 1444 oculus
1268 1405 1373 1442 non
1397 1388 1542 1451 vidit,
1571 1404 1665 1442 nec
1690 1404 1789 1441 au-
1891 1396 2000 1450 Quo
2028 1391 2190 1451 caput
2217 1398 2373 1437 suum
2393 1390 2543 1437 extra
2566 1384 2749 1438 mundi
2780 1386 3022 1439 turbines
3045 1384 3157 1453 jam
3189 1385 3242 1438 in
3269 1398 3478 1438 summa

198 1483 272 1536 ris
304 1483 527 1547 audivit,
560 1498 651 1536 nec
671 1485 725 1535 in
746 1498 836 1536 cor
858 1482 1077 1535 hominis
1108 1480 1361 1545 ascendit,
1395 1496 1509 1551 qum
1529 1493 1793 1548 prwpara-
1893 1470 2075 1541 quiete
2103 1471 2452 1526 constitutum
2483 1471 2604 1525 fidei
2649 1472 2868 1527 naribus
2913 1474 3229 1537 sentientes,
3269 1471 3473 1527 dulcis-

196 1576 267 1627 vit
297 1572 445 1627 Deus
468 1573 798 1644 diligentibus
818 1588 872 1625 se
894 1571 947 1640 (1
977 1570 1097 1626 Cor.
1122 1571 1211 1640 ιι).
1236 1569 1367 1636 Quae
1388 1568 1600 1638 quidem
1627 1569 1787 1633 bona,
1894 1564 2043 1619 sima:
2087 1563 2205 1632 spei
2231 1563 2415 1618 volatu
2455 1564 2754 1634 praesentia:
2797 1564 3094 1620 conditoris
3133 1566 3217 1618 sui
3264 1564 3478 1620 vellent

197 1672 468 1731 quantum
493 1664 547 1717 in
573 1663 856 1731 :enigmate
885 1669 1120 1731 poterat,
1148 1660 1314 1715 David
1335 1660 1423 1714 ille
1451 1667 1669 1713 sanctus
1696 1656 1794 1712 ad—
1895 1653 2166 1717 assistere,
2193 1653 2544 1723 ejusdemque
2561 1655 2740 1709 vultus
2755 1655 3005 1710 satietate
3031 1653 3288 1723 gaudere.
3313 1653 3485 1709 Patris

199 1752 456 1808 mirando
484 1753 810 1817 intuebatur,
844 1767 969 1807 cum
1016 1752 1221 1807 diceret
1251 1767 1263 1802 :
1302 1748 1441 1814 Quid
1478 1750 1603 1803 milii
1633 1757 1711 1803 est
1739 1750 1791 1802 in
1824 1753 1868 1813 Β
1896 1746 1979 1801 sui
2005 1747 2194 1802 dextra
2230 1756 2460 1816 regnare
2503 1747 2808 1811 credamus,
2840 1755 3005 1817 atque
3049 1746 3119 1801 ad
3161 1762 3285 1802 eum
3331 1747 3487 1816 quasi

197 1847 352 1907 aeto,
384 1854 437 1898 et
464 1862 496 1897 a
528 1853 573 1897 te
597 1844 720 1916 quid
754 1844 891 1898 volui
930 1858 1087 1910 super
1128 1851 1317 1895 terram
1349 1840 1529 1909 (Psal.
1562 1856 1704 1895 Lxxu
1728 1838 1793 1911 )?
1898 1837 2123 1907 geminis
2152 1838 2409 1893 virtutum
2439 1839 2557 1904 alis,
2583 1838 2807 1893 caritate
2834 1844 2889 1892 et
2911 1851 3029 1907 spe,
3051 1852 3267 1907 semper
3293 1837 3483 1892 tenda-

198 1937 341 1990 Nam
371 1936 609 1992 cmlestis
636 1936 820 2005 gloria:
846 1933 1273 2002 magnitudinem
1313 1947 1416 1988 nec
1444 1931 1672 1987 dicendo
1700 1945 1795 1985 ex-
1900 1946 2037 1985 mus.
2068 1929 2139 1987 Ut
2166 1947 2300 1987 vero
2328 1947 2452 1986 cum
2472 1946 2540 1987 eo
2564 1939 2621 1986 et
2648 1946 2749 1985 nos
2784 1944 3003 1999 quoque
3027 1937 3287 1984 teternam
3313 1926 3489 1997 possi-

201 2028 437 2097 plicare,
486 2042 587 2082 nec
632 2025 920 2095 cogitando
965 2023 1265 2079 sufﬁciebat
1311 2022 1792 2093 comprehendere.
1901 2038 2021 2078 mus
2046 2036 2278 2091 regnare
2304 2023 2491 2087 vitam,
2519 2038 2636 2077 nos.
2672 2020 2898 2092 (Desunt
2923 2022 2978 2074 in
3005 2020 3253 2091 originali
3270 2019 3493 2091 quinque

198 2116 334 2172 llaec
362 2117 527 2187 igitur
566 2132 672 2171 non
706 2124 912 2171 tantum
943 2116 1264 2181 esuriamus,
1296 2114 1593 2184 eademque
1640 2115 1796 2169 sitia-
1903 2113 2464 2184 tineis.)Utacunctis
2486 2113 2632 2168 vitiis
2653 2113 2949 2177 emundati,
2975 2111 3345 2167 habitaculum
3371 2109 3489 2176 Dei,

200 2222 349 2271 mus,
378 2207 633 2274 quoniam
677 2206 745 2260 ad
785 2207 890 2260 hoc
939 2205 1176 2274 pontifex
1224 2220 1465 2261 summus
1514 2220 1615 2275 pro
1646 2204 1799 2260 nobis
1906 2205 1998 2274 qui
2023 2220 2239 2276 semper
2278 2205 2332 2260 in
2381 2204 2537 2260 nobis
2576 2212 2797 2259 maneat
2836 2202 2976 2259 efﬁci
3025 2217 3349 2259 mereamur.
3383 2198 3490 2255 Ex-

200 2310 518 2363 prtecursor
542 2303 727 2351 sancta
754 2304 1061 2351 sanctorum
1091 2294 1351 2357 ascendit,
1383 2303 1546 2363 atque
1572 2295 1639 2348 ad
1666 2294 1800 2349 dex-
1908 2295 2079 2366 plicit.

202 2394 381 2440 teram
407 2384 580 2441 Patris
602 2386 681 2441 sui
711 2385 885 2454 sedet,
901 2393 961 2440 ut
986 2384 1347 2440 membrorum
1375 2400 1596 2440 suorum
1625 2400 1801 2439 exem-

1553 2499 1822 2562 SERMO
1863 2500 2152 2565 XLVIII.

1610 2596 1685 2651 De
1716 2597 2018 2654 Pentecoste
2048 2598 2096 2655 1.

1664 2688 2053 2745 ADMONITIO.

275 2776 600 2856 Sequuntur
626 2778 692 2833 de
723 2777 1038 2856 Pentecoste
1066 2792 1344 2835 sermones
1371 2787 1514 2845 octo,
1546 2794 1774 2856 quorum
1803 2782 2010 2856 priores
2037 2798 2131 2838 sex
2157 2799 2228 2856 ex
2249 2783 2437 2840 codice
2466 2785 2820 2840 Ambrosiano
2846 2785 3130 2856 descripsit
3158 2785 3498 2856 vulgavitque

207 2848 574 2927 biuratorius;
606 2849 890 2927 septimum
921 2856 1098 2927 autem
1128 2858 1182 2903 et
1210 2858 1460 2927 octavum
1503 2849 1736 2927 nondum
1774 2848 1948 2927 editos
1975 2868 2043 2907 ex
2071 2853 2258 2909 codice
2298 2856 2425 2927 olim
2454 2856 2682 2927 abbatis:
2711 2848 3173 2927 SanctiﬁDalinatii
3202 2848 3500 2927 eiscrip'tos

208 2919 426 2971 damus.
468 2917 531 2971 Hi
559 2917 747 2998 omnes
782 2920 833 2972 in
874 2918 1101 2998 laudatis
1135 2918 1408 2998 codicibus
1444 2918 1868 2998 sancti_Maximi
1902 2931 2164 2998 ornantur
2190 2924 2429 2998 no_miue,
2459 2925 2611 2998 cujus
2636 2933 2692 2998 et
2714 2925 2931 2998 dicendi
2960 2928 3275 2998 copiam._et
3301 2917 3498 2998 sty'lum

210 3001 554 3055 cognoscere
581 2990 806 3057 quisque
834 2996 1031 3058 potest.
1062 2987 1170 3043 Sed
1199 2988 1285 3043 hic
1306 2989 1509 3058 primus
1537 2988 1729 3058 legitur
1752 2991 1915 3045 etiam
1945 2992 1999 3046 in
2029 2993 2217 3049 codice
2244 2987 2583 3061 Taurinensi,
2615 2996 2681 3051 de
2704 2994 3008 3051 Pentecoste
3031 2987 3081 3050 Χ
3100 2995 3265 3051 VIII.

214 3102 615 3175 Auentinum».
649 3135 716 3145 —
743 3105 969 3175 Spiritus
1002 3106 1166 3175 sancti
1209 3104 1522 3171 divinitatem
1550 3106 1806 3174 pra’cipue

283 3174 615 3242 probandam
644 3174 857 3227 assumit
886 3176 945 3229 S.
977 3174 1272 3236 Maximus;
1303 3175 1371 3227 ad
1399 3191 1543 3243 quem
1573 3176 1729 3243 ﬁnem
1752 3184 1808 3227 ut

286 3245 431 3296 viam
460 3244 559 3297 sibi
588 3246 805 3315 aperiat,
838 3246 1069 3297 meminit
1096 3262 1211 3298 eum
1250 3245 1303 3296 in
1333 3244 1563 3297 omnibus
1594 3260 1808 3315 repara-

287 3315 451 3368 tionis
478 3312 669 3368 nostra:
695 3316 949 3383 mysteriis
985 3316 1092 3367 suis
1128 3314 1360 3383 supernis
1387 3312 1675 3383 muneribus
1712 3313 1810 3365 ad-

289 3385 479 3451 fuisse.
512 3383 735 3454 Cumque
750 3381 957 3454 'certum
993 3386 1060 3437 sit
1097 3386 1151 3438 in
1190 3381 1375 3437 divinis
1408 3384 1582 3436 omnia
1619 3381 1682 3435 ab
1710 3399 1812 3436 uno

291 3455 444 3519 fonte
467 3454 747 3522 proﬁcisci,
774 3453 859 3507 ubi
882 3456 1173 3507 communia
1196 3462 1313 3505 sunt
1334 3469 1566 3515 munera,
1590 3469 1817 3506 commu-

289 3524 376 3575 nis
410 3525 567 3574 etiam
594 3522 745 3593 debet
768 3541 878 3577 esse
904 3534 1109 3587 natura,
1140 3540 1201 3575 ac
1245 3522 1459 3593 proinde
1492 3522 1732 3593 voluntas
1767 3532 1817 3575 et

289 3594 653 3661 beneficentia.
695 3591 874 3662 Neque
902 3591 1306 3661 discrepantiam
1339 3601 1426 3644 aut
1465 3592 1816 3662 disparitatem

289 3663 502 3742 diversa
527 3666 811 3742 gratiarum
833 3679 1020 3742 gen'era
1040 3662 1305 3727 inducunt,
1328 3678 1443 3715 cum
1463 3678 1595 3715 unus
1615 3671 1662 3715 et
1683 3663 1818 3716 idem

291 3735 362 3785 sit
396 3732 626 3784 omnium
654 3732 873 3803 largitor
907 3732 1062 3786 Deus.

292 3843 515 3909 Quanta
543 3843 613 3896 sit
636 3843 1022 3913 omnipotentis
1049 3843 1143 3898 Dei
1172 3859 1300 3897 cura
1328 3843 1396 3898 de
1422 3843 1594 3897 salute
1620 3851 1823 3897 morta-

223 3934 391 3996 lium,
442 3934 557 4002 ipsa
600 3934 1001 3988 solemnitatum
1046 3941 1353 3989 nostrarum
1391 3932 1822 4003 frequentissima

223 4031 575 4078 sacramenta
601 4024 894 4080 declarant.
918 4023 1051 4078 Nam
1073 4024 1247 4092 primo
1267 4024 1527 4091 omnium,
1551 4030 1609 4077 ut
1635 4024 1688 4077 in
1709 4038 1821 4077 eaa-

226 4114 428 4170 lestem
456 4114 682 4181 gloriam
721 4124 912 4169 natura
938 4115 1165 4171 transire
1194 4115 1364 4185 possit
1392 4114 1646 4181 humana,
1677 4130 1821 4167 mor-

227 4205 350 4257 talis
383 4204 621 4258 hominis
648 4219 844 4272 corpus
864 4204 1163 4259 substantia
1185 4204 1363 4261 divina
1382 4204 1635 4273 suscepit,
1665 4211 1827 4271 atque

228 4305 287 4349 ut
322 4297 381 4349 in
423 4295 567 4351 hanc
606 4303 809 4352 tantam
851 4297 1237 4352 beatitudinem
1264 4296 1479 4367 mystici
1505 4310 1603 4351 nos
1630 4296 1825 4350 lavacri

227 4386 407 4452 gratia
440 4395 786 4453 praepararet,
818 4387 982 4441 totius
1005 4384 1201 4440 ﬂuenta
1230 4385 1415 4440 mundi
1441 4401 1541 4441 suo
1568 4384 1826 4440 Dominus

226 4477 561 4545 baptismate
589 4478 945 4542 consecravit,
975 4486 1031 4533 et
1063 4477 1366 4533 benedictio
1406 4477 1547 4533 sacri
1586 4477 1827 4547 corporis

1912 3123 2025 3162 rem
2071 3109 2406 3166 celebramus
2449 3111 2763 3178 adventum,
2801 3119 2862 3167 ut
2899 3110 3137 3182 ejusdem
3167 3126 3244 3179 se,
3273 3126 3378 3182 qua
3412 3112 3505 3169 Dei

1836 3213 1880 3272 ρ
1914 3197 2078 3251 Filius
2106 3206 2243 3263 erat,
2275 3201 2567 3256 voluntatis
2594 3217 2660 3257 ac
2685 3202 2902 3257 deitatis
2929 3202 3260 3267 ostenderet,
3295 3204 3505 3259 redem-

1913 3298 2035 3359 ptos
2059 3290 2257 3345 Christi
2285 3293 2543 3361 sanguine
2569 3292 2864 3362 majestatis
2908 3309 3020 3350 suae
3061 3294 3259 3350 virtute
3285 3297 3475 3366 supple
3492 3328 3504 3338 ι

1914 3380 2011 3445 vit,
2043 3387 2102 3434 ut
2130 3381 2221 3449 qui
2250 3381 2305 3436 in
2333 3390 2488 3438 utero
2516 3383 2690 3437 beata:
2718 3382 2901 3437 Mariae
2928 3399 3125 3454 corpus
3163 3386 3290 3439 novi
3330 3387 3508 3443 homi-

1915 3474 2019 3539 nis,
2068 3474 2213 3528 salva
2250 3473 2367 3544 ejus
2401 3473 3095 3544 virginitate,formaverat,
3133 3478 3507 3546 apostolorum

1917 3576 2131 3632 quoque
2159 3562 2276 3633 ejus
2304 3571 2358 3619 et
2389 3564 2555 3619 corda
2582 3565 2792 3621 caelesti
2820 3565 3005 3633 vigore
3030 3566 3289 3637 firmaret,
3321 3577 3377 3623 et
3404 3568 3509 3624 lin-

1917 3668 2049 3723 guas
2082 3669 2224 3711 novo
2260 3656 2457 3712 ditaret
2497 3656 2733 3726 eloquio,
2775 3664 3038 3726 quatenus
3077 3657 3216 3713 idem
3256 3658 3508 3729 Spiritus,

1921 3747 2079 3818 523
2122 3748 2214 3815 qui
2261 3747 2620 3818 redemptioni
2665 3747 2907 3803 omnium
2953 3748 3226 3803 Christum
3275 3748 3508 3806 femineo

1921 3838 2236 3893 mirabiliter
2274 3854 2305 3894 a
2355 3848 2541 3895 ventre
2580 3839 2931 3910 produxerat,
2973 3841 3210 3911 praestita
3249 3842 3510 3898 varietate

1922 3929 2243 3997 linguarum,
2274 3929 2481 3986 cunctis
2518 3945 2641 3985 eum
2669 3931 2918 4001 gentibus
2950 3947 3048 4003 per
3073 3932 3348 4001 apostolos
3373 3948 3511 4002 prae-

1921 4020 2144 4075 dicaret.
2174 4019 2305 4087 Quis
2334 4037 2441 4077 non
2470 4022 2733 4090 advertat,
2773 4024 3053 4092 carissimi,
3087 4022 3375 4093 Unigenito
3415 4023 3513 4080 Dei

1924 4121 1978 4165 et
2004 4111 2224 4180 Spiritui
2242 4119 2432 4168 sancto
2451 4114 2775 4169 concordem
2798 4116 2851 4169 in
2879 4117 3129 4171 omnibus
3158 4118 3509 4185 voluntatem,

1923 4203 2376 4272 quandoquidem,
2406 4217 2544 4272 quos
2572 4204 2816 4262 Christus
2856 4207 3020 4276 elegit
3050 4208 3102 4261 in
3134 4210 3309 4273 terris,
3340 4209 3511 4280 Spiri-

1924 4300 2009 4346 tus
2036 4292 2279 4347 visitaret
2307 4307 2338 4346 e
2365 4292 2545 4347 οωιοῖ
2572 4291 2639 4347 Et
2668 4292 2789 4349 ideo
2816 4309 3047 4363 quorum
3074 4311 3234 4350 unam
3270 4298 3513 4353 videmus

1926 4380 1978 4435 in
2006 4382 2270 4451 apostolis
2297 4384 2546 4451 gratiam,
2577 4399 2738 4438 unam
2775 4400 2998 4441 necesse
3025 4391 3108 4441 est
3143 4387 3430 4443 credamus
3457 4397 3514 4443 ct

1927 4474 1979 4529 iu
2002 4475 2203 4531 deitate
2232 4475 2503 4532 virtutem.
2536 4476 2628 4533 Sic
2660 4491 2851 4533 revera
2887 4478 3257 4549 apostolorum
3293 4488 3509 4550 pectora

222 4567 349 4636 ejus
371 4569 587 4623 cunctis
618 4568 813 4637 ubique
833 4570 987 4637 aquis
1011 4569 1359 4638 regenerandi
1388 4569 1571 4623 tribuit
1591 4576 1827 4639 potesta-
1854 4575 1905 4635 Ι)
1933 4563 2242 4621 Paracletus
2274 4565 2626 4637 adimplebat,
2667 4576 2727 4623 ut
2760 4577 2817 4624 et
2849 4567 3047 4626 Christi
3080 4572 3364 4643 prmsentia
3401 4588 3512 4628 non

227 4667 367 4713 tem.
396 4658 638 4729 Denique
667 4666 727 4713 ut
747 4659 1017 4715 diabolum
1041 4660 1212 4729 ipsum
1237 4669 1435 4716 nostra:
1458 4660 1661 4722 salutis,
1688 4674 1827 4713 sum-

229 4762 342 4815 que
369 4748 665 4803 voluntatis
693 4750 964 4805 inimicum
983 4750 1156 4817 justus
1180 4752 1455 4815 Dominus,
1478 4750 1625 4819 justo
1652 4756 1828 4803 certa-

232 4840 387 4895 mine
420 4840 789 4911 triumpharet,
819 4840 1058 4911 cruciﬁgi
1101 4857 1161 4897 se
1195 4842 1262 4897 ab
1289 4857 1375 4907 eo,
1401 4856 1516 4906 sua,
1551 4840 1831 4909 Patrisque

231 4931 320 4983 sui
362 4930 647 4987 voluntate
682 4933 945 5002 permisit,
987 4942 1044 4988 ut
1090 4932 1417 4989 immaculati
1462 4932 1639 5002 passio
1680 4929 1833 4986 ﬁeret

228 5020 521 5075 damnatio
558 5024 1015 5091 persequentium.
1065 5022 1342 5080 Moriendo
1388 5022 1549 5077 etiam
1589 5021 1831 5077 Christus

228 5127 360 5168 sese
391 5114 709 5170 mortalibus
736 5115 1055 5185 adaequavit,
1098 5124 1159 5170 ut
1186 5124 1438 5187 superata
1467 5125 1640 5171 morte
1668 5116 1834 5171 vitam

230 5202 553 5257 mortalium
581 5214 877 5274 repararet.
909 5205 1045 5262 Coeli
1075 5207 1419 5263 nihilominus
1445 5208 1552 5262 alta
1575 5222 1836 5263 conscen-

228 5292 340 5359 dit,
368 5301 434 5347 ut
458 5310 610 5363 spem
638 5297 995 5360 credentium,
1034 5312 1195 5368 quam
1236 5298 1431 5354 blanda
1478 5299 1835 5369 promissione

226 5384 564 5451 nutriverat,
598 5387 852 5442 mirabilis
880 5403 1134 5444 ascensus
1152 5389 1234 5443 sui
1255 5389 1533 5458 praemisso
1552 5389 1835 5445 conﬁrma-

226 5481 321 5527 ret
340 5476 617 5544 exemplo.
639 5476 748 5532 Sed
770 5478 894 5545 quia
919 5478 1031 5533 haec
1053 5480 1231 5533 omnia
1252 5480 1557 5550 specialiter
1574 5481 1837 5550 quodam-

224 5565 413 5619 modo
439 5582 536 5634 per
565 5565 905 5638 Unigenitum
934 5569 1027 5624 Dei
1057 5585 1275 5624 munera
1306 5570 1459 5626 nobis
1484 5571 1660 5626 delata
1688 5572 1835 5628 vide—

226 5654 462 5721 bantur,
495 5656 721 5728 Spiritus
754 5674 966 5730 quoque
992 5668 1231 5727 sanctus,
1266 5660 1417 5731 cujus
1452 5661 1609 5719 hodie
1636 5662 1837 5717 saluta-

1928 4657 2172 4724 deesset;
2202 4674 2328 4713 nam
2356 4673 2585 4727 quorum
2618 4660 2841 4716 indivisa
2870 4670 2995 4717 sunt
3021 4677 3264 4729 munera,
3296 4668 3379 4717 est
3402 4662 3511 4717 uti-

1929 4765 2036 4818 que
2064 4751 2364 4820 inseparata
2387 4752 2656 4806 divinitas.
2688 4754 2842 4819 Quod
2864 4769 2992 4808 vero
3019 4754 3314 4824 ingreditur
3338 4751 3503 4825 Spiri-

1930 4848 2016 4894 tus
2064 4840 2119 4894 in
2158 4855 2296 4910 quos
2344 4842 2549 4897 habitat
2589 4842 2860 4908 Christus,
2909 4860 3015 4899 non
3065 4846 3144 4899 eis
3190 4844 3255 4898 ad
3298 4844 3514 4902 deitatis

1929 4932 2123 4987 crescit
2164 4940 2536 5001 augmentum,
2576 4933 2672 4989 sed
2717 4934 2786 4989 ad
2828 4934 2986 4991 ﬁdem
3023 4934 3235 5004 proﬁcit
3269 4935 3508 4994 unitatis.

1933 5022 2113 5077 Potuit
2150 5024 2398 5078 nimirum
2441 5024 2536 5079 Dei
2574 5022 2755 5087 Filius,
2795 5024 2886 5093 qui
2930 5030 3208 5081 creaverat
3246 5040 3401 5080 usum
3428 5025 3513 5083 lo-

1935 5112 2154 5181 quendi,
2185 5112 2463 5182 discipulis
2490 5114 2601 5169 suis
2628 5112 2993 5169 diversitatem
3031 5111 3161 5168 dare
3190 5113 3513 5184 linguarum,

1935 5204 2029 5259 sed
2064 5212 2340 5259 reservata
2367 5206 2536 5260 virtus
2563 5212 2665 5270 est,
2696 5219 2795 5274 per
2820 5218 2980 5274 quem
3017 5218 3176 5259 verus
3212 5220 3332 5262 esse
3375 5206 3517 5263 Deus

1935 5298 2096 5351 etiam
2116 5298 2345 5368 Spiritus
2366 5299 2700 5368 probaretur.
2730 5296 2855 5352 Hzec
2881 5310 3111 5365 namque
3134 5306 3236 5361 est,
3259 5306 3319 5352 ut
3341 5299 3520 5353 credi-

1937 5405 2073 5452 mus,
2103 5390 2559 5459 incomprehensa:
2583 5388 2910 5457 dispensatio
2951 5386 3245 5452 Trinitatis,
3293 5395 3351 5442 ut
3396 5403 3519 5443 cum

1937 5480 2116 5533 omnia
2164 5480 2321 5534 simul
2369 5479 2547 5542 Pater,
2597 5487 2652 5533 ct
2690 5478 2882 5544 Filius,
2931 5486 2987 5533 et
3031 5477 3262 5548 Spiritus
3305 5487 3521 5534 sanctus

1939 5571 2177 5639 ejusdem
2222 5572 2436 5626 deitatis
2483 5570 2674 5626 effectu
2725 5569 3151 5641 inseparabiliter
3196 5580 3515 5639 operentur.

1939 5663 2181 5727 qumdam
2212 5672 2388 5719 tamen
2417 5664 2717 5735 specialiter
2747 5680 2775 5719 a
2804 5664 3025 5734 singulis
3048 5664 3365 5718 tribuantur.
3388 5662 3520 5717 Nam
