4054 6194
537 265 630 318 651

1764 263 1819 318 5.
1862 262 2104 318 MAXIM!
2142 262 2606 320 TAURI‘NENSIS.

3690 263 3800 322 633

529 391 630 446 pro
653 373 893 430 remedio
920 374 1044 430 vitae
1068 381 1268 432 nostra:
1296 373 1457 430 Pater
1480 374 1638 430 nobis
1665 374 1886 444 largitus
1909 383 1994 429 est
2015 374 2106 428 Fi-
2137 381 2185 434 A
2213 375 2458 429 videatur
2495 375 2550 430 in
2589 376 2777 442 altero,
2807 375 2902 430 sed
2931 382 2990 430 ut
3027 376 3274 432 advertas
3302 373 3668 434 inserutabilia
3695 377 3798 432 tibi

531 467 680 532 lium,
712 465 876 520 Filius
921 467 1344 534 regenerationis
1382 465 1629 536 praestitit
1656 467 1900 534 gratiam,
1944 465 2113 520 virtu-

533 565 639 609 tem
682 554 911 624 Spiritus
952 556 1302 622 ministravit;
1333 557 1470 612 sicut
1511 556 1753 612 doctrina
1798 555 2114 625 patriarchae

529 646 804 714 psallentis
832 647 1142 710 annuntiat,
1172 661 1294 701 cum
1323 647 1453 702 dicit
1481 665 1514 710 ε,
1538 647 1700 703 Verbo
1744 646 1957 701 Domini
1998 646 2114 703 caeli

527 737 724 806 ﬁrmati
751 743 891 803 sunt,
925 745 974 789 et
1014 735 1212 807 Spiritu
1252 739 1357 792 oris
1393 740 1503 808 ejus
1541 740 1707 793 omnis
1744 741 1900 792 virtus
1937 754 2113 792 eorum

528 825 700 893 (Psal.
735 825 922 896 χχιιι).
948 826 1118 891 Quam
1143 828 1448 882 necessarie
1473 836 1654 882 autem
1680 827 1826 882 dedit
1856 828 2112 898 apostolis

526 918 755 987 Spiritus
781 918 920 973 scire
947 919 1185 986 gentium
1214 919 1440 988 linguas,
1468 927 1528 974 ut
1555 920 1833 974 veritatem
1861 918 2111 974 salutaris

528 1007 650 1062 ﬁdei
678 1009 853 1062 omnis
875 1023 974 1078 per
1000 1023 1095 1063 eos
1116 1019 1299 1079 posset
1324 1009 1507 1063 audire
1529 1009 1814 1078 gentilitas.
1841 1007 1946 1063 Sed
1964 1008 2110 1078 quod

525 1105 742 1164 prmstat
783 1096 1031 1166 Spiritus,
1074 1105 1293 1167 praestat
1337 1106 1393 1152 et
1433 1097 1610 1160 Pater,
1639 1099 1728 1166 qui
1771 1104 1942 1151 totum
1986 1111 2108 1152 cum

524 1182 684 1240 Patre
722 1185 904 1251 habet,
935 1187 1026 1254 qui
1057 1193 1201 1241 totus
1229 1200 1444 1254 semper
1471 1201 1502 1240 a
1541 1184 1701 1240 Patre
1745 1185 2008 1254 procedit.
2041 1184 2109 1239 Et

525 1274 669 1344 quod
705 1282 925 1344 praestat
961 1291 1081 1342 cum
1122 1275 1281 1330 Patre
1315 1275 1563 1346 Spiritus,
1594 1283 1813 1346 praestat
1839 1285 1894 1330 et
1919 1275 2104 1340 Filius,

525 1366 780 1436 quoniam
807 1365 876 1434 de
900 1365 1088 1420 eodem
1115 1364 1273 1420 Patre
1300 1373 1459 1422 natus
1482 1375 1567 1421 est
1593 1365 1776 1432 Filius,
1799 1381 1828 1419 a
1849 1381 1957 1435 quo
1976 1380 2104 1434 pro-

525 1453 667 1509 cedit
694 1461 748 1508 et
774 1451 1021 1522 Spiritus.
1054 1454 1144 1508 Ait
1169 1455 1311 1508 enim
1339 1453 1580 1509 Christus
1604 1473 1617 1508 :
1652 1452 1842 1508 Omnia
1869 1469 1982 1525 qua:
2007 1454 2105 1506 ha-

526 1543 608 1598 bet
634 1543 795 1598 Pater
822 1561 938 1598 mea
966 1553 1086 1598 sunt
1121 1543 1300 1616 (Ioan.
1333 1545 1462 1616 xw).
1493 1544 1550 1600 Si
1579 1545 1760 1601 omnia
1789 1558 1907 1613 qua:
1946 1543 2107 1598 habet

526 1634 686 1688 Pater
731 1635 850 1690 Filii
890 1644 1032 1702 sunt,
1065 1651 1193 1706 ergo
1233 1645 1289 1692 et
1326 1637 1472 1706 quod
1517 1637 1747 1707 Spiritus
1781 1636 1944 1692 habet
1983 1650 2104 1690 cum

523 1722 683 1780 Patre
711 1732 766 1780 et
793 1726 929 1781 Filio
959 1741 1241 1781 commune
1271 1734 1372 1781 est.
1410 1726 1478 1780 Et
1505 1727 1625 1782 ideo
1653 1741 1881 1796 quorum
1907 1727 1960 1780 in
2003 1741 2102 1780 no-

2217 477 2336 516 esse
2355 477 2473 530 quae
2500 463 2594 516 Dei
2633 471 2776 520 sunt.
2809 461 3061 533 Perspice
3095 464 3298 533 itaque,
3320 462 3505 530 frater,
3528 464 3799 534 profunda

2217 547 2409 617 Patris,
2439 551 2539 605 nisi
2568 551 2780 618 Filium,
2809 553 2900 621 qui
2933 552 3000 606 de
3031 553 3151 622 ipso
3187 561 3290 621 est,
3318 560 3374 608 et
3398 552 3676 623 Spiritum,
3706 555 3800 625 qui

2215 641 2283 694 ab
2308 641 2426 708 ipso
2455 647 2559 708 est,
2580 641 2720 695 scire
2747 642 3016 696 neminem
3041 657 3218 711 posse.
3248 641 3358 698 Nec
3385 644 3600 699 coneris
3623 644 3801 698 inten-

2213 730 2340 785 dere
2367 730 2510 800 quod
2539 731 2670 785 nulli
2700 739 2783 786 est
2807 732 2987 786 videre
3014 747 3350 787 concessum.
3390 731 3625 788 Credere
3647 734 3798 789 enim

2211 819 2311 874 sibi
2350 818 2422 885 id,
2463 820 2608 889 quod
2642 828 2742 884 est,
2770 821 2972 890 justum
3006 830 3120 887 est;
3151 837 3259 876 non
3286 823 3391 878 hoc
3426 823 3620 891 ipsum,
3647 823 3799 892 quod

2212 919 2315 976 est,
2345 911 2574 979 qualiter
2599 919 2700 976 est,
2731 912 3052 982 investigare
3092 914 3427 982 permissum.
3459 914 3799 984 Acceperunt

2210 1015 2337 1070 ergo
2367 1001 2596 1070 apostoli
2623 1016 2719 1071 per
2745 1001 3004 1072 Spiritum
3032 1011 3277 1059 sanctum
3297 1004 3661 1059 diversitatem
3687 1005 3795 1059 lin-

2209 1105 2459 1159 gnarum;
2486 1092 2579 1146 sed
2608 1108 2745 1147 unus
2777 1093 2920 1148 Deus
2947 1101 3048 1160 est,
3085 1109 3245 1163 quem
3285 1096 3595 1164 loquuntur.
3626 1094 3696 1148 Et
3723 1094 3796 1151 ob

2209 1181 2312 1235 hoc
2355 1188 2636 1251 ceperunt
2681 1181 2992 1237 varietatem
3041 1183 3360 1252 linguarum,
3409 1192 3467 1238 ιιι
3508 1184 3795 1240 diversitas

2208 1269 2459 1323 Gentium
2487 1285 2738 1325 sermone
2764 1271 3079 1326 multimodo
3106 1271 3226 1326 fidei
3255 1273 3484 1328 disceret
3502 1274 3788 1328 unitatem.

2207 1359 2446 1428 Denique
2487 1369 2548 1414 ut
2591 1361 2788 1415 lectum
2816 1367 2919 1425 est,
2942 1361 3238 1416 disserente
3263 1361 3569 1417 beatissimo
3605 1362 3788 1430 Petro,

2208 1453 2308 1504 tria
2335 1452 2500 1505 millia
2529 1451 2792 1505 hominum
2818 1450 3143 1505 crediderunt
3166 1452 3300 1522 (Act.
3332 1450 3430 1522 Iv).
3458 1451 3566 1506 Nec
3608 1452 3790 1507 incre-

2204 1545 2366 1600 dibile
2385 1545 2577 1599 sithoc
2599 1544 2773 1612 nobis,
2796 1544 2920 1614 quia
2940 1544 3082 1598 idem
3101 1543 3329 1614 Spiritus
3345 1552 3401 1598 et
3420 1545 3790 1614 apostolorum

2206 1634 2487 1690 erudiebat
2530 1634 2756 1702 linguas,
2803 1641 2864 1687 ut
2907 1633 3174 1688 credenda
3221 1633 3596 1703 loquerentur;
3625 1641 3682 1688 et
3731 1641 3794 1687 ut

2206 1724 2616 1794 praedicantibus
2655 1722 2912 1792 apostolis
2953 1723 3282 1790 crederetur,
3317 1721 3650 1777 audientium
3693 1738 3793 1792 pe-

522 1817 666 1871 mine
692 1817 836 1871 nulla
857 1817 1043 1872 divisio
1065 1826 1169 1885 est,
1194 1833 1299 1872 una
1325 1833 1514 1873 eorum
1535 1819 1588 1872 in
1616 1818 1763 1872 omni
1792 1816 2104 1885 operatione
2134 1804 2182 1864 Β
2207 1824 2358 1871 ctora
2384 1815 2524 1870 idem
2552 1811 3162 1884 Spiritus‘prreparabat.
3194 1811 3294 1879 Qui
3330 1808 3496 1867 dabat
3521 1813 3794 1880 loquenti-

523 1915 580 1960 ct
605 1906 850 1960 voluntas
872 1907 1136 1961 credenda
1159 1914 1317 1962 estet
1341 1914 1598 1976 potestas.
1629 1905 1718 1960 Sic
1741 1906 1900 1974 igitur
1920 1905 1972 1958 in
1993 1904 2104 1958 suis

524 1995 766 2050 tidelibus
814 1996 1056 2052 cmlestia
1103 1996 1338 2052 Trinitas
1383 1997 1590 2067 peragit
1631 2003 1994 2062 sacramenta,
2044 2002 2102 2049 ut

522 2086 762 2154 quamvis
791 2085 1020 2142 discreta
1066 2086 1313 2141 videatur
1348 2086 1612 2156 Operatio,
1644 2085 1988 2140 indiscretum
2016 2091 2101 2139 ta-

523 2193 645 2233 men
671 2178 929 2248 probetur
956 2179 1260 2248 imperium.
1287 2177 1404 2234 Una
1427 2179 1607 2248 itaque
1631 2178 1765 2233 Filio
1792 2193 1857 2232 ac
1882 2177 2102 2247 Spiritui

525 2267 689 2338 524
713 2277 901 2324 sancto
930 2283 1050 2324 cum
1081 2268 1242 2324 Patre
1271 2276 1354 2324 est
1379 2269 1571 2335 deitas,
1600 2283 1703 2338 qua
1731 2269 1870 2322 sicut
1897 2267 1964 2322 de
1991 2267 2104 2322 Deo

523 2359 668 2414 nasci
698 2375 806 2414 non
834 2359 1011 2429 potuit
1050 2359 1154 2414 nisi
1196 2359 1357 2425 Deus,
1390 2359 1462 2412 ita
1485 2359 1702 2414 dubium
1732 2373 1839 2413 non
1878 2365 1961 2414 est
1986 2371 2105 2412 esse

523 2448 692 2503 Deum
721 2450 812 2518 qui
853 2448 1100 2517 procedit
1141 2463 1172 2503 a
1218 2449 1350 2504 Deo.
1397 2448 1638 2514 Qualiter
1673 2455 1851 2502 autem
1889 2447 1958 2502 ab
1995 2462 2105 2501 uno

523 2537 822 2605 eodemque
847 2535 1008 2592 Patre
1035 2545 1090 2592 et
1117 2537 1298 2602 Filius,
1327 2537 1418 2605 qui
1443 2545 1578 2602 erat,
1609 2546 1765 2591 natus
1787 2537 1874 2602 sit,
1905 2544 1961 2590 et
1986 2535 2107 2606 Spi-

523 2629 675 2693 ritus,
707 2628 798 2696 qui
827 2637 986 2683 natus
1011 2643 1119 2683 non
1149 2638 1250 2692 est,
1273 2627 1548 2697 procedat,
1581 2628 1681 2697 ipsi
1708 2628 1809 2682 soli
1830 2627 2106 2682 Divinitati

525 2726 711 2773 notum
739 2725 841 2785 est,
867 2733 986 2786 quae
1014 2725 1072 2772 ut
1099 2726 1182 2772 est
1206 2718 1342 2780 sola,
1373 2732 1433 2772 se
1458 2717 1623 2772 novit.
1657 2715 1824 2771 Nemo
1850 2718 2006 2782 enim,
2036 2717 2107 2770 si-

524 2817 615 2863 cut
659 2808 857 2863 lectum
907 2814 1007 2874 est,
1055 2807 1195 2861 novit
1237 2808 1466 2872 Patrem,
1508 2808 1607 2861 nisi
1643 2805 1692 2858 F
1694 2806 1812 2860 ilius
1845 2805 1998 2877 .(Luc.
2025 2806 2103 2874 ι).

525 2898 682 2966 Quod
718 2913 848 2968 ergo
887 2898 1038 2952 novit
1068 2896 1253 2963 Filius,
1294 2898 1444 2953 novit
1481 2905 1536 2950 et
1573 2897 1820 2966 Spiritus,
1860 2896 1948 2950 cui
1986 2909 2106 2950 cum

527 2987 660 3045 Filio
695 2997 751 3044 et
781 2987 944 3043 Patre
972 3002 1137 3042 unum
1163 3001 1380 3054 nomen,
1407 3001 1472 3042 ac
1501 3003 1608 3040 una
1637 2995 1718 3042 est
1751 2985 1945 3041 deitas.
1982 2983 2102 3049 Qui,

527 3086 587 3132 ut
635 3079 712 3133 ait
764 3080 1040 3149 apostolus
1090 3077 1315 3144 Paulus,
1363 3085 1622 3132 scrutatur
1668 3077 1964 3130 altitudines
2009 3075 2110 3128 Dei

530 3167 585 3234 (Ι
607 3167 726 3223 Cor.
757 3169 837 3241 ιι).
870 3169 1110 3225 Scrutari
1139 3177 1318 3224 autem
1338 3167 1533 3222 dicitur
1552 3166 1782 3237 Spiritus
1802 3165 2109 3220 altitudines

531 3251 646 3325 Dei,
674 3272 781 3312 non
809 3265 868 3313 ut
895 3257 1009 3327 ipse
1035 3257 1188 3328 quasi
1225 3256 1433 3312 occulta
1462 3255 1563 3311 sibi
1600 3270 1663 3310 ac
1707 3253 1886 3309 abdita
1927 3254 2108 3309 rimari
2138 3246 2184 3308 C

2206 1906 2310 1961 bus
2335 1918 2569 1969 sensum,
2616 1903 2904 1972 praestabat
2949 1902 3287 1957 audientibus
3333 1902 3682 1966 intellectum,
3733 1909 3796 1956 ut

2205 2009 2314 2049 non
2341 1992 2615 2047 dubitatur
2637 1991 2794 2045 unius
2813 2005 2931 2045 esse
2957 1991 3126 2044 virtus
3151 1991 3206 2044 in
3233 2004 3329 2044 ore
3352 1990 3703 2058 loquentium,
3736 1998 3796 2044 et

2202 2084 2256 2138 in
2284 2082 2445 2138 corde
2473 2081 2823 2138 credentium.
2853 2079 2912 2135 In
2953 2081 3054 2147 his,
3085 2081 3363 2144 carissimi,
3395 2095 3532 2149 opus
3568 2078 3794 2147 quidem

2202 2174 2428 2240 visibile,
2467 2173 2564 2228 sed
2597 2171 2874 2226 invisibilis
2915 2178 3200 2239 operator;
3239 2169 3550 2223 manifestus
3575 2169 3798 2222 virtutis

2203 2266 2444 2330 effectus,
2471 2265 2566 2320 sed
2593 2262 2873 2319 efficientis
2913 2261 3122 2317 occulta
3158 2260 3430 2328 majestas.
3471 2259 3796 2314 Rectissime

2205 2356 2364 2424 igitur
2391 2353 2671 2409 victoriam
2703 2351 2968 2420 fidemque
3002 2349 3199 2404 Christi
3227 2348 3455 2420 Spiritus
3483 2348 3796 2416 annuntiat,

2204 2445 2296 2512 qui
2324 2443 2606 2497 adventum
2626 2441 2742 2510 ejus
2763 2441 3081 2510 promiserat
3101 2454 3196 2509 per
3215 2439 3523 2508 prophetas,
3547 2437 3639 2505 qui
3662 2451 3796 2491 eum

2205 2534 2443 2602 virgineo
2471 2531 2526 2586 in
2553 2538 2728 2597 utero,
2759 2530 2849 2600 qui
2877 2529 3142 2598 baptismo
3172 2529 3287 2596 ejus
3325 2542 3444 2581 cum
3481 2526 3796 2581 testimonio

2205 2632 2441 2696 paterna:
2481 2623 2626 2678 vocis
2667 2620 2837 2675 adfuit
2865 2621 2916 2674 in
2956 2619 3220 2674 columba.
3269 2617 3565 2672 Credentes
3608 2617 3797 2684 itaque

2207 2713 2440 2779 Patrem,
2464 2719 2520 2766 et
2537 2711 2750 2773 Filium,
2775 2716 2829 2763 et
2847 2708 3102 2778 Spiritum
3126 2714 3366 2762 sanctum
3394 2707 3550 2760 unius
3575 2720 3804 2774 semper

2206 2818 2324 2857 esse
2354 2801 2670 2866 voluntatis,
2709 2807 2766 2854 et
2799 2798 2976 2868 operis
3016 2797 3230 2851 vinculo
3271 2797 3432 2851 etiam
3471 2795 3800 2850 Christiana:

2206 2894 2353 2964 pacis
2376 2893 2509 2947 uniti
2538 2892 2592 2946 in
2621 2898 2888 2960 praecepta
2908 2890 3085 2944 divina
3104 2891 3229 2944 vitae
3248 2897 3445 2942 nostrae
3464 2889 3682 2943 semitas
3711 2888 3800 2942 di~

2207 2984 2458 3052 rigamus,
2489 2988 2549 3035 ut
2575 2979 2959 3051 plenitudinem
2988 2979 3170 3046 gratim
3196 2977 3292 3032 Dei
3329 2991 3392 3032 ac
3430 2977 3800 3031 visitationem

2207 3073 2436 3143 Spiritus
2476 3071 2649 3127 sancti
2687 3070 2919 3125 sanitate
2962 3068 3082 3123 lidei
3121 3077 3177 3124 et
3224 3075 3440 3123 actuum
3482 3073 3799 3122 nostrorum

2208 3161 2616 3218 conversatione
2643 3173 2968 3226 mereamur,
2992 3165 3099 3213 etc.

1893 3361 2160 3422 SEBMO
2199 3361 2427 3422 XLIX.

1894 3457 1976 3512 De
2013 3456 2322 3512 Pentecoste
2359 3457 2444 3511 11.

1975 3548 2367 3604 ADMONITIO.

603 3641 761 3712 525
789 3641 846 3694 In
877 3642 1065 3712 codice
1086 3641 1400 3712 Taurinensi
1422 3641 1510 3696 hic
1535 3653 1714 3712 sermo
1743 3639 1886 3693 inter
1904 3638 2152 3712 hqmilias
2166 3641 2353 3712 sancti
2376 3637 2592 3693 Maximi
2615 3639 2682 3693 20
2703 3646 3030 3705 numeratur,
3055 3637 3338 3707 editusque
3364 3651 3433 3692 ex
3457 3635 3642 3691 codice
3662 3635 3804 3688 Am-

535 3708 786 3765 1»ιόεῇῆο
815 3726 845 3764 a
876 3710 1184 3767 Mabillonio
1212 3720 1268 3766 et
1295 3710 1590 3766 Muratorio
1613 3710 1746 3764 locis
1773 3724 1933 3779 supra
1963 3708 2210 3764 indicatis
2231 3710 2348 3763 fuit.

536 3840 919 3896 Anconsnruu.
960 3871 1031 3881 —
1079 3839 1262 3894 Sancti
1321 3839 1581 3892 Paracleti
1634 3840 1950 3893 divinitatem
2013 3840 2112 3893 ite-

604 3925 733 3987 rum
741 3907 928 3987 probat
948 3908 1000 3960 Μ
1009 3910 1231 3987 aximus,
1262 3909 1396 3987 quod
1423 3911 1529 3987 ipse
1559 3910 1748 3987 uenerit
1777 3912 1919 3987 testis
1939 3918 1989 3987 et
2015 3924 2113 3960 an-

604 3975 873 4044 nuntiator
901 3976 1186 4044 hominibus
1227 3975 1404 4044 gloria:
1450 3975 1644 4028 Christi
1688 3977 1827 4042 apud
1876 3975 2106 4028 Patrem.

609 4043 778 4097 Nemo
797 4045 952 4108 enim,
975 4045 1050 4096 ait
1073 4043 1132 4098 S.
1157 4043 1443 4114 episcopus,
1475 4043 1699 4114 divinum
1728 4047 1930 4114 aperire
1961 4055 2108 4114 pote-

605 4121 690 4196 rat
719 4121 1008 4196 secretum.
1031 4115 1137 4196 nisi
1159 4111 1533 4196 qui-particeps
1573 4111 2111 4196 Divinitatis‘de'scen-

609 4183 768 4236 disset
813 4183 875 4237 de
915 4183 1058 4237 caelo.
1091 4183 1290 4254 Deinde
1337 4184 1481 4238 docet
1509 4199 1808 4237 mansurum
1855 4183 2109 4254 Spiritum

610 4262 843 4374 sabnctum
871 4255 923 4308 in
952 4252 1188 4308 cordibus
1216 4270 1393 4324 pacem
1433 4265 1482 4307 et
1511 4254 1840 4308 concordiam
1885 4252 2110 4324 diligen-

615 4333 651 4374 ti
688 4339 765 4374 us.

615 4325 765 4376 tibus.

618 4473 748 4528 Post
796 4471 1142 4527 festivitatem
1194 4472 1474 4527 dominicae
1520 4472 1882 4539 Ascensionis,
1931 4468 2123 4524 fratres

544 4562 827 4625 carissimi,
859 4569 1043 4616 sancta
1074 4561 1402 4616 Pentecostis
1427 4560 1589 4615 hodie
1616 4560 1870 4632 mysteria
1892 4559 2125 4614 celebra-

2217 3841 2532 3895 mortalibus
2577 3841 2869 3897 nuntiaret.
2900 3840 3032 3896 Nam
3077 3842 3198 3911 quis
3249 3841 3385 3896 alius
3430 3838 3808 3895 habitantibus

2213 3939 2413 3985 terram
2439 3932 2678 3986 divinum
2705 3939 2919 4002 poterat
2946 3933 3156 4001 aperire
3183 3940 3471 3997 secretum,
3501 3931 3601 3985 nisi
3623 3929 3804 3999 parti-

2212 4035 2339 4089 ceps
2366 4021 2667 4076 Divinitatis
2701 4022 2936 4077 venisset
2963 4037 2994 4076 e
3019 4021 3196 4077 coelo?
3229 4021 3448 4076 Lectum
3478 4021 3657 4090 itaque
3684 4029 3803 4088 est,

2217 4119 2276 4166 ut
2315 4112 2536 4167 audistis
2569 4131 2582 4165 :
2632 4111 2700 4165 Et
2729 4113 2849 4166 dum
2887 4113 3264 4183 complerentur
3302 4113 3410 4168 dies
3454 4113 3806 4180 Pentecostis,

2214 4205 2366 4250 erant
2402 4212 2578 4250 omnes
2618 4199 2886 4250 unanimes
2927 4199 3083 4251 simul
3108 4199 3162 4251 in
3191 4199 3368 4252 eodem
3395 4199 3506 4252 loco
3545 4199 3678 4269 (Act.
3709 4199 3804 4267 ιι).

2222 4285 2290 4340 Ει
2313 4295 2436 4356 post
2461 4301 2629 4355 pauca
2657 4285 2732 4339 ait
2758 4304 2771 4339 :
2802 4285 2996 4355 Repleti
3017 4290 3136 4340 sunt
3161 4303 3339 4341 omnes
3369 4287 3566 4357 Spiritu
3591 4294 3808 4355 sancto,

2225 4385 2273 4430 et
2313 4384 2568 4446 creperum
2611 4375 2750 4446 loqui
2779 4375 2936 4429 variis
2966 4376 3177 4447 linguis,
3201 4385 3352 4446 prout
3391 4377 3615 4445 Spiritus
3640 4375 3810 4430 dabat

2223 4465 2387 4536 eloqui
2433 4466 2525 4519 eis.
2573 4464 2737 4519 Erant
2781 4479 2910 4534 ergo
2938 4466 3216 4520 unanimes
3245 4465 3495 4534 apostoli,
3525 4471 3579 4518 et
3605 4463 3811 4532 repleti

2223 4563 2347 4611 sunt
2375 4555 2575 4626 Spiritu
2605 4565 2809 4613 sancto.
2843 4557 2924 4611 Ad
2955 4566 2979 4593 τι
3002 4557 3281 4610 unanimes
3307 4556 3470 4620 venit,
3500 4553 3813 4610 concordes

549 4667 693 4720 mus,
733 4659 792 4705 ut
819 4651 960 4706 sicut
988 4650 1150 4704 luetati
1191 4665 1372 4705 sumus
1399 4650 1594 4705 coelum
1620 4665 1720 4720 pro
1749 4649 1904 4704 nobis
1931 4663 2122 4704 ascen-
2222 4645 2423 4708 visitat,
2452 4646 2704 4716 pacificos
2723 4653 3058 4706 muneratur,
3082 4652 3138 4699 et
3155 4645 3388 4699 libenter
3412 4643 3812 4698 venerabilium

546 4745 688 4799 disse
730 4743 1022 4809 hominem,
1071 4743 1146 4797 ita
1191 4757 1332 4797 nunc
1375 4743 1703 4797 cxsultemus
1746 4741 1916 4798 nostri
1960 4757 2122 4796 causa
2223 4737 2591 4806 apostolorum
2619 4737 2781 4806 526
2805 4735 3033 4804 replevit
3076 4734 3260 4799 corda,
3308 4748 3534 4802 quorum
3557 4733 3668 4803 jam
3697 4748 3813 4802 pe.

546 4834 802 4903 Spiritum
863 4841 1108 4889 sanctum
1155 4832 1495 4887 descendisse
1551 4831 1618 4887 de
1661 4832 1821 4887 cmlo.
1879 4829 2124 4887 Perrexit
2221 4835 2370 4881 ctora
2397 4834 2584 4880 auctor
2625 4832 2681 4879 et
2705 4826 2958 4893 magister
2983 4822 3227 4879 Christus
3263 4823 3541 4878 habitabat
3572 4842 3585 4877 :
3625 4823 3815 4878 Sedit-

546 4921 791 4979 Christus
811 4923 878 4978 ad
902 4922 1140 4990 Patrem,
1163 4921 1472 4976 Paracletus
1497 4922 1644 4976 venit
1667 4937 1698 4976 a
1727 4920 1906 4987 Patre,
1935 4928 1993 4975 ut
2013 4937 2120 4974 non
2153 4977 2192 4990 ﬁ
2222 4933 2337 4990 que,
2368 4925 2428 4972 ut
2455 4917 2773 4982 audivimus,
2799 4917 3027 4987 Spiritus
3054 4924 3261 4970 sanctus
3283 4932 3438 4983 supra
3462 4932 3813 4985 unumquem—

547 5012 884 5079 ambigamus
913 5014 1092 5068 omnia
1135 5013 1288 5067 nobis
1306 5012 1494 5067 salutis
1511 5020 1727 5067 interna:
1753 5027 1975 5066 munera
2004 5027 2121 5066 om-

548 5101 840 5169 nipotentis
867 5103 1037 5158 Patris
1079 5104 1431 5173 dispositione
1457 5111 1513 5158 et
1557 5102 1832 5157 voluntate
1859 5100 2116 5168 conferri,

549 5204 578 5243 a
605 5206 712 5259 quo
735 5189 964 5260 Spiritus
990 5195 1155 5260 venit,
1187 5203 1243 5250 et
1268 5193 1334 5248 ad
1361 5208 1523 5262 quem
1545 5192 1710 5246 Filius
1729 5193 1894 5247 vadit.
1927 5193 2122 5247 Ascen-

547 5277 628 5332 dit
667 5292 794 5347 ergo
821 5279 874 5332 in
913 5282 1107 5336 malum
1129 5299 1300 5339 novus
1338 5283 1522 5349 homo,
1553 5290 1610 5337 ut
1629 5297 1726 5352 per
1752 5281 1868 5350 ejus
1892 5283 2119 5350 gratiam

547 5370 732 5424 venire
759 5371 825 5425 ad
854 5378 1025 5426 terras
1060 5373 1291 5442 Spiritus
1334 5375 1663 5443 dignaretur.
1713 5373 1872 5428 Venit
1909 5388 1940 5427 e
1983 5373 2121 5428 coelo

547 5457 775 5530 Spiritus
821 5470 1056 5530 sanctus,
1108 5473 1166 5518 ut
1211 5480 1437 5534 regnare
1490 5482 1612 5522 cum
1667 5464 1827 5522 Patre
1855 5465 2119 5521 Christum

586 5613 588 5615 ’
627 5626 652 5654 ⁸
679 5615 833 5688 Apud
863 5615 1231 5686 Mul'atorium,
1261 5623 1556 5676 unanimos.

2225 5027 2320 5082 que
2358 5027 2530 5065 eorum
2560 5012 2694 5079 (Act.
2725 5011 2806 5079 ιι).
2835 5008 3130 5076 Advertite,
3159 5007 3439 5072 carissimi,
3463 5007 3586 5077 quia
3606 5005 3815 5076 paciﬁ-

2225 5119 2411 5160 corum
2437 5110 2624 5172 pectus
2649 5099 2804 5156 sedes
2831 5107 2914 5155 est
2940 5099 3056 5164 Dei,
3085 5106 3147 5152 ut
3172 5099 3246 5152 ait
3273 5099 3464 5153 beatus
3498 5096 3663 5151 David
3694 5114 3708 5149 :
3755 5106 3816 5152 et

2227 5199 2391 5269 factus
2416 5203 2489 5250 est
2511 5197 2564 5248 in
2594 5209 2720 5264 pace
2744 5193 2885 5247 locus
2905 5192 3035 5262 ejus.
3066 5191 3176 5245 Nec
3201 5189 3548 5245 dubitandum
3577 5197 3814 5259 aposto-

2224 5287 2305 5340 los
2339 5285 2567 5339 invicem
2596 5295 2721 5350 erga
2741 5297 2800 5336 se
2827 5279 3190 5334 unanimitatis
3229 5279 3454 5346 gratiam
3483 5279 3808 5345 custodisse,

2224 5375 2416 5444 quibus
2443 5373 2768 5428 transiturus
2796 5371 2861 5424 ad
2906 5368 3120 5423 Patrem
3157 5368 3478 5438 praadixerat
3503 5368 3752 5424 Christus
3788 5386 3808 5423 :

2230 5465 2294 5520 In
2331 5466 2424 5520 hoc
2452 5474 2760 5536 cognoscent
2795 5477 2969 5516 omnes
3002 5462 3119 5531 quia
3149 5461 3386 5530 discipuli
3421 5463 3520 5516 mei
3561 5461 3725 5527 eritis,
3758 5463 3812 5516 si
