4054 6194
320 254 419 308 633

1777 248 2001 304 SEBMO
2041 250 2100 303 L.

3459 266 3567 321 634

319 364 635 454 dilectionem
659 362 936 417 habueritis
960 363 1029 415 ad
1054 364 1268 454 inuicem
1291 363 1472 434 (Joan.
1515 363 1650 432 xm).
1687 364 1751 417 Et
1781 366 1881 417 ite-
1913 371 1960 427 Α
1990 367 2116 420 lium
2139 368 2441 424 aeternitate
2464 372 2793 440 mysterium.
2820 372 3064 444 Expedit,
3095 383 3187 442 att,
3216 377 3371 444 vobis,
3396 392 3450 435 ut
3469 400 3564 454 ego

319 471 431 510 rum
463 471 476 504 :
505 451 696 505 Pacem
739 468 905 504 meum
951 454 1017 505 do
1051 452 1208 517 vobis,
1240 470 1418 523 pacem
1446 470 1612 506 meam
1656 455 1885 523 relinquo

318 544 471 599 vobis.
504 541 619 595 Non
647 549 731 594 est
757 555 885 608 ergo
905 544 1096 594 mirum
1120 543 1165 595 si
1197 542 1248 595 in
1278 543 1582 611 pectoribus
1611 544 1883 611 apostolo-

317 650 430 690 rum
459 633 674 687 dilectio
702 641 884 685 mutua
908 640 963 686 et
989 647 1093 700 pax
1131 633 1325 686 Christi
1355 633 1609 702 Spiritum
1638 644 1881 688 sanctum

316 725 632 780 delectabat.
661 721 906 788 Legimus
935 724 1094 777 etiam
1142 724 1194 777 in
1225 722 1514 791 Evangelia
1553 724 1883 778 Salvatorem

314 815 512 867 dixisse
538 812 812 881 discipulis
839 812 949 865 suis
989 829 1002 863 :
1032 811 1143 881 Ego
1172 812 1364 883 rogabo
1390 812 1620 877 Patrem,
1651 822 1701 865 et
1724 814 1883 866 alium

315 901 643 956 Paracletum
683 900 826 954 dabit
866 902 1003 955 vobis
1034 901 1222 972 (Joan.
1255 902 1387 970 xlv).
1430 901 1497 955 Et
1537 903 1729 956 iterum
1760 904 1835 955 ait
1864 921 1876 955 :

314 990 457 1045 Nam
472 993 518 1044 si
534 1008 627 1061 ego
649 1008 753 1045 non
772 991 965 1055 abiero,
989 991 1292 1045 Paracletus
1309 1008 1411 1045 non
1432 994 1594 1045 veniet
1614 992 1683 1045 ad
1701 1008 1787 1045 vos
1802 1009 1820 1056 ;
1837 993 1883 1046 si

312 1090 480 1134 autem
508 1082 700 1143 abiero,
732 1085 932 1134 mittam
954 1079 1096 1134 illum
1124 1082 1191 1134 ad
1220 1097 1326 1136 vos.
1356 1081 1488 1148 Quis
1518 1083 1696 1151 itaque
1725 1095 1881 1153 pote-

309 1172 378 1226 rit
407 1173 624 1240 impune
666 1187 774 1225 non
802 1171 1043 1239 credere,
1076 1174 1160 1226 vel
1189 1180 1429 1227 sanctum
1460 1173 1714 1243 Spiritum
1763 1191 1883 1230 esse

309 1260 498 1325 Deum,
542 1262 633 1330 qui
670 1276 769 1330 per
806 1260 903 1315 Dei
952 1262 1141 1315 Filium
1184 1264 1469 1331 pnndictus
1516 1264 1749 1331 advenit,
1798 1267 1882 1319 vel

305 1350 577 1404 Christum
601 1351 904 1416 Dominum,
928 1352 1079 1420 cujus
1107 1354 1342 1407 salutare
1371 1355 1691 1423 promissum
1723 1354 1884 1408 Pater

304 1441 664 1509 sempiternus
702 1441 975 1510 implevit?
1005 1441 1249 1509 Magnum
1279 1442 1401 1505 hoc,
1433 1441 1642 1505 fratres,
1676 1443 1881 1498 incom-

304 1530 737 1599 prehensumque
783 1539 865 1584 est
900 1539 1312 1596 sacramentum,
1362 1547 1483 1587 cum
1521 1532 1588 1586 de
1618 1534 1774 1587 terris
1814 1533 1883 1587 ad

302 1620 502 1674 caelum
532 1621 677 1674 vadit
710 1622 892 1685 homo,
922 1624 1013 1690 qui
1040 1623 1205 1676 Deum
1236 1624 1389 1677 nobis
1415 1623 1483 1676 ad
1509 1631 1677 1679 terras
1705 1626 1881 1678 mittat

1986 460 2170 512 cadam
2200 458 2381 529 (Joan.
2406 461 2537 530 xvi).
2562 460 2731 526 Quam
2755 463 2998 519 mirabile
3026 466 3130 521 hoc
3158 470 3352 522 nostras
3379 472 3564 528 salutis

1986 551 2143 621 527
2174 560 2257 606 est
2287 554 2505 606 munus!
2554 562 2612 606 ut
2657 556 2794 609 sicut
2842 559 3058 626 expedit
3102 560 3254 615 vobis
3293 559 3562 617 Christum

1983 641 2167 693 venire
2193 640 2260 693 de
2290 642 2442 705 coelo,
2473 643 2545 695 ita
2577 644 2722 697 illum
2750 647 3047 714 expedierit
3074 656 3128 702 et
3156 649 3348 705 redire.
3382 651 3562 721 Expe-

1984 729 2115 784 divit
2144 730 2291 784 illum
2318 733 2519 796 venire,
2549 742 2607 787 ut
2635 752 2788 789 suum
2822 753 2919 805 pro
2943 738 3100 793 nobis
3127 742 3437 807 sanguinem
3464 742 3562 796 da-

1984 826 2095 883 ret;
2131 820 2400 887 expedivit
2429 822 2777 878 nihilominus
2819 835 2873 879 et
2912 827 3105 893 redire,
3137 837 3195 882 ut
3222 846 3376 885 suum
3405 831 3561 886 nobis

1984 908 2239 977 Spiritum
2268 910 2568 978 largiretur.
2603 912 2803 983 Repleti
2829 926 2947 969 sunt
2980 934 3119 987 ergo,
3152 930 3209 973 ut
3231 920 3426 978 lectum
3454 931 3557 989 est,

1985 999 2185 1067 Spiritu
2223 1012 2421 1065 sancto,
2453 1014 2503 1057 et
2531 1016 2789 1074 coeperunt
2826 1008 2963 1077 loqui
2988 1012 3141 1063 variis
3169 1012 3378 1082 linguis,
3408 1021 3559 1083 prout

1984 1087 2209 1159 Spiritus
2250 1092 2406 1145 dabat
2442 1094 2609 1165 eloqui
2638 1096 2740 1149 illis
2771 1099 2905 1165 (Act.
2938 1100 3019 1171 ιι).
3050 1100 3291 1158 Varietas
3321 1105 3420 1158 ista
3450 1106 3554 1159 lino

1982 1191 2203 1246 gnarum
2233 1181 2844 1256 Divinitatisannuntiat
2870 1188 3147 1242 unitatem.
3173 1191 3420 1247 Diversus
3438 1194 3557 1262 qui-

1982 1267 2103 1322 dem
2150 1278 2207 1323 et
2254 1273 2532 1341 multiplex
2575 1290 2753 1330 sermo
2804 1278 3051 1346 prodibat
3095 1294 3125 1331 a
3166 1281 3414 1348 singulis,
3461 1282 3555 1338 sed

1982 1372 2119 1411 unus
2147 1358 2201 1411 in
2229 1361 2477 1416 omnibus
2519 1362 2856 1431 loquebatur.
2888 1367 3049 1437 528
3091 1368 3260 1422 Sonat
3304 1369 3558 1427 llebrteus

1982 1446 2213 1515 linguam
2238 1464 2398 1517 quam
2420 1459 2543 1506 ante
2566 1469 2673 1507 non
2695 1454 2894 1522 didicit,
2922 1465 2979 1511 ut
3007 1459 3176 1526 possit
3197 1458 3373 1524 fidem,
3395 1476 3555 1528 quant

1982 1538 2280 1606 ignorabat,
2311 1542 2497 1596 audire
2536 1544 2769 1611 gentilis.
2800 1544 2908 1599 Nec
2955 1546 3170 1614 mirum,
3200 1548 3481 1613 carissimi,
3510 1564 3552 1604 ss

1982 1631 2239 1697 apostolis
2267 1632 2377 1687 suis
2404 1632 2648 1689 Christus
2676 1649 2772 1703 per
2791 1634 3047 1704 Spiritum
3075 1646 3318 1691 sanctum
3348 1638 3555 1707 lingua-

302 1723 334 1764 e
359 1710 522 1764 cmlo.
546 1708 611 1763 Et
628 1718 711 1764 est
730 1725 919 1766 revera
947 1713 1060 1766 hate
1086 1727 1212 1780 pax,
1242 1720 1297 1765 et
1323 1713 1675 1766 consonantia
1696 1713 1879 1768 Deita-
1915 1720 1955 1779 Β
1986 1736 2103 1773 rum
2132 1722 2376 1775 notitiam
2407 1723 2571 1789 dedit,
2603 1725 2694 1792 qui
2723 1725 2926 1779 claudis
2953 1739 3214 1794 gressum,
3244 1728 3400 1783 cacis
3427 1743 3554 1783 ocu-

301 1798 387 1860 tis,
427 1806 484 1851 ut
512 1806 565 1852 et
584 1797 827 1854 Christus
856 1801 1203 1854 annuntiante
1230 1799 1432 1869 Spiritu
1467 1811 1796 1867 nasceretur,
1826 1810 1883 1857 et

299 1874 531 1956 Spiritus
559 1887 771 1942 Christo
799 1889 1150 1957 promittente
1177 1889 1544 1944 descenderet.
1591 1892 1606 1921 ¹
1649 1891 1880 1946 Invicem

297 1993 356 2031 se
402 1978 713 2045 loquuntur,
746 1979 971 2035 invicem
1001 1996 1060 2034 se
1088 1980 1325 2045 mittunt,
1350 1981 1577 2035 invicem
1606 1983 1705 2036 sibi
1745 1984 1879 2037 obe-

298 2066 477 2132 diunt,
506 2068 629 2137 quia
669 2085 775 2123 non
804 2077 887 2124 est
914 2070 967 2123 in
996 2070 1074 2124 eis
1094 2078 1186 2123 aut
1214 2070 1367 2135 velle,
1394 2078 1486 2124 aut
1515 2086 1672 2140 posse
1699 2071 1878 2126 diver-

300 2172 446 2223 sum,
476 2165 531 2213 et
558 2174 721 2213 unum
764 2174 977 2230 semper
1004 2176 1127 2215 cum
1171 2159 1329 2216 Patre
1355 2169 1517 2229 agunt
1543 2176 1641 2231 pro
1677 2171 1878 2217 morta-

1983 1810 2082 1874 los,
2114 1812 2275 1866 mutis
2303 1814 2477 1880 potuit
2505 1830 2756 1883 reparare
2801 1832 3123 1870 sermonem.
3156 1817 3222 1870 Et
3256 1817 3395 1881 ideo,
3450 1816 3554 1872 fra-

1984 1908 2114 1963 tres,
2152 1918 2261 1955 non
2290 1902 2595 1958 dubitemus
2621 1905 2688 1959 de
2715 1906 2818 1969 his,
2859 1904 2951 1959 sed
2980 1913 3089 1959 tota
3120 1922 3239 1959 cum
3269 1906 3553 1961 devotione

1982 1990 2280 2055 credamus,
2313 1993 2438 2059 quia
2468 2001 2522 2046 et
2552 1994 2663 2047 Deo
2692 1995 2870 2047 omnia
2898 2003 3023 2047 sunt
3048 1996 3344 2063 possibilia,
3374 2003 3428 2048 et
3455 2010 3551 2047 ne-

1980 2093 2130 2132 cesse
2158 2087 2274 2132 erat
2314 2088 2372 2133 ut
2412 2096 2604 2134 novam
2648 2081 2802 2136 ﬁdem
2839 2096 2977 2136 nova
3020 2081 3269 2150 loquendi
3299 2081 3551 2139 miracula

1978 2166 2377 2223 conﬁrmarent.

1734 2276 2003 2339 SERMO
2046 2280 2114 2339 L.

1639 2370 1720 2426 De
1747 2373 2052 2432 Pentecoste
2090 2376 2203 2433 III.

1742 2465 2135 2523 ADMONITIO.

358 2548 557 2603 Exstat
595 2551 639 2605 is
686 2563 863 2605 sermo
890 2565 999 2605 non
1026 2549 1191 2607 modo
1220 2550 1274 2605 in
1323 2550 1675 2608 Ambrosiano
1704 2553 1911 2623 codice,
1959 2557 2055 2612 sed
2084 2559 2247 2613 etiam
2289 2560 2342 2615 in
2372 2561 2718 2634 Taurinensi,
2753 2562 2812 2620 in
2836 2575 2945 2635 Quo
2982 2566 3199 2621 homilia
3229 2565 3290 2619 21
3326 2566 3556 2621 habetur

287 2634 543 2674 numero.

290 2733 402 2807 Ant:
414 2748 681 2807 uacarunt.
714 2766 784 2776 —
816 2733 993 2807 Patris
1021 2736 1203 2807 (sterni
1232 2734 1554 2807 clementiam
1581 2737 1762 2790 merito
1788 2738 1871 2807 ef-

355 2805 478 2873 fert
512 2802 804 2873 Maximus,
841 2803 975 2873 quo_d
1015 2820 1128 2857 cum
1155 2806 1200 2856 ei
1231 2820 1413 2872 parum
1460 2806 1621 2857 uisum
1669 2802 1867 2873 fuisset,

354 2870 565 2943 dedisse
591 2870 879 2943 nominibus
907 2870 1102 2925 Filium
1139 2870 1529 2943 redemptorem,
1560 2870 1714 2927 etiam
1746 2874 1869 2943 Spi—

351 2941 518 2992 ritum
563 2941 676 3011 ejus
716 2942 770 2993 in
819 2941 1026 3011 illorum
1065 2942 1223 2995 corda
1271 2942 1484 3010 eﬂ'utlit,
1537 2941 1869 3011 supernisque

351 3009 657 3092 muneribus
678 3010 968 3092 cxi-mulavit.
995 3009 1315 3092 Linguarum
1341 3011 1530 3092 donum
1553 3009 1728 3092 datum
1749 3009 1870 3080 apo-

351 3080 526 3159 stolis,
558 3094 701 3133 nova:
728 3079 854 3150 legis
881 3079 1201 3148 praeconibus
1228 3079 1446 3150 eleganti
1480 3082 1714 3135 oratione
1741 3079 1865 3151 pro-

354 3156 610 3218 sequitur.

356 3276 700 3332 Manifestum
750 3285 850 3343 est,
900 3276 1115 3345 fratres,
1145 3278 1457 3346 cunctisque
1502 3278 1859 3348 perspicuum,

1976 2754 2117 2804 mur,
2146 2741 2387 2796 converti
2418 2740 2470 2795 in
2501 2743 2752 2796 tenebras
2777 2738 2967 2809 solem,
3013 2744 3116 2799 nisi
3145 2760 3266 2800 cum
3307 2744 3546 2803 Christus

1974 2829 2166 2883 transit
2189 2830 2241 2883 in
2262 2838 2520 2896 mortem;
2550 2831 2899 2888 aufconvcrti
2929 2835 2982 2888 in
3010 2836 3320 2904 sanguinem
3343 2836 3546 2903 lunam,

1974 2917 2075 2971 nisi
2104 2934 2223 2973 cum
2252 2927 2435 2974 sancta
2463 2917 2700 2974 Ecclesia
2730 2933 2827 2991 pro
2854 2923 3189 2978 confessione
3232 2923 3429 2979 Christi
3465 2926 3546 2983 sui

1970 3008 2131 3063 variis
2172 3008 2510 3076 passionibus
2554 3013 2898 3065 cruentatur?
2929 3012 3179 3066 Traditur
3205 3014 3365 3067 morti
3391 3011 3547 3067 Chri-

1969 3106 2103 3162 stus,
2133 3114 2239 3152 non
2271 3108 2328 3152 ut
2357 3100 2408 3153 in
2436 3102 2780 3170 corruptione
2807 3110 3085 3156 remaneat
3112 3104 3414 3172 sepulturae,
3447 3103 3545 3157 sed

1970 3194 2029 3239 ut
2057 3195 2178 3254 post
2206 3187 2360 3241 inferi
2404 3190 2651 3244 tenebras
2680 3190 2965 3259 fulgentior
2989 3192 3276 3247 elucescat.
3308 3192 3545 3246 chatur

1970 3273 2205 3329 Ecclesia
2234 3277 2480 3332 manibus
2508 3286 2874 3345 cruentorum,
2899 3295 3005 3333 non
3031 3288 3087 3332 ut
3115 3282 3253 3334 inter
3280 3281 3545 3349 supplicia

289 3374 493 3435 quanta
530 3367 886 3435 omnipotenti
926 3366 1036 3421 Deo
1063 3366 1211 3421 Patri
1238 3367 1307 3421 de
1348 3367 1613 3422 universis
1642 3367 1713 3421 sit
1738 3384 1866 3422 cura
1893 3370 1936 3432 C
1968 3381 2262 3436 pennasque
2305 3366 2536 3431 deﬁciat,
2575 3366 2671 3420 sed
2700 3376 2759 3420 ut
2799 3383 2894 3436 per
2922 3369 3264 3423 multimodos
3293 3370 3544 3423 victoria-

287 3455 623 3522 mortalibus,
653 3455 738 3510 cui
767 3470 954 3524 parum
990 3455 1088 3509 fuit
1116 3456 1328 3511 unicum
1357 3456 1518 3511 morti
1547 3455 1736 3510 Filium
1768 3466 1870 3510 tra—

286 3548 484 3603 didisse
505 3562 603 3615 pro
623 3546 797 3611 nobis,
820 3547 922 3601 nisi
944 3546 998 3601 in
1027 3547 1189 3602 corde
1210 3547 1443 3602 ﬁdelium
1464 3562 1682 3602 suorum
1705 3548 1866 3601 etiam

285 3653 572 3693 munerum
601 3636 984 3706 plenitudinem
1012 3636 1304 3700 effudisset,
1339 3636 1477 3691 sicut
1504 3636 1703 3691 dictum
1725 3644 1808 3692 est
1836 3652 1866 3691 a

286 3726 520 3783 Domino
548 3742 643 3796 per
671 3724 992 3795 Prophetam
1026 3746 1038 3779 ε
1092 3725 1156 3779 In
1185 3727 1480 3781 novissimis
1509 3725 1682 3779 diebus
1716 3742 1868 3795 super

284 3835 459 3873 servos
496 3828 545 3871 et
582 3817 800 3871 ancillas
846 3834 985 3871 meas
1016 3818 1278 3885 effundam
1314 3818 1377 3871 de
1416 3816 1616 3885 Spiritu
1658 3832 1786 3882 meo,
1818 3826 1867 3869 et

285 3908 419 3961 dabo
448 3907 690 3976 prodigia
716 3908 771 3960 in
799 3908 924 3961 cmlo
970 3924 1191 3974 sursum,
1214 3916 1263 3961 et
1290 3910 1439 3978 signa
1467 3909 1521 3960 in
1554 3916 1691 3961 terra
1717 3907 1866 3961 deor-

286 4014 417 4052 sum.
451 3998 548 4052 Sol
574 4006 889 4051 convertetur
911 3999 965 4051 in
988 3996 1239 4058 tenebras,
1261 4007 1309 4051 et
1338 3998 1461 4051 luna
1480 3999 1537 4050 in
1563 3998 1865 4067 sanguinem

286 4086 447 4155 (Joel.
481 4088 560 4156 ιι).
606 4086 707 4140 Dat
748 4085 990 4155 profecto
1027 4087 1283 4140 Dominus
1326 4086 1567 4155 prodigia
1604 4087 1659 4140 in
1702 4087 1860 4151 caalo,

284 4192 407 4230 cum
438 4177 492 4230 in
536 4178 812 4232 nativitate
852 4177 1047 4232 Christi
1095 4193 1234 4231 nova
1280 4175 1648 4231 Chaldaeorum
1694 4177 1863 4231 oculis

283 4266 439 4320 stella
471 4265 766 4334 praefulget,
791 4274 846 4320 et
871 4266 924 4320 in
946 4266 1194 4335 passione
1222 4263 1338 4333 ejus
1364 4266 1642 4333 repentina
1670 4265 1864 4319 obscu-

285 4355 449 4409 ritate
479 4354 713 4410 fuscatus
739 4356 821 4409 sol
846 4354 1170 4410 meridianus
1190 4355 1479 4429 occumbit.
1504 4355 1603 4408 Dat
1630 4355 1778 4422 signa
1807 4355 1861 4409 in

280 4452 453 4512 terra,
479 4460 599 4499 cum
650 4446 761 4514 ipsa
790 4454 930 4500 terra
960 4446 1285 4501 inconsuetis
1311 4447 1545 4501 motibus
1571 4446 1861 4501 contremi-

282 4534 409 4602 scit,
450 4549 572 4588 cum
600 4543 755 4603 rupta
785 4536 839 4589 in
866 4544 1047 4604 partes
1074 4550 1203 4590 saxa
1229 4536 1515 4600 dissiliunt,
1546 4552 1668 4591 cum
1698 4537 1859 4591 etiam

281 4626 532 4694 sepulcra
566 4624 855 4681 refundunt
899 4627 1003 4681 luci
1047 4641 1273 4696 corpora
1315 4626 1709 4682 defunctorum.
1742 4629 1855 4693 Sol,

1967 3473 2084 3511 rum
2114 3457 2298 3512 titulos
2326 3458 2377 3511 in
2408 3472 2620 3511 omnem
2650 3457 3098 3526 pulchritudinem
3136 3472 3327 3512 cruore
3356 3459 3543 3511 trium-

1966 3550 2244 3619 phantium
2310 3556 2604 3619 martyrum
2649 3547 2950 3602 decoretur.
3001 3546 3128 3602 llmc
3177 3562 3307 3601 vero
3361 3548 3542 3602 omnia

1966 3637 2075 3704 agit
2122 3645 2177 3690 et
2221 3634 2427 3705 perficit
2467 3651 2573 3689 una
2624 3644 2679 3690 et
2718 3635 2909 3690 eadem
2950 3635 3120 3703 gratia
3164 3635 3542 3691 concordantis

1963 3724 2161 3780 Christi
2202 3734 2259 3779 et
2292 3724 2543 3794 Spiritus.
2574 3724 2827 3780 Christus
2869 3726 3085 3793 utique,
3125 3725 3215 3793 qui
3260 3739 3539 3779 servorum

1961 3831 2181 3870 suorum
2226 3824 2445 3885 pectora
2492 3815 2546 3869 in
2581 3830 2740 3870 omne
2787 3814 3021 3883 patiendi
3066 3813 3388 3869 desiderium
3435 3828 3534 3883 spe

1964 3914 2237 3976 perpetuae
2262 3905 2629 3960 retributionis
2656 3904 2910 3959 incendit.
2934 3905 3164 3974 Spiritus
3193 3905 3538 3959 nihilominus

1962 3998 2147 4065 vigore
2174 3999 2385 4053 virtutis
2407 3997 2599 4052 divina:
2626 3998 2678 4052 in
2708 4004 3074 4066 contemptum
3103 3997 3291 4053 mortis
3320 3996 3539 4051 creden-

1963 4088 2094 4139 tinm
2132 4087 2294 4141 corda
2332 4086 2636 4141 conﬁrmat.
2687 4085 2752 4140 Et
2801 4085 2923 4141 ideo
2963 4095 3247 4156 postquam
3283 4086 3539 4141 Dominus

1962 4176 2119 4230 rediit
2156 4177 2326 4230 victor
2365 4176 2432 4230 ad
2469 4174 2702 4239 Patrem,
2735 4190 2998 4244 suumque
3039 4190 3097 4229 se
3141 4176 3343 4244 recepit
3372 4176 3424 4229 in
3448 4190 3560 4230 re».

1962 4281 2144 4335 gnum,
2173 4275 2393 4335 paterna
2419 4280 2601 4319 secum
2628 4266 2796 4332 gratia
2825 4265 3103 4332 largiente,
3134 4264 3279 4318 dedit
3322 4273 3537 4333 aposto~

1962 4357 2026 4411 lis
2052 4358 2163 4411 suis
2201 4355 2554 4420 Paracletum,
2598 4370 2761 4423 quem
2800 4355 3061 4423 promisit,
3095 4363 3154 4407 ut
3194 4353 3348 4408 ﬁdem
3376 4371 3535 4423 quam

1961 4448 2014 4504 in
2044 4449 2122 4503 eis
2151 4448 2262 4518 ipse
2289 4448 2643 4517 plantaverat,
2670 4446 2894 4501 veniens
2920 4444 3149 4514 desuper
3186 4443 3412 4512 Spiritus
3439 4460 3533 4498 cu-

1961 4538 2210 4596 stodiret.
2256 4537 2536 4593 Descendit
2563 4550 2692 4604 ergo
2722 4536 2774 4590 in
2804 4536 3078 4605 apostolos
3119 4534 3366 4604 Spiritus,
3403 4550 3533 4603 pro-

1960 4630 2207 4683 mittente
2244 4627 2483 4695 Christo,
2530 4634 2590 4682 ut
2634 4635 2889 4697 appareat
2917 4641 3075 4680 unam
3105 4639 3291 4679 eorum
3334 4638 3451 4678 esse
3479 4624 3531 4677 in

282 4715 479 4785 inquit,
509 4726 823 4772 convertetur
850 4719 903 4771 in
932 4716 1186 4783 tenebras,
1214 4728 1263 4771 et
1286 4718 1410 4772 luna
1438 4720 1493 4771 in
1530 4720 1853 4788 sanguinem.
1886 4722 1936 4779 D
1961 4720 2209 4772 omnibus
2251 4718 2671 4771 indissolubilem
2709 4718 3058 4770 voluntatem.
3082 4714 3259 4780 .Quam
3299 4725 3534 4779 congrue

282 4807 425 4872 Quid
469 4808 612 4863 aliud
646 4816 749 4877 est,
779 4809 1060 4873 carissimi,
1103 4809 1148 4863 si
1189 4809 1485 4878 spiritualia
1523 4808 1856 4877 contemple-

355 4970 373 5000 ⁸
390 4969 473 5048 _S.
498 4968 774 5048 Maximus,
805 4968 894 5037 qui
919 4966 1333 5048 inpriecedenti
1345 4983 1592 5048 sermone
1616 4967 1852 5021 invictis-

282 5037 436 5093 simis
480 5039 774 5107 rationibus
812 5037 1043 5092 ostendit
1077 5037 1457 5107 redemptionis
1496 5048 1689 5090 nostrae
1721 5053 1855 5107 opus

282 5107 348 5159 ad
392 5114 532 5161 totas
560 5117 667 5162 tres
694 5106 956 5161 Personas
985 5120 1103 5159 esse
1138 5105 1495 5172 referendum,
1544 5107 1629 5160 hic
1659 5105 1852 5161 iterum

281 5175 528 5229 eamdem
557 5175 837 5231 continuat
860 5176 1157 5235 veritatem,
1189 5176 1472 5229 desumens
1500 5175 1761 5229 rationem
1784 5177 1852 5229 ab

284 5245 484 5299 unione
511 5246 827 5308 voluntatis;
875 5260 994 5297 cum
1030 5243 1216 5297 eadem
1262 5245 1330 5298 sit
1360 5244 1410 5296 in
1460 5246 1708 5297 omnibus
1754 5261 1852 5312 pro

282 5314 471 5365 mundi
500 5316 689 5367 salute.
722 5314 775 5366 Si
812 5329 937 5366 vero
966 5320 1154 5379 agatur
1176 5312 1241 5365 de
1270 5313 1566 5367 actionibus
1593 5314 1659 5366 ad
1691 5314 1851 5379 intra,

282 5389 349 5451 ut
374 5382 521 5434 aiunt
549 5384 799 5451 theologi,
849 5383 1004 5435 docet
1045 5381 1101 5434 S.
1143 5380 1335 5435 Thom.
1376 5381 1402 5432 1
1449 5391 1616 5449 part.,
1667 5394 1855 5449 qmcst.

282 5446 377 5512 43,
423 5460 519 5503 art.
552 5453 609 5511 8.
659 5453 709 5505 in
733 5446 927 5505 divinis
952 5451 1374 5517 distinguendam
1403 5446 1522 5504 esse
1569 5446 1857 5505 Personam

282 5519 586 5587 mittentem
638 5530 693 5574 et
732 5521 967 5573 missam.
1019 5519 1132 5572 Non
1174 5529 1255 5573 est
1297 5522 1486 5573 missus
1526 5519 1700 5582 Pater,
1733 5523 1856 5587 quia

281 5585 588 5655 ingenitus;
634 5590 824 5645 missus
865 5598 1040 5644 tamen
1070 5597 1152 5643 est
1181 5604 1212 5643 a
1244 5587 1401 5645 Patre
1430 5588 1612 5653 Filius,
1639 5585 1763 5656 quia
1791 5591 1857 5644 ab

1962 4817 2141 4863 autem
2187 4810 2300 4878 ipsa
2337 4824 2395 4863 se
2430 4808 2688 4862 Divinitas
2717 4808 2922 4862 alterno
2955 4804 3257 4861 testimonio
3285 4802 3533 4859 humanis

1962 4982 2028 5021 eo
2057 4968 2294 5035 genitus;
2327 4967 2519 5021 missus
2559 4967 2811 5035 etiamvet
2837 4964 3063 5035 Spiritus
3085 4970 3321 5035 sanctus,
3349 4962 3533 5035 quiaga

1960 5031 2117 5089 Patre
2148 5036 2386 5105 Filioque
2408 5036 2668 5105 procedit.
2704 5033 2825 5105 Non
2848 5031 3076 5105 quietibet
3101 5031 3334 5085 Persona
3350 5033 3530 5105 mittit,

1960 5106 2131 5173 inquit
2170 5106 2228 5159 S.
2276 5103 2529 5168 Thomas,
2563 5105 2651 5157 sed
2690 5103 2853 5156 solum
2892 5104 2983 5173 illa
3028 5105 3109 5155 cui
3148 5104 3380 5173 convenit
3420 5118 3532 5155 esse

1958 5171 2267 5246 principium
2295 5175 2433 5246 illius
2462 5174 2722 5246 Persome,
2739 5180 2785 5225 et
2806 5174 2879 5223 sic
2903 5171 3073 5246 Filius
3096 5172 3313 5246 mittitur
3333 5180 3532 5246 tantum

1958 5238 1991 5297 a
2033 5238 2210 5304 Patre,
2262 5255 2310 5297 et
2358 5245 2581 5313 Spiritus
2625 5252 2832 5313 sanctus
2858 5258 2893 5313 ᾳ
2940 5240 3099 5294 Patre
3126 5248 3174 5293 et
3204 5240 3364 5313 Filio.
3396 5238 3530 5293 Cum

1962 5322 2139 5367 autem
2171 5309 2431 5367 Maximus
2473 5313 2558 5365 hic
2588 5320 2731 5363 totus
2760 5311 2829 5363 sit
2857 5311 2909 5363 in
2939 5309 3364 5364 commendando
3406 5324 3530 5361 nos-

1962 5392 2056 5452 tra:
2100 5383 2449 5451 reparationis
2498 5382 2771 5452 mysterio.
2815 5380 3015 5452 in_qno
3046 5388 3172 5435 totae
3203 5388 3309 5452 tres
3335 5377 3527 5452 divinas

1962 5447 2208 5505 Persona:
2236 5461 2469 5519 operam
2492 5447 2634 5511 sunt,
2664 5449 2797 5502 dixit
2828 5468 2839 5501 :
2869 5447 3088 5503 Invicem
3119 5466 3173 5501 se
3200 5450 3423 5519 mittunt,
3448 5447 3527 5498 itt-

1962 5522 2113 5573 ricem
2150 5521 2248 5574 sibi
2277 5517 2550 5582 abelliunt,
2579 5521 2696 5589 quia
2726 5536 2827 5573 non
2858 5531 2932 5573 cst
2962 5522 3013 5573 in
3054 5522 3125 5573 cis
3154 5527 3242 5570 aut
3272 5517 3411 5579 velle,
3442 5522 3528 5565 aut

1956 5606 2105 5653 posse
2133 5590 2406 5649 diversum,
2444 5598 2545 5642 etc.
