4054 6194
478 251 573 305 ῦῦὕ

1708 245 1764 298 S.
1807 235 2051 296 MAle
2091 235 2540 292 TAURINENSIS

3642 232 3743 287 656

476 355 661 411 inserit
687 355 956 421 sensibus,
985 368 1107 409 cum
1143 350 1388 408 Christus
1435 351 1757 420 prtenuntiat
1804 349 2064 418 Spiritum
2093 351 2142 407 Α
2170 344 2280 399 data
2311 345 2623 413 peregrinus
2661 344 2889 411 audiret,
2921 352 2974 400 et
3014 345 3093 400 vir
3120 344 3368 400 Galikeus
3401 357 3601 398 arcana
3625 346 3746 400 celi

478 455 760 501 venturum
784 459 905 499 esse
933 444 1000 498 de
1027 443 1187 510 ccelo,
1218 456 1271 496 ct
1294 455 1519 510 regnare
1549 439 1602 494 in
1621 440 1760 496 coelo
1787 438 2062 494 Christum

479 537 710 606 Spiritus
751 535 1062 590 attestatur!
1097 531 1226 599 Quis
1267 542 1445 586 autem
1493 530 1701 586 dubitet
1727 545 1914 584 vocem
1942 541 2064 582 esse

481 627 833 693 verissimam,
863 632 918 679 et
959 623 1076 692 ejus
1114 623 1204 691 qui
1236 622 1410 691 pergit
1447 621 1514 676 ad
1553 621 1769 684 cmlum,
1824 627 1879 674 et
1925 619 2066 674 illius

480 715 572 783 qui
601 716 748 769 venit
774 714 840 769 de
862 714 1038 769 caelo?
1072 713 1268 783 Repteti
1298 714 1477 780 itaque
1505 719 1630 766 sunt
1655 711 1815 766 hodie
1843 718 2063 779 aposto-

487 805 540 871 li,
573 812 630 858 ut
679 806 878 860 lectum
909 812 1011 866 est,
1065 803 1267 872 Spiritu
1315 812 1518 869 saneto,
1549 813 1598 856 et
1626 812 1883 872 eruperunt
1926 802 2068 873 loqui

489 897 645 949 uariis
671 895 884 965 linguis,
908 903 1058 964 prout
1089 894 1316 964 Spiritus
1343 893 1500 946 dabat
1527 893 1694 964 eloqui
1722 895 1796 946 eis
1824 894 1960 963 (Act.
1986 892 2063 959 ιι).

491 984 615 1038 lllos
637 985 884 1038 nimirum
913 984 1140 1053 replevit
1164 983 1414 1052 Spiritus,
1442 997 1670 1051 quorum
1691 982 1854 1036 corda
1880 981 2073 1036 adven-

492 1075 568 1128 tui
597 1074 714 1144 ejus
751 1075 968 1143 sanguis
1007 1084 1062 1128 et
1096 1073 1342 1128 doctrina
1379 1071 1577 1128 Christi
1622 1078 1960 1140 purgaverat.
2004 1069 2072 1124 Et

495 1165 609 1219 ha‘c
635 1165 806 1232 prima
835 1163 934 1216 fuit
957 1161 1186 1231 Spiritus
1208 1161 1541 1216 advenientis
1562 1161 1783 1225 utilitas,
1812 1169 1870 1214 ut
1897 1161 1949 1214 hi
1973 1160 2068 1214 viri

494 1254 586 1321 qui
635 1254 687 1306 in
725 1254 954 1308 salutem
996 1253 1365 1307 universarum
1403 1251 1644 1320 gentium
1675 1252 1836 1322 529
1863 1249 2080 1305 fuerant

495 1343 728 1397 ordinati
783 1358 1033 1397 sermone
1084 1343 1323 1396 omnium
1378 1341 1748 1411 loquerentur.
1796 1340 2074 1410 Tantaque

498 1430 763 1488 Paracleti
792 1433 960 1502 gratia
990 1431 1356 1501 apostolorum
1399 1439 1454 1486 et
1494 1431 1728 1500 linguam
1763 1430 1991 1500 replevit
2020 1435 2074 1484 et

499 1526 708 1590 pectus,
739 1528 795 1575 ut
824 1535 924 1576 nec
949 1521 1119 1576 virtus
1147 1519 1322 1576 verbis
1349 1535 1536 1575 eorum
1565 1520 1798 1587 deesset,
1829 1535 1929 1574 nec
1956 1535 2077 1573 ver-

501 1611 566 1665 ba
615 1611 815 1665 virtuti.
848 1610 1031 1681 Neque
1051 1627 1182 1667 sane
1208 1619 1292 1666 est
1319 1611 1462 1666 aliud
1491 1611 1544 1665 in
1584 1611 1777 1665 divinis
1806 1609 2077 1664 humanis-

2169 448 2276 488 non
2298 432 2472 488 solum
2520 432 2716 488 decore
2741 433 2912 490 Graeci
2945 434 3280 503 Romanique
3323 433 3610 498 sermonis,
3653 434 3748 490 sed

2168 521 2331 576 etiam
2359 521 2585 578 stridulo
2613 538 2905 585 murmure,
2937 525 3278 594 gementiquc
3305 533 3505 580 conatu
3532 525 3750 582 auribus

2168 612 2414 668 barbaris
2458 613 2806 683 loqueretur?
2845 613 2983 669 Olim
3025 629 3258 683 namque
3296 631 3418 672 cum
3446 615 3645 671 cmlum
3671 618 3753 672 ire

2170 703 2499 760 contendens
2529 711 2728 759 turrem
2756 705 2858 762 sibi
2887 714 3226 762 construeret
3242 706 3480 760 humana
3502 721 3755 775 praesum-

2173 795 2305 864 ptio,
2338 808 2442 850 nec
2466 804 2757 850 contumax
2782 797 3006 852 haberet
3031 806 3261 853 conatus
3296 799 3572 866 enectum,
3596 799 3754 854 unius

2173 889 2332 958 530
2358 888 2620 942 sermonis
2649 889 2998 956 consortium,
3047 889 3283 944 immissa
3322 890 3501 944 subito
3549 890 3754 958 lingua-

2172 993 2289 1032 rum
2316 977 2594 1043 varietate,
2619 979 2847 1034 divisum
2867 987 2968 1046 est,
2992 989 3052 1034 ut
3075 979 3203 1035 dum
3233 981 3372 1036 alter
3389 981 3620 1035 alterum
3648 995 3755 1036 non

2174 1066 2421 1134 intelligit
2445 1067 2866 1137 colloquentem,
2897 1069 3073 1124 omnis
3101 1069 3188 1122 illa
3218 1069 3466 1139 protinus
3504 1070 3754 1138 impieta-

2175 1158 2244 1214 tis
2289 1158 2492 1214 labrica
2537 1158 2856 1214 solveretur.
2899 1159 3052 1216 Nunc
3085 1175 3236 1226 vero,
3265 1161 3358 1216 ubi
3385 1161 3528 1216 Deus
3555 1159 3756 1214 homini

2175 1246 2245 1300 ad
2281 1247 2474 1302 omium
2505 1254 2661 1316 parat
2686 1263 2989 1316 ascensum,
3024 1248 3360 1318 praeconibus
3387 1256 3552 1304 tanta:
3576 1248 3757 1318 gratia:

2176 1344 2491 1393 cunctarum
2518 1337 2675 1392 datur
2697 1340 2888 1408 peritia
2918 1340 3238 1408 linguarum,
3272 1353 3340 1394 ne
3383 1337 3536 1407 cuius
3585 1339 3758 1406 gentis

2177 1426 2450 1481 hominem
2478 1433 2586 1480 tam
2615 1441 2868 1495 magnum
2897 1427 2991 1483 Dei
3016 1428 3186 1497 possit
3219 1427 3387 1484 latere
3413 1428 3758 1498 promissum.

2177 1515 2315 1570 sicut
2341 1523 2466 1570 ante
2493 1517 2658 1570 multa
2687 1517 2884 1572 szecula
2925 1518 3240 1587 prophetico
3267 1533 3518 1574 sermone
3555 1517 3758 1573 dictum

2179 1615 2263 1662 est
2294 1624 2307 1659 :
2340 1604 2466 1662 Non
2493 1615 2610 1661 sunt
2637 1607 2874 1677 loquelae,
2918 1623 3079 1678 neque
3105 1623 3388 1673 sermones,
3413 1624 3633 1678 quorum
3661 1625 3760 1662 non

499 1717 604 1771 que
628 1701 810 1770 rebus,
835 1703 976 1772 quod
996 1703 1070 1756 ita
1093 1703 1364 1756 hominem
1388 1701 1548 1756 faciat
1575 1701 1887 1769 gloriosum,
1915 1716 2076 1770 quam
2110 1709 2156 1770 Β
2181 1697 2460 1752 audiantur
2485 1714 2628 1753 voces
2657 1715 2833 1754 eorum
2863 1699 3033 1768 (Psal.
3060 1700 3228 1770 xvm).
3249 1699 3402 1755 Unde
3421 1701 3764 1756 manifestum

501 1792 671 1846 sancti
725 1792 986 1847 sermonis
1039 1791 1318 1861 perfectio,
1373 1798 1430 1846 et
1474 1791 1709 1846 caelestis
1755 1789 2079 1846 fortitudinis

503 1881 796 1951 plenitudo.
829 1875 1213 1950 Loquebantur
1240 1893 1369 1949 ergo
1394 1881 1623 1951 apostoli
1653 1895 1750 1950 per
1777 1896 1939 1934 unum
1965 1880 2081 1950 Spi-

505 1969 664 2022 ritum
709 1971 870 2026 variis
914 1969 1130 2038 linguis,
1161 1978 1220 2024 ut
1265 1970 1318 2023 in
1348 1984 1506 2022 unam
1536 1969 1734 2022 Christi
1766 1969 1920 2023 [idem
1950 1983 2080 2038 gen-

507 2059 638 2112 tium
689 2059 922 2113 varietas
972 2059 1305 2114 conveniret.
1360 2057 1508 2115 Unde
1565 2057 1785 2112 dubium
1841 2074 1949 2112 non
1998 2071 2082 2114 est

403 2221 416 2236 0
506 2156 746 2203 sanctum
769 2150 910 2204 hunc
931 2148 1186 2220 Spiritum
1208 2149 1375 2204 Deum
1401 2163 1519 2203 esse
1539 2163 1659 2202 cum
1687 2147 1846 2204 Patre
1870 2156 1926 2204 et
1945 2148 2080 2204 Filio

509 2237 744 2292 conﬁten
764 2239 870 2293 lum
918 2257 929 2292 :
965 2255 1087 2294 nam
1111 2240 1232 2308 quis
1261 2240 1373 2294 haec
1401 2239 1538 2292 alius
1566 2247 1770 2307 ageret,
1794 2239 1893 2293 nisi
1923 2238 2084 2305 Deus,

512 2337 568 2383 ut
608 2328 880 2388 Romanus
922 2332 1106 2395 homo,
1149 2329 1377 2386 Parthus
1415 2345 1648 2398 quoque,
1693 2338 1748 2385 et
1789 2329 1992 2396 Medus,
2033 2339 2089 2386 et

515 2415 790 2488 Phrygius,
822 2421 1105 2492 omnisque
1141 2421 1402 2477 barbarus
1432 2420 1666 2489 linguam
1703 2436 1854 2475 suam
1894 2421 1947 2475 in
1993 2418 2088 2474 Ju-

2183 1795 2284 1853 est,
2313 1787 2597 1856 carissimi,
2628 1788 3015 1858 omnipotentis
3043 1789 3138 1844 Dei
3177 1790 3390 1856 Filium,
3423 1791 3516 1860 qui
3547 1791 3764 1845 univer-

2183 1893 2363 1932 sarum
2385 1879 2609 1934 veritate
2636 1880 2933 1948 linguarum
2962 1888 3178 1936 teter-nae
3205 1881 3393 1936 salutis
3421 1881 3594 1936 voluit
3619 1896 3766 1951 mys-

2188 1968 2378 2023 terium
2407 1969 2708 2038 przedicari,
2749 1985 2856 2024 non
2897 1972 3055 2027 unius
3093 1980 3304 2026 tantum
3344 1970 3512 2027 Judaei
3558 1972 3767 2041 populi,

2187 2059 2283 2113 sed
2311 2059 2549 2113 omnium
2578 2060 2788 2114 venisse
2808 2060 3082 2115 hominum
3105 2061 3518 2131 redemptorem.
3541 2059 3610 2114 Et
3629 2059 3768 2124 ideo,

2191 2147 2403 2216 fratres,
2433 2149 2558 2218 quia
2590 2149 2802 2204 bonitas
2825 2149 3024 2206 Christi
3055 2151 3256 2205 nullum
3282 2151 3399 2206 vult
3417 2150 3600 2220 perire
3627 2165 3772 2204 mor-

2190 2245 2399 2313 talium,
2419 2246 2486 2300 ab
2512 2247 2657 2300 omni
2687 2261 2787 2300 nos
2807 2245 3135 2316 impudicitia
3157 2252 3212 2300 et
3241 2245 3522 2315 iniquitate
3543 2243 3773 2298 munde-

2191 2351 2331 2400 mur,
2363 2343 2422 2390 ut
2453 2335 2507 2390 in
2536 2334 2860 2404 adjutorium
2884 2335 3004 2390 vitae
3032 2343 3228 2390 nostra:
3254 2350 3470 2405 quoque
3495 2333 3772 2402 benignis~

2194 2427 2361 2482 simus
2384 2427 2481 2483 Dei
2510 2425 2742 2497 Spiritus
2769 2427 2928 2483 corda
2958 2427 3260 2484 illuminare
3286 2427 3560 2498 dignetur,
3589 2434 3693 2483 etc.

1937 2530 2204 2596 SERMO
2249 2535 2347 2597 ιι.

1855 2627 1936 2682 De
1973 2628 2280 2686 Pentecoste
2317 2631 2422 2687 IV.

1951 2717 2343 2776 ADMONITIO.

583 2811 699 2888 Non
728 2811 899 2888 solum
928 2812 981 2866 in
1009 2811 1194 2888 codice
1222 2806 1692 2888 Ambrqsianohic
1715 2812 2032 2888 q_ti_aI_-t_u_s_de
2064 2813 2399 2881 Pentecoste,
2431 2826 2486 2872 et
2513 2818 2730 2888 quintus
2757 2817 2848 2887 qui
2877 2818 3134 2887 sequitur.
3165 2817 3262 2874 sed
3301 2819 3462 2874 etiam
3504 2818 3558 2873 in
3589 2816 3776 2872 Tauri~

515 2881 688 2946 uensi,
722 2880 796 2935 De
824 2881 1128 2936 Pentecoste
1155 2883 1369 2936 homilia
1395 2881 1605 2936 XVIII
1632 2891 1680 2934 et
1708 2881 1914 2935 XXIII
1943 2883 2206 2951 leguntur.

518 2996 904 3064 Ancum-mrum.
929 3025 998 3036 —
1023 2993 1134 3048 Etsi
1166 2993 1429 3064 Unigeniti
1457 2991 1555 3046 Dei
1581 3001 1631 3046 et
1662 2993 1888 3064 Spiritus
1926 2996 2096 3048 sancti

585 3062 833 3133 beneﬁcia
867 3064 1108 3118 distincta
1153 3062 1546 3128 esse—ridemus,
1591 3063 1770 3116 eadem
1810 3073 1979 3116 tamen
2019 3073 2097 3118 est

586 3135 846 3204 utriusque
874 3137 1128 3204 voluntas,
1157 3149 1315 3204 unum
1355 3134 1670 3204 propositum
1700 3149 1954 3204 unumque
1976 3149 2100 3204 eon—

585 3201 776 3266 silium,
810 3213 864 3256 ut
893 3201 1127 3256 Christus
1157 3201 1406 3272 Spiritum
1438 3201 1760 3270 repromittat
1788 3201 2096 3272 hominibus,

587 3282 635 3325 et
677 3273 903 3340 Spiritus
950 3270 1222 3326 annuntiet
1263 3270 1559 3334 Christum,
1608 3273 1748 3339 ipsos
1796 3271 2100 3325 Paracletus

588 3343 808 3414 illustrat
835 3359 960 3413 quos
989 3341 1230 3396 Salvator
1257 3341 1426 3414 elegit.
1461 3341 1648 3396 Divina
1668 3358 1790 3413 ergo
1809 3342 1948 3395 cultu
1968 3342 2100 3396 hunc

591 3413 844 3482 Spiritum
873 3428 1188 3466 veneremur.

591 3546 798 3612 Quanta
846 3561 944 3615 pro
990 3545 1162 3600 salute
1210 3544 1538 3607 mortalium,
1583 3543 1776 3598 fratres
1819 3543 2102 3612 carissimi,

524 3638 877 3709 onmipotenti
907 3655 1034 3694 cura
1079 3639 1149 3694 sit
1189 3639 1322 3707 Deo,
1353 3654 1528 3709 quove
1556 3638 1884 3708 dignationis
1911 3638 2107 3695 aﬂ'ectu

526 3729 758 3799 pericula
801 3729 1084 3783 miseratus
1129 3729 1397 3796 humana,
1437 3728 1757 3784 diabolicam
1798 3727 2107 3784 vacuaverit

527 3827 866 3889 potestatem,
899 3819 1023 3873 hinc
1066 3819 1373 3887 plenissime
1399 3826 1454 3872 ct
1481 3820 1596 3874 sine
1623 3819 1784 3874 dubio
1826 3835 2109 3888 possumus

528 3912 810 3973 mstimare,
831 3909 973 3976 quod
994 3917 1047 3962 et
1068 3909 1185 3962 Filii
1205 3909 1282 3962 sui
1308 3911 1564 3977 sanguine
1585 3909 1652 3962 ad
1672 3909 1829 3963 fidem
1850 3925 1948 3964 nos
1969 3909 2108 3964 veri-

530 3998 652 4050 tatis
694 3997 934 4062 attraxit,
963 4003 1016 4049 et
1045 3995 1274 4064 Spiritus
1301 3997 1472 4050 sancti
1501 3997 1806 4053 visitatione
1831 4013 2106 4064 concessa,

533 4084 864 4139 credentium
901 4086 1060 4140 corda
1106 4083 1414 4141 lirmaverit.
1459 4087 1701 4143 Christus
1736 4089 1879 4144 enim
1916 4105 2015 4145 nos
2043 4091 2110 4144 ad

535 4177 693 4230 vitam
722 4176 968 4242 redemit,
999 4177 1156 4247 erigit
1183 4177 1251 4232 ad
1279 4178 1553 4245 virtutem,
1594 4188 1655 4235 ut
1693 4181 1919 4248 gratiam
1949 4197 2110 4250 quam

533 4266 668 4321 Filio
698 4267 946 4340 tradente
973 4269 1326 4339 suscepimus,
1354 4268 1555 4340 Spiritu
1578 4270 1910 4325 custodiente
1929 4284 2114 4324 serve-

531 4373 670 4412 mus.
707 4358 961 4415 Videmus
997 4359 1233 4429 quidem,
1275 4360 1557 4427 carissimi,
1610 4359 1873 4427 Unigeniti
1919 4359 2014 4414 Dei
2057 4368 2114 4414 et

529 4449 760 4519 Spiritus
787 4451 957 4505 sancti
997 4451 1096 4504 sub
1130 4450 1530 4519 dispensatione
1575 4451 1815 4520 mysterii
1851 4449 2112 4505 beneﬁcia

527 4554 654 4595 esse
698 4540 967 4604 distincta,
1015 4539 1112 4594 sed
1157 4540 1399 4594 eamdem
1443 4541 1495 4593 in
1529 4549 1755 4608 utroque
1781 4541 2112 4594 voluntatem

2200 2999 2446 3063 ueritatis,
2477 3000 2563 3069 qui
2591 3017 2623 3054 a
2652 2998 2815 3053 Patre
2852 3015 2964 3053 meo
3003 2999 3252 3070 procedit,
3292 3001 3380 3054 ille
3423 2998 3692 3054 testabitur
3721 3000 3782 3052 de

2201 3103 2281 3141 me
2312 3087 2492 3154 (Joan.
2523 3091 2633 3160 xv).
2663 3089 2897 3145 Alternis
2927 3090 3175 3144 nimirum
3202 3105 3261 3145 se
3290 3090 3516 3145 invicem
3536 3091 3783 3145 testimo-

2204 3178 2306 3232 niis
2334 3180 2645 3248 praedicant,
2672 3181 2764 3249 qui
2793 3170 3078 3236 indiscreta
3111 3197 3169 3236 se
3208 3190 3472 3236 noverunt
3500 3181 3805 3250 majestate-

2127 3308 2172 3369 Ο
2202 3283 2446 3338 regnare.
2480 3272 2741 3342 Denique,
2771 3281 2831 3326 ut
2857 3271 3190 3328 manifestius
3222 3288 3612 3342 cognoscamus
3643 3273 3788 3328 nulla

2204 3378 2300 3417 eos
2329 3364 2540 3433 penitus
2567 3365 2829 3419 divisione
2863 3364 3154 3434 sejunctos,
3189 3367 3332 3435 ipsos
3365 3362 3680 3419 Paracletus
3713 3365 3791 3418 vi-

2203 3456 2332 3510 sitat
2367 3463 2424 3511 et
2463 3456 2711 3522 illustrat,
2743 3471 2880 3525 quos
2920 3457 3190 3528 mysteriis
3223 3457 3334 3512 suis
3363 3457 3519 3528 531
3563 3455 3792 3510 idoneos

2205 3544 2452 3600 Salvator
2479 3547 2659 3614 elegit.
2700 3545 2804 3601 Pro
2843 3547 2990 3602 omni
3031 3546 3244 3616 quidem
3277 3547 3557 3601 hominum
3593 3558 3794 3613 genere

2206 3635 2464 3691 Dominus
2502 3634 2658 3691 Iesus
2692 3635 2950 3706 pependit
2987 3636 3039 3691 in
3073 3651 3251 3701 cruce,
3283 3635 3376 3691 sed
3400 3650 3509 3690 non
3537 3635 3794 3689 omnibus

2208 3728 2324 3797 ejus
2352 3727 2613 3782 illuxisset
2642 3726 3006 3795 Evangelium,
3032 3726 3131 3780 nisi
3163 3726 3394 3797 Spiritus
3421 3724 3596 3781 sancti
3621 3723 3793 3791 dono,

2208 3821 2333 3875 dum
2370 3820 2628 3890 apostolis
2655 3820 2921 3874 variarum
2951 3819 3250 3887 linguarum
3277 3817 3555 3873 scientiam
3584 3815 3794 3883 tribuit,

2212 3910 2486 3966 Dominica
2524 3910 2702 3980 passio
2743 3909 2809 3963 ad
2855 3909 3223 3964 universarum
3263 3909 3500 3977 gentium
3542 3906 3796 3961 notitiam

2210 3999 2559 4070 pervenisset.
2615 3998 2796 4052 Parthi
2840 3998 2984 4053 enim
3029 4005 3085 4052 et
3129 3997 3285 4061 Medi,
3316 3997 3403 4051 vel
3445 3994 3713 4061 Elamitaa,
3743 4001 3797 4048 et

2212 4099 2441 4152 aeterm,
2470 4090 2609 4144 sicut
2636 4089 2833 4144 lectum
2862 4096 2962 4155 est,
2994 4089 3241 4144 nationes
3264 4087 3496 4158 propriis
3532 4085 3674 4155 apud
3705 4083 3796 4139 Ju-

2211 4183 2380 4237 d:cam
2431 4181 2654 4236 audiunt
2691 4180 2885 4249 linguis
2927 4179 3022 4234 Dei
3071 4178 3367 4247 magnalia,
3417 4185 3473 4232 et
3517 4176 3642 4231 vita:
3683 4191 3797 4230 stne

2213 4271 2447 4327 remedia
2476 4270 2772 4341 prmdicari.
2813 4270 2945 4336 Quis
2974 4271 3132 4339 igitur
3158 4271 3293 4336 haec,
3334 4269 3432 4324 nisi
3461 4282 3588 4322 vere
3616 4268 3798 4322 omni-

2215 4370 2405 4432 potens
2425 4361 2586 4428 Deus,
2611 4360 2833 4429 implere
2862 4361 3144 4430 potuisset,
3179 4366 3237 4412 ut
3272 4358 3396 4412 ferae
3434 4365 3644 4412 mentes
3665 4357 3798 4412 reli-

2214 4451 2417 4520 giosam
2439 4450 2710 4505 discerent
2735 4450 3095 4513 sanctitatem,
3116 4456 3171 4503 et
3197 4448 3470 4504 caelestem
3500 4447 3801 4515 susciperet

2217 4542 2473 4598 barbarus
2499 4558 2678 4598 sermo
2703 4543 3038 4599 doctrinam?
3071 4543 3230 4614 532
3278 4541 3468 4596 Divino
3511 4554 3661 4610 ergo,
3695 4539 3802 4592 fra-

535 4639 696 4700 atquc
724 4646 888 4684 unum
917 4629 1130 4699 pietatis
1162 4629 1487 4686 advertimus
1515 4639 1928 4685 sacramentum.
1959 4629 2116 4685 Chri-
2143 4663 2191 4723 D
2218 4639 2346 4696 tres,
2377 4633 2523 4688 cultu
2550 4648 2869 4688 veneremur
2902 4633 3047 4688 hunc
3080 4632 3359 4702 Spiritum,
3393 4631 3480 4686 cui
3520 4630 3679 4700 plena
3711 4644 3800 4684 re-

536 4729 650 4774 stus
691 4735 922 4789 namque
952 4731 1059 4790 ‘pro
1101 4719 1273 4774 salute
1307 4727 1491 4775 nostra
1530 4719 1598 4776 de
1630 4719 1825 4775 femina
1853 4721 2108 4788 nascitur,

537 4813 632 4866 sed
661 4814 931 4868 hominem
962 4813 1135 4882 ipsum
1178 4809 1408 4881 Spiritus
1433 4820 1754 4881 cooperatur
1791 4813 1842 4867 in
1873 4813 2110 4881 Virgine,

531 4904 677 4957 sicut
697 4905 898 4959 dictum
924 4913 1006 4959 est
1031 4902 1099 4957 ad
1126 4902 1337 4958 beatam
1361 4903 1582 4957 Mariam
1617 4922 1628 4956 :
1661 4904 1886 4974 Spiritus
1907 4913 2114 4957 sanctus

536 4997 851 5060 superueniet
887 4997 938 5048 in
968 5002 1037 5062 te,
1071 5003 1121 5048 et
1165 4995 1324 5047 virtus
1365 4994 1616 5048 Allissimi
1663 4993 1982 5048 obumbrabit
2027 4993 2116 5047 tibi

541 5080 692 5150 (Luc.
722 5083 780 5152 l).
804 5083 1112 5152 Baptizatur
1138 5087 1301 5140 etiam
1322 5101 1422 5155 pro
1448 5085 1602 5140 nobis
1626 5086 1677 5138 in
1702 5083 1934 5139 Jordane
1953 5084 2118 5139 Filius

543 5173 665 5238 Dei,
699 5173 791 5227 sed
823 5173 889 5227 ad
919 5176 1318 5244 glorificandum
1347 5177 1462 5246 ejus
1497 5177 1838 5247 baptismum,
1870 5175 2026 5230 adest
2050 5177 2120 5230 de

540 5264 694 5319 cmlis
720 5263 949 5333 Spiritus
973 5277 1187 5323 sanctus
1209 5269 1260 5322 in
1288 5269 1554 5324 columba.
1578 5266 1758 5336 Usque
1783 5263 1918 5320 adeo
1938 5272 2119 5320 autem

542 5370 706 5409 unum
741 5364 820 5410 est
855 5357 958 5411 illis
987 5364 1320 5434 propositum
1345 5375 1616 5428 unumque
1654 5357 1954 5419 consilium,
1979 5363 2038 5408 ut
2064 5363 2121 5409 et

541 5443 787 5500 Christus
813 5447 1071 5518 Spiritum
1102 5449 1437 5516 repromittat
1459 5449 1780 5512 hominibus,
1805 5454 1859 5502 et
1887 5445 2119 5516 Spiritus

544 5538 826 5591 annunliet
861 5537 1165 5606 Christum,
1207 5538 1417 5593 dicente
1465 5539 1690 5594 Domino
1724 5537 1886 5592 :Cum
1928 5536 2118 5591 venerit

541 5623 864 5695 l’aruclitus,
907 5645 1052 5701 quem
1089 5645 1181 5700 ego
1222 5630 1365 5682 mitto
1407 5631 1543 5683 robis
1589 5647 1618 5680 α
1667 5630 1822 5683 Putre
1863 5629 2111 5699 Spiritum

2219 4724 2506 4794 generandi
2533 4726 2720 4789 virtus,
2751 4734 2805 4779 et
2835 4733 3052 4793 peccata
3093 4724 3398 4778 remittendi
3426 4729 3667 4793 potestas
3695 4729 3800 4783 est,

2218 4815 2356 4871 sicut
2385 4815 2596 4870 instruit
2625 4815 2881 4870 Dominus
2921 4814 3212 4885 discipulos
3257 4829 3402 4878 suos,
3433 4813 3616 4868 dicens
3647 4830 3660 4865 :
3698 4811 3801 4877 Ite,

2221 4905 2398 4958 docete
2419 4921 2593 4958 omnes
2615 4915 2809 4976 gentes,
2834 4904 3157 4976 baptizantes
3179 4921 3270 4957 eas
3299 4904 3354 4957 in
3385 4905 3592 4957 nomine
3620 4901 3803 4955 Patris

2221 5007 2270 5051 et
2307 4995 2454 5060 Filii,
2493 5007 2540 5049 et
2583 4996 2810 5066 Spiritus
2855 4999 3023 5050 sancti
3073 4994 3287 5066 (Matth.
3336 4995 3514 5064 xvm);
3545 5001 3604 5048 et
3633 4992 3801 5047 alibi:

2219 5086 2448 5156 Accipite
2491 5087 2747 5156 Spiritum
2782 5095 3055 5141 sanctum:
3087 5103 3301 5157 quorum
3341 5085 3646 5140 remiseritis
3683 5099 3802 5153 pec-

2219 5185 2356 5242 cata,
2381 5177 2598 5230 remissa
2619 5186 2754 5242 sunt,
2780 5185 2829 5229 et
2849 5192 3066 5247 quorum
3089 5177 3422 5239 retinueritis,
3450 5175 3662 5228 detenta
3685 5182 3805 5226 sunt

2223 5267 2402 5338 (Joan.
2444 5268 2558 5338 xx).
2600 5266 2732 5334 Quis
2778 5267 2938 5338 igitur
2973 5274 3082 5320 tam
3124 5266 3347 5321 demens
3387 5266 3532 5320 hunc
3568 5263 3805 5332 ambigat

2223 5373 2343 5414 esse
2371 5359 2558 5424 Deum,
2589 5359 2674 5413 cui
2707 5373 2827 5414 cum
2855 5357 3015 5412 Patre
3041 5365 3097 5412 et
3130 5356 3265 5412 Filio
3293 5355 3664 5426 inseparabilis
3690 5354 3802 5424 glo-

2223 5449 2301 5502 ria
2347 5456 2404 5503 et
2447 5462 2645 5503 nomen
2687 5455 2772 5503 est
2807 5447 3112 5516 indivisum,
3142 5448 3233 5518 qui
3261 5446 3631 5502 dominatione
3654 5460 3804 5500 com-

2224 5538 2370 5591 muni
2409 5546 2463 5592 et
2501 5537 2772 5608 peccantis
2816 5538 3120 5607 superbiam
3149 5539 3320 5609 punit,
3355 5545 3412 5592 ct
3450 5536 3801 5592 humilitatem

2222 5626 2523 5684 conﬁtentis
2553 5628 2796 5695 absolvit,
2830 5637 2932 5684 etc.
