4054 6194
192 268 296 324 6'37

1627 269 1858 327 SERMO
1897 270 2024 327 Llll.

3362 271 3467 328 638

1606 383 1874 445 SERMO
1918 384 2045 444 Lll.

1572 482 1646 537 De
1686 483 1986 538 Pentecoste
2030 482 2092 536 V.

193 597 588 668 Ancuueuruu.
612 619 684 668 —_-
706 586 1327 668 Spiritmqu-acletum,
1352 590 1438 650 qui
1465 588 1659 668 Filium
1811 596 1856 651 Α
1888 592 2120 655 dilectus,
2152 593 2204 645 in
2237 608 2335 663 quo
2369 590 2494 647 bene
2525 595 2813 663 complacui
2856 594 3065 666 (Matth.
3113 596 3262 667 xvu).
3294 598 3470 668 Atque

266 678 361 729 pro
404 659 751 729 redemmt'one
790 658 967 729 mundi
1004 666 1271 729 venturum
1316 660 1624 729 repromisit,
1672 661 1782 729 ipse

268 724 585 797 Redemptor
602 745 647 797 κα
680 727 838 780 Patre
879 724 1179 797 mittendum
1221 724 1487 795 discipulis
1528 731 1632 781 suis
1679 724 1780 779 an-

268 794 544 851 nuntiarit.
589 796 939 866 Personarum
969 804 1041 848 est
1076 794 1359 866 indiscreta
1393 798 1657 866 majestas,
1692 797 1784 849 sed

268 869 515 921 distincta
545 867 852 936 proprietas.
879 864 1035 936 Quis,
1074 864 1178 936 nisi
1215 866 1346 936 forte
1373 864 1558 936 impius
1587 866 1785 920 lucreti-

267 954 357 991 αις
392 944 482 1058 οὔ(
516 930 746 1004 perﬁdus
781 935 1013 1001 Judazus,
1050 930 1241 997 dubitet
1273 930 1523 1005 Spiritum
1549 944 1784 990 sanctum

271 1023 387 1058 esse
462 1020 598 1058 eum.

271 1023 387 1061 €888
410 1020 598 1059 ueum.

268 1121 353 1174 Ab
375 1119 527 1173 initio
549 1118 886 1181 saeculorum,
916 1117 1108 1174 fratres
1135 1118 1415 1183 carissimi,
1441 1133 1539 1188 per
1557 1118 1783 1188 patriar-

192 1211 327 1265 cllas
356 1224 419 1263 ac
446 1207 736 1278 prophetas
759 1207 951 1261 Filium
974 1208 1069 1262 Dei
1091 1223 1190 1277 pro
1211 1208 1395 1263 mundi
1414 1208 1786 1277 redemptione

194 1307 487 1353 venturum
533 1304 749 1353 sanctus
795 1296 949 1352 nobis
998 1297 1228 1367 Spiritus
1270 1299 1579 1368 repromisit
1618 1317 1630 1351 :
1674 1300 1788 1368 ipse

195 1391 347 1443 enim
378 1389 526 1443 illum
566 1395 815 1457 suscepta
856 1389 979 1442 novi
1021 1389 1251 1444 hominis
1290 1403 1452 1443 carne
1475 1388 1541 1443 de
1569 1389 1788 1459 Virgine

198 1480 557 1542 nasciturum,
600 1476 820 1545 injurias
865 1478 931 1532 ab
979 1478 1174 1549 impiis,
1225 1480 1421 1549 probra
1466 1495 1788 1549 crucemque

197 1583 521 1638 passurum,
574 1568 1018 1622 resurrectionem
1073 1583 1290 1638 quoque
1332 1569 1449 1639 ejus
1491 1571 1559 1624 ab
1606 1569 1789 1625 iulem's

196 1668 329 1715 ante
376 1660 543 1713 multa
589 1675 851 1714 annorum
896 1660 1061 1715 millia
1106 1662 1466 1731 prophetavit.
1495 1660 1613 1727 Quo
1641 1676 1790 1716 com-

197 1752 369 1821 pleto,
402 1766 501 1821 per
528 1750 813 1805 Dominum
847 1760 1090 1807 nostrum
1127 1751 1309 1808 Iesum
1338 1751 1628 1817 Christum,
1660 1768 1787 1823 per-

193 1844 455 1912 fectoque
496 1842 770 1913 mysterio,
809 1844 1175 1913 apostolorum
1215 1844 1331 1913 ejus
1369 1846 1533 1901 corda
1565 1845 1788 1901 miriﬁco

194 1932 501 2000 majestatis
529 1947 637 1985 sua:
666 1932 983 1987 illuminavit
1009 1934 1260 1998 adventu,
1292 1947 1351 1988 ut
1387 1934 1538 2003 cujus
1565 1935 1782 1989 humili-

87 2082 95 2091 .
193 2032 365 2077 tatem
387 2023 539 2091 prius
559 2023 968 2093 passionemque
988 2025 1278 2094 cecinerat,
1299 2042 1442 2081 nunc
1462 2026 1788 2095 triumphato
1825 2014 1866 2072 Β

193 2114 419 2169 diabolo
444 2122 500 2168 et
519 2122 692 2169 morte
720 2114 949 2180 devicta,
980 2122 1236 2171 aetemam
1256 2118 1405 2186 regni
1427 2118 1542 2186 ejus
1565 2117 1788 2187 gloriam

192 2204 540 2274 prmdicaret.
567 2203 736 2272 Quem
767 2214 943 2260 tamen
966 2205 1302 2262 Paracletum
1330 2209 1443 2278 ipse
1464 2209 1793 2281 Redemptor

192 2302 387 2349 noster
414 2302 542 2348 ante
570 2310 676 2348 non
706 2295 899 2349 multos
926 2296 1040 2351 dies
1062 2304 1346 2352 venturum
1376 2312 1495 2353 esse
1520 2299 1587 2353 de
1615 2300 1786 2366 oculis,

193 2392 247 2437 et
276 2398 310 2437 a
342 2381 510 2437 Patre
536 2383 851 2438 mittendum
881 2386 1216 2441 annuntiavit
1234 2387 1507 2457 discipulis
1533 2388 1663 2443 suis.
1695 2389 1791 2445 At—

194 2490 301 2545 que
334 2476 411 2528 ita
442 2476 518 2539 ﬁt,
547 2481 604 2527 ut
631 2474 755 2529 dum
784 2475 1014 2545 Spiritus
1038 2477 1306 2532 Christum
1331 2478 1664 2549 unigenitum
1694 2479 1791 2536 Dei

194 2561 378 2617 Patris
415 2564 724 2633 prophetat,
752 2570 808 2617 et
834 2564 959 2618 dum
986 2564 1231 2620 Christus
1257 2580 1289 2620 a
1317 2565 1480 2621 Patre
1508 2575 1792 2624 venturum

192 2654 467 2723 Spiritum
509 2654 854 2723 repromittit,
892 2660 1183 2725 mutuaque
1212 2655 1441 2712 invicem
1479 2672 1537 2713 se
1565 2665 1790 2715 attesta-

191 2747 349 2804 tione
390 2745 753 2817 praenuntiant
792 2760 960 2800 unum
989 2760 1126 2810 esse,
1159 2761 1324 2801 unum
1352 2747 1512 2811 velle,
1543 2757 1600 2804 et
1628 2764 1791 2805 unum

194 2853 423 2908 semper
451 2850 610 2907 posse
637 2835 944 2892 credantur.
992 2834 1090 2891 llic
1118 2842 1218 2903 est,
1249 2836 1532 2902 carissimi,
1564 2837 1795 2908 Spiritus

194 2940 426 2984 sanctus
466 2928 557 2996 qui
602 2927 906 2983 secretioris
951 2928 1267 2997 operatione
1311 2930 1552 2999 mysterii
1584 2939 1794 2987 uterum

196 3021 445 3090 Virginis
471 3020 674 3075 caelesti
714 3018 1039 3075 fecunditate
1066 3020 1273 3075 ditavit.
1320 3020 1417 3077 llic
1444 3030 1528 3077 est
1565 3022 1796 3093 Spiritus

197 3112 287 3180 qui
318 3111 587 3179 baptisma
614 3108 811 3166 Christi
838 3111 1049 3166 Domini
1076 3112 1267 3178 nostri,
1300 3113 1354 3168 in
1384 3114 1563 3183 specie
1591 3115 1797 3170 colum-

200 3205 281 3258 ba:
324 3204 474 3258 visus
501 3204 717 3272 quidem
744 3218 776 3257 a
802 3203 1026 3271 Joanne,
1058 3205 1154 3261 sed
1190 3206 1381 3261 tacitus
1413 3206 1668 3273 visitavit,
1696 3222 1799 3262 nec

200 3310 361 3349 suam
413 3294 639 3349 credidit
685 3296 1045 3351 necessariam
1072 3310 1280 3362 vocem,
1316 3305 1441 3351 tunc
1479 3312 1599 3351 cum
1637 3295 1799 3351 Pater

1885 681 1997 735 hmo
2024 681 2221 735 idcirco
2243 690 2548 735 sanctarum
2577 681 2977 753 Scripturarum
3000 686 3319 740 testimoniis
3339 687 3471 743 cdo-

1883 786 2085 836 cemur,
2119 780 2173 825 et
2200 787 2553 841 personarum
2575 774 2731 827 nobis
2760 775 3043 831 indiscreta
3066 776 3281 845 quidem
3307 780 3469 847 maje-

1882 871 2014 929 stas,
2041 863 2133 917 sed
2157 863 2407 918 distincta
2426 864 2726 933 proprietas
2746 867 3030 921 reveletur.
3056 868 3186 921 Nam
3210 878 3468 937 quantum

1886 953 1954 1007 ad
1986 954 2211 1007 Deitatis
2240 954 2476 1022 pertinet
2514 955 2794 1019 unitatem,
2838 957 2891 1010 in
2919 956 3097 1011 Verbo
3126 957 3299 1015 Patris
3335 974 3468 1013 cou-

1883 1060 2073 1099 sensus
2105 1053 2187 1099 est
2215 1044 2461 1115 Spiritus,
2495 1053 2550 1100 et
2593 1046 2647 1100 in
2684 1062 2932 1103 sermone
2964 1048 3193 1118 Spiritus
3219 1050 3470 1105 voluntas

1883 1142 1967 1188 est
1992 1133 2185 1189 Patris.
2210 1133 2339 1200 Quis
2361 1136 2503 1189 enim
2525 1135 2780 1206 Spiritum
2808 1145 3070 1204 sanctum,
3092 1139 3195 1192 nisi
3222 1137 3358 1193 forte
3379 1148 3471 1194 aut

1887 1223 2079 1293 impius
2121 1224 2423 1290 luereticus,
2457 1232 2549 1278 aut
2577 1226 2811 1293 perﬁdus
2853 1226 3086 1291 Iudaeus,
3117 1228 3324 1282 dubitet
3352 1244 3471 1283 esse

1886 1311 2074 1375 Deum,
2106 1314 2223 1368 sine
2249 1329 2356 1382 quo
2385 1330 2485 1370 nec
2509 1315 2846 1384 baptismatis
2868 1316 3144 1387 perﬁcitur
3165 1334 3471 1372 sacramen-

1886 1411 2021 1469 tum,
2053 1419 2153 1458 nec
2180 1405 2426 1458 remissio
2454 1405 2705 1459 tribuitur
2731 1407 3114 1475 peccatorum?
3152 1406 3282 1472 Quis
3325 1406 3471 1461 illum

1888 1492 1958 1545 ila
2000 1498 2221 1547 demens
2262 1494 2493 1562 abnegat
2538 1493 2726 1559 Deum,
2776 1495 2828 1549 in
2867 1511 3027 1565 quem
3073 1496 3474 1565 blasphemasse

1888 1583 1961 1636 ita
1991 1592 2071 1637 est
2116 1584 2338 1653 impium
2370 1592 2531 1653 atque
2565 1585 2922 1649 mortiferum,
2954 1594 3014 1639 ut
3052 1586 3475 1655 blasphemantis

1885 1682 2166 1745 peccatum
2196 1676 2337 1729 nulla
2370 1676 2522 1729 venia
2553 1676 2928 1744 subsequatur,
2954 1677 3335 1745 pronuntiante
3356 1675 3475 1731 Sal-

1887 1772 2075 1820 vatore
2105 1773 2289 1819 nostro
2318 1780 2382 1819 ac
2417 1766 2629 1820 dicente
2656 1783 2668 1817 :
2695 1764 2798 1829 Qui
2827 1765 3018 1818 dixerit
3045 1764 3250 1819 verbum
3289 1767 3344 1818 in
3382 1764 3476 1819 Εἰς

1892 1856 2016 1908 lium
2058 1856 2299 1919 hominis,
2344 1858 2626 1909 remittetur
2666 1857 2741 1921 ei;
2785 1857 2869 1921 qui
2909 1862 3076 1909 autem
3117 1855 3172 1907 in
3222 1854 3476 1925 Spiritum

1893 1954 2145 2007 sanctum,
2179 1962 2281 1999 non
2310 1947 2594 2000 remittetur
2621 1948 2667 1999 ei
2697 1962 2856 2016 neque
2882 1946 2937 1997 in
2964 1945 3058 2000 hoc
3086 1944 3293 2009 swculo,
3319 1960 3478 2015 neque

1892 2036 1946 2088 in
1974 2036 2145 2105 futuro
2171 2033 2384 2106 (Matth.
2417 2036 2534 2103 xu).
2575 2035 2694 2101 Hic,
2726 2036 2962 2103 inquam,
2992 2034 3222 2104 Spiritus
3259 2041 3479 2089 sanctus

1890 2123 2188 2195 procedens
2227 2139 2258 2178 a
2298 2123 2474 2185 Patre,
2508 2125 2802 2193 promissus
2848 2140 2879 2178 a
2924 2124 3076 2188 Filio,
3109 2124 3250 2177 dona
3292 2123 3479 2191 glorize

1891 2230 1999 2269 sua:
2026 2215 2079 2267 iu
2108 2212 2384 2282 apostolos
2423 2213 2622 2267 Christi
2664 2224 2748 2268 est
2791 2214 3039 2283 dignatus
3074 2211 3373 2280 infundere,
3404 2212 3478 2267 ita

1891 2312 1952 2358 ut
1977 2304 2257 2374 passiones
2284 2318 2615 2372 regnumque
2657 2302 2774 2371 ejus
2810 2303 3047 2358 omnium
3092 2302 3329 2372 gentium
3358 2316 3477 2355 ser-

1891 2410 2053 2448 mone
2081 2394 2447 2461 loquerentur.
2496 2392 2609 2447 llac
2636 2392 2879 2463 profecto
2911 2392 3240 2460 dignatione,
3264 2399 3325 2446 ut
3352 2390 3477 2459 quia

1895 2497 2054 2538 omne
2082 2481 2357 2536 hominum
2380 2496 2551 2550 genus
2579 2482 2872 2536 vocabatur
2898 2481 2965 2535 ad
2987 2482 3172 2546 vitam,
3203 2481 3480 2550 dispensa-

1892 2572 2098 2626 tionem
2127 2571 2500 2641 mysteriorum
2534 2570 2626 2625 Dei
2652 2578 2797 2625 totus
2831 2570 3028 2639 ubique
3056 2570 3288 2624 mundus
3325 2570 3481 2624 audi-

1893 2670 1997 2718 ret.
2028 2662 2225 2728 Quanti
2247 2662 2396 2729 illud,
2418 2663 2628 2728 fratres,
2655 2663 2899 2717 miraculi
2919 2661 3035 2729 fuit,
3060 2661 3206 2731 quod
3225 2660 3483 2717 Hebraeus

1894 2753 2058 2808 homo
2086 2752 2264 2808 subito
2295 2768 2582 2830 erumpens
2611 2754 2664 2807 in
2694 2753 2855 2808 verba
2889 2768 2997 2807 non
3029 2767 3126 2806 sua
3160 2751 3227 2806 de
3254 2766 3481 2821 magna-

1897 2844 2037 2899 libus
2078 2844 2174 2898 Dei
2220 2844 2519 2900 instruebat
2564 2842 2828 2911 Griecum,
2878 2845 3105 2899 docebat
3158 2843 3481 2908 Romanum,

1902 2939 2058 3010 533
2082 2938 2454 3006 alloquebatur
2484 2938 2813 3009 IEgyptium,
2840 2946 3000 3006 atque
3022 2952 3209 2992 omnes
3228 2937 3485 2991 barbaras

1900 3029 2147 3084 nationes
2175 3030 2404 3099 propriis
2425 3044 2607 3083 earum
2638 3029 2832 3098 linguis
2860 3027 3183 3082 informabat
3205 3026 3273 3080 ad
3293 3025 3482 3081 ﬁdem!

1900 3120 1969 3174 Et
2017 3118 2156 3184 ideo,
2207 3119 2490 3185 carissimi,
2531 3117 2913 3188 omnipotentis
2958 3116 3054 3171 Dei
3093 3115 3488 3171 misericordias

1903 3211 2272 3280 imploremus,
2303 3210 2465 3280 535.
2491 3218 2549 3264 ut
2577 3217 2632 3264 et
2661 3224 2761 3264 nos
2788 3209 2855 3263 de
2884 3208 2995 3262 Deo
3026 3206 3346 3275 annuntiare
3370 3220 3489 3274 qua:

1902 3302 2062 3370 digna
2098 3308 2224 3355 sunt
2256 3300 2546 3363 valeamus,
2571 3306 2627 3354 et
2657 3315 2755 3354 vos
2779 3314 2841 3352 ea
2870 3313 2989 3366 qum
3015 3298 3265 3351 dicuntur
3304 3295 3490 3350 audire

203 3386 323 3455 ipse
374 3386 685 3455 loqueretur
721 3402 754 3445 e
796 3388 953 3455 coelo,
986 3388 1171 3445 dicens
1201 3406 1215 3443 :
1248 3388 1325 3443 Tu
1352 3405 1409 3445 es
1442 3387 1616 3443 Filius
1656 3405 1796 3443 meus
1824 3380 1868 3439 C
1901 3399 1955 3445 ct
1983 3390 2283 3458 intelligere
2311 3388 2489 3443 debita
2520 3387 2864 3443 veneratione
2892 3386 3132 3457 possitis,
3163 3392 3272 3440 etc.

1611 3499 1880 3561 SERMO
1921 3500 2085 3561 LIII.

1571 3600 1649 3655 De
1688 3600 1990 3656 Pentecoste
2035 3600 2131 3655 VI.

274 3766 382 3819 llic
410 3778 590 3819 sermo
614 3770 918 3833 postremus
946 3770 1030 3817 est
1058 3762 1114 3833 in,
1139 3760 1326 3817 codice
1352 3687 2161 3833 Taurinensi9%2§gigcoste
2196 3758 2409 3833 homitia
2436 3756 2540 3833 XX
2554 3755 2684 3833 ΠΙ.
2715 3755 2791 3833 lbi
2821 3754 3110 3833 adnotatur
3338 3756 3393 3833 et
3418 3747 3491 3804 26

205 3836 469 3891 homilias
497 3822 703 3890 deesse.
732 3834 895 3889 Nobis
916 3831 1361 3904 jucundissimum
1389 3829 1509 3897 fuit,
1538 3837 1805 3904 quotquot
1834 3829 2157 3904 Muratorius
2182 3844 2250 3904 εξ
2268 3828 2467 3904 codice
2496 3827 2848 3904 Ambrosiano
2878 3824 3056 3904 hausit
3080 3822 3489 3904 publicavitque

204 3906 385 3961 sancti
435 3904 650 3957 Maximi
689 3893 997 3969 sermones,
1026 3902 1253 3957 aliorum
1296 3893 1512 3969 quoque
1548 3893 1797 3954 codicum
1839 3899 2159 3954 auctoritate
2199 3898 2373 3954 eidem
2419 3906 2609 3954 sancto
2642 3896 2904 3965 episcopo
2933 3893 3252 3948 Tauriuensi
3280 3905 3311 3945 a
3336 3893 3491 3945 nobis

207 3975 293 4044 adj
305 3975 559 4028 udicatos
594 3972 774 4029 fuisse.

211 4085 611 4153 Aucuueujruu.
634 4115 707 4125 -—
733 4082 811 4135 De
835 4083 1008 4153 gratia
1034 4080 1295 4153 bonitatis,
1320 4096 1473 4151 quam
1495 4078 1642 4153 nobis
1661 4077 1803 4132 Deus

276 4144 513 4209 creando
538 4144 1211 4223 veliregenerqndotribuit.
1243 4148 1318 4202 De
1332 4144 1671 4223 "conceptione
1702 4165 1802 4223 n_a-

279 4228 584 4294 tivitateque
609 4215 819 4294 Christi.
856 4220 1165 4294 D_e_rirgine
1194 4228 1360 4294 matre
1384 4215 1577 4281 Maria,
1608 4218 1670 4294 de
1691 4217 1802 4286 ejus

277 4311 479 4365 sponso
497 4285 755 4365 ξΙοεερΑ¹ιοἔ
769 4285 1466 4365 Πεᾼδρὶνὶι-ιξερηαοᾏΗ-ιιῃο
1485 4304 1597 4340 esse
1616 4285 1802 4365 Deum,

280 4357 547 4433 unamque
578 4357 689 4416 esse
716 4357 990 4433 Patris,'_et
1018 4358 1167 4433 itii,
1194 4357 1498 4433 et_’Spi_ritus
1527 4359 1693 4433 sancti
1718 4373 1803 4410 ro-

280 4427 577 4498 luntatem,
633 4440 841 4486 sanctus
903 4429 1165 4482 Maximus
1220 4427 1442 4481 dilucide
1506 4428 1805 4498 copioseque

282 4502 535 4559 ostendit.

281 4637 629 4693 Inmtimatze
666 4632 925 4688 bonitatis
953 4638 1037 4687 est
1072 4630 1263 4698 gratia,
1295 4629 1485 4683 fratres
1520 4625 1801 4690 carissimi,

211 4744 378 4801 quam
410 4727 570 4783 nobis
596 4726 936 4795 omnipotens
961 4724 1046 4778 vel
1065 4725 1299 4778 creando
1325 4730 1576 4792 potenter
1598 4720 1801 4784 tribuit,

1909 4080 2160 4135 nativitas
2189 4086 2407 4150 peccata
2435 4079 2677 4149 suscipit,
2708 4078 2809 4133 ista
2838 4076 3081 4148 deponit.
3110 4074 3190 4132 Ibi
3221 4073 3497 4131 nascendo

1908 4174 2189 4238 morimur,
2234 4172 2322 4226 hic
2360 4171 2587 4226 vivimus
2628 4169 2929 4225 moriendo.
2975 4168 3234 4237 Denique,
3265 4174 3325 4221 ut
3354 4167 3500 4220 hanc

1908 4263 2153 4321 Christus
2181 4264 2512 4319 nobilitatem
2541 4262 2725 4330 generi
2767 4267 3051 4331 praestaret
3088 4261 3343 4321 humano,
3375 4272 3493 4312 ser-

1909 4356 2030 4411 vilis
2066 4372 2164 4427 pro
2208 4355 2363 4409 nobis
2401 4359 2585 4423 partus
2614 4351 2827 4420 indigna
2857 4349 3112 4419 suscepit,
3137 4355 3193 4402 et
3219 4347 3263 4400 si
3292 4359 3492 4400 conce-

1909 4451 2094 4521 ptione
2118 4448 2412 4510 dissimilis,
2441 4445 2601 4500 simili
2640 4452 2818 4498 tamen
2862 4442 3075 4497 ratione
3115 4436 3387 4493 nascendi.
3432 4434 3492 4489 ln

1910 4559 2017 4613 quo
2047 4541 2261 4613 quidem
2284 4536 2829 4609 conceptu,quamvis
2859 4532 3017 4588 Pater
3043 4540 3276 4586 mternus
3302 4525 3490 4581 adfue-

1909 4635 1999 4698 rit,
2032 4642 2213 4688 tamen
2242 4647 2416 4701 neque
2443 4629 2599 4683 Matri
2640 4628 2727 4682 lex
2759 4633 2961 4682 mutata
2990 4632 3073 4679 est
3099 4618 3361 4693 pariendi,
3394 4632 3490 4671 ne-

1911 4742 2017 4795 que
2056 4725 2295 4780 nascenti
2332 4738 2503 4794 puero
2543 4721 2711 4777 defuit
2745 4719 2951 4790 vagitus
2993 4714 3249 4771 infantitn.
3298 4708 3493 4763 Tenuit

212 4799 301 4876 vel
324 4819 701 4889 regenerando
727 4817 1022 4873 clementer
1049 4815 1285 4869 indulsit.
1308 4814 1555 4869 Creando
1577 4825 1810 4880 namque
1836 4814 1887 4876 ι)
1915 4817 2163 4874 nimirum
2192 4830 2291 4871 δυο
2321 4813 2481 4869 pater
2507 4813 2563 4866 in
2588 4812 2726 4867 Filio
2763 4809 2989 4879 gemina,
3032 4801 3343 4860 substantia;
3381 4799 3492 4889 νίς-

215 4915 475 4985 prazstitit
503 4919 581 4977 ut,
610 4912 878 4967 viviﬁcato
913 4914 965 4966 in
1002 4913 1220 4967 homine
1246 4912 1465 4981 pulvere
1495 4910 1811 4980 operatione

216 5007 485 5072 mirabili,
507 5021 607 5060 nos
632 5020 840 5070 omnes,
857 5005 948 5073 qui
972 5020 1079 5059 non
1100 5019 1331 5067 eramus,
1356 5017 1626 5065 essemus;
1653 5015 1809 5069 rege-

216 5097 473 5153 nerando
504 5104 684 5151 autem
712 5096 939 5152 contulit
982 5103 1039 5148 ut
1081 5109 1145 5150 ea
1181 5109 1300 5163 qua:
1332 5093 1502 5162 prima
1530 5092 1683 5147 nobis
1712 5106 1809 5144 na-

217 5200 345 5245 tura
390 5205 503 5244 non
538 5188 778 5252 dederat,
807 5188 1057 5244 nativitas
1092 5186 1325 5243 secunda
1354 5185 1623 5242 conferret
1655 5200 1814 5254 :qua:

216 5282 415 5350 utique
442 5279 681 5335 secunda
710 5280 958 5333 nativitas
995 5294 1092 5348 per
1117 5277 1451 5347 baptismatis
1476 5281 1810 5331 sacramenta

213 5385 419 5427 servos
449 5371 620 5439 gignit
646 5370 699 5424 in
736 5368 889 5434 ﬁlios,
918 5377 972 5424 et
999 5369 1190 5425 cmlum
1221 5368 1466 5425 ﬁdelibus
1505 5367 1809 5436 pollicetur.

216 5462 435 5517 Nobilis
453 5461 674 5530 quidem
696 5463 864 5530 prima
878 5462 964 5515 illa
979 5462 1254 5516 hominum
1271 5468 1536 5524 creatura;
1556 5459 1669 5512 haec
1684 5472 1814 5512 vero

213 5554 565 5621 subsequens
590 5567 694 5605 non
716 5552 888 5604 solum
909 5552 1282 5621 mysteriorum
1304 5551 1537 5620 puritate
1561 5547 1811 5609 nobilior,

216 5643 323 5699 sed
354 5653 411 5697 et
438 5643 583 5698 beati
624 5641 853 5710 Spiritus
888 5643 1287 5699 consecratione
1328 5639 1559 5697 cmlcstis
1588 5647 1687 5693 est.
1722 5635 1816 5690 llla

1914 4920 2102 4975 tutem,
2145 4916 2409 4978 quatenus
2452 4903 2733 4972 majestate
2779 4898 2989 4955 virtutis
3034 4895 3148 4964 ejus
3187 4888 3495 4946 veneranda

1917 5000 2190 5070 Puerpera
2229 5011 2394 5052 unum
2435 4992 2790 5059 eumdemque
2825 4987 3112 5049 Christum,
3141 4989 3196 5038 et
3235 4990 3294 5036 ut
3323 4980 3499 5070 Deum

1916 5067 2249 5160 conciperet,
2278 5095 2333 5142 et
2370 5093 2429 5140 ut
2474 5082 2744 5139 hominem
2772 5085 3003 5149 pareret.
3036 5075 3116 5129 An
3145 5088 3253 5127 non
3282 5070 3370 5125 ille
3397 5067 3495 5123 Dei

1917 5186 2081 5240 Filius
2120 5182 2333 5237 videtur
2377 5192 2497 5233 esse
2542 5181 2853 5243 conceptus,
2892 5168 2983 5224 ubi
3022 5166 3223 5223 carnali
3250 5170 3501 5220 cessante

1916 5275 2176 5346 germine,
2206 5281 2262 5327 et
2287 5272 2448 5325 homo
2476 5266 2708 5322 creditur
2734 5261 2973 5334 virgineo
3000 5260 3261 5315 formatus
3290 5257 3348 5346 in
3364 5262 3494 5346 ute-
3544 5330 3548 5337 γ

1918 5344 2002 5430 ro,
2033 5372 2088 5419 et
2116 5364 2255 5417 Deus
2284 5377 2388 5413 non
2421 5356 2694 5411 dubitetur
2721 5368 2861 5417 esse,
2891 5350 2982 5421 qui
3010 5358 3166 5403 natus
3190 5347 3304 5401 est?
3333 5344 3495 5396 Mira-

1920 5454 2042 5507 bilis
2057 5460 2238 5523 partus
2253 5448 2435 5502 Matris
2450 5448 2682 5512 imaeue,
2698 5443 2790 5498 sed
2810 5441 2977 5496 multo
2989 5446 3072 5495 est
3088 5435 3379 5492 mirabilius
3392 5433 3497 5523 viri

1922 5520 2197 5611 ginitatem
2228 5538 2457 5609 parienti
2486 5535 2745 5591 mansisse
2770 5540 2892 5604 post
2916 5540 3147 5602 partum.
3172 5527 3322 5589 Nam,
3353 5520 3500 5591 quod

1923 5635 2116 5689 mirum
2144 5634 2211 5687 sit
2238 5630 2461 5696 dictum,
2491 5644 2615 5683 caro
2646 5636 2767 5681 nata
2806 5626 2873 5680 de
2916 5636 3077 5679 carne
3123 5616 3373 5674 inviolata
3405 5627 3500 5667 na-
