4054 6194
647 240 751 295 6‘59

651 358 834 412 turalis
863 355 1084 426 pudoris
1112 353 1344 408 claustra
1377 351 1630 406 servavit.
1665 350 1789 404 llaec
1819 365 1948 405 vero
1977 359 2090 404 tam
2115 363 2244 403 san—

648 460 733 502 cta
763 458 980 517 tamque
1007 445 1289 516 magniﬁca
1334 443 1459 498 fecit
1488 443 1576 498 ille
1607 443 1766 509 Deus,
1797 443 1884 498 cui
1908 444 2088 498 omnia
2117 447 2241 501 caeli

1877 228 1932 285 S.
1975 221 2219 282 MAXlMl
2256 219 2707 282 TAURINENSIS

3775 241 3854 299 6ιο

2277 341 2321 400 Α
2349 340 2622 413 distantia,
2651 347 2745 402 sed
2784 347 2837 402 in
2877 349 3197 418 operatione
3227 349 3508 408 distinctio.
3551 354 3629 409 Ait
3667 373 3848 434 namque

2345 438 2416 494 de
2442 454 2509 495 eo
2535 439 2782 496 Christus
2815 439 3088 511 discipulis
3127 442 3242 497 suis
3285 441 3464 502 dicens
3503 462 3515 497 :
3551 445 3663 502 Cum
3701 458 3847 510 Merit

649 548 911 608 terra:un
939 551 1106 606 opera
1134 551 1232 604 pro
1257 535 1535 588 voluntate
1573 535 1858 603 potestatis
1884 549 1993 589 sua:
2014 550 2244 605 respon-
2343 531 2652 586 Paracletus
2685 549 2830 604 quem
2867 549 2962 604 ego
3004 534 3206 587 mittam
3235 534 3371 588 vobis
3400 552 3432 588 a
3462 535 3627 603 Patre,
3668 540 3848 610 ερίήειε

647 629 792 694 dent,
824 627 911 682 cui
949 626 1394 696 incomprehensa
1442 625 1638 688 facere,
1683 641 1791 680 non
1834 627 1887 681 in
1924 627 2110 682 labore
2153 628 2240 682 vel

647 735 833 788 opere,
863 720 959 774 sed
990 721 1042 773 in
1068 718 1312 788 iussione
1340 719 1604 774 consistit.
1638 719 1740 785 Qui
1770 726 1829 773 ut
1855 735 2052 774 novum
2081 719 2240 775 daret

647 810 838 880 virgini
867 818 1098 880 partum,
1134 810 1221 864 illa
1251 811 1361 879 egit
1399 810 1615 875 virtute,
1646 825 1751 879 qua
1779 820 1973 866 cuncta
2015 811 2140 867 fecit
2168 827 2237 868 ex

647 901 844 967 nihilo,
879 901 1043 955 divini
1072 915 1303 968 namque
1332 915 1451 955 esse
1476 900 1676 970 operis,
1707 900 1854 968 quod
1883 901 2082 956 mundo
2113 902 2236 959 huic

648 990 944 1045 fecunditas
989 990 1259 1059 virginalis
1299 991 1488 1056 illuxit,
1519 989 1736 1045 Gabriel
1776 991 1997 1060 angelus
2042 993 2236 1049 missus

645 1082 712 1136 ad
745 1082 964 1136 Mariam
1007 1082 1284 1148 revelavit,
1325 1082 1511 1136 dicens
1544 1081 1613 1136 ad
1653 1097 1773 1136 eam
1807 1099 1820 1135 :
1853 1082 2082 1152 Spiritus
2109 1096 2234 1138 san-

644 1181 757 1225 ctus
785 1174 1106 1242 superveniet
1146 1174 1200 1226 in
1239 1181 1304 1238 te,
1348 1182 1396 1226 et
1437 1173 1598 1226 virtus
1636 1172 1884 1226 Altissimi
1913 1171 2234 1228 obumbrabit

646 1261 754 1327 tibi,
780 1263 992 1333 ideoque
1014 1272 1060 1316 et
1089 1263 1224 1334 quod
1261 1270 1501 1316 nascetur
1529 1278 1595 1315 ea:
1623 1270 1672 1315 te
1699 1271 1933 1315 sanctum
1973 1262 2234 1317 vocabitur

644 1352 814 1406 Filius
843 1353 942 1407 Dei
983 1353 1132 1424 (Luc.
1165 1355 1224 1423 ι).
1257 1352 1364 1407 Sed
1393 1360 1448 1407 et
1471 1351 1778 1407 venerando
1813 1352 1884 1406 illi
1921 1351 2120 1423 Jcseph
2146 1353 2231 1408 di-

641 1445 984 1513 spensatione
1031 1443 1238 1498 omlesti
1295 1457 1508 1512 semper
1551 1457 1793 1512 sponso,
1845 1457 1948 1498 nec
1995 1459 2231 1512 unquam

641 1537 854 1601 marito,
899 1537 1056 1590 beata
1100 1535 1266 1590 Maria
1307 1535 1610 1590 iutaminati
1645 1536 1848 1590 ventris
1888 1536 1970 1590 sui
2009 1552 2230 1592 servans

641 1630 947 1698 incorrupta
984 1629 1277 1698 signacula,
1311 1644 1417 1683 non
1447 1626 1632 1694 ﬁlium,
1659 1628 1754 1683 sed
1786 1629 2067 1683 Dominum
2100 1645 2227 1699 par-

640 1719 842 1773 turivit.
883 1717 979 1772 Cui
1017 1717 1215 1788 Joseph
1245 1717 1447 1772 dictum
1488 1726 1570 1772 est
1610 1718 1678 1773 ab
1722 1717 1913 1788 angelo
1945 1736 1958 1770 :
1994 1718 2144 1783 Quod
2171 1720 2224 1773 in

637 1820 779 1865 utero
803 1810 953 1864 habet
982 1809 1157 1863 Maria
1181 1809 1243 1863 de
1276 1808 1476 1878 Spiritu
1511 1817 1690 1863 sancto
1718 1819 1795 1863 est
1821 1809 2033 1879 (Matth.
2062 1811 2125 1882 ι).
2157 1811 2224 1866 Et

638 1901 758 1954 ideo
783 1900 888 1955 hoc
918 1901 1091 1969 ipsum
1120 1899 1173 1952 in
1203 1914 1358 1954 aures
1383 1899 1703 1968 patriarcha:
1730 1916 1835 1954 vox
1864 1901 2116 1968 angelicae
2141 1909 2226 1955 at-

636 1991 941 2045 tcstationis
960 1990 1213 2054 intonuit,
1235 2004 1305 2044 ne
1333 1989 1472 2044 forte
1502 1997 1654 2044 tanto
1679 1989 1938 2046 miraculo
1957 1992 2226 2061 stupentis

634 2080 844 2150 juvenis
872 2083 1107 2137 animum
1135 2082 1364 2137 sinistrm
1391 2081 1711 2151 suspicionis
1737 2083 1948 2138 macula
1975 2084 2226 2139 vulnera-

634 2181 736 2240 ret,
769 2180 824 2227 et
851 2173 1138 2228 femineam
1175 2179 1392 2242 putaret
1417 2171 1630 2242 culpam
1669 2171 1759 2226 ubi
1796 2172 2032 2227 salutare
2069 2173 2226 2229 nobis

633 2265 949 2336 mysterium
993 2265 1334 2320 nascebatur.
1382 2263 1492 2319 Nec
1530 2271 1765 2334 poterat,
1813 2263 2026 2330 fratres,
2067 2265 2226 2320 aliter

630 2370 860 2425 sponsus
891 2355 980 2411 ille
1010 2355 1268 2411 innocens
1295 2361 1458 2426 atque
1484 2353 1744 2412 sollicitus
1767 2361 1974 2411 tantam
1999 2353 2224 2409 fructiﬁ-

630 2446 804 2500 cantis
834 2446 972 2498 uteri
999 2446 1223 2500 credere
1251 2446 1569 2514 novitatem,
1601 2447 1702 2501 nisi
1749 2447 1922 2504 eidem
1968 2445 2224 2518 pariturae

629 2552 842 2606 sponsa:
870 2537 1183 2606 pudicitiam
1213 2537 1526 2605 virginalem
1567 2539 1763 2594 missus
1790 2540 1859 2595 ab
1887 2541 1995 2598 alto
2024 2547 2220 2614 praedi-

627 2637 804 2684 casset
823 2637 1074 2684 assertor.
1102 2627 1328 2683 Sanctus
1355 2628 1537 2696 itaque
1565 2628 1814 2699 Spiritus,
1837 2633 1973 2687 sicut
2001 2634 2219 2706 legitur,

629 2720 682 2773 in
734 2728 889 2775 utero
934 2718 1165 2786 Virginis
1214 2716 1500 2790 Unigenito
1548 2719 1724 2777 Patris
1769 2724 1943 2780 univit
1987 2726 2221 2784 hominis

627 2825 867 2874 carnem,
899 2809 1092 2876 univit,
1133 2825 1241 2864 non
1279 2809 1498 2865 artificis
1537 2810 1812 2879 figurantis
1858 2814 2092 2882 ingenio,
2123 2817 2218 2872 sed

625 2899 906 2969 majestate
936 2898 1236 2966 formantis,
1263 2914 1422 2969 quem
1452 2901 1712 2972 Spiritum
1745 2919 1875 2960 vere
1900 2920 2019 2960 esse
2049 2907 2216 2962 Deum

626 2988 795 3043 virtus
821 2997 875 3044 et
904 2990 1105 3045 veritas
1135 2990 1294 3062 535
1331 2992 1457 3046 novi
1499 2993 1680 3062 operis
1726 3000 2033 3050 attestatur.
2080 2996 2215 3054 Nam

623 3079 894 3148 quomodo
924 3081 977 3134 in
1008 3080 1096 3134 illa
1125 3081 1312 3136 salutis
1349 3088 1548 3137 nostra:
1573 3082 1776 3138 fabrica
1808 3084 1949 3140 idem
1985 3085 2038 3140 in
2078 3103 2214 3143 con-

623 3170 873 3239 ceptione
901 3170 1119 3235 Christi,
1161 3171 1249 3227 ubi
1295 3170 1456 3227 Pater
1502 3187 1612 3229 non
1652 3173 1857 3241 deerat,
1906 3177 1998 3232 ubi
2043 3179 2216 3234 inerat

623 3257 663 3312 F
669 3260 808 3325 ilius,
840 3260 929 3314 ubi
959 3276 1088 3317 caro
1115 3270 1300 3318 nostra
1336 3263 1522 3320 divino
1558 3266 1834 3335 consortio
1863 3266 2210 3338 iungebatur,

623 3350 762 3405 idem
808 3351 1041 3421 Spiritus
1085 3353 1235 3408 velut
1274 3363 1465 3410 auctor
1500 3357 1780 3427 asseritur,
1810 3358 1913 3414 nisi
1950 3373 2092 3416 esset
2133 3362 2209 3418 illi

620 3440 812 3496 eadem
841 3458 962 3498 cum
995 3442 1156 3499 Patre
1175 3452 1231 3499 et
1259 3444 1394 3501 Filio
1424 3453 1478 3500 et
1500 3447 1552 3500 in
1573 3455 1765 3502 natura
1791 3457 2052 3520 potestas,
2077 3461 2134 3508 et
2155 3453 2208 3509 in

619 3532 898 3589 voluntate
943 3537 1288 3597 communio?
1337 3537 1542 3593 Videtis
1583 3539 1786 3609 itaque,
1830 3541 2038 3611 fratres,
2081 3547 2207 3615 quia

618 3632 942 3692 cooperator
988 3625 1116 3690 Dei,
1167 3626 1268 3681 nisi
1318 3627 1458 3682 Deus
1499 3645 1621 3684 esse
1661 3647 1767 3685 non
1808 3641 2041 3702 poterat.
2079 3635 2210 3693 Erat

617 3714 780 3779 enim,
813 3721 870 3769 ut
899 3726 984 3770 est
1022 3716 1254 3787 Spiritus
1291 3730 1532 3786 sanctus,
1576 3730 1631 3778 et
1677 3724 1938 3782 indivisus
1965 3743 1997 3782 a
2025 3727 2204 3798 Patre,

616 3811 669 3856 et
701 3805 1038 3873 inseparatus
1087 3823 1118 3860 a
1166 3807 1324 3873 Filio,
1367 3812 1562 3879 quibus
1605 3815 1808 3884 utique,
1857 3817 1998 3872 sicut
2041 3835 2207 3876 sacra:

618 3891 862 3950 lectionis
891 3894 1060 3952 ﬁdelis
1089 3914 1270 3953 sermo
1299 3915 1400 3954 nos
1427 3901 1640 3971 edocet,
1671 3920 1777 3958 non
1809 3917 1891 3960 est
1920 3908 1974 3962 in
2006 3910 2205 3968 virtute

2339 626 2571 679 veritatis
2591 626 2677 691 qui
2705 642 2737 678 a
2765 624 2927 680 Patre
2948 641 3060 680 meo
3080 626 3330 696 procedit,
3357 627 3443 681 ille
3461 629 3701 684 testabitur
3717 633 3770 686 de
3786 653 3847 689 me

2341 715 2522 787 (Joan.
2569 717 2680 786 xv).
2719 716 2849 772 [tem
2884 717 2953 772 de
2995 729 3055 772 se
3097 716 3213 786 ipso
3241 717 3317 771 ait
3341 717 3576 774 Salvator
3603 738 3615 772 :
3644 720 3845 793 ligonem

2337 809 2441 874 via,
2472 811 2660 863 veritas
2687 816 2736 863 et
2758 810 2862 863 vita
2891 807 3066 879 (Joan.
3099 807 3232 878 le).
3280 807 3393 875 Ego
3430 825 3563 877 sum,
3591 811 3752 881 inquit,
3774 830 3844 870 ve-

2337 900 2494 966 ritas;
2525 901 2570 956 si
2599 915 2729 971 ergo
2755 900 2940 968 Filius,
2968 900 3060 968 qai
3088 900 3286 956 veritas
3307 908 3407 964 est,
3435 900 3669 972 Spiritum
3693 911 3844 964 asserit

2335 1005 2455 1046 esse
2493 991 2756 1058 veritatis,
2796 991 2916 1060 quis
2951 989 3100 1044 illum
3137 1003 3336 1058 negare
3370 993 3560 1060 poterit
3582 993 3742 1062 Deum,
3766 1001 3842 1054 nisi

2335 1084 2426 1152 qui
2454 1085 2665 1140 veritati
2702 1085 2770 1140 de
2805 1086 3033 1142 veritate
3072 1099 3182 1138 non
3231 1083 3438 1139 credit?
3472 1084 3640 1156 itaque
3663 1086 3840 1158 Spiritus

2337 1190 2492 1230 verus
2519 1184 2603 1232 est
2631 1175 2792 1244 Deus,
2823 1190 2982 1245 quem
3012 1174 3256 1231 Christus
3283 1183 3337 1230 et
3357 1191 3386 1229 a
3415 1173 3564 1232 Patre
3585 1180 3838 1249 procedere,

2283 1280 2297 1292 ’
2333 1278 2389 1323 et
2432 1283 2462 1322 a
2501 1283 2561 1323 se
2601 1268 2918 1322 mittendum
2959 1266 3078 1336 pari
3106 1266 3438 1335 professione
3464 1275 3684 1323 testatur.
3718 1257 3839 1327 Mittit

2331 1367 2514 1412 autem
2552 1358 2650 1413 Dei
2690 1357 2856 1412 Filius
2900 1354 3157 1426 Spiritum
3207 1355 3380 1410 Patris
3417 1357 3524 1422 sui;
3563 1357 3720 1426 mittit,
3757 1376 3838 1416 non

2329 1447 2483 1519 quasi
2526 1448 2869 1504 obedientem
2915 1456 3211 1518 praecepto,
3249 1446 3343 1502 sed
3382 1447 3621 1517 mysterio
3660 1463 3837 1504 condir-

2329 1539 2564 1594 dantem.
2599 1539 2667 1593 Et
2708 1539 2780 1594 ob
2809 1537 2914 1593 hoc
2960 1539 3074 1609 ipse
3113 1535 3342 1607 Spiritus
3377 1536 3652 1606 procedens
3674 1553 3699 1591 a
3719 1536 3836 1595 Patre

2331 1635 2527 1702 legitur
2553 1632 2747 1688 missus
2773 1646 2804 1686 a
2832 1631 2991 1699 Filio,
3020 1645 3091 1686 ne
3123 1637 3218 1685 aut
3250 1628 3393 1683 aliud
3419 1643 3532 1684 esse
3555 1643 3695 1698 quam
3718 1627 3835 1686 Pater

2331 1733 2433 1790 est,
2461 1732 2554 1779 aut
2579 1723 2868 1793 quidquam
2916 1721 3078 1793 536
3119 1719 3390 1776 diversqu
3427 1719 3558 1774 velle
3592 1734 3728 1788 quam
3752 1721 3835 1776 vult

2329 1817 2495 1872 Filius
2515 1815 2846 1872 crederetur.
2874 1812 3102 1884 Propter
3125 1811 3292 1882 quod,
3319 1810 3523 1878 fratres,
3543 1810 3645 1866 sine
3667 1818 3834 1866 cuncta~

2257 1907 2298 1964 Β
2330 1910 2477 1964 tione
2503 1907 2752 1964 clarescit
2776 1921 2936 1961 unam
2963 1920 3083 1962 esse
3116 1903 3314 1970 Patris,
3344 1906 3400 1958 et
3431 1901 3560 1968 Filii,
3587 1910 3636 1957 et
3657 1903 3834 1973 Spiritus

2327 2001 2500 2056 sancti
2544 1997 2898 2054 voluntatem.
2950 1996 3394 2067 Quandoquidem
3435 2003 3488 2051 et
3519 1994 3663 2050 Filius
3693 1995 3832 2058 mittit,

2326 2091 2470 2161 quod
2507 2089 2680 2144 Patris
2710 2097 2822 2155 est;
2852 2095 2906 2144 et
2934 2087 3116 2155 Pater,
3144 2085 3295 2156 quod
3321 2101 3470 2141 suum
3505 2091 3595 2151 est,
3632 2084 3831 2154 impertit,

2327 2192 2387 2238 ut
2425 2199 2456 2238 a
2494 2181 2632 2236 Filio
2676 2180 2955 2249 dirigatur.
2997 2178 3094 2234 llic
3131 2179 3299 2248 igitur
3341 2177 3558 2249 Spiritus
3582 2192 3720 2231 unum
3742 2190 3831 2231 cum

2326 2272 2485 2328 Patre
2516 2288 2582 2327 ac
2609 2271 2747 2326 Filio
2781 2269 3169 2340 redemptionis
3216 2281 3474 2339 peragens
3508 2275 3828 2322 sacramentum

2325 2367 2692 2421 universarum
2720 2363 2959 2432 gentium
2987 2360 3184 2430 linguis
3207 2360 3532 2429 maiestatem
3558 2357 3725 2414 Christi
3740 2356 3832 2411 mit-

2323 2457 2487 2516 tentis
2513 2455 2821 2526 annuntiat,
2851 2468 2959 2512 non
2987 2461 3048 2511 ut
3074 2450 3345 2525 superiori
3373 2449 3589 2509 cilicium
3618 2447 3826 2514 deferens,

2321 2551 2418 2607 sed
2467 2549 2750 2620 imperium
2796 2545 3180 2617 conregnantis
3233 2546 3515 2601 insinuans.
3553 2539 3644 2609 Qui
3675 2536 3827 2595 idcirco

2321 2642 2582 2713 apostolis
2609 2641 2755 2696 dedit
2776 2640 3092 2695 varietatem
3122 2636 3444 2708 linguarum,
3471 2642 3527 2690 ut
3553 2649 3637 2704 per
3656 2647 3732 2687 eos
3752 2628 3825 2684 do~

2319 2734 2493 2790 ctrina
2531 2731 2782 2787 salutaris
2822 2729 2944 2784 tidei
2983 2728 3312 2799 populorum
3336 2726 3561 2783 omnium
3585 2726 3827 2794 penetraret

2319 2824 2582 2880 auditum.
2627 2821 2757 2877 Erat
2803 2835 2992 2877 revera
3040 2821 3155 2892 ipse
3205 2818 3504 2875 Paracletus
3545 2817 3592 2872 in
3632 2827 3826 2872 sermone

2317 2914 2618 2985 multiplex,
2647 2913 2991 2984 omnipotens
3019 2913 3074 2966 in
3101 2911 3325 2977 virtute,
3348 2910 3574 2966 diversus
3596 2908 3641 2962 in
3663 2905 3825 2974 linguis,

2317 3014 2373 3062 et
2401 3021 2538 3061 unus
2567 3006 2623 3061 in
2651 3005 2918 3061 omnibus.
2944 3003 3171 3059 Miratur
3208 3003 3386 3060 omnis
3412 3001 3605 3058 auditor
3623 3015 3675 3056 os
3695 2995 3826 3068 gentis

2317 3109 2588 3156 extranea
2613 3115 2720 3155 non
2742 3104 3060 3154 extraneum
3089 3097 3339 3167 proferre
3363 3107 3657 3152 sermonem.
3682 3090 3826 3158 Stupet

2316 3203 2374 3250 et
2403 3194 2518 3263 ipse
2554 3192 2646 3261 qui
2677 3191 2934 3260 loquitur,
2966 3189 3034 3244 ab
3063 3204 3160 3244 ore
3197 3203 3298 3244 suo
3325 3204 3431 3244 non
3456 3201 3546 3243 sua
3569 3183 3706 3239 verba
3727 3194 3825 3251 pro-

2318 3285 2532 3341 cedere.
2561 3283 2630 3338 Et
2655 3281 2881 3354 perinde
2909 3281 3106 3336 factum
3139 3290 3248 3349 est,
3272 3288 3331 3336 ut
3355 3280 3477 3335 dum
3511 3289 3667 3332 sermo
3690 3271 3826 3327 varius

2317 3392 2478 3431 unam
2506 3391 2606 3446 per
2632 3375 2832 3430 multos
2866 3373 3103 3444 loquitur
3151 3373 3335 3440 fidem,
3376 3371 3441 3428 ad
3475 3370 3615 3425 unius
3638 3363 3827 3421 lideiso-

2236 3474 2280 3536 ο
2313 3467 2565 3522 cietatem
2580 3473 2767 3536 gentes
2787 3464 3017 3520 dissona:
3039 3464 3416 3520 convenirent.
3439 3461 3502 3516 Et
3521 3459 3646 3521 ideo,
3661 3456 3825 3515 fratres,

2311 3557 2645 3612 declinantes
2683 3569 2822 3610 vana
2862 3555 3064 3618 mundi,
3110 3560 3168 3609 et
3211 3552 3532 3609 brevissimae
3566 3545 3702 3616 hujus
3737 3540 3827 3596 vitat

2311 3647 2705 3703 oblectamenta
2727 3645 3018 3712 calcantes,
3043 3643 3192 3698 illum
3211 3644 3410 3714 iugiter
3429 3641 3688 3711 sapiamus,
3706 3640 3828 3699 atque

2309 3737 2484 3806 ipsum
2512 3750 2729 3806 semper
2756 3735 3057 3804 loquamur,
3088 3733 3181 3802 qui
3211 3733 3521 3789 mortalibus
3545 3723 3747 3785 cmlestia
3764 3734 3828 3775 sa-

2307 3841 2438 3898 pere
2465 3834 2520 3882 et
2549 3825 2779 3881 terrenis
2807 3824 2952 3894 loqui
2981 3824 3158 3878 divina
3190 3823 3476 3879 concessit.
3505 3818 3596 3875 Cui
3627 3818 3769 3872 honor
3789 3812 3829 3863 et

2308 3916 2478 3987 gloria
2507 3916 2561 3972 in
2590 3915 2783 3972 saecula
2811 3914 3145 3970 saeculorum.
3181 3912 3372 3969 Amen.

2017 4021 2288 4090 SERMO
2330 4029 2489 4091 LIV.

1966 4141 2040 4198 De
2073 4144 2380 4207 Pentecoste
2415 4152 2545 4208 VII.

613 4261 1003 4338 AltGUIll-INTUII.
1034 4295 1091 4304 -
1132 4261 1387 4338 Eamdem
1415 4283 1521 4320 rem
1551 4269 1658 4338 agit
1689 4278 1902 4325 sanctus
1931 4271 2198 4330 Maximus

677 4333 731 4386 in
759 4339 975 4403 utraque
999 4335 1272 4398 concione;
1296 4353 1478 4404 nempe
1501 4333 1810 4392 credendum
1839 4358 1949 4396 esse
1983 4343 2052 4396 ad
2080 4343 2196 4398 Pa-

675 4412 807 4456 trem
833 4419 1008 4456 revera
1034 4405 1323 4471 pervenisse
1351 4405 1568 4471 Filium,
1597 4424 1713 4461 cum
1734 4411 1962 4465 videmus
1981 4413 2037 4465 in
2069 4430 2199 4468 san-

676 4473 1083 4552 ctoshttpostoios
1111 4474 1444 4552 descendisse
1483 4475 1822 4552 Paractitum.
1855 4481 2046 4552 ytique
2075 4484 2197 4537 des-

675 4541 927 4622 cendit’in
954 4541 1076 4624 illos
1103 4543 1331 4624 Spiritus
1372 4555 1598 4624 sanctus,
1641 4547 1799 4624 juxta
1841 4541 2034 4606 Christi
2077 4571 2196 4624 pro-

677 4611 988 4677 missionem,
1023 4620 1078 4664 ut
1105 4611 1192 4667 eos
1220 4613 1422 4668 doceret
1451 4611 1657 4669 omnem
1680 4620 1962 4674 veritatem.

674 4796 869 4851 Notum
898 4797 1052 4852 vobis
1095 4797 1344 4853 omnibus
1389 4807 1492 4864 est,
1522 4799 1735 4868 fratres,
1769 4810 1971 4872 quanta
1999 4805 2070 4860 sit
2097 4805 2198 4861 htt-

603 4893 753 4960 jusce
791 4893 898 4948 diei
939 4893 1245 4949 veneranda
1294 4894 1621 4961 solemnitas,
1650 4899 1952 4968 quibusque
1991 4902 2196 4969 gaudiis

607 4988 756 5034 tanta
785 4998 815 5035 a
844 4985 1052 5041 cunctis
1079 4986 1148 5040 sit
1170 4986 1492 5043 celebranda
1527 4988 1808 5046 festivitas.
1837 4991 2008 5049 Hodie
2051 4994 2196 5050 enim

605 5067 902 5128 Salvatoris
931 5079 1101 5131 nostri
1135 5077 1224 5132 illa
1273 5087 1360 5133 est
1405 5079 1625 5149 impleta
1667 5083 1975 5152 promissio,
2002 5100 2109 5155 qua
2141 5087 2194 5142 in

605 5162 883 5229 apostolos
921 5165 1177 5234 Spiritum
1209 5180 1475 5235 sanctum,
1505 5171 1634 5227 dum
1664 5173 1779 5242 ipse
1806 5174 1859 5228 in
1911 5175 2078 5232 caelos
2110 5193 2197 5234 as-

605 5250 879 5317 cenderet,
905 5269 965 5309 se
984 5255 1194 5313 dixerat
1221 5277 1341 5317 esse
1359 5264 1669 5319 missurum.
1685 5263 2011 5322 Promiserat
2027 5269 2192 5324 enim:

604 5340 736 5400 Cum
756 5355 926 5402 autem
952 5353 1230 5407 ascendere
1250 5355 1318 5406 ad
1343 5354 1582 5424 Patrem,
1614 5359 1817 5413 mittam
1847 5359 1988 5414 vobis
2016 5359 2193 5414 Para-

604 5441 781 5492 clitum
811 5438 1065 5509 Spiritum
1105 5445 1362 5510 veritatis,
1405 5457 1457 5500 et
1500 5450 1610 5518 ipse
1654 5467 1743 5504 vos
1779 5450 1978 5506 docebit
2018 5452 2194 5507 omnia

607 5526 784 5597 (Joan.
820 5531 951 5602 xvn).
971 5531 1249 5589 Credimus
1277 5536 1420 5591 enim
1449 5539 1517 5593 ad
1547 5540 1762 5597 Patrem
1790 5558 1980 5599 revera
1999 5557 2194 5614 perve-

608 5622 747 5680 nisse
775 5622 986 5694 Filium,
1011 5640 1132 5681 cum
1157 5625 1398 5682 videmus
1426 5628 1479 5683 in
1515 5640 1729 5689 sanctos
1759 5636 2034 5705 apostolos
2063 5635 2190 5693 des-

2306 4261 2550 4318 cendisse
2572 4262 2914 4320 Paraclitum.
2939 4261 3090 4318 Illum
3113 4262 3300 4332 utique
3329 4261 3381 4317 in
3410 4261 3551 4317 ctelis
3575 4260 3829 4324 regnantem

2305 4369 2425 4411 esse
2456 4372 2564 4412 non
2590 4356 2914 4420 dubitamus,
2944 4355 3161 4425 quando
3189 4370 3315 4410 eum
3345 4351 3677 4410 sacratissima
3701 4341 3830 4413 Spiri~

2305 4455 2391 4502 tus
2434 4447 2608 4502 sancti
2655 4461 2878 4501 munera
2906 4444 3110 4499 donare
3155 4443 3402 4499 videmus
3430 4442 3480 4496 in
3509 4437 3667 4494 terris.
3687 4431 3830 4485 Victo!

2302 4546 2450 4593 Certe
2478 4536 2544 4592 ad
2573 4537 2851 4593 dexteram
2878 4534 3056 4590 Patris
3078 4533 3190 4603 iam
3239 4533 3422 4598 sedet,
3453 4531 3572 4586 dum
3599 4525 3666 4580 uti
3698 4522 3831 4575 victor

2300 4628 2445 4684 dona
2467 4628 2712 4698 largitur.
2761 4625 2915 4681 Unde
2959 4632 3016 4681 et
3068 4625 3320 4680 Salvator
3346 4619 3539 4678 diaboli
3565 4609 3831 4698 victorposi

2304 4696 2633 4790 triumphum
2661 4717 2971 4787 discipulos,
2993 4730 3131 4786 quos
3158 4714 3226 4769 ab
3253 4713 3395 4768 illius
3424 4696 3830 4794 captivitate

2303 4784 2654 4875 ravim-etiam
2690 4784 2923 4878 Spiritus
2956 4784 3130 4861 sancti
3160 4802 3532 4859 benedictione
3563 4791 3740 4850 ditavit.
3763 4784 3829 4838 Li-

2300 4899 2512 4954 beravit
2535 4904 2717 4952 autem
2743 4912 2859 4961 nos,
2883 4911 3007 4951 cum
3033 4894 3100 4950 ad
3114 4891 3497 4962 resurgendum
3521 4901 3611 4958 per
3624 4879 3828 4948 “ipsum

2224 4963 2278 5024 D
2304 4998 2505 5045 tartara
2536 4989 2691 5044 nobis
2720 4987 2986 5055 occludit;
3034 4985 3222 5042 ditavit
3249 4999 3369 5050 nos,
3398 4995 3518 5036 cum
3560 4975 3622 5031 ad
3645 4979 3828 5039 regnat?

2301 5083 2449 5151 dum,
2477 5097 2576 5152 per
2606 5080 2932 5136 Paraclitum
2961 5077 3116 5134 nobis
3143 5074 3382 5132 coelestia
3421 5065 3678 5127 reseravit.
3712 5057 3829 5115 Tunc

2302 5174 2445 5230 enim
2467 5189 2498 5228 a
2527 5181 2703 5228 morte
2727 5172 2795 5228 ad
2809 5172 2975 5226 vitam
3004 5183 3246 5226 remeare
3261 5165 3539 5222 didicimus
3553 5178 3573 5250 :7
3595 5153 3827 5250 modoau:

2300 5274 2411 5322 tem
2466 5279 2498 5320 e
2552 5264 2712 5319 terris
2740 5263 2808 5318 ad
2859 5261 3027 5317 omlos
3078 5259 3336 5314 docemur
3388 5249 3689 5336 ascendere»,

2300 5358 2561 5428 scriptum
2585 5363 2696 5412 est:
2727 5354 2827 5409 Ille
2853 5369 2940 5408 vos
2963 5351 3163 5406 docebit
3182 5346 3355 5404 omnia
3381 5345 3554 5416 (Joan.
3585 5334 3698 5403 XVI).
3717 5324 3822 5428 Quid

2300 5426 2434 5504 vero
2463 5446 2626 5502 docet
2652 5445 2743 5501 ille
2769 5443 3004 5514 Spiritus
3028 5446 3244 5497 sanctus
3264 5438 3287 5490 ?
3308 5435 3503 5503 Utique
3538 5431 3632 5484 hoc
3655 5426 3820 5514 tantum

2300 5541 2448 5596 novit
2476 5539 2697 5602 docere,
2729 5504 2874 5605 quod
2896 5541 3139 5590 sanctum
3175 5537 3271 5586 est.
3304 5525 3438 5592 Quid
3465 5520 3610 5578 ῐιοδῖδ
3634 5504 3820 5605 “fici?

2304 5595 2389 5690 tus
2416 5595 2693 5690 insinuat'i
2711 5595 2844 5685 Illud
2874 5626 3077 5696 utique,
3107 5621 3249 5694 quod
3268 5617 3392 5675 dicit
3415 5595 3820 5672 Salvatordfullﬂ
