4054 6194
605 379 707 434 ωδ
1817 373 1874 430 5.
1917 370 2158 427 ΜΔΧΙΜΙ

2293 369 2641 430 URlNENSlS
3787 375 3878 429 6L!

609 506 748 545 nunc
779 489 830 542 in
863 486 1244 552 Laurentiana,
1273 485 1442 540 codex
1473 481 1729 554 Lucensis
1759 491 2019 551 pneterea
2054 479 2241 554 85,Aet
2267 479 2573 554 Casinensis
2604 483 2705 537 144
2735 499 2854 552 pag.
2884 475 3008 550 385,
3040 485 3131 554 qui
3162 497 3358 539 omnes
3380 485 3663 554 conceptis
3706 490 3875 543 verbis

605 560 664 614 S.
697 559 983 612 Maximum
1010 550 1286 610 auctorem
1316 554 1628 608 inscribunt.
1655 550 1805 605 Hanc
1832 561 2012 605 autem
2034 550 2336 604 orationem
2366 551 2682 606 collectores
2719 550 2907 608 omnes
2945 550 3287 608 honiiliarum
3333 562 3388 608 et
3443 550 3753 609 sermonum
3779 558 3874 614 huc

607 644 774 699 usque
801 628 857 681 S.
887 627 1111 699 an_ti_s_ti_ti
1137 633 1324 699 nostro
1346 623 1626 699 dederunt,
1651 630 1704 675 et
1733 621 2024 699 litiinartus
2053 620 2116 699 .in
2149 619 2514 699 admonitione
2528 622 2613 699 _ad_
2641 623 2768 676 Acta
2785 624 3035 699 martyrii
3058 623 3121 699 _S.
3168 623 3418 691 Agnetis,
3469 638 3591 693 pag.
3624 623 3731 676 402
3752 627 3869 680 edit.

609 686 804 774 Yeron.
830 713 916 774 an.
953 694 1107 774 173},
1137 696 1249 748 hmc
1275 696 1343 774 de
1373 691 1587 773 Maximi
1615 690 1914 774 hoomiliauin
1947 688 2164 774 laudern
2182 686 2690 774 iS._Agneti‘s”habet
2715 711 2734 774 ,ς
2776 686 2968 774 asia}
3000 686 3306 774 etianuejus
3337 686 3645 774 martyrium
3665 699 3872 774 exponit

607 768 666 822 S.
696 766 957 819 Maximus
988 757 1250 834 episcOpus
1275 761 1611 834 Taurinensis
1637 761 1691 812 in
1715 760 1929 834 homilia
1955 774 2106 834 quam
2131 757 2193 810 de
2220 758 2596 834 ejusnlaudib‘us
2623 763 2846 834 scripsit.
2896 761 3141 834 Secun_da
3172 757 3349 834 igitur,
3369 757 3700 834 Tillémontii
3728 757 3870 834 obje-

605 837 714 890 ctio
739 834 976 890 concidit
1003 827 1244 888 omnino.
1276 832 1457 900 Neque
1484 831 1664 902 potior
1695 838 1780 902 est
1808 827 1986 902 tertia.
2005 827 2274 902 _ANam_ea
2303 827 2679 902 dissimilitudo
2705 827 2827 902 styli
2855 846 3016 899 quam
3046 827 3420 886 Tillemontius
3447 848 3507 888 se
3538 827 3871 888 animadver-

605 907 733 960 tisse
759 905 967 968 scribit,
992 903 1136 957 nulla
1154 913 1255 965 est,
1284 897 1468 956 nostro
1486 897 1710 971 quidem
1733 899 1954 971 judicio.
2004 897 2072 971 [is
2112 897 2256 971 eiiiln
2283 897 2473 951 eadem
2503 907 2584 952 est
2613 897 2803 954 ornata
2841 897 3194 971 splendetque
3221 902 3397 955 oratio
3429 917 3548 971 qua:
3576 903 3631 956 in
3673 904 3871 958 ueteris

605 975 829 1044 quisque
850 973 1170 1044 frequenter
1193 986 1418 1044 cernere
1439 967 1658 1044 poterit.
1685 968 1758 1044 De
1783 967 2274 1044 vocibus-barbaris
2298 981 2432 1034 quas
2454 978 2724 1044 postremo
2748 967 3255 1044 loeo’Tillemo'ntius
3284 967 3528 1044 opponit,
3575 971 3680 1026 hoc
3703 971 3865 1026 dicam

605 1035 766 1098 breve
799 1063 811 1096 :
846 1035 1134 1096 Maximum
1166 1041 1375 1096 nonnisi
1403 1035 1628 1093 verbum
1659 1037 1871 1091 subarro
1894 1037 1960 1089 ab
1983 1035 2313 1108 Hieronymo
2339 1035 2468 1108 ante
2493 1039 2745 1093 usitatum
2779 1054 3092 1108 usurpasse;
3127 1041 3180 1093 in
3225 1035 3447 1108 reliquis
3476 1055 3610 1108 puro
3641 1056 3766 1095 usus
3793 1053 3868 1096 est

604 1112 796 1188 Latino
817 1127 1088 1168 sermone.
1131 1110 1309 1188 Quare
1333 1110 1394 1188 si_
1426 1109 1999 1188 llieroiiymuminemo
2029 1105 2256 1188 barbare
2281 1107 2562 1188 scripsisse
2588 1110 2877 1188 accusabit,
2910 1105 2977 1162 eo
3022 1105 3361 1188 quodvoces—
3379 1105 3670 1188 aliquando
3698 1111 3868 1164 minus

605 1180 820 1238 Latinas
844 1173 1212 1250 usurpaverit;
1241 1195 1340 1234 nec
1362 1179 1420 1233 S.
1453 1173 1714 1250 Maximus
1737 1176 1930 1250 eodem
1959 1174 2035 1250 de_
2051 1174 2186 1228 vitio
2207 1173 2595 1250 insimulandus
2615 1179 2735 1250 erit.
2763 1173 3102 1246 Argumentis
3121 1178 3447 1234 Tillemontii
3469 1173 3583 1248 jam
3613 1181 3866 1250 excussis,

604 1253 737 1306 nihil
766 1260 866 1315 est,
898 1242 1149 1316 arbitror,
1181 1242 1371 1315 causae,
1405 1264 1500 1303 cur
1520 1248 1566 1302 is
1584 1260 1763 1300 sermo
1790 1242 2106 1298 adimendus
2134 1257 2253 1297 esse
2281 1243 2513 1299 Maximo
2542 1246 2807 1301 videatur.

605 1363 998 1417 Ancuusurun.
1020 1391 1094 1402 —
1122 1358 1280 1413 Beata
1300 1357 1472 1429 Agnes
1498 1356 1716 1429 miriﬁce
1743 1353 1982 1429 laudibus
2011 1369 2041 1404 a
2065 1368 2190 1429 san;
2219 1359 2268 1414 Α
2293 1352 2489 1408 divinis
2510 1356 2672 1427 539
2701 1356 2916 1412 Litteris
2951 1357 3266 1424 informatas,
3295 1358 3501 1424 Saram,
3533 1358 3830 1416 Rebeccam
3847 1400 3866 1426 ,

671 1442 752 1484 czo
784 1431 1017 1484 Maximo
1037 1430 1268 1498 effertur,
1299 1423 1434 1498 quod
1461 1442 1552 1496 per
1579 1423 1793 1506 vestigia
1823 1423 2011 1476 Matris
2040 1423 2192 1489 virgi-

672 1502 754 1555 nis
783 1501 852 1553 ad
896 1500 1146 1554 cazlestem
1192 1497 1480 1550 thalamum
1526 1499 1772 1565 pervenit,
1816 1488 2188 1565 contemnendo

2295 1441 2607 1510 Rachelem,
2638 1447 2866 1514 Annam,
2898 1447 3215 1514 Susannam,
3245 1447 3577 1519 Sephoram,
3600 1451 3866 1506 imitentur

2295 1549 2486 1565 “vn-uno
2523 1553 2536 1565 ο
2565 1535 2760 1565 ίἾιιηζηθζ
2797 1553 2923 1565 -.Λ-Λ
2953 1539 3181 1565 utut“-..
3229 1541 3395 1565 ..Αιιι-υ.
3441 1540 3711 1565 υξ-ηε-Α..
3760 1541 3830 1565 ιι-

671 1571 849 1624 mundi
876 1570 1101 1631 divitias,
1148 1565 1467 1622 exsecranda
1515 1561 1686 1617 carnis
1725 1561 2188 1631 concupiscentias,

671 1650 720 1693 et
746 1639 912 1694 solam
938 1637 1126 1693 Christi
1148 1635 1575 1708 pulchritudinem
1597 1631 1908 1686 adornanda.

671 1731 808 1786 Cum
831 1729 884 1784 in
912 1736 1028 1786 toto
1051 1727 1252 1783 mundo
1275 1726 1542 1794 virgineus
1569 1722 1667 1778 llos
1688 1722 1866 1776 Marica
1891 1721 2196 1775 immarces-

603 1823 787 1879 cibiles
824 1836 1053 1876 coronas
1083 1819 1339 1882 innectat,
1371 1823 1428 1870 et
1454 1813 1835 1883 sceptrigeram
1857 1811 2075 1882 pudoris
2097 1825 2194 1863 au-

603 1913 708 1968 lam
738 1912 1083 1967 immaeulato
1105 1915 1392 1964 conservet
1417 1905 1648 1969 allectu;
1673 1917 1740 1956 eo
1771 1915 1939 1970 usque
1969 1900 2186 1967 integri-

610 2016 695 2061 tas
738 2003 1103 2075 perseveravit
1131 2001 1198 2055 ad
1227 1999 1494 2070 palmam,
1527 2003 1586 2050 ut
1615 1995 1667 2048 in
1703 1993 1894 2063 puellis
1934 2001 2193 2060 tropatum

603 2095 908 2150 sanctitatis
935 2093 1213 2161 arriperet,
1263 2096 1319 2144 et
1365 2102 1463 2158 per
1490 2084 1717 2153 vestigia
1761 2082 1946 2138 Matris
1973 2080 2194 2151 virginis

604 2187 669 2240 ad
697 2187 973 2242 ccelestem
1005 2185 1295 2238 thalamum
1340 2178 1668 2250 perveniret.
1727 2175 1864 2232 llinc
1913 2181 2015 2240 est,
2049 2172 2192 2243 quod

604 2276 806 2329 annulo
837 2273 958 2328 fidei
988 2273 1166 2341 Agnes
1192 2287 1251 2327 se
1290 2269 1483 2325 asserit
1509 2269 1882 2330 subarratam,
1913 2272 1968 2319 et
1997 2264 2196 2318 clamat

605 2375 632 2401 °
661 2381 722 2420 se
751 2379 936 2419 amore
973 2363 1340 2419 constrictam.
1385 2357 1429 2413 Ο
1459 2373 1622 2428 quam
1664 2355 1934 2411 imitabilis
1971 2354 2195 2424 virgini-

605 2455 706 2509 bus
725 2455 896 2523 virgo,
921 2453 946 2492 δ
977 2454 1063 2510 cui
1094 2451 1357 2507 tradidisti
1375 2450 1575 2505 amoris
1601 2446 1937 2518 exemplum!
1962 2443 2006 2499 Ο
2034 2460 2195 2514 quam

604 2552 846 2600 sanctum
895 2543 1203 2614 pectoribus
1262 2540 1516 2608 virgineis
1565 2538 1796 2593 tribuisti
1855 2550 2193 2606 responsum,

606 2633 1003 2689 contemnendo
1032 2631 1218 2685 mundi
1247 2629 1481 2695 divitias,
1511 2626 1844 2683 exsecrando
1872 2622 2200 2680 carnis'con-

2295 1549 2490 1590 uxores
2523 1553 2536 1590 :
2565 1535 2762 1591 Christi
2797 1553 2924 1593 vero
2953 1539 3185 1608 virgines
3228 1541 3399 1595 solam
3441 1540 3716 1609 Virginem
3758 1541 3860 1596 Ma.

2293 1632 2432 1681 trem
2467 1626 2485 1665 ί
2518 1628 2737 1696 virginis
2758 1629 2972 1684 luminis
2999 1633 3409 1702 subsequantur.
3437 1630 3606 1702 Hujus
3634 1633 3862 1702 petiisse-

2295 1731 2400 1786 qua
2429 1717 2609 1788 Agnes
2637 1719 2947 1775 beatissima
2975 1721 3042 1776 de
3067 1736 3126 1777 se
3154 1736 3403 1790 magnum
3433 1722 3703 1791 pudicitiae
3728 1724 3862 1778 exci-

2296 1812 2427 1866 tavit
2455 1813 2778 1882 exemplum,
2805 1830 2903 1869 cur
2926 1815 3287 1884 virginitatem
3314 1815 3546 1884 prmtulit
3573 1815 3728 1880 vitae,
3759 1831 3862 1870 om-

2294 1917 2526 1972 nemque
2554 1919 2614 1960 88
2642 1920 2882 1959 amorem
2908 1913 3179 1960 terrenum
3213 1921 3309 1975 per
3329 1920 3568 1960 amorem
3595 1907 3862 1963 caelestem

2295 1993 2591 2062 expellens,
2634 2003 2894 2065 tropreum
2937 1996 3111 2050 crucis
3139 1994 3339 2050 Christi
3374 1995 3632 2064 arripuit;
3683 2005 3738 2050 et
3767 1991 3862 2050 tam

2294 2092 2483 2138 contra
2509 2083 2757 2141 libidines
2783 2101 2944 2156 quam
2971 2087 3135 2142 etiam
3164 2095 3350 2141 contra
3376 2087 3628 2141 universa
3675 2091 3861 2158 suppli-

2295 2174 2375 2229 cia
2408 2173 2511 2230 ﬁde
2536 2175 2714 2245 potius
2742 2185 2947 2231 armata
2975 2192 3134 2246 quam
3164 2178 3330 2241 ferro,
3355 2175 3568 2232 fortiter
3594 2177 3859 2233 dimicavit

2297 2271 2352 2318 et
2375 2265 2517 2320 vicit.
2537 2265 2745 2336 Aspicit
2770 2266 3002 2335 denique
3030 2266 3416 2331 blandientem,
3439 2275 3495 2320 et
3521 2267 3706 2320 renuit
3733 2283 3745 2318 :
3776 2267 3860 2319 mi-

2298 2365 2534 2422 nantem,
2576 2365 2632 2411 et
2658 2357 2883 2428 despicit
2915 2376 2928 2412 :
2963 2367 2989 2405 ε
3026 2357 3330 2413 incendium
3347 2357 3596 2423 attendit,
3631 2366 3689 2412 et
3718 2357 3857 2412 ridet.

2296 2446 2477 2502 Nescit
2505 2447 2706 2516 aliquid
2727 2464 2930 2514 amare,
2959 2448 3102 2517 quod
3123 2449 3339 2515 transit;
3371 2457 3426 2502 et
3446 2448 3570 2503 dum
3592 2448 3754 2502 nimis
3775 2450 3856 2501 vir-

2295 2539 2574 2606 ginitatem
2594 2538 2782 2608 diligit,
2808 2555 2909 2595 nec
2935 2539 3180 2605 ludibria,
3213 2555 3310 2594 nec
3330 2538 3592 2609 ﬂammas,
3621 2555 3725 2594 nec
3748 2555 3857 2607 sup~

2300 2632 2478 2699 plicia,
2509 2646 2610 2686 nec
2637 2631 2916 2688 carnifices
2944 2632 3134 2686 metuit
3167 2649 3179 2684 :
3212 2639 3482 2702 postremo
3513 2646 3612 2684 nec
3641 2629 3858 2699 gladium

605 2723 1059 2794 cupiseentias,et
1103 2721 1274 2776 solam
1319 2718 1518 2775 Christi
1567 2715 2020 2788 pulchritudinem
2063 2715 2193 2769 ada-
2226 2715 2272 2773 B
2303 2719 2329 2756 ἰ
2359 2718 2583 2776 furentis
2629 2723 2989 2791 persecutoris
3037 2722 3271 2791 expavit.
3319 2721 3671 2790 Compellitnr
3727 2723 3859 2788 virgo

604 2814 832 2870 mando!
867 2811 1122 2868 Accedite
1155 2810 1224 2866 ad
1248 2811 1480 2882 puellam
1503 2850 1518 2877 ,
1549 2808 1772 2880 puellae,
1805 2815 1860 2862 et
1905 2805 2094 2860 discite
2140 2805 2196 2862 in

603 2907 756 2960 annis
784 2907 1020 2960 infantia
1042 2905 1202 2975 538
1220 2903 1407 2974 quales
1428 2902 1481 2955 in
1509 2907 1731 2971 pectore
1751 2914 1850 2953 suo
1879 2897 2021 2953 circa
2050 2911 2196 2952 amo-

605 3014 721 3054 rem
749 2998 948 3052 Cbristi
976 3009 998 3034 ε
1032 2997 1275 3050 ﬂammas
1304 2994 1622 3048 incenderit.
1671 2991 1810 3046 Dicit
1855 3005 1915 3045 se
1961 2988 2194 3044 amatori

605 3107 703 3146 suo
725 3104 942 3145 servare
972 3087 1152 3152 fidem,
1184 3095 1240 3142 ct
1267 3085 1382 3156 ejus
1424 3100 1622 3156 corpus
1675 3082 2060 3154 concupiscere
2106 3096 2195 3136 so-

607 3183 736 3248 lum,
761 3180 852 3251 qui
882 3196 980 3250 pro
1011 3193 1196 3233 amore
1225 3174 1251 3215 τι
1281 3178 1518 3233 omnium
1565 3175 1756 3230 mortis
1785 3189 1895 3228 non
1921 3171 2192 3227 recusavit

605 3273 901 3329 interitum.
923 3271 1140 3336 Discite,
1161 3270 1396 3339 virgines
1423 3266 1644 3328 Christi,
1674 3279 1912 3319 amorem
1942 3263 1996 3316 in
2016 3261 2194 3332 puella

605 3366 920 3429 ferventem,
953 3371 1008 3416 et
1053 3375 1241 3416 omnes
1270 3359 1456 3414 mundi
1500 3356 1711 3413 divitias
1754 3353 1898 3409 velut
1952 3360 2194 3409 stercora

605 3465 963 3511 recusantem.
1007 3454 1134 3509 ldeo
1178 3453 1322 3509 enim
1361 3457 1671 3508 sanctarum
1716 3462 1815 3518 per
1841 3445 2051 3500 litteras
2093 3451 2197 3498 tra-

604 3548 807 3602 duntur
827 3545 1094 3616 exempla,
1129 3553 1186 3599 ut
1213 3543 1577 3612 unusquisque
1605 3554 1704 3611 pro
1726 3535 1984 3607 qualitate
2009 3550 2193 3603 sexus,

602 3651 662 3697 et
688 3653 708 3677 ι·
741 3657 840 3712 pro
867 3648 1028 3695 :elate
1055 3653 1321 3692 annorum
1348 3635 1567 3696 modum
1594 3631 1676 3687 sui
1703 3628 1964 3701 propositi
1989 3633 2191 3690 teneat,

603 3733 820 3788 ctsicut
847 3747 944 3802 per
972 3731 1231 3800 virginem
1279 3729 1532 3798 virgines,
1583 3727 1655 3780 ita
1695 3731 1751 3778 et
1790 3738 1886 3793 per
1912 3720 2194 3790 conjugem

602 3823 864 3890 conjuges
879 3821 1092 3874 vincere
1106 3819 1358 3874 smculum
1381 3834 1478 3888 pro
1494 3814 1690 3872 Christi
1711 3827 1895 3868 amore
1923 3812 2193 3876 studeant,

609 3929 673 3967 ac
698 3913 1090 3981 repugnatione
1127 3911 1292 3966 animi
1343 3910 1530 3965 mundi
1564 3907 1739 3962 dulcia
1781 3913 2108 3970 recusantes,
2142 3913 2198 3958 et

606 4001 725 4069 ejus
750 4016 858 4054 non
884 4011 1196 4055 recusantes
1222 4006 1458 4065 austera,
1482 3997 1546 4054 ad
1589 3995 1976 4051 delectationes
2003 4009 2195 4065 perpe-

2298 2820 2613 2866 ornamenta
2642 2813 2912 2882 suscipere
2955 2813 3217 2882 corporis,
3247 2812 3339 2869 sed
3368 2812 3574 2880 renuit;
3619 2813 3861 2882 quoniam

2291 2900 2403 2970 jam
2431 2914 2739 2972 susceperat
2767 2904 3000 2972 mentis;
3038 2902 3054 2942 ί
3095 2912 3149 2958 et
3177 2905 3301 2974 quia
3339 2920 3448 2958 non
3501 2903 3570 2959 de
3608 2903 3862 2970 elegantia

2295 2993 2539 3062 corporis
2569 2993 2786 3047 humani
2813 2994 3028 3064 placere
3069 2995 3342 3062 studebat,
3372 2995 3497 3063 quia
3534 2994 3760 3049 timebat
3803 2994 3862 3047 de

2297 3083 2537 3138 fmditate
2565 3084 2756 3139 anima:
2783 3085 3012 3141 Domino
3059 3085 3358 3156 displicere,
3393 3086 3408 3136 i
3453 3084 3612 3140 dabat
3648 3084 3862 3139 interius

2295 3190 2393 3245 per
2416 3173 2573 3229 fidem
2601 3192 2710 3232 sua:
2750 3178 2940 3232 mentis
2987 3177 3275 3233 candorem
3315 3185 3475 3246 atque
3518 3175 3861 3246 pulchritudi~

2296 3283 2419 3322 nem
2465 3269 2676 3335 animm,
2706 3284 2867 3339 quam
2907 3270 3218 3336 excolebat;
3266 3278 3320 3324 et
3347 3277 3605 3338 quantum
3645 3267 3861 3335 sciebat,

2294 3359 2437 3427 quod
2484 3361 2718 3414 animam
2747 3377 2898 3415 suam
2927 3361 3202 3432 pulchram
3233 3359 3455 3426 faceret,
3505 3359 3527 3397 ι
3570 3369 3778 3414 tantum
3817 3360 3861 3413 in

2294 3464 2388 3503 sua
2409 3464 2568 3504 carne
2596 3451 2943 3507 erubescebat
2969 3467 3027 3506 se
3055 3466 3172 3506 esse
3199 3449 3488 3506 formosam
3515 3469 3527 3504 :
3561 3459 3862 3518 tantumque

2293 3539 2495 3594 studuit
2510 3539 2790 3609 displicere
2817 3541 3118 3596 carnalibus
3147 3541 3199 3596 in
3221 3543 3398 3597 carnis
3414 3549 3654 3612 aspectu,
3673 3550 3862 3610 quanto

2294 3629 2511 3686 Christo
2543 3628 2558 3669 ι
2586 3632 2797 3699 institit,
2828 3640 2883 3687 et
2911 3631 3026 3702 ejus
3053 3633 3255 3702 angelis
3282 3633 3638 3703 complacere.
3665 3630 3862 3685 Turba-

2295 3729 2382 3776 tur
2403 3721 2617 3792 juvenis
2661 3738 2690 3776 a
2742 3723 2915 3792 puella
2942 3731 3303 3794 contemptus,
3349 3731 3404 3778 et
3456 3739 3516 3778 se
3563 3722 3862 3777 muneribus

2293 3813 2629 3883 complacare
2657 3829 2816 3885 posse
2863 3815 3192 3881 existimans,
3224 3829 3441 3879 aurum,
3473 3828 3711 3884 gemmas
3736 3827 3865 3869 con-

2293 3904 2591 3970 geminans,
2619 3915 2818 3974 vestes,
2851 3915 2889 3941 ιη
2918 3905 3114 3975 prandia
3140 3907 3374 3975 pretiosa
3411 3915 3713 3961 convectat.
3765 3904 3864 3960 Sed

2294 3991 2420 4061 quia
2449 3992 2644 4048 Christi
2667 3995 2861 4050 caritas
2889 3995 3120 4066 pretium
3147 3995 3492 4065 pecuniarum
3522 4011 3630 4049 non
3677 3995 3863 4059 habet,

613 4098 734 4144 tuas
764 4098 820 4144 et
859 4089 928 4144 ad
955 4089 1148 4158 gaudia
1187 4097 1388 4144 aeterna
1417 4088 1744 4160 pertingant.
1785 4085 1912 4141 Haec
1955 4085 2194 4140 dicentes
2220 4070 2266 4134 C
2298 4083 2446 4154 virgo
2474 4086 2834 4142 sacratissima
2861 4088 2914 4142 in
2943 4103 3041 4142 suo
3065 4087 3233 4157 gradu
3269 4101 3438 4156 usque
3488 4087 3556 4142 ad
3597 4086 3864 4154 sanguinis

610 4195 719 4236 non
775 4181 1142 4250 vituperamus
1191 4178 1478 4249 conjugum
1531 4185 1680 4233 easta
1709 4175 2064 4242 commercia,
2095 4173 2192 4229 sed

606 4274 871 4344 virginum
893 4273 1348 4344 perseverantiam
1379 4271 1738 4336 adornamus;
1774 4285 1882 4324 non
1908 4267 2050 4322 enim
2083 4267 2194 4320 vir-

605 4365 804 4434 ginitas
830 4365 990 4419 malis
1015 4365 1178 4420 rebus
1213 4361 1626 4434 superponenda
1652 4369 1768 4426 est,
1798 4359 1893 4415 sed
1921 4367 2006 4414 est
2033 4358 2192 4413 rebus

607 4455 824 4525 optimis
852 4453 1202 4524 prmferenda.
1246 4451 1377 4521 Qua:
1415 4454 1555 4507 enim
1599 4451 1811 4506 mundis
1843 4448 2112 4512 mundior,
2136 4455 2192 4526 et

605 4545 806 4599 sanctis
839 4544 1076 4597 sanctior
1111 4551 1214 4609 est,
1247 4559 1354 4598 non
1384 4542 1584 4610 indiget
1610 4541 1869 4595 malarum
1899 4553 2075 4593 rerum
2109 4537 2191 4591 vi-

607 4635 950 4704 tuperatione
977 4633 1202 4688 laudari.
1236 4631 1544 4702 Sequantur
1567 4634 1746 4702 itaque
1782 4638 1969 4686 sancta
1999 4628 2189 4698 conju-

2293 4173 2608 4231 eﬂusionem
2652 4179 2973 4247 permansit;
3001 4179 3254 4248 quoniam
3299 4192 3398 4232 suo
3440 4177 3584 4231 illam
3611 4175 3864 4244 sanguine

2295 4265 2667 4320 subarraverat
2691 4265 2953 4322 Christus.
2977 4268 3058 4321 Ad
3085 4268 3553 4337 concupiscentem
3593 4267 3754 4336 igitur
3782 4279 3863 4319 re-

2293 4356 2522 4410 vertitur
2549 4372 2758 4424 census,
2790 4366 2844 4413 et
2873 4359 3188 4414 inconcussa
3217 4359 3493 4427 virginitas
3524 4357 3737 4414 Christo
3781 4371 3861 4410 se-

2293 4445 2399 4498 mel
2429 4445 2607 4500 oblata
2635 4447 2907 4517 perdurat.
2936 4449 3151 4514 Discite,
3181 4449 3414 4516 virgines
3431 4447 3646 4514 Christi,
3671 4461 3860 4502 nomia!

2294 4536 2546 4604 puellaris
2568 4540 2832 4609 exempla,
2864 4550 2919 4595 et
2965 4541 3141 4595 oblata
3179 4543 3279 4596 sub
3305 4543 3487 4612 specie
3515 4541 3728 4612 pietatis
3755 4556 3860 4594 mu-

2291 4628 2514 4682 nuscula
2543 4630 2780 4684 virorum
2829 4640 2941 4685 tota
2984 4631 3284 4687 intentione
3335 4634 3601 4703 respuite,
3633 4641 3690 4686 et
3714 4630 3860 4700 quasi

604 4726 690 4794 gia
730 4725 1161 4796 patriarcharum
1212 4725 1469 4796 conjuges
1494 4725 1550 4781 in
1579 4724 1840 4792 religione
1869 4723 2078 4794 positae,
2124 4733 2190 4775 ac
2288 4721 2462 4776 rabidi
2487 4723 2635 4779 canis
2665 4739 2846 4778 morsu
2873 4724 3026 4780 omni
3067 4740 3188 4780 cum
3237 4725 3431 4793 gaudio
3472 4731 3734 4780 recusate.
3763 4730 3792 4758 ³
3821 4722 3857 4774 Α

679 4892 703 4919 ⁸
734 4883 870 4938 Cod.
901 4882 1018 4939 Vat.
1055 4881 1191 4936 1267
1230 4882 1328 4938 sub
1376 4884 1588 4939 nomine
1611 4879 1898 4946 Ambrosii,
1931 4898 1984 4935 se
2014 4879 2182 4934 amori

603 4949 798 5034 Christi
842 4955 1205 5034 conscriptam.
1258 4951 1412 5022 Legit
1448 4952 1764 5017 Galesinius,
1789 4968 1964 5005 amore
2006 4950 2183 5021 sponsi

604 5031 956 5076 constrictum.

681 5090 718 5162 b_
743 5091 886 5162 Idem
914 5091 1171 5158 Galesin.,
1205 5093 1278 5146 tui
1324 5093 1516 5147 amoris
1558 5093 1820 5148 tradidisti
1868 5092 2178 5162 exemplum.

604 5153 918 5234 ϐοαὶ-γεμί,
935 5165 1020 5234 _tui
1043 5153 1304 5216 tradidisti
1331 5163 1516 5234 amoris
1545 5164 1852 5232 exemplum.

683 5237 707 5302 ιζ
744 5226 888 5302 idem
925 5227 1184 5302 Calesin.,
1209 5233 1431 5302 ﬂammis
1459 5226 1707 5287 accendit.

682 5295 707 5333 ά
746 5297 884 5365 Idem
916 5295 1179 5365 Galesin.,
1201 5295 1475 5358 hominum.

681 5378 704 5443 εξ
898 5367 1017 5443 _Vat.
1053 5364 1175 5443 l'l/i,
1201 5390 1293 5442 pro
1323 5373 1631 5443 proprietate
1653 5389 1927 5438 annorum,
1960 5381 2066 5427 etc.

682 5435 700 5474 ί
742 5436 977 5512 Calesin.
1011 5435 1211 5512 omittit
1235 5435 1459 5512 virginis.

683 5517 719 5592 ξ,
745 5507 1042 5592 Galesintus,
1066 5507 1355 5592 incendium
1382 5513 1598 5592 intendit
1625 5523 1672 5566 et
1702 5514 1852 5568 ridet.
1877 5513 2009 5569 Cod.
2047 5529 2177 5568 vero

603 5576 896 5699 {Istumne
941 5577 1128 5633 Crucis
1157 5579 1370 5646 Minch,
1412 5583 1705 5637 incendium
1760 5585 1976 5638 attendit
2004 5593 2050 5637 et
2083 5601 2173 5636 ar-

603 5664 668 5699 rn
690 5664 716 5699 e
743 5687 757 5699 .

603 5658 757 5702 ridet.

678 5719 702 5754 ιι
739 5717 816 5773 lta
837 5718 998 5775 etiam
1028 5719 1147 5775 cod.
1181 5717 1214 5771 4
1241 5717 1292 5780 S.
1315 5716 1500 5777 Crucis
1530 5719 1718 5775 Minor.

2208 5189 2262 5250 D

2365 4874 2400 4952 ‘_
2425 4877 2593 4952 Codd.
2624 4880 2746 4952 m,
2778 4890 2832 4936 et
2864 4881 3005 4946 Vat.,
3035 4890 3084 4935 et
3111 4882 3248 4936 idem
3270 4897 3371 4935 non
3394 4880 3457 4934 de
3474 4880 3731 4952 elegantia
3758 4895 3857 4934 con

2287 4949 2645 5022 porisjionzini
2665 4953 2869 5022 placere
2896 4953 3150 5016 studebat,
3181 4961 3284 5005 etc.

2362 5017 2375 5067 ἱ
2424 5017 2726 5076 Galesinius
2782 5022 2954 5088 legit:
3015 5021 3173 5074 dabat
3220 5023 3358 5074 intus
3404 5037 3497 5086 per
3547 5019 3700 5089 ﬁdem
3755 5032 3855 5071 sua

2287 5090 2445 5161 menti
2467 5092 2762 5161 candorem,
2787 5093 3215 5161 pulchritudinem
3235 5089 3500 5144 excolebat
3524 5090 3726 5161 animat,
3752 5096 3852 5161 etc.

2363 5157 2383 5194 κ
2426 5159 2566 5214 Idem
2607 5157 2876 5224 Galesin.,
2922 5172 3118 5214 tantum
3170 5163 3222 5214 in
3272 5176 3485 5229 corpore
3539 5157 3852 5229 erubescebat

2287 5246 2369 5353 se},
2389 5237 2491 5352 eltc.
2521 5230 2668 5286 Idem
2697 5232 2819 5288 cod.
2852 5233 2998 5297 ναι..
3021 5239 3221 5285 tantum
3264 5233 3316 5283 in
3355 5227 3448 5284 sua
3478 5231 3612 5302 [acie
3652 5227 3852 5282 erubes-

2287 5316 2340 5353 ce
2374 5317 2405 5353 a
2434 5341 2446 5351 .

2283 5316 2446 5354 εευαι.

2361 5370 2375 5407 ι
2416 5370 2548 5443 Cod.
2581 5370 2723 5443 γαίη
2757 5383 2947 5443 quanfo
2977 5369 3179 5426 Christo
3199 5369 3440 5423 instituit.

2355 5450 2390 5522 ξιι
2419 5437 2820 5522 _Qalesiii._l(2git
2845 5444 3060 5522 prtemia
3089 5443 3337 5522 pretiosa,
3363 5454 3470 5493 non
3499 5437 3706 5522 ρηειίὶιι.ζ

2352 5519 2378 5546 η
2417 5511 2561 5566 ldem
2585 5505 2902 5575 Galesinq'A
2931 5529 3028 5583 quo
3058 5505 3325 5581 receperis,
3337 5525 3442 5583 gito
3461 5505 3648 5583 timeas
3669 5505 3850 5583 Deum;

2281 5597 2383 5634 non
2408 5583 2516 5634 acci
2537 5583 2632 5634 tias
2657 5599 2754 5652 quo
2794 5572 2983 5652 diligas
3030 5572 3293 5634 mundum.
3316 5572 3498 5634 Codd.
3535 5586 3719 5632 tamen.
3753 5572 3851 5624 174

2284 5661 2339 5704 et
2359 5651 2394 5702 4
2417 5655 2470 5706 S.
2503 5600 2686 5706 Crucis
2707 5651 2856 5706 Min..
2885 5653 2928 5704 Α
2949 5669 3046 5706 auo
3075 5667 3175 5704 non
3208 5650 3482 5706 receperis.
3510 5650 3640 5706 quod
3675 5648 3851 5698 (iniens

2284 5667 2339 5704 et
2359 5667 2394 5702 4
2417 5667 2470 5706 δ.
2503 5667 2686 5706 unus
2708 5667 2856 5716 ωειλ,
2885 5667 2928 5704 Α
2949 5669 3046 5720 quo
3075 5667 3175 5704 non
3208 5667 3426 5719 recepen

2289 5720 2449 5774 Deum
2475 5737 2577 5775 ucn
2610 5724 2853 5790 arripias,
2883 5723 3017 5791 quod
3038 5723 3222 5790 diligas
3237 5721 3426 5774 mundi.

2548 5648 2686 5705 rucis
2707 5651 2856 5716 Min.,
2885 5648 2928 5704 Ἀ
2949 5669 3046 5720 quo
3075 5667 3175 5704 non
3208 5650 3482 5719 receperis,
3510 5650 3640 5720 quod
3675 5648 3851 5698 timens
