4054 6194
286 384 392 438 διδ

1737 371 1969 428 SERMO
2008 372 2133 427 LVI.

3464 377 3571 431 646

281 512 395 565 quo
411 507 518 547 non
536 490 977 562 550receperis
996 488 1140 559 quod
1159 489 1349 544 timeas
1370 489 1494 554 Dei,
1517 504 1622 543 non
1638 487 1873 557 accipias
1906 494 1946 547 Α
1977 496 2103 541 sunt
2144 486 2341 541 Christi
2385 485 2648 551 cultores,
2698 495 2828 558 quot
2862 487 3107 544 diabolus
3146 503 3489 560 corruptores
3512 510 3571 550 se

278 585 430 655 quod
453 582 642 649 diligas
665 579 847 634 mundi
881 598 891 631 :
918 580 1121 650 accipe,
1148 580 1388 649 “accipe,
1410 580 1583 648 virgo,
1613 580 1707 633 sed
1729 580 1875 648 quod

276 674 459 731 amori
487 681 693 726 aeterno
735 669 1002 740 proﬁciat.
1054 669 1491 738 Quotiescunque
1543 670 1609 723 ab
1658 670 1879 724 homine

277 770 577 821 consecuta
621 760 785 815 fueris
814 775 1055 825 censum,
1087 761 1166 815 sic
1206 760 1423 830 accipe,
1455 767 1515 815 ut
1541 767 1595 814 te
1623 758 1650 798 δ
1680 758 1879 814 Christi

280 866 547 922 sponsam
599 864 879 919 agnoscas.
910 849 1070 904 Videt
1124 850 1213 904 ille
1266 851 1410 904 intus
1465 850 1520 903 in
1549 857 1729 903 mente
1753 848 1881 917 quid

281 944 477 1008 facias,
504 951 559 997 et
586 956 747 1009 quam
778 948 1097 1011 expetenter
1136 940 1255 1008 ejus
1294 942 1526 1009 virgines
1572 940 1878 1001 comiteris,

283 1033 540 1088 attendit.
584 1030 776 1085 Videte
822 1045 952 1099 ergo
1001 1030 1276 1100 quomodo
1305 1032 1548 1099 sequitur
1572 1031 1750 1098 Agnes
1778 1029 1884 1084 Ma.

284 1125 449 1189 riam,
471 1138 570 1192 per
584 1122 895 1193 opprobria.
921 1121 1132 1176 Nullum
1154 1123 1330 1191 potuit
1348 1121 1563 1191 penitus
1591 1120 1884 1175 formidare

284 1215 648 1284 supplicium;
680 1215 765 1268 cui
796 1214 958 1267 etiam
989 1214 1214 1283 lupanar
1247 1214 1593 1283 turpitudinis
1623 1214 1774 1268 locus
1802 1213 1882 1268 el-

286 1305 475 1360 fieitur
499 1304 790 1363 orationis;
823 1314 878 1357 et
902 1303 991 1357 ubi
1035 1303 1284 1358 diabolus
1303 1304 1354 1357 ei
1386 1304 1731 1371 ignominiam
1759 1319 1885 1357 cor-

286 1394 558 1465 ruptionis
587 1403 1000 1464 prceparavcral,
1033 1395 1141 1450 illic
1178 1410 1297 1450 eam
1324 1396 1602 1466 percipere
1633 1394 1760 1451 fecit
1783 1396 1887 1450 Do-

286 1486 474 1541 minus
493 1500 751 1540 coronam
783 1500 892 1539 sute
918 1485 1242 1554 virginitatis
1271 1495 1326 1541 et
1356 1487 1587 1557 palmam
1612 1504 1626 1551 ;
1655 1486 1751 1541 sed
1784 1486 1889 1540 hoc

289 1584 380 1631 est
411 1576 465 1629 in
492 1574 603 1629 suis
641 1574 858 1630 sedibus
896 1574 1082 1630 hostes
1107 1576 1342 1641 vincere,
1386 1577 1655 1646 captivam
1673 1576 1887 1630 ductam

288 1665 562 1732 virginem
608 1676 631 1704 ε
660 1664 728 1719 ad
750 1664 1048 1735 penetralia
1087 1666 1231 1734 regis
1258 1666 1560 1733 libidinum,
1593 1666 1765 1737 ipsum
1796 1680 1886 1721 re-

288 1768 419 1821 gem
449 1770 480 1807 a
501 1754 707 1823 virgine
727 1769 886 1823 quam
905 1756 1273 1825 captivaverat
1300 1758 1573 1824 vinctum;
1602 1766 1657 1812 et
1684 1759 1888 1813 victum

289 1858 419 1898 cum
442 1844 663 1912 virginis
686 1845 961 1915 triumpho
992 1846 1161 1900 exire.
1196 1845 1329 1900 Nam
1359 1848 1451 1917 qui
1478 1856 1748 1914 tenuerat,
1775 1857 1889 1902 ten-

1980 587 2267 648 putaverat
2315 578 2530 645 virginis
2571 578 2856 635 invenisse.
2911 580 3185 636 Remansit
3214 584 3393 653 itaque
3415 584 3571 653 juve-

1980 669 2104 723 nisi
2136 669 2229 737 qui
2272 668 2668 737 reprobationis
2706 669 2865 737 hujus
2905 680 3094 725 auctor
3129 673 3448 728 exstiterat:
3480 676 3569 744 qui

1981 775 2042 815 se
2069 759 2296 829 putabat
2323 758 2666 812 defensorem
2694 760 2913 827 virginis
2946 777 3235 831 superare,
3275 763 3364 818 hic
3392 764 3573 834 splene

1981 849 2192 915 dorem,
2221 846 2246 884 ιε
2276 848 2401 901 dum
2432 857 2752 917 provocaret
2777 850 2844 904 ad
2880 848 2899 887 ι
2933 850 3139 920 luxum,
3168 854 3358 918 vitam,
3408 868 3570 923 quam

1982 940 2266 995 videbatur
2290 939 2492 994 habere
2511 980 2525 1001 ,
2564 940 2772 993 amisit:
2804 950 2859 994 et
2888 957 2994 996 mox
3009 950 3143 1007 tem,
3174 960 3333 1013 quam
3361 960 3570 1013 qumre-

1982 1031 2097 1098 bat,
2130 1031 2350 1085 invenit.
2384 1029 2688 1084 Succedunt
2714 1031 3009 1086 ridentibus
3034 1033 3300 1103 lacrymai,
3325 1044 3379 1087 et
3407 1036 3571 1090 insul-

1986 1121 2225 1176 tantibus
2260 1122 2427 1174 linem
2454 1130 2488 1155 η’
2518 1120 2931 1176 lamentationes
2980 1123 3281 1192 imponunt.
3330 1125 3573 1180 Attendit

1988 1210 2136 1279 virgo
2184 1210 2453 1277 lugentem
2498 1209 2764 1277 judicem,
2811 1218 2865 1264 et
2904 1226 3062 1279 quem
3114 1214 3407 1268 minantem
3448 1224 3574 1271 ante

1987 1310 2405 1370 contempserat,
2440 1317 2583 1356 nunc
2612 1302 2992 1371 deprecantem
3022 1304 3259 1377 exaudit.
3306 1305 3451 1360 lllieo
3476 1308 3575 1375 igi-

1989 1400 2096 1456 tur,
2130 1400 2188 1446 ut
2215 1393 2379 1462 cmpit
2408 1408 2563 1447 orare
2586 1410 2684 1461 pro
2713 1403 2954 1459 mortuo,
2988 1403 3043 1449 et
3070 1411 3100 1449 a
3128 1398 3353 1451 mortuis
3381 1400 3577 1453 excitat

1989 1483 2219 1550 salvum,
2249 1482 2341 1551 qui
2372 1483 2529 1536 morti
2561 1481 2732 1536 fuerat
2778 1484 3094 1552 deputatus;
3126 1494 3180 1539 et
3210 1487 3276 1541 ad
3322 1490 3574 1554 gaudium

1988 1580 2213 1636 evocat,
2245 1572 2337 1640 qui
2379 1570 2552 1626 fuerat
2590 1571 2953 1641 praecipitatus
2982 1573 3034 1626 in
3064 1574 3284 1629 luctum.
3326 1576 3455 1630 Nam
3486 1580 3578 1646 qui

1990 1662 2227 1717 incestus
2255 1661 2427 1715 fuerat
2461 1670 2734 1725 mortuus,
2764 1669 2944 1717 castus
2972 1664 3241 1732 exsurgit;
3273 1673 3326 1719 et
3354 1664 3410 1719 fit
3438 1682 3579 1736 pne-

1992 1753 2204 1808 dicator
2231 1752 2591 1817 castimonize,
2638 1754 2728 1821 qui
2768 1762 3081 1822 persecutor
3110 1754 3393 1809 exstiterat
3420 1757 3580 1811 casti-

1992 1844 2137 1897 tatis.
2188 1842 2269 1895 Ad
2315 1843 2432 1896 haec
2474 1842 2719 1910 sacrilegi
2761 1843 3149 1897 conturbantur
3177 1844 3230 1897 in
3260 1847 3493 1915 templis,
3527 1856 3582 1903 et

292 1942 387 1988 tus
427 1942 550 2001 est;
599 1936 693 2004 qui
723 1944 986 2004 traxerat,
1033 1944 1239 1991 tractus
1266 1946 1379 2003 est;
1425 1939 1516 2006 qui
1559 1939 1805 1994 occidere
1831 1955 1890 1994 se
1924 1959 1965 2016 Β
1993 1935 2264 1989 Christum
2305 1942 2329 1968 η
2378 1933 2484 1987 ista
2524 1932 2783 1987 miracula
2832 1930 3114 1987 facientem
3152 1949 3257 1988 non
3310 1936 3578 2001 timentes,

291 2034 601 2095 putaverat,
634 2028 849 2082 occisus
876 2035 979 2083 est.
1012 2027 1253 2099 Denique
1293 2038 1351 2083 ut
1385 2030 1674 2098 probemus
1703 2029 1890 2083 diabo-

292 2115 405 2168 lum
428 2129 458 2168 a
486 2116 691 2184 virgine
719 2113 744 2153 ἀ
775 2125 902 2173 tunc
947 2118 1111 2173 fuisse
1136 2120 1358 2185 victum,
1403 2120 1545 2173 illius
1578 2119 1791 2187 juvenis
1822 2117 1893 2172 fa-

293 2214 444 2259 ctum
471 2206 539 2259 ad
567 2207 823 2261 animum
877 2223 1225 2274 revocemus,
1252 2226 1413 2279 quem
1454 2218 1643 2263 contra
1670 2210 1893 2280 Agnetis

293 2294 582 2349 infantiam
611 2296 690 2351 sic
724 2306 1032 2352 armaverat
1062 2298 1331 2364 inimicus,
1365 2308 1424 2353 ut
1463 2299 1661 2353 nudam
1690 2299 1894 2354 faceret

292 2384 439 2438 trahi
473 2394 497 2422 ε
524 2385 592 2438 ad
619 2385 846 2455 lupanar
867 2402 963 2456 per
975 2387 1186 2457 vulgus,
1220 2388 1318 2441 sub
1347 2403 1481 2443 voce
1509 2388 1775 2458 przeconis
1803 2388 1895 2443 du-

293 2475 379 2529 cis
409 2476 666 2545 populum
693 2475 762 2530 ad
802 2476 1077 2532 libidinem
1110 2479 1406 2533 invitantis.
1441 2478 1596 2533 llunc
1620 2494 1750 2548 ergo
1790 2480 1893 2534 du-

295 2581 419 2620 cem
468 2566 634 2622 fuisse
671 2567 871 2622 diaboli
916 2585 1075 2624 nemo
1106 2579 1189 2624 est
1238 2571 1330 2638 qui
1361 2570 1600 2634 dubitet;
1654 2579 1708 2624 et
1746 2572 1894 2625 victo

295 2659 457 2725 duce,
491 2660 748 2730 populum
775 2676 895 2716 esse
926 2671 1239 2731 superatum
1277 2663 1524 2716 omnibus
1554 2673 1743 2717 notum
1771 2670 1891 2717 est:

295 2752 569 2820 superatis
594 2760 774 2805 autem
805 2768 928 2807 cum
958 2769 1056 2807 suo
1084 2754 1220 2808 duce
1244 2753 1480 2823 populis,
1508 2762 1793 2823 tyrannum
1825 2763 1899 2807 te-

297 2844 419 2898 neri
448 2845 721 2914 captivum
748 2846 998 2899 omnibus
1027 2854 1195 2916 patet.
1239 2846 1465 2900 Constat
1487 2854 1691 2909 autem,
1718 2845 1899 2901 diabo-

296 2936 411 2989 lum
458 2944 789 3006 superatum,
821 2937 1035 3005 quoties
1060 2945 1249 2991 contra
1278 2937 1540 3005 virginem
1571 2934 1719 2991 arma
1754 2936 1774 2975 ί
1807 2952 1898 2990 ar-

302 3031 487 3100 ripuit.
539 3032 672 3087 Nam
728 3032 1026 3102 exspoliata
1068 3032 1241 3101 virgo,
1297 3032 1535 3087 crinibus
1582 3032 1812 3100 tegitur;
1845 3038 1901 3085 et

302 3122 500 3175 nudata
532 3124 600 3177 ab
626 3123 931 3177 hominibus
958 3123 1144 3187 malis,
1175 3131 1200 3169 ε
1239 3123 1571 3177 vestiebatur
1599 3121 1667 3175 ab
1696 3120 1900 3189 angelis

302 3212 487 3281 bonis;
512 3222 567 3269 et
595 3214 847 3269 damnata
871 3215 923 3269 in
954 3215 1253 3285 prostibulo
1298 3214 1663 3284 turpitudinis,
1696 3212 1749 3265 in
1778 3227 1900 3280 gre-

304 3308 685 3377 mioapparuit
708 3308 991 3363 castitatis.
1005 3306 1247 3363 Ellicitur
1260 3307 1558 3363 oratorium
1585 3303 1899 3372 angelorum

1992 2027 2232 2081 excitant
2277 2023 2597 2079 seditionem
2640 2024 2888 2091 ignobilis
2936 2024 3109 2092 vulgi;
3160 2033 3219 2079 ut
3266 2027 3432 2091 ratio,
3465 2043 3581 2096 quze

1991 2116 2251 2170 suadebat
2281 2116 2441 2168 linem
2470 2114 2813 2177 seditionum,
2849 2114 3173 2169 clamoribus
3203 2116 3374 2183 pulsa,
3404 2118 3581 2172 locum

1994 2207 2047 2259 in
2094 2207 2364 2259 mentibus
2407 2206 2684 2258 hominum
2734 2204 2973 2259 invenire
3019 2220 3127 2258 non
3172 2214 3373 2274 posset.
3424 2206 3582 2263 Pater

1996 2315 2123 2354 vero
2152 2299 2394 2353 suscitati
2423 2297 2516 2350 lilii
2548 2298 2714 2351 tristis
2736 2298 3013 2364 abscessit,
3045 2306 3100 2353 et
3131 2300 3212 2369 (ut
3242 2301 3453 2371 legitur)
3479 2310 3582 2357 tur-

1992 2391 2075 2445 bis
2122 2391 2418 2444 furentibus
2467 2390 2710 2442 vitiatum
2759 2376 3063 2460 dereliquit.
3114 2392 3364 2461 Virgineo
3405 2395 3583 2464 itaque

1994 2481 2209 2549 corpori
2256 2480 2545 2534 stridentes
2573 2490 2596 2515 ο
2627 2489 2996 2549 prmparantur
3040 2480 3297 2551 ﬂammae,
3342 2485 3433 2537 sed
3460 2502 3582 2539 cor-

1994 2586 2094 2639 pus
2117 2612 2131 2635 ,
2181 2568 2325 2637 quod
2355 2570 2599 2624 incendia
2632 2569 2909 2623 libidinum
2938 2581 3285 2639 superaverat
3310 2612 3323 2638 ,
3363 2574 3584 2643 refrige-

1995 2662 2132 2715 rium
2163 2661 2321 2732 542
2352 2662 2405 2714 in
2454 2661 2645 2715 mediis
2692 2658 2920 2714 flammis
2968 2662 3207 2716 invenit:
3255 2668 3317 2718 et‘
3355 2681 3472 2734 qua:
3519 2667 3586 2721 ad

1996 2751 2104 2805 hoc
2133 2750 2280 2805 focos
2309 2750 2548 2819 ingressa
2575 2749 2769 2813 fuerat,
2797 2757 2855 2804 ut
2882 2750 3115 2819 arderet,
3143 2754 3306 2823 carpit
3334 2771 3429 2824 per
3455 2772 3584 2811 san-

1997 2850 2140 2895 ctam
2182 2842 2543 2911 virginitatem
2594 2841 2805 2911 algere,
2858 2852 2886 2890 Ρ
2933 2850 2992 2895 ut
3038 2843 3269 2898 disceret
3314 2846 3588 2914 virginitas

2002 2934 2245 2987 llammas
2272 2931 2369 2987 sibi
2399 2940 2453 2987 et
2480 2933 2723 2988 incendia
2747 2934 2959 3003 penitus
2979 2934 3241 2989 dominari
3274 2954 3377 2991 non
3406 2954 3587 3007 posse.

2002 3025 2110 3081 Nec
2140 3026 2261 3081 illos
2291 3027 2515 3095 periisse
2553 3028 2820 3087 aestimes,
2854 3042 2990 3095 quos
3019 3043 3116 3096 pro
3146 3028 3363 3083 nomine
3390 3029 3589 3086 Christi

2000 3117 2335 3185 consumpsit
2364 3115 2683 3170 incendium.
2730 3115 2862 3168 Nam
2892 3132 3013 3170 cum
3041 3117 3233 3186 legeris
3260 3117 3427 3172 Eliam
3453 3120 3589 3186 igni-

2001 3209 2101 3263 bus
2131 3217 2365 3277 raptum,
2398 3216 2453 3261 et
2482 3222 2679 3277 pueros
2705 3214 2812 3261 tres
2837 3208 2890 3260 in
2921 3208 3109 3263 mediis
3133 3210 3412 3278 signibus,
3447 3212 3591 3267 nulla

2004 3299 2215 3352 ratione
2254 3304 2641 3366 consumptos:
2674 3304 2767 3350 aut
2794 3298 2920 3365 quia
2962 3296 3309 3353 Laurentium
3338 3301 3591 3356 craticula

305 3395 476 3463 locus,
501 3399 591 3469 qui
622 3399 954 3469 perditarum
982 3399 1159 3455 fuerat
1185 3400 1521 3465 animarum;
1554 3405 1609 3451 et
1637 3397 1727 3452 ubi
1754 3411 1898 3451 sem-
1927 3381 1975 3445 C
2009 3400 2030 3427 τ
2048 3396 2427 3458 consumptum
2448 3386 2661 3450 recolis,
2680 3394 2735 3440 et
2756 3385 2981 3455 Agnem,
3006 3388 3144 3442 sicut
3165 3388 3416 3444 Theclam
3440 3390 3590 3445 llam-

307 3506 403 3560 per
439 3493 853 3560 naufragaverat
875 3492 1119 3561 castitas,
1143 3492 1252 3546 illic
1274 3499 1360 3546 est
1388 3496 1649 3544 coronata
1675 3487 1901 3556 virgini-

311 3591 410 3637 tas.
445 3584 685 3653 Denique
709 3586 958 3654 populos,
991 3600 1128 3653 quos
1148 3599 1327 3655 praeco
1355 3583 1422 3637 ad
1450 3582 1726 3637 libidinem
1761 3580 1901 3634 invi-

310 3680 538 3738 taverat,
571 3672 762 3744 virgo“
794 3675 861 3729 ad
912 3676 1217 3730 castitatem
1259 3674 1529 3730 obtinuit:
1573 3681 1629 3727 et
1662 3686 1798 3741 quos
1836 3670 1903 3725 ad

314 3777 430 3818 eam
454 3764 698 3819 diabolus
718 3764 1026 3836 inquinatos
1048 3766 1275 3830 induxit,
1302 3766 1391 3820 illa
1413 3780 1443 3819 a
1463 3780 1522 3821 se
1544 3764 1772 3818 mundos
1795 3761 1906 3830 eje-

309 3854 411 3921 eit;
440 3870 632 3910 omnes
651 3870 882 3925 namque
902 3856 1209 3926 singillatim
1233 3856 1480 3926 ingressi,
1518 3870 1656 3909 unus
1675 3853 1904 3908 alterum

310 3946 611 4000 sustinebat
640 3946 797 4020 551
828 3948 1156 4019 ingressum,
1198 3947 1214 3987 ί
1246 3963 1409 4018 quem
1440 3961 1713 4016 egressum
1734 3986 1749 4011 ,
1779 3944 1905 3999 dum

312 4053 415 4092 non
448 4038 697 4094 crederet
721 4040 994 4107 mundum,
1017 4055 1077 4095 se
1104 4040 1395 4095 exhibebat
1416 4038 1749 4094 immundum
1776 4054 1787 4089 :
1811 4033 1906 4091 sed

314 4128 587 4195 ingressus
606 4128 677 4183 ad
703 4130 994 4197 libidinem,
1021 4131 1087 4185 ad
1108 4129 1448 4186 adorandum
1478 4129 1761 4183 Dominum
1789 4140 1905 4180 me-

315 4220 426 4275 ritis
455 4221 677 4289 virginis
715 4223 1027 4289 tenebatur;
1069 4229 1125 4277 et
1164 4221 1348 4291 exibat
1388 4220 1512 4275 inde
1559 4219 1655 4274 Dei
1698 4232 1904 4280 servus,

316 4310 401 4379 qui
424 4310 627 4367 diaboli
654 4312 829 4369 fuerat
868 4328 1054 4368 servus
1082 4313 1225 4367 intus
1254 4310 1559 4381 ingressus;
1591 4317 1646 4365 et
1676 4317 1755 4367 tot
1778 4306 1905 4361 facti

351 4518 411 4587 ,ιι
453 4508 609 4579 Apud
630 4506 868 4563 Galesin.
900 4516 956 4562 et
1001 4508 1053 4562 in
1092 4505 1185 4560 cit.
1211 4502 1336 4560 cod.
1383 4518 1490 4559 non
1519 4503 1785 4574 repetitur
1812 4516 1903 4554 ac-

319 4595 573 4702 npf'Duo
596 4664 724 4733 mox
749 4648 917 4731 citati.
950 4646 1109 4701 codd.
1154 4645 1432 4709 Laurent.,
1459 4645 1534 4698 sic
1557 4645 1751 4713 accipe,
1781 4650 1836 4694 ul
1862 4648 1910 4693 ιϐ

322 4734 562 4786 sponsum
592 4720 782 4773 Christi
804 4734 914 4771 esse
934 4733 1235 4788 cognoscas.

394 4799 415 4826 ε
458 4788 596 4843 Cod.
617 4788 766 4871 Vah,
799 4789 867 4839 ad
895 4786 1233 4871 penetrabilia
1261 4787 1398 4856 regis
1418 4783 1903 4871 libidinum,

325 4874 514 4929 regem,
543 4860 629 4928 qui
644 4874 759 4912 eam
788 4860 1152 4925 captivarerat,
1180 4860 1407 4920 vincere,
1435 4863 1485 4907 et
1510 4860 1639 4907 victo
1662 4868 1777 4904 cum
1804 4860 1907 4904 vir-

327 4928 559 4983 ttinitatis
585 4929 818 4983 cumulo
836 4929 1000 4981 exire.
1030 4925 1169 4980 Nam
1186 4967 1201 4983 .
1233 4936 1340 4980 etc.

326 4944 559 4997 grauatis
585 4944 818 4999 exempto
836 4944 1000 4981 extre.
1030 4944 1073 4980 tv
1085 4944 1169 4980 am
1186 4967 1201 4991 ,
1233 4944 1340 4980 etc.

394 4995 420 5033 ά
461 4995 724 5071 Galesin.,
755 4998 1137 5071 a‘virgineista
1167 5006 1313 5059 tunc,
1338 5003 1444 5071 etc.
1548 5067 1565 5071 _
1788 5070 1793 5071 γ
1868 5059 1913 5071 Η

398 5076 422 5104 ⁸
460 5065 597 5121 Cod.
629 5066 663 5119 4
690 5059 747 5122 S.
775 5059 966 5121 Crucis
993 5066 1146 5131 Min.,
1196 5076 1253 5118 ut
1298 5065 1493 5119 nudam
1539 5067 1730 5134 faceret
1778 5059 1914 5113 trahi

398 5153 416 5187 r
441 5138 641 5190 plateas
670 5137 739 5190 ad
758 5136 998 5190 lupanar.
1024 5144 1130 5190 etc.

329 5152 423 5243 per;
441 5152 641 5206 plateas
670 5152 738 5190 aa
758 5152 998 5218 tupanar,
1018 5152 1130 5218 _etc.

402 5284 427 5323 ε
631 5206 1117 5328 ξ’(ἰειριζέἷζαίιείἶι.
1153 5281 1208 5328 et
1229 5270 1489 5328 Galesin..
1514 5271 1659 5325 vestit

402 5284 427 5323 8
466 5276 605 5331 Cod.
631 5276 664 5329 4
692 5278 749 5331 S.
776 5275 964 5331 Crucis
993 5275 1117 5327 Min.
1153 5281 1208 5328 et
1229 5275 1489 5335 Galesin.,
1514 5275 1743 5325 vestitur.

402 5344 429 5383 δ
468 5346 603 5401 Cod.
626 5346 772 5412 Vat.,
800 5347 869 5399 ad
908 5345 1250 5415 captivitatem
1268 5343 1507 5397 obtinuit.
1535 5410 1545 5415 Α

342 5487 351 5497 δ
411 5416 427 5452 ί
471 5417 616 5497 Idem
659 5408 781 5471 cod.
1029 5430 1174 5483 quem
1210 5429 1472 5497 egressum
1511 5410 1632 5463 dum
1654 5408 1918 5462 crederent

335 5487 675 5554 immundum,
700 5503 755 5541 se
773 5485 1041 5539 exhibebat
1062 5484 1329 5536 mundum.

410 5558 421 5606 i
472 5558 616 5611 ldem
665 5556 786 5612 cod.
832 5555 1030 5623 Vatic.,
1059 5556 1145 5625 qui
1186 5552 1504 5625 probationis
1541 5549 1695 5619 hujus
1741 5556 1920 5600 auctor

456 5629 580 5664 intra
590 5638 605 5664 1

340 5637 622 5684 ¢.rstitera.'.

411 5698 430 5733 ³⁸
472 5696 605 5751 Cod.
636 5695 760 5764 174,
785 5696 905 5749 dum
932 5703 1231 5764 provocaret
1251 5694 1512 5746 audacter.

414 5766 427 5805 ι
473 5766 603 5819 Cod.
638 5759 777 5831 Vat.,
816 5768 896 5820 hic
915 5759 1237 5833 splendorem
1281 5765 1399 5817 clum
1423 5769 1718 5831 prorocaret
1742 5759 1808 5811 ad
1837 5759 1919 5812 lu-

2002 3496 2210 3534 marum
2257 3480 2447 3548 globos
2485 3478 2722 3533 evasisse
2751 3478 3049 3545 cognoscis,
3082 3479 3280 3533 nullam
3310 3481 3364 3535 in
3393 3482 3475 3536 his
3504 3498 3592 3537 su-

2003 3572 2227 3643 spiceris
2249 3573 2563 3626 varietatem
2590 3569 2711 3624 ﬁdei
2734 3577 2860 3623 tunc
2881 3568 3071 3635 fuisse;
3100 3586 3204 3625 una
3234 3573 3432 3627 etenim
3463 3573 3593 3629 fides

2004 3673 2222 3720 sanctos
2270 3664 2365 3718 Dei
2401 3663 2455 3717 in
2484 3663 2734 3731 passione
2768 3663 3038 3729 exercuit,
3071 3670 3125 3717 et
3154 3663 3368 3721 diverso
3397 3679 3594 3733 genere

2006 3754 2300 3824 gloriarum
2327 3751 2556 3808 reddidit
2585 3752 2869 3820 utrobique
2900 3752 3150 3808 victores.
3180 3753 3313 3807 Nam
3342 3755 3433 3839 qui
3461 3772 3593 3811 con-

2005 3852 2251 3913 sumptus
2291 3850 2374 3897 est
2410 3850 2635 3913 martyr,
2680 3841 2942 3907 exsultat;
2990 3850 3044 3897 et
3080 3844 3172 3912 qui
3201 3844 3372 3899 evasit
3401 3847 3591 3911 victor,

2008 3932 2271 3997 exsultat;
2306 3940 2326 3965 ³
2360 3940 2416 3986 et
2438 3931 2630 3986 Isaiam
2658 3938 2865 3985 sectum
2892 3939 3185 4002 martyrem
3216 3933 3372 3999 fecit,
3405 3945 3461 3991 et
3494 3937 3594 3991 Da-

2009 4022 2205 4078 nielem
2252 4023 2468 4078 leonum
2516 4021 2722 4076 rabiem
2778 4036 3094 4091 morsusque
3140 4034 3594 4091 contemnentem,

2009 4113 2444 4182 probatissimmu
2476 4112 2618 4165 Deus
2642 4111 3010 4166 confessorem
3045 4116 3341 4182 expressit:
3374 4130 3482 4184 quo
3516 4115 3597 4169 fa-

2009 4212 2096 4259 cto
2144 4210 2401 4270 utrosque
2445 4201 2642 4256 diaboli
2689 4202 2926 4256 ostendit
2980 4217 3102 4257 esse
3152 4204 3411 4271 victores;
3462 4185 3597 4260 unius

2009 4303 2155 4360 enim
2182 4301 2429 4366 moritur,
2465 4308 2522 4354 et
2547 4299 2868 4368 triumphat,
2897 4299 3033 4353 alius
3060 4300 3267 4367 evadit,
3306 4310 3359 4356 et
3389 4313 3595 4373 regnat.

2008 4505 2165 4567 ctum,
2197 4498 2374 4562 vitam,
2414 4511 2569 4567 quam
2591 4492 2854 4567 videbatur
2881 4494 3086 4567 habere,
3116 4502 3219 4567 etc.
3251 4494 3485 4567 Galesin.
3518 4499 3594 4552 le-

2009 4566 2086 4633 git
2112 4583 2123 4617 :
2153 4568 2234 4619 hic
2279 4567 2401 4619 dum
2428 4565 2703 4635 splendori
2732 4566 2921 4635 ccclein
2951 4580 3053 4618 non
3089 4566 3242 4618 cessit
3268 4565 3399 4620 dans
3433 4567 3596 4623 hono-

2010 4653 2141 4703 rem,
2172 4637 2346 4700 ritam,
2365 4653 2524 4758 quam
2552 4634 2817 4688 ridebatur
2838 4634 3043 4701 habere,
3073 4642 3178 4688 etc.

2085 4716 2123 4741 ω
2163 4706 2295 4775 Cod.
2328 4707 2351 4758 1
2399 4705 2451 4768 4,
2482 4706 2635 4775 ﬁnem
2661 4706 2958 4775 lamentatio
2989 4704 3224 4772 imponit.

2087 4784 2110 4809 η
2150 4773 2414 4841 Galesin.,
2443 4773 2549 4828 haec
2576 4773 2835 4827 mirabilia
2864 4776 3137 4845 facientem
3157 4775 3596 4831 contremiscunt:

2013 4845 2240 4897 excitant
2262 4847 2525 4899 seditionis
2544 4885 2558 4909 ,
2591 4852 2694 4897 etc.

2089 4925 2112 4948 °
2155 4914 2287 4969 Cod.
2313 4913 2347 4967 4
2367 4914 2423 4969 S.
2457 4914 2646 4969 Crucis
2674 4913 2892 4977 Minor.,
2921 4921 3301 4982 prwpararunt.

2089 4993 2115 5032 P
2154 4983 2296 5039 ldem
2322 4983 2445 5039 cod.
2473 4984 2506 5035 4
2621 4982 2808 5056 Crucis
2832 4981 2958 5056 Min.
2980 5021 2993 5045 ,
3017 4991 3082 5056 ut,
3105 4981 3406 5048 discet-etur,
3438 4986 3603 5056 virgi-

2016 5054 2193 5108 uitatis
2221 5057 2457 5123 ﬂammas
2488 5054 2605 5119 sibi,
2635 5062 2683 5105 et
2703 5053 2939 5105 incendia
2968 5052 3188 5123 penitus,
3212 5063 3314 5107 etc.

2093 5135 2119 5172 ‘1
2158 5122 2393 5179 Galesin.
2422 5126 2550 5191 legit
2576 5125 2629 5176 in
2658 5123 2839 5175 mediis
2863 5122 3102 5191 ﬂammis.

2096 5205 2116 5231 τ
2158 5193 2294 5249 Cod.
2326 5194 2359 5246 4
2387 5195 2594 5249 Sancta:
2623 5192 2809 5245 Crucis
2835 5191 2963 5244 Min.
2986 5229 3000 5254 ,
3023 5199 3113 5242 aut
3133 5191 3249 5260 quia
3275 5192 3607 5248 Laurentium

2023 5266 2267 5318 craticula
2288 5275 2573 5333 susceptum
2597 5272 2953 5333 consumptum
2973 5259 3173 5313 recolis.
3200 5259 3434 5333 Galesin.
3451 5278 3605 5327 vero,

2022 5344 2111 5386 aut
2134 5335 2251 5388 dum
2278 5331 2611 5387 Laurentium
2633 5331 2886 5383 craticula
2915 5339 3144 5383 assatum
3166 5331 3365 5383 recolis.

2097 5414 2117 5438 ³
2161 5403 2418 5480 Galesin.,
2449 5412 2496 5455 et
2528 5402 2699 5454 Isaias
2739 5409 2907 5453 sectus
2934 5408 3233 5480 ‘martgrem
3280 5417 3333 5480 se
3361 5402 3480 5480 fecit
3500 5441 3523 5480 ,.
3556 5410 3605 5453 et

2024 5474 2233 5529 Daniel.
2261 5513 2273 5526 .
2302 5513 2315 5526 .
2346 5512 2360 5527 .
2385 5513 2399 5526 .
2428 5512 2441 5525 .
2477 5480 2802 5525 contemnens
2831 5468 3247 5540 probatissimum
3279 5468 3373 5540 ι)μεί
3399 5474 3608 5540 confes-

2027 5560 2191 5599 sorem
2217 5544 2505 5613 expressit.
2533 5540 2737 5613 Testns
2784 5538 2977 5613 autem
3001 5538 3609 5613 noster_confor_n_i_is‘e:t

2030 5614 2243 5669 lectioni
2273 5607 2381 5665 tum
2413 5612 2534 5668 cod.
2564 5609 2686 5673 174,
2719 5617 2852 5664 tum.
2881 5610 3000 5667 cod.
3028 5607 3061 5661 4
3090 5607 3148 5663 S.
3176 5609 3361 5664 Crucis
3389 5607 3613 5674 Minor.,

2033 5696 2144 5740 tum
2170 5684 2331 5737 etiam
2362 5682 2494 5737 Cod.
2520 5681 2639 5736 Vat.
2670 5678 2828 5734 1267.
