4054 6194
485 373 580 430 61⁸1
1489 361 1544 420 S.
1580 359 1821 416 MAXIM]
1861 357 2166 416 EPISCOPI
2203 356 2655 414 TAURINENSIS
3638 347 3738 398 6&8

490 483 620 538 Veni
643 481 752 549 jam
781 478 930 546 virgo
960 477 1027 532 ad
1064 475 1356 530 thalamum
1397 487 1556 542 quem
1584 471 1849 540 quaesisti;
1880 478 1937 523 et
1964 485 2060 537 pro
2087 473 2137 530 Α
2163 468 2312 536 sequi
2349 467 2662 534 vestigium;
2705 462 2975 518 habebunt
3017 461 3158 516 enim
3200 468 3375 515 tecum
3403 460 3742 549 coronamin

487 548 671 626 amore
698 569 880 639 sponsi
908 567 1139 634 gladium
1179 562 1512 633 percussoris
1538 560 1787 622 admitte;
1818 569 1875 612 ut
1903 575 2065 628 spon—
2165 557 2322 619 ccelo,
2362 570 2482 624 qum
2516 565 2692 608 tecum
2719 551 3090 621 superaverint
3126 551 3399 604 inimicum
3438 548 3493 601 in
3523 548 3742 639 mundo.

488 677 600 716 sam
644 669 697 713 te
735 638 1020 724 virginitas
1049 655 1384 709 immaculata
1413 652 1729 720 comprobet
1752 650 1978 714 Christi,
2011 657 2066 704 et
2165 647 2298 701 Nam
2327 646 2465 700 sicut
2479 645 2573 698 tibi
2595 643 2773 697 Mariae
2792 641 3015 709 vestigia
3037 640 3382 710 prosequenti
3404 638 3748 708 participatio

490 757 775 819 martyrem
821 746 1087 801 confessio
1135 745 1357 814 probata
1397 743 1696 811 consiguet.
1739 751 1762 778 α
1801 741 1952 795 Felix
1983 755 2069 794 ca-
2165 744 2380 792 aeternae
2412 734 2858 791 remunerationis
2899 732 3163 802 apparuit,
3212 731 3240 770 δ
3270 731 3344 784 ita
3372 731 3457 785 bis
3486 728 3749 784 imitanti-

491 847 637 893 terva
663 836 922 904 virginum
940 877 953 901 ,
985 836 1178 904 quibus
1213 833 1447 888 studium
1475 840 1560 886 est
1590 840 1691 884 tuae
1719 829 2070 886 confessionis
2169 828 2269 881 bus
2293 834 2496 880 aeterna
2525 825 2790 880 credimus
2817 823 3009 893 gaudia
3035 839 3143 878 non
3173 821 3416 892 neganda
3449 833 3495 875 ε.
3532 822 3552 854 ⁸

1869 936 2140 1000 SERMO
2185 936 2367 995 LVII.

1596 1037 1662 1091 In
1693 1039 1956 1091 nativitate
1985 1037 2045 1090 S.
2067 1035 2289 1089 Joannis
2313 1034 2558 1104 Baptista:
2585 1031 2632 1085 I.

1793 1145 1799 1148 ·
1896 1124 2285 1180 ΔΒΜΟΝΙΤΙΟ.

567 1223 725 1296 543
755 1221 1191 1296 Antiquissimam
1229 1234 1348 1273 esse
1383 1220 1433 1273 in
1476 1219 1729 1296 Ecclesia
1763 1217 2148 1296 institutionem
2177 1217 2289 1296 diei
2314 1215 2429 1296 festi
2447 1217 2514 1296 .in
2539 1217 2801 1296 honorem
2829 1216 3120 1296 nativitatis
3159 1215 3231 1296 Si
3247 1215 3470 1296 Joannis
3495 1215 3750 1286 Baptista:

493 1285 724 1361 arg'uun't
743 1285 935 1361 θρυόὼ
961 1290 1254 1358 scriptores
1284 1304 1544 1361 ex_serm.
1571 1287 1675 1361 292
1704 1287 1981 1361 Augustini
2010 1287 2063 1339 in
2098 1285 2648 1361 festivitateejusdem
2673 1285 2730 1340 S.
2765 1285 3143 1361 ercursoris_,
3180 1286 3271 1339 ubi
3299 1285 3401 1361 ait,
3419 1303 3552 1361 eam
3583 1303 3615 1338 a
3634 1305 3748 1361 nia:

504 1355 663 1428 forum
690 1355 964 1413 traditione
992 1355 1301 1428 suscepisse.
1342 1357 1420 1410 Ex
1447 1373 1565 1428 quo
1593 1356 1872 1428 Augustini
1902 1356 2021 1409 loco
2051 1356 2271 1428 eruitur,
2304 1356 2471 1428 multo
2501 1366 2625 1428 ante
2651 1355 2937 1428 concilium
2976 1355 3281 1428 Agathense
3315 1355 3469 1428 initio
3487 1371 3542 1408 vr
3571 1358 3750 1428 saeculi

513 1433 733 1504 lubitum
763 1429 818 1483 S.
850 1428 1071 1504 Joannis
1101 1421 1398 1480 natalitium
1429 1421 1698 1504 dicamut
1722 1425 1972 1504 opinatus
2009 1431 2102 1504 est
2129 1424 2616 1504 Thoma'siniuslib.
2650 1425 2774 1504 vde
2795 1421 2979 1504 Celei}:
3011 1423 3240 1504 Festor.,
3272 1438 3391 1504 cap.
3425 1422 3615 1504 5_,_c_oli
3631 1442 3751 1504 ca:-

496 1501 658 1570 pisse.
704 1496 849 1551 inter
894 1498 1187 1570 pnecipuas
1228 1510 1356 1548 vero
1390 1495 1743 1570 celebritates
1760 1491 1859 1547 hic
1877 1493 2204 1570 dieshaberi
2226 1493 2292 1546 ab
2320 1492 2557 1570 Ecclesia
2589 1500 2816 1570 testatur
2843 1492 2899 1546 S.
2933 1492 3232 1570 Bel-nardus
3261 1491 3417 1570 epist.
3452 1491 3593 1545 tu:
3625 1493 3752 1570 Qua:

495 1561 792 1622 cancrorum
823 1561 924 1620 non
947 1561 1283 1630 natibitatem,
1310 1565 1400 1616 sed
1429 1573 1641 1617 mortem
1668 1571 1965 1617 sanctorum
1991 1563 2208 1628 indicat,
2239 1571 2289 1616 et
2314 1563 2562 1631 praedicat
2589 1564 2866 1632 pretiosam
2883 1599 2898 1623 ,
2925 1562 3181 1632 singulari
3201 1561 3425 1632 quadam
3455 1566 3752 1632 exceptione

497 1639 643 1708 festis
667 1644 875 1708 praestat
917 1635 1154 1708 gaudiis,
1185 1643 1552 1708 veneraturque
1594 1635 1758 1708 ipsius
1801 1633 2024 1686 natalem
2049 1673 2064 1699 ,
2113 1632 2300 1708 dequo
2328 1632 2600 1708 nuntiante
2637 1631 2819 1708 angelo
2847 1631 3179 1708 singulariter
3199 1631 3384 1700 legitur
3403 1648 3430 1708 :_
3448 1631 3673 1708 et_multi
3699 1636 3752 1686 in

498 1699 761 1775 nativitate
801 1699 938 1775 ejus'
955 1703 1266 1775 gaudebunt.
1329 1699 1563 1756 Primum
1609 1699 1750 1756 hunc
1795 1716 2100 1756 sermonem
2145 1699 2471 1755 Muratorius
2517 1717 2584 1756 ex
2632 1699 2819 1755 codice
2863 1699 3218 1755 Ambrosiano
3250 1699 3545 1770 exscripsit
3573 1711 3628 1755 et
3657 1718 3753 1770 pu-

499 1773 731 1829 blicavit.

500 1889 883 1945 Anouururuu.
927 1919 1000 1930 ——
1026 1883 1330 1940 Ltetandum
1359 1901 1468 1938 esse
1489 1885 1550 1937 de
1573 1883 1795 1938 Joannis
1829 1884 2077 1953 Baptista:
2111 1889 2153 1947 Β
2180 1897 2274 1937 sua
2322 1883 2624 1951 gloriosior,
2654 1899 2772 1953 qua:
2816 1883 2944 1937 dum
2982 1881 3099 1952 ejus
3144 1881 3386 1937 differtur
3430 1881 3756 1946 fecunditas,

569 1960 835 2012 nativitate
865 1955 925 2010 S.
953 1955 1213 2008 Maximus
1231 1953 1426 2024 scribit,
1456 1953 1590 2024 quod
1617 1953 2012 2024 pt'wdestinattts
2042 1969 2074 2005 α

575 2028 682 2081 Deo
707 2027 1077 2096 praedicaturus
1119 2023 1355 2096 advenit,
1397 2021 1735 2096 AgnumHDei
1767 2021 2076 2096 Redempto-

569 2113 677 2150 rem
707 2089 939 2148 nostrum
972 2093 1168 2146 adesse.
1186 2089 1487 2161 #Nonnulla
1515 2091 1662 2146 addit
1695 2091 1757 2145 de
1781 2091 2078 2161 parentibus

569 2165 792 2221 Joannis
811 2162 1071 2216 Zacharia
1098 2170 1148 2214 et
1172 2159 1458 2214 Elisabeth.

568 2334 862 2405 Religionis
909 2333 1317 2403 devotionisque
1357 2338 1553 2388 nostrae
1601 2331 1737 2386 ratio
1762 2329 1944 2399 exigit,
1969 2329 2076 2384 fra-

501 2437 610 2484 tres
634 2467 649 2493 ,
695 2434 754 2480 ut
793 2425 952 2480 hodie
979 2424 1046 2478 de
1083 2423 1226 2479 beati
1263 2421 1486 2477 Joannis
1520 2422 1771 2492 Baptistm
1803 2421 2080 2476 nativitate

501 2517 762 2582 hetemur,
808 2514 897 2582 qui
940 2512 1350 2582 prmdestinatus
1396 2528 1426 2566 a
1469 2513 1581 2567 Deo
1609 2512 1826 2566 humani
1869 2512 2080 2580 generis

501 2607 738 2662 lmtitiam
775 2615 830 2660 et
867 2603 988 2659 coeli
1027 2603 1277 2671 gaudium
1306 2604 1688 2672 prmdicaturus
1709 2603 1941 2656 advenit.
1982 2603 2080 2658 Hic

499 2705 620 2764 est,
669 2696 737 2750 de
776 2695 929 2763 cujus
974 2709 1069 2748 ore
1122 2692 1310 2748 adesse
1351 2691 1763 2761 Redemptorem
1811 2700 2074 2757 nostrum,

499 2788 688 2842 adesse
736 2786 943 2854 Agnum
971 2784 1093 2850 Dei,
1143 2798 1278 2839 nova
1308 2798 1439 2838 voce
1465 2782 1694 2837 mundus
1725 2782 1955 2849 audivit,
1987 2784 2078 2852 qui

499 2883 556 2930 et
580 2875 734 2930 testis
759 2914 775 2940 ,
823 2873 1229 2944 desperantibus
1263 2873 1331 2927 de
1371 2873 1708 2927 successione
1746 2873 2073 2942 parentibus,

499 2978 596 3034 per
621 2963 866 3030 angelum
894 2968 1055 3030 prout
1083 2961 1215 3014 tanti
1243 2961 1481 3030 mysterii
1510 2959 1839 3014 indubitatus
1867 2967 1921 3014 et
1949 2976 2078 3014 nun-

500 3052 607 3120 tius
634 3058 817 3116 esset,
855 3049 1085 3102 mittitur
1111 3049 1428 3103 nasciturus.
1477 3048 1606 3114 Quis
1637 3055 1817 3103 autem
1843 3048 2078 3118 pruden-

500 3143 607 3197 tius
627 3157 732 3196 non
760 3139 943 3195 credat
971 3154 1092 3193 eum
1121 3137 1298 3193 divina
1327 3139 1671 3196 annuntiasse
1705 3139 1992 3210 mysteria,
2023 3139 2076 3194 in

2179 1972 2324 2027 dono
2354 1981 2538 2041 partus
2579 1974 2735 2029 unius
2775 1974 3036 2028 honorem
3066 1975 3229 2029 totius
3254 1975 3585 2043 posteritatis
3613 1976 3753 2030 obti~

2177 2063 2311 2116 nuit.
2345 2062 2499 2129 Quae,
2539 2063 2664 2117 dum
2693 2065 2839 2119 velut
2868 2063 3194 2119 infructuosa
3231 2067 3346 2121 viro
3377 2082 3474 2121 suo
3505 2083 3674 2135 usque
3705 2068 3754 2124 in

2176 2159 2392 2206 aetatem
2419 2152 2657 2206 ultimam
2685 2153 3049 2222 congemiscit,
3081 2153 3258 2209 subito
3287 2170 3390 2210 non
3417 2154 3522 2209 sibi
3549 2164 3752 2214 tantum

2179 2238 2344 2295 ﬁlium
2367 2281 2382 2306 ,
2428 2241 2522 2304 sed
2559 2241 2808 2295 um‘verso
2837 2241 3034 2295 mundo
3060 2242 3244 2296 salutis
3270 2251 3482 2297 aeternae
3510 2244 3755 2300 nuntium

2177 2332 2484 2401 parturivit,
2515 2338 2570 2386 et
2591 2331 2895 2400 hujusmodi
2920 2332 3185 2399 nuntium,
3217 2339 3277 2386 ut
3301 2332 3602 2401 priusquam
3632 2349 3755 2403 pro-

2177 2421 2317 2476 diret
2345 2436 2412 2475 ex
2439 2428 2626 2486 utero,
2665 2421 2943 2491 privilegio
2963 2420 3076 2490 jam
3105 2419 3268 2476 futuri
3295 2422 3606 2486 ministerii,
3641 2438 3754 2476 ma-

2180 2517 2348 2565 terna:
2365 2511 2558 2579 lingua:
2583 2511 2951 2581 prophetalem
2973 2511 3220 2580 spiritum
3239 2513 3563 2581 propinaret,
3601 2520 3756 2581 atque

2179 2617 2242 2656 os
2289 2601 2555 2657 Zachariae
2603 2602 2772 2670 patris
2799 2641 2814 2667 ,
2869 2600 3013 2669 quod
3059 2601 3406 2655 incredulitas
3445 2601 3754 2664 clauserat,

2177 2693 2413 2762 prtedicti
2444 2708 2541 2762 per
2581 2693 2826 2762 angelum
2868 2691 3098 2748 nominis
3133 2692 3217 2746 sui
3243 2693 3441 2746 virtute
3470 2700 3754 2746 reseraret.

2178 2781 2520 2836 Conticuerat
2547 2782 2686 2835 enim
2715 2779 3030 2847 Zacharias,
3074 2795 3182 2835 non
3226 2787 3285 2834 ut
3313 2788 3490 2834 mutus
3515 2795 3757 2835 remane

2176 2878 2291 2936 ret,
2319 2870 2412 2925 sed
2455 2879 2514 2924 ut
2553 2870 2804 2925 divinitus
2839 2870 2888 2925 ei
2918 2869 3166 2939 loquendi
3196 2885 3322 2924 usus
3347 2869 3610 2936 redditus,
3651 2885 3759 2925 cce-

2177 2961 2310 3019 leste
2339 2963 2698 3018 testimonium
2728 2960 3042 3034 prophetico
3069 2963 3374 3034 perhiberet
3397 2961 3604 3016 infanti.
3633 2962 3756 3016 ideo

2176 3062 2356 3108 autem
2393 3054 2644 3110 sacerdos
2690 3056 2783 3124 qui
2823 3056 3081 3110 universa:
3120 3055 3263 3124 plebi
3291 3054 3630 3123 loquebatur,
3657 3053 3755 3108 ob-

2175 3146 2400 3212 mutuit,
2440 3154 2498 3200 ut
2533 3147 2658 3216 quia
2695 3147 2905 3217 publica
2931 3155 3046 3203 erat
3073 3147 3404 3202 taciturnitas
3432 3145 3753 3210 sacerdotis,

499 3248 604 3301 quo
641 3231 976 3300 procreando
1013 3245 1194 3284 curam
1233 3229 1536 3298 pervideret
1573 3228 1737 3284 fuisse
1762 3230 2074 3286 omlestem?
2100 3239 2144 3303 ο
2173 3235 2241 3290 ad
2271 3237 2436 3292 totius
2461 3237 2646 3308 populi
2687 3238 2931 3293 notitiam
2960 3245 3180 3293 sacrate
3221 3236 3513 3292 nativitatis
3557 3243 3755 3306 myste-

500 3321 600 3387 Qui
624 3335 746 3375 cum
771 3319 996 3374 necdum
1017 3327 1157 3373 esset
1187 3317 1343 3384 illius,
1376 3319 1821 3389 imperfectusque
1849 3321 1902 3374 in
1923 3327 2076 3376 utero

500 3417 818 3477 gestaretur,
868 3408 1218 3478 praerogativa
1267 3416 1443 3463 tamen
1489 3408 1704 3463 indultae
1751 3409 1850 3464 sibi
1893 3411 2078 3479 gratias

499 3508 702 3555 aeterno
730 3500 922 3566 gaudio
961 3499 1167 3554 viscera
1208 3507 1450 3553 materna
1487 3500 1782 3569 supplevit,
1812 3509 1868 3556 et
1905 3499 2075 3555 felici-

498 3599 663 3644 tatem
693 3589 889 3644 dudum
915 3589 1110 3644 sterilis
1138 3590 1338 3644 ventris
1357 3597 1482 3644 ante
1502 3599 1710 3660 partum
1739 3605 1890 3645 suum
1920 3591 2077 3645 beata

497 3685 672 3730 mater
699 3677 934 3745 agnovit.
967 3675 1054 3729 Ait
1075 3676 1249 3742 enim,
1280 3677 1418 3732 sicut
1446 3677 1642 3733 lectum
1671 3687 1772 3746 est,
1803 3677 2076 3733 Elisabeth

498 3766 566 3820 ad
594 3766 816 3828 Mariam
841 3783 853 3817 :
889 3764 1020 3818 Ecce
1045 3774 1101 3819 ut
1130 3768 1270 3836 facta
1296 3776 1372 3820 est
1400 3783 1498 3821 vox
1524 3768 1704 3822 salutis
1727 3777 1829 3822 tua!
1859 3770 1912 3822 in
1935 3770 2076 3823 auri-

498 3855 589 3906 bus
616 3856 760 3918 meis,
789 3855 1064 3908 exsultavit
1103 3856 1155 3908 in
1196 3857 1439 3925 gaudium
1486 3858 1661 3927 infans
1688 3859 1741 3910 in
1769 3868 1910 3913 utero
1942 3876 2072 3914 meo.

498 3943 568 3995 Et
588 3943 724 3996 unde
755 3944 850 3997 hoc
875 3945 1020 4008 mihi,
1051 3952 1107 3995 ut
1145 3943 1317 3996 Mater
1344 3943 1555 3999 Domini
1582 3947 1681 3999 mei
1711 3949 1878 4000 veniat
1905 3949 1974 4001 ad
1997 3965 2078 4003 me

498 4031 654 4100 (Luc.
685 4032 764 4100 1)?
794 4032 910 4086 Non
940 4033 1153 4097 mirum,
1182 4033 1545 4100 dilectissimi,
1575 4036 1620 4090 si
1649 4051 1782 4091 anus
1809 4038 1924 4093 htec
1942 4054 2079 4108 prte—

497 4122 735 4197 scjentiaa
779 4123 943 4178 ditata
989 4134 1071 4179 est
1117 4140 1372 4190 munere,
1411 4140 1529 4194 qua:
1554 4127 1808 4182 Altissimi
1837 4128 1930 4184 Dei
1962 4139 2080 4185 erat

498 4211 738 4282 paritura
764 4228 1086 4283 praeconem.
1117 4213 1280 4269 Facta
1309 4223 1394 4270 est
1415 4216 1575 4288 5M
1593 4226 1770 4272 autem
1798 4219 2080 4277 sterilitate

2178 3328 2316 3382 rium
2363 3330 2697 3398 perveniret,
2748 3337 2803 3384 et
2841 3345 2947 3384 non
2988 3327 3210 3383 credere
3237 3328 3287 3382 ei
3314 3327 3489 3381 nullus
3512 3325 3754 3380 auderet.

2181 3417 2348 3484 Quem
2373 3419 2482 3487 jam
2516 3421 2839 3474 nasciturum
2881 3419 3218 3474 dubitaverat
3247 3427 3418 3488 pater,
3462 3419 3756 3473 vindictam

2180 3509 2558 3564 taciturnitatis
2605 3511 2865 3565 incurrit:
2915 3511 2988 3564 ait
3015 3510 3156 3565 enim
3186 3509 3524 3578 Evangelista
3554 3508 3624 3563 de
3648 3524 3712 3563 eo
3739 3525 3753 3559 :

2180 3597 2305 3652 Non
2340 3608 2452 3652 erat
2496 3601 2605 3670 ipse
2633 3599 2745 3667 luat,
2780 3600 2872 3653 sed
2909 3608 2964 3653 ut
3004 3601 3349 3656 testimonium
3385 3599 3671 3669 perhiberet
3695 3599 3755 3652 de

2179 3687 2390 3753 lumine,
2428 3699 2484 3741 ut
2524 3705 2698 3742 omnes
2728 3691 2990 3744 crederent
3017 3707 3108 3760 per
3135 3690 3283 3744 illum
3313 3688 3489 3759 (Joan.
3522 3690 3586 3759 ι).
3642 3687 3754 3742 Non

2180 3786 2295 3832 erat
2323 3778 2535 3847 quidem
2565 3779 2673 3842 lux,
2705 3779 2799 3834 sed
2827 3788 2944 3834 erat
2965 3787 3107 3835 totus
3137 3780 3189 3833 in
3219 3779 3418 3834 lumine
3436 3820 3450 3841 ,
3493 3778 3588 3848 qui
3617 3777 3752 3832 testi-

2179 3869 2416 3923 monium
2445 3869 2636 3922 meruit
2668 3883 2799 3923 vero
2840 3869 3026 3923 lumini
3054 3869 3357 3939 perhibere.
3392 3866 3459 3921 Et
3487 3868 3629 3932 ideo,
3661 3866 3751 3920 fra-

2185 3964 2316 4023 tres,
2349 3957 2417 4011 ob
2447 3957 2704 4012 honorem
2733 3957 3025 4012 beatissimi
3052 3956 3272 4012 Joannis
3295 3956 3437 4010 hunc
3464 3955 3753 4008 nativitatis

2179 4047 2295 4114 ejus
2323 4046 2462 4102 dicm
2485 4049 2630 4103 omni
2650 4064 2772 4104 cum
2802 4049 3156 4104 exsultatione
3183 4047 3534 4114 celebremus,
3566 4047 3656 4115 qui
3688 4045 3750 4099 ad

2179 4137 2555 4206 propellendas
2600 4139 2782 4194 mundi
2824 4139 3074 4194 tenebras
3111 4137 3492 4208 sempiternum
3529 4136 3651 4192 cmli
3677 4136 3750 4189 lu-

2180 4243 2302 4283 men
2331 4237 2384 4283 et
2405 4237 2530 4285 ante
2550 4246 2737 4285 omnes
2765 4231 3000 4300 agnovit,
3025 4238 3078 4286 et
3103 4230 3305 4300 primus
3327 4228 3580 4284 ostendit.

1859 4335 2128 4400 SER’MO
2170 4342 2391 4404 LVIII.

1481 4425 1518 4472 ⁸
1633 4433 1712 4487 De
1735 4436 1912 4489 eodem
1941 4438 2000 4492 S.
2031 4439 2238 4496 Joanne
2268 4443 2503 4514 Baptista
2525 4445 2609 4500 II.

572 4603 732 4677 545
761 4603 958 4658 Erutus
985 4619 1053 4659 ex
1088 4605 1273 4661 codice
1299 4605 1676 4681 Ambrosiano,
1705 4621 1758 4667 et
1783 4527 2334 4678 editusAEhIIﬁlgtlzgo
2365 4633 2495 4679 tom.
2528 4623 2590 4679 Ν
2621 4624 2862 4683 Anecdot

500 4717 983 4806 Aucuusurtp'uz-r
999 4715 1227 4798 Joannes
1249 4755 1265 4780 ,
1315 4719 1498 4806 missus
1543 4739 1574 4774 a
1616 4721 1726 4777 Deo
1752 4727 1959 4806 nuntius
1979 4728 2076 4806 ad:-

2249 4732 2428 4790 Multis
2487 4736 2801 4804 magnisque
2843 4735 3166 4802 virtutibus,
3223 4736 3416 4794 fratres
3473 4741 3746 4806 carissimi,

569 4799 747 4862 uentus
775 4785 965 4862 Christi
990 4825 1006 4850 ,
1039 4787 1247 4862 ejusque
1294 4788 1578 4862 salutifera:
1616 4797 1980 4862 reparationis,
2011 4798 2075 4850 ab

571 4857 685 4925 ipsa
708 4857 972 4925 nalivitate
999 4857 1256 4925 mysteriis
1285 4857 1517 4914 omnibus
1542 4857 1918 4918 consecrandus
1940 4857 2071 4921 erat.

621 4941 648 4976 e
665 4923 934 4980 Zachariae
961 4923 1168 4979 silentio
1192 4966 1206 4989 ,
1248 4927 1408 4992 deque
1444 4929 1664 4986 Joannis
1709 4935 1938 4989 nondum
1963 4939 2075 4992 nati

575 4995 752 5047 virtute
774 5005 979 5048 sanctus
1009 4995 1270 5049 Maximus
1299 4995 1523 5054 disserit.

571 5151 769 5233 '"COd.
801 5153 969 5233 Yatic.
1005 5155 1161 5233 1267,
1188 5157 1342 5233 Felix
1363 5167 1564 5233 caterva
1592 5161 1866 5232 virginum,
1891 5162 2073 5233 quibus

500 5221 724 5300 studium
757 5230 831 5274 est
878 5232 978 5276 tua:
1009 5221 1155 5300 sequi
1188 5229 1527 5300 confessionis
1573 5221 1814 5286 coronam
1841 5221 2070 5297 in'cazlo,

499 5306 613 5362 qua:
636 5299 811 5362 tecum,
825 5298 1190 5362 superaverint,
1213 5298 1316 5352 etc.

572 5358 598 5397 δ
638 5355 1033 5428 (ᾆδίθεὶη.’1οεὶι
1053 5363 1122 5415 ita
1143 5355 1216 5418 eis
1247 5377 1293 5419 te
1319 5368 1659 5424 imitantibus.

575 5438 598 5466 ε
639 5427 822 5483 Codex
867 5427 1383 5506 {Sancueﬁrucis
1429 5437 1657 5506 Minor.,
1707 5446 1762 5493 et
1808 5437 2068 5506 Galesin.,

504 5493 714 5569 Itaque,
765 5514 794 5552 ο
840 5498 1111 5569 splendida
1155 5499 1356 5558 Christo
1380 5547 1394 5569 ,
1435 5493 1657 5576 pulo/mi
1697 5507 1795 5562 Dei
1826 5493 2071 5577 'Fuibfei

569 5628 587 5714 ξ
615 5628 728 5684 Non
756 5629 1010 5714 Galesinii
1039 5633 1348 5699 editionem,
1372 5639 1463 5691 sed
1489 5639 1844 5698 Parisiensem
1873 5643 2066 5698 Mauri-

501 5711 684 5754 norum
712 5711 880 5757 secuti
904 5719 1105 5768 sumus,
1136 5719 1295 5772 quam
1327 5721 1443 5761 esse
1481 5713 1898 5767 emendatiorem
1923 5715 2067 5768 novi-

2180 4825 2322 4879 Deus
2347 4841 2410 4880 ac
2435 4825 2687 4880 Dominus
2710 4834 2894 4881 noster
2921 4830 3353 4884 concurrentium
3381 4830 3448 4885 ad
3491 4846 3552 4886 se
3582 4849 3746 4903 pepu-

2180 4915 2352 4969 lorum
2403 4915 2643 4980 animos,
2680 4915 2942 4986 fidemque
2969 4918 3283 4984 confirmat,
3326 4921 3417 4988 qui
3461 4922 3751 4976 electorum

2180 5021 2398 5061 suorum
2428 5021 2537 5060 non
2570 5007 2741 5060 solum
2770 5007 3093 5062 laudabilem
3120 5010 3315 5074 vitam,
3347 5011 3439 5065 sed
3469 5013 3634 5066 etiam
3663 5029 3753 5066 na-

2176 5164 2410 5236 omnibus
2433 5165 2631 5234 angelis
2660 5172 2707 5217 et
2736 5165 3062 5236 archangelis
3091 5176 3270 5236 grata,
3297 5177 3351 5221 ut
3378 5171 3548 5223 nostri
3575 5172 3750 5224 memi—

2175 5236 2313 5286 nisse
2337 5233 2617 5305 digneris,
2642 5233 2820 5305 quibus
2867 5233 3136 5304 possumus
3181 5239 3411 5305 precibus
3440 5257 3748 5301 exoramus;

2175 5312 2231 5355 ut
2259 5301 2511 5356 nobis'ille
2532 5301 2723 5380 tribuat
2748 5301 3068 5380 peccatorum
3085 5301 3468 5380 indulgentiam
3491 5351 3506 5376 ,
3546 5312 3632 5380 qui
3662 5309 3748 5362 tibi

2177 5381 2377 5449 tuorum
2405 5373 2884 5449 omniunLlaborum
2923 5374 3134 5428 tradidit
3170 5373 3418 5449 palmam,
3449 5373 3538 5448 qui
3559 5373 3744 5449 "regnat

2174 5457 2287 5515 cum
2329 5440 2489 5515 Patre
2526 5451 2575 5494 et
2615 5441 2815 5510 Spiritu
2856 5453 3036 5515 sancto
3074 5460 3091 5515 .j
3132 5440 3253 5514 quia
3296 5446 3396 5515 ipsi
3450 5440 3528 5500 est
3568 5440 3738 5513 honor,

2173 5510 2311 5575 laus,
2341 5511 2507 5580 gloria
2533 5518 2582 5563 et
2607 5518 2831 5580 potestas
2853 5512 2906 5565 in
2932 5513 3121 5567 sarcula
3145 5510 3470 5569 saeculorum.
3497 5518 3670 5570 Amen.

2173 5661 2292 5699 mus
2316 5685 2330 5706 .
2386 5647 2593 5702 collatis
2639 5650 2925 5716 praecitatis
2949 5649 3221 5706 codicibus
3247 5649 3613 5711 Laurentiauis
3630 5694 3644 5715 .
3672 5665 3731 5705 ex

2172 5716 2365 5782 quibus
2396 5717 2602 5787 aliquas
2630 5718 2900 5774 variantes
2922 5719 3300 5789 decerpsimus.
