4054 6194
225 281 332 336 649

1670 298 1898 355 SERMO
1940 303 2071 369 LIX.

3374 324 3484 376 (ΒΩ

223 394 484 447 tivitatem
511 393 643 449 fecit
668 409 787 451 esse
811 398 1142 465 mirabilem;
1174 400 1311 456 sicut
1336 402 1402 459 de
1422 403 1585 461 beato
1600 406 1808 464 Joanne
1834 416 1877 472 Α
1910 413 2018 468 Nec
2047 415 2242 469 mirum
2278 417 2323 471 si
2352 417 2467 473 lucc
2509 427 2618 474 tam
2646 423 2907 492 stupenda
2936 424 3192 481 miracula
3220 442 3316 497 per
3343 430 3486 487 illius
3536 412 3539 413 ν

222 481 456 553 Baptista
486 484 709 540 decursa
736 485 1009 556 Evangelii
1047 491 1281 548 lectione
1310 498 1658 563 cognovimus
1677 542 1693 569 ,
1720 505 1805 558 cui

220 584 367 629 tanta
413 575 617 631 indulta
661 587 747 634 est
787 584 1139 650 praerogativa
1168 589 1455 658 nascendi,
1487 599 1547 646 ut
1574 594 1807 663 prophe-

220 665 337 719 ticis
361 672 524 734 atque
548 669 869 735 evangelicis
906 674 1353 739 praenuntiaretur
1376 679 1596 735 vocibus
1624 682 1801 736 nasci-

219 758 385 807 turus.
456 753 563 807 Aut
607 756 883 823 quomodo
931 774 1040 814 non
1081 763 1330 819 omnibus
1373 775 1490 821 erat
1535 771 1801 839 mysteriis

217 844 647 913 consecrandus,
694 847 785 914 qui
832 848 1081 905 veniebat
1122 867 1221 922 pro
1267 855 1638 926 redemptione
1665 858 1791 915 (leti-

216 930 404 986 cientis
447 933 632 987 muudi
678 944 1139 994 sacramentorum
1185 942 1469 999 Dominum
1514 948 1799 1005 revelare?

216 1022 477 1093 Concepit
505 1038 636 1095 ergo
662 1041 810 1091 eum,
842 1030 982 1085 sicut
1007 1032 1251 1099 audistis,
1279 1036 1347 1090 de
1362 1036 1660 1105 justissima
1680 1044 1796 1099 viro

214 1113 494 1168 senissima
540 1121 598 1169 et
642 1117 838 1173 sterilis
860 1118 1058 1177 femina
1077 1164 1093 1187 ,
1124 1131 1183 1177 ut
1210 1140 1279 1180 ex
1304 1127 1582 1197 multiplici
1603 1132 1796 1203 despe-

214 1203 423 1257 ratione
453 1210 508 1258 et
536 1206 808 1261 nascentis
835 1210 986 1277 pueri
1032 1212 1199 1280 gloria
1226 1253 1242 1279 ,
1286 1223 1342 1270 et
1378 1220 1619 1286 potentia
1660 1238 1795 1292 ope-
1824 1263 1828 1267 ς

212 1291 379 1345 rantis
407 1291 504 1347 Dei
548 1294 975 1363 magniﬁcentior
1001 1311 1305 1370 appareret.
1352 1304 1449 1362 Hic
1477 1319 1558 1364 est
1581 1310 1650 1366 de
1686 1291 1794 1382 quo

212 1379 521 1447 prtedictum
551 1382 774 1450 legimus
818 1400 915 1455 per
953 1386 1314 1459 Prophetam:
1373 1394 1482 1451 Vox
1521 1379 1794 1459 clamantis

210 1469 261 1523 in
289 1470 494 1525 deserto
528 1472 692 1543 (Isai.
726 1493 813 1543 χι,
846 1477 973 1532 Luc.
1007 1480 1114 1551 in).
1154 1482 1223 1536 Et
1249 1484 1372 1541 ideo
1393 1488 1680 1548 Zacharias
1708 1511 1792 1549 sa-

209 1560 405 1615 cerdos
450 1563 550 1617 sub
601 1568 864 1622 sententia
911 1572 1087 1639 angeli
1130 1573 1458 1645 increpantis
1483 1583 1787 1654 obmutuit;

207 1651 326 1719 quia
371 1654 627 1721 promissi
674 1658 1038 1726 magnitudine
1082 1666 1429 1722 conturbatus
1469 1670 1704 1727 luturum
1732 1691 1791 1731 se

208 1747 416 1808 patrem
462 1744 790 1800 annuntiata:
835 1750 985 1804 vocis
1029 1766 1149 1807 esse
1194 1769 1300 1809 non
1348 1758 1592 1815 credidit.

204 1828 422 1896 quidem
465 1846 660 1901 magna
705 1834 800 1890 Dei
842 1837 1241 1908 dispensatione
1287 1845 1486 1902 factum
1514 1866 1634 1906 esse
1661 1828 1786 1922 per-

205 1918 460 1986 spicimus
478 1963 493 1988 ,
522 1930 580 1976 ut
608 1924 855 1980 universa
879 1924 1183 1985 Judzeorum
1205 1933 1386 2001 plebs,
1417 1936 1542 1992 dum
1570 1956 1785 1999 causam

203 2007 329 2060 tanti
358 2009 560 2064 silentii
592 2023 991 2083 percunctatur,
1030 2022 1346 2088 procreandi
1371 2027 1525 2094 pueri
1552 2028 1786 2087 disceret

202 2096 482 2151 veritatem
506 2141 523 2166 ,
572 2109 628 2155 et
672 2112 871 2159 sanctae
918 2110 1285 2178 conceptionis
1306 2124 1574 2171 secretum
1602 2124 1782 2191 magni

202 2184 465 2252 pontiﬁcis
495 2191 828 2248 taciturnitas
856 2195 1170 2264 publicaret.
1199 2199 1453 2258 Indicitur
1476 2220 1605 2275 ergo
1620 2184 1782 2265 silen-

207 2274 329 2329 tium
380 2279 567 2345 patri,
615 2296 683 2336 ne
729 2299 908 2352 praeco
942 2288 1174 2343 cwlestis
1195 2288 1357 2346 Verbi
1385 2309 1483 2362 per
1509 2274 1779 2357 silentium

199 2374 528 2433 nasceretur,
576 2384 878 2441 quanquam
923 2374 1130 2432 altioris
1177 2378 1232 2433 in
1278 2380 1380 2437 hoc
1424 2390 1663 2456 mysterii
1692 2406 1780 2447 ar-

198 2466 321 2507 cana
346 2458 677 2523 pandantur.
728 2462 861 2516 Nam
891 2464 945 2517 in
975 2466 1066 2521 illo
1096 2467 1307 2527 silentio
1329 2478 1648 2547 sacerdotis,
1681 2483 1780 2539 ad-

196 2553 446 2600 ventante
466 2548 646 2617 utique
662 2549 856 2607 Christi
878 2557 1072 2622 gratia,
1096 2565 1149 2613 et
1164 2564 1428 2620 severitas
1449 2570 1680 2640 antiqua:
1700 2575 1778 2630 le-

193 2632 263 2699 gis
283 2634 576 2701 obmutuit,
608 2639 769 2712 546
783 2651 835 2697 et
854 2645 988 2700 ritus
1013 2651 1186 2706 omnis
1210 2655 1502 2712 carnalium
1523 2632 1778 2721 conticuit

197 2723 551 2781 victimarum.
582 2727 689 2785 Sed
719 2742 895 2788 tamen
922 2751 991 2791 ne
1016 2740 1143 2808 quid
1172 2742 1225 2796 in
1253 2745 1414 2801 beato
1442 2747 1647 2808 Joanne
1668 2771 1773 2811 non

192 2821 321 2867 esset
364 2816 649 2886 mirabile,
690 2821 925 2892 linguam
951 2828 1144 2898 patris,
1191 2846 1351 2900 quam
1391 2840 1776 2911 concipiendas

192 2904 609 2974 vinxerat,natus
630 2913 876 2982 absolvit,
903 2925 961 2972 ut
978 2919 1316 2980 beatissimus
1327 2941 1509 2996 senex,
1528 2934 1618 3001 qui
1636 2935 1777 2992 inter

192 2991 349 3048 cilicia
406 3006 642 3053 veterum
667 3003 1013 3062 traditionum
1036 3024 1188 3066 usum
1216 3019 1479 3073 sermonis
1496 3023 1769 3094 amiserat,

193 3080 437 3139 innovate
465 3102 565 3157 per
592 3087 756 3146 filium
784 3109 950 3165 voce,
982 3114 1119 3155 nova
1149 3106 1404 3173 mysteria
1430 3112 1765 3179 praedicaret.
1795 3126 1840 3187 c

1908 503 2097 557 merita
2146 516 2541 575 provenerunt,
2584 524 2743 579 quem
2791 520 2937 568 tanta
2976 515 3071 571 Dei
3110 519 3362 575 comitata
3401 534 3486 578 est

1899 594 2071 662 gratia
2097 632 2113 659 ,
2162 605 2221 649 ut
2269 596 2336 652 de
2380 598 2609 655 adventu
2655 601 2850 659 Christi
2896 620 3199 663 mensuram
3240 610 3485 668 humana:

1903 685 2271 752 conceptionis
2317 702 2562 756 egressus
2607 691 2746 746 intra
2793 694 2997 750 viscera
3037 698 3213 753 adhuc
3241 708 3484 757 materna

1902 771 2181 837 gauderet.
2232 775 2320 829 Ait
2364 778 2536 845 enim,
2579 780 2717 835 sicut
2742 782 3069 853 audivimus,
3111 786 3384 845 Elisabeth
3412 793 3483 847 ad

1902 857 2123 914 Mariam
2149 879 2161 913 :
2190 862 2323 917 Ecce
2353 875 2411 918 ut
2453 868 2591 936 facta
2632 878 2709 922 est
2737 887 2833 925 vos:
2861 876 3045 928 salutis
3073 883 3174 931 tua:
3192 879 3245 931 in
3271 880 3484 935 auribus

1900 950 2049 1012 meis,
2079 952 2357 1008 exsultavit
2381 957 2435 1009 in
2460 958 2705 1027 gaudium
2731 962 2909 1033 infans
2940 966 2995 1018 in
3018 974 3163 1022 utero
3190 986 3303 1031 mea
3327 971 3477 1042 (Luc.

1898 1041 1961 1106 ι).
2010 1039 2183 1097 Tanta
2229 1045 2373 1099 enim
2403 1046 2587 1116 illum,
2636 1052 2799 1106 etiam
2837 1070 2961 1109 cum
2998 1039 3343 1131 formaretur,
3366 1063 3481 1132 jam

1896 1129 2069 1186 virtus
2094 1136 2323 1203 agebat,
2366 1144 2427 1191 ut
2449 1138 2520 1193 ad
2547 1140 2927 1200 documentum
2954 1149 3189 1207 ccelestis
3213 1129 3476 1224 mysterii,

1896 1221 2042 1288 quod
2069 1224 2478 1291 praedicaturtun
2508 1244 2565 1285 se
2593 1231 2828 1288 humano
2854 1239 3039 1304 generi
3067 1221 3354 1312 sentiebat,
3382 1221 3479 1301 na;-

1894 1311 2158 1367 tivitatem
2211 1330 2363 1370 suam
2416 1321 2821 1390 prophetalibus
2868 1327 3079 1384 indiciis
3122 1311 3475 1401 praeveniret.

1895 1399 2033 1466 Quid
2072 1417 2203 1471 ergo
2243 1407 2501 1464 miramur
2538 1409 2584 1465 si
2611 1411 2846 1471 Joannes
2874 1420 3177 1477 venientem
3207 1423 3476 1483 Christum

1894 1492 1960 1546 ad
1997 1494 2319 1564 baptismum
2355 1515 2510 1555 suum
2548 1504 2752 1574 absque
2780 1508 2884 1563 ulla
2915 1510 3251 1570 hmsitatione
3271 1531 3475 1586 cogno-

1893 1583 2007 1649 vit,
2054 1585 2099 1638 si
2141 1603 2262 1641 cum
2291 1590 2520 1645 necdum
2550 1592 2664 1662 ipse
2690 1596 2977 1664 prodiisset
3004 1600 3057 1654 in
3087 1602 3281 1670 lucem,
3315 1608 3473 1677 virgi-

1891 1671 2001 1725 nali
2023 1685 2145 1729 eum
2187 1676 2241 1730 in
2270 1686 2426 1734 utero
2455 1680 2645 1738 adesse
2671 1689 2984 1754 praesensit?
3019 1689 3147 1757 Qua:
3185 1710 3312 1751 vero
3348 1713 3471 1755 eum

1636 1764 1789 1829 Quod
1824 1763 1866 1823 Β
1894 1761 2033 1817 intra
2059 1765 2235 1820 alvum
2265 1780 2562 1826 maternam
2591 1777 2880 1833 exsultatio
2915 1787 3326 1856 commovisset,
3370 1790 3469 1845 cla-

1891 1855 2100 1910 rissima
2148 1862 2488 1927 postmodum
2528 1880 2661 1920 voce
2707 1874 2934 1925 testatus
2980 1881 3063 1927 est
3088 1874 3303 1933 dicens:
3336 1879 3471 1936 Ecce

1885 1946 2062 2015 Agnus
2091 1946 2189 2002 Dei
2211 1986 2227 2014 ,
2272 1968 2388 2005 ecce
2427 1955 2513 2024 qui
2548 1956 2682 2011 to'llit
2718 1970 2927 2024 peccata
2948 1965 3126 2018 mundi
3175 1968 3354 2039 (Joan.
3387 1975 3466 2043 ιι).

1887 2034 2113 2106 Propter
2140 2040 2277 2096 hanc
2305 2060 2492 2100 vocem
2511 2086 2526 2113 ,
2574 2050 2864 2119 carissimi,
2899 2057 3079 2110 omnia
3107 2058 3195 2113 illa
3223 2076 3342 2129 qum
3369 2078 3469 2117 au-

1884 2126 2036 2182 distis
2062 2128 2115 2183 in
2136 2129 2364 2199 Joanne,
2388 2138 2664 2204 praemissa
2690 2150 2813 2196 sunt
2832 2156 3186 2213 sacramenta,
3216 2161 3466 2238 promer:

1882 2229 1945 2271 ea
1998 2219 2139 2275 illius
2184 2224 2416 2291 gloriosa
2459 2233 2743 2300 conceptio
2789 2242 2846 2288 et
2898 2237 3005 2291 vita
3053 2248 3137 2293 est
3184 2219 3464 2300 laudabilis

1881 2320 2181 2379 prteparata
2206 2355 2221 2381 ,
2266 2323 2325 2369 ut
2369 2317 2436 2372 de
2476 2336 2571 2375 ore
2610 2331 2718 2379 tam
2756 2334 2944 2382 sancto
2980 2328 3329 2389 absolutionis
3355 2350 3463 2392 sua)

1880 2417 2071 2457 vocem
2118 2407 2350 2465 mundus
2376 2411 2604 2468 audiret.
2654 2413 2822 2481 Quam
2852 2420 3075 2487 pulchre
3099 2430 3280 2479 autem
3306 2425 3461 2482 Chri-

1879 2500 2020 2546 stum
2048 2492 2333 2551 Dominum
2376 2509 2622 2557 nostrum
2658 2498 2780 2574 agni
2817 2510 3079 2565 vocabulo
3111 2516 3460 2585 nuncupavit,

1879 2579 2030 2647 cujus
2076 2584 2241 2640 solius
2288 2589 2547 2657 sanguine
2584 2592 2879 2662 placandus
2907 2606 3025 2653 erat
3054 2599 3225 2668 Deus,
3257 2579 3313 2659 et
3338 2579 3458 2660 uni;

1876 2688 2033 2728 versa
2059 2676 2367 2733 redimenda
2388 2682 2712 2740 mortalitas!
2744 2686 2970 2757 Dignum
2985 2706 3113 2761 ergo
3138 2695 3457 2769 est,fratres,

1878 2769 1935 2814 ut
1963 2777 2061 2831 pro
2090 2765 2297 2823 honore
2328 2770 2459 2824 tanti
2494 2771 2593 2827 viri
2629 2774 2986 2835 devotissimis
3013 2797 3227 2852 semper
3255 2765 3454 2843 festivi;

1877 2854 2072 2910 tatibus
2119 2859 2450 2916 exsultemus
2475 2903 2492 2930 ,
2539 2864 2631 2933 qui
2665 2882 2773 2923 uno
2802 2871 3003 2940 pariter
3030 2876 3371 2943 testimonio.
3401 2890 3453 2937 et

1852 2948 2214 3023 praesentiam
2256 2949 2465 3008 Domini
2500 2956 2759 3025 prodidit,
2788 2969 2845 3016 et
2872 2962 3200 3022 imminentis
3220 2968 3337 3038 ejus
3364 2986 3451 3027 re-

1876 3033 2049 3089 media
2077 3038 2439 3108 pr0phetavit.

1575 3226 1847 3293 SERMO
1885 3235 2051 3297 LIX.

1132 3311 1214 3368 De
1237 3316 1415 3372 eadem
1456 3323 1723 3382 nativitate
1755 3329 1815 3384 S.
1839 3332 2060 3390 Joannis
2091 3338 2342 3410 Baptista:
2369 3342 2485 3397 ΙΙΙ.

246 3709 459 3787 occursu
502 3705 651 3787 atque
686 3699 1033 3787 salutatione;
1059 3707 1121 3760 de
1137 3699 1373 3787 Joanne,
1519 3720 1581 3773 ab
1613 3722 1760 3778 Isaia

236 3775 334 3814 vox
375 3763 663 3852 clamantis
706 3768 760 3847 in
803 3763 1026 3852 desertor
1052 3763 1488 3852 αρρεζιαὶάξέἶῖ..

243 3847 427 3898 parare
450 3834 581 3887 viam
609 3834 852 3908 Domino,
885 3850 935 3894 et
974 3834 1140 3899 rectas
1166 3834 1336 3919 facere
1356 3834 1567 3912 semita:
1588 3834 1720 3931 ejus.

242 4002 385 4061 Beati
431 4006 655 4065 Joannis
698 4012 952 4084 Baptista:
979 4026 1281 4081 veneranda
1312 4027 1575 4091 festivitas
1600 4078 1613 4105 ,
1643 4039 1751 4094 tra-

184 4097 281 4145 tres
308 4096 612 4167 carissimi,
642 4117 740 4170 per
764 4107 1068 4164 universum
1094 4116 1348 4171 mundum
1378 4121 1539 4179 hodie
1563 4142 1593 4180 a
1622 4127 1753 4185 fide-

182 4176 303 4235 libus
329 4185 655 4255 celebratur,
704 4193 794 4259 qui
843 4195 947 4250 hoc
985 4203 1302 4270 prophetica
1332 4176 1593 4279 dignitate
1616 4176 1747 4286 Qui.

180 4274 376 4342 meruit,
404 4292 479 4329 ne
505 4293 535 4331 a
567 4279 809 4337 laudibus
837 4285 952 4354 ejus
976 4291 1157 4346 sileret
1176 4274 1412 4353 fidelium
1438 4274 1744 4380 posteritas,

178 4362 311 4429 cujus
337 4382 366 4420 a
398 4368 513 4423 Deo
552 4370 761 4428 dicatur
790 4375 903 4446 ipsa
933 4382 1204 4440 nativitas.
1242 4388 1299 4442 lu
1332 4362 1535 4449 tant-um
1564 4362 1742 4457 auten;

176 4457 407 4520 specialis
459 4459 512 4512 in
559 4476 625 4516 eo
672 4466 929 4533 prchulsit
975 4475 1191 4543 electio,
1240 4488 1298 4533 ut
1345 4497 1408 4535 ex
1434 4484 1743 4553 justissimis
1773 4480 1823 4539 Ῑ)

175 4552 309 4599 ortus
338 4552 650 4616 parentibus
689 4565 848 4612 antea
886 4573 1184 4620 mereretur
1218 4552 1538 4631 annuntiare
1560 4579 1745 4637 Domi-

174 4646 286 4686 num
334 4637 493 4707 hujus
539 4644 721 4697 mundi
768 4645 1099 4707 Salvatorem
1128 4667 1429 4729 venturum,
1459 4682 1617 4735 quam
1649 4688 1743 4727 na-

173 4725 339 4779 scendi
371 4729 598 4786 haberet
630 4734 855 4792 initium.
902 4740 1141 4813 Denique
1168 4725 1441 4807 Elisabetli
1472 4725 1655 4813 sancta
1686 4725 1742 4816 et

170 4826 287 4867 anus
316 4821 528 4887 mulier,
577 4838 696 4877 cum
719 4837 941 4896 propter
968 4835 1304 4893 sterilitatem
1334 4842 1505 4899 dilfisa
1534 4847 1600 4902 de
1630 4850 1738 4905 ﬁlio

169 4917 193 4950 a
220 4919 341 4961 sene
361 4910 472 4976 jam
504 4916 698 4969 marito
716 4958 730 4982 ,
758 4922 947 4987 angelo
977 4939 1418 4992 pnemonstrante
1438 4978 1452 5003 ,
1486 4942 1737 5011 concipe-

165 5003 257 5062 ret,
288 5000 537 5057 visitante
565 5022 623 5061 se
648 5011 943 5068 castissima
975 5017 1175 5085 virgine
1203 5021 1366 5079 Maria
1386 5067 1399 5090 ,
1424 5043 1543 5096 quae
1572 5034 1733 5088 etiam

164 5091 213 5136 ct
239 5102 266 5138 a
295 5088 498 5158 Spiritu
526 5108 713 5153 sancto
734 5141 749 5163 ,
801 5106 992 5172 angelo
1021 5108 1256 5167 dictante
1280 5156 1294 5181 ,
1324 5088 1651 5189 conceperat
1681 5126 1733 5179 in

160 5180 303 5229 utero
331 5178 666 5239 Salvatorem
687 5230 702 5253 ,
734 5190 784 5243 in
833 5192 948 5260 ipso
974 5196 1311 5257 salutationis
1339 5220 1565 5263 occursu
1589 5211 1733 5268 dice-

157 5257 239 5315 bat
264 5283 276 5315 :
310 5266 587 5325 Benedicta
616 5284 669 5327 tu
693 5278 825 5333 inter
852 5257 1108 5354 mulieres,
1138 5297 1188 5341 et
1209 5288 1501 5350 benedictus
1531 5300 1725 5368 fructus

156 5357 333 5409 reatris
354 5362 430 5412 tui
452 5378 469 5413 :
492 5380 605 5418 ecce
625 5369 780 5434 enim,
810 5382 865 5425 ut
886 5376 1026 5444 facta
1045 5388 1121 5431 est
1147 5396 1245 5434 νοω
1272 5383 1599 5444 salutationis
1624 5400 1725 5447 tua:

156 5440 202 5489 in
230 5446 440 5503 auribus
460 5455 619 5520 meis,
659 5461 931 5517 exsultavit
969 5467 1023 5519 in
1053 5469 1242 5537 gaudio
1280 5473 1457 5542 infans
1498 5479 1552 5531 in
1580 5493 1724 5537 utero

153 5546 254 5588 meo
283 5537 437 5605 (Luc.
469 5544 526 5613 ι).
574 5545 618 5601 Ο
645 5564 805 5617 quam
832 5553 1020 5624 dignus
1048 5566 1103 5613 et
1131 5560 1256 5615 felix
1286 5537 1593 5623 sanctarum
1623 5587 1719 5627 oc-

152 5633 327 5683 uusus
364 5630 715 5692 feminarum!
769 5641 813 5695 Ο
840 5659 998 5711 quam
1026 5658 1209 5707 sancta
1239 5653 1513 5725 salutatio,
1546 5658 1710 5733 Virgo

422 5722 684 5789 PATROL.
736 5730 920 5795 LVII.

1861 3758 1967 3814 ris!
1997 3758 2042 3813 Ο
2064 3778 2223 3832 quam
2260 3767 2581 3828 beatissima:
2617 3784 2817 3834 matres
2858 3780 3287 3844 beatissimorum
3316 3808 3437 3862 par-

1858 3852 2102 3908 vulorum
2122 3859 2469 3917 sanctissimae
2489 3866 2755 3923 nutrices!
2786 3869 2831 3925 Ο
2856 3873 3146 3941 gloriosum
3177 3887 3444 3951 praeconis

1857 3941 2090 3997 officium
2111 3987 2126 4012 ,
2155 3948 2248 4016 qui
2279 3948 2421 4005 intra
2445 3954 2650 4010 viscera
2680 3967 2922 4017 materna
2954 3966 3128 4023 adhuc
3155 3973 3443 4032 conclusus

1853 4031 1921 4087 ad
1949 4031 2184 4091 futurum
2207 4037 2319 4108 jam
2344 4039 2675 4101 Salvatorem
2703 4051 2907 4121 mundi,
2937 4070 3093 4123 quem
3122 4058 3297 4117 adhuc
3332 4079 3451 4119 ser-

1854 4138 2014 4179 mone
2041 4141 2148 4181 non
2185 4137 2425 4197 poterat,
2466 4136 2656 4203 spiritu
2689 4145 2863 4195 tamen
2893 4148 3208 4215 prophetico
3236 4156 3448 4210 revela-

1852 4211 1983 4279 bat;
2014 4230 2114 4271 nec
2142 4219 2283 4273 enim
2308 4229 2522 4289 poterat
2546 4227 2714 4281 veteri
2741 4230 2839 4283 sub
2864 4211 2980 4300 lege
2997 4211 3248 4294 ordinem
3275 4259 3431 4305 suum

1852 4313 2041 4360 natura
2069 4310 2309 4365 mortalis
2351 4326 2595 4381 servare,
2644 4320 2857 4386 quando
2885 4338 2983 4391 per
3015 4342 3212 4383 novam
3239 4333 3426 4390 divini-

1853 4398 1977 4453 tatis
2004 4403 2229 4467 gratiam
2264 4420 2460 4461 novum
2490 4409 2648 4464 saluti
2676 4412 2951 4470 hominum
2989 4424 3301 4491 mysterium
3327 4445 3425 4498 pa-

1848 4490 2083 4546 rabatur.
2127 4492 2225 4549 Hic
2253 4504 2335 4552 est
2360 4499 2501 4553 enim
2528 4500 2762 4560 Joannes
2787 4508 2876 4577 qui
2906 4510 2973 4564 ab
3000 4490 3133 4567 Isaia
3162 4490 3424 4590 propheta

1858 4582 1971 4636 Vox
2010 4586 2282 4643 clamantis
2318 4589 2372 4644 in
2411 4592 2610 4649 deserto
2656 4596 2810 4667 (Isal.
2843 4602 2933 4672 XL)
2976 4582 3286 4679 vocabatur,
3333 4615 3423 4681 qui

1847 4683 1993 4731 recte
2021 4693 2124 4732 vox
2152 4679 2374 4750 dicitur,
2413 4685 2537 4751 quia
2567 4688 2707 4742 enim
2738 4690 3016 4749 intonante
3044 4701 3309 4765 prteconio
3339 4719 3424 4757 sa-

1842 4774 2115 4820 cramenta
2163 4771 2323 4840 548
2368 4773 2753 4845 redemptionis
2813 4781 3059 4839 humame
3103 4789 3261 4843 surda
3312 4792 3423 4861 jam

1843 4854 2039 4909 dudum
2072 4860 2138 4913 ab
2167 4861 2311 4914 omni
2342 4864 2524 4919 auditu
2548 4867 2688 4923 bono
2709 4872 2870 4939 etrapit
2891 4874 3075 4931 audire
3095 4854 3419 4939 mortalitas.

1841 4945 1949 5000 Nos
1996 4948 2196 5017 itaque,
2242 4954 2532 5023 carissimi,
2564 4958 2841 5015 audiamus
2869 4964 2997 5032 quid
3026 4967 3091 5020 ad
3120 4969 3420 5037 profectum

1840 5038 2077 5094 omnium
2105 5052 2345 5099 nostrum
2372 5046 2665 5104 Salvatoris
2691 5054 2908 5107 nuntius
2936 5057 3257 5124 praedicabat
3282 5082 3294 5117 :
3319 5064 3418 5120 Pa-

1837 5135 1968 5194 rate,
2000 5129 2202 5200 inquit,
2234 5136 2366 5189 viam
2395 5135 2639 5207 Domino,
2680 5151 2845 5195 rectas
2885 5145 3042 5214 facile
3069 5152 3279 5206 semitas
3308 5158 3416 5226 ejus

1838 5214 1987 5284 (Luc.
2024 5221 2119 5290 in).
2164 5222 2302 5279 Vere
2336 5225 2525 5293 dignus
2560 5229 2749 5284 beatus
2789 5230 3023 5290 Joannes
3063 5240 3153 5307 qui
3185 5241 3236 5294 in
3262 5214 3416 5299 semi-

1837 5313 1918 5362 tas
1948 5317 2124 5365 rectas
2151 5314 2289 5367 male
2318 5315 2605 5371 viventium
2635 5318 2891 5389 dirigeret
2911 5327 3228 5394 pravitatem
3249 5351 3264 5385 ι
3287 5338 3413 5402 quid

1830 5397 1972 5451 enim
2002 5409 2085 5453 cst
2110 5417 2300 5470 parare
2332 5406 2472 5459 viam
2507 5407 2764 5477 Domino,
2797 5413 2896 5468 nisi
2920 5420 3152 5474 venienti
3181 5422 3247 5477 de
3274 5428 3411 5481 ccelo

1826 5487 2015 5557 Judiei,
2044 5504 2267 5563 purgato
2292 5512 2322 5550 a
2350 5498 2494 5554 vitiis
2522 5516 2618 5570 per
2645 5505 3036 5566 confessionem
3068 5522 3122 5568 et
3151 5518 3410 5585 paeniten-

1827 5579 1950 5634 tiam
2000 5592 2253 5654 pectore,
2294 5589 2552 5659 simplicis
2580 5594 2757 5650 cordis
2788 5597 3146 5657 habitaculum
3178 5605 3407 5663 Domino

1824 5677 2169 5742 praeparare?
2208 5676 2345 5745 Quid
2385 5690 2464 5737 est
2503 5693 2681 5741 rectas
2722 5686 2899 5746 facere
2935 5696 3155 5749 semitas
3185 5697 3276 5753 Dei
3306 5717 3401 5754 uo-

3053 5788 3123 5843 21
