4054 6194
193 302 298 360 655

1645 312 1883 372 .SERMO
1899 315 2043 372 ιλιι.

3356 338 3474 397 ’654

187 418 319 520 dum
354 414 473 486 jam
514 425 739 520 octavus
770 419 883 478 dies
920 426 1065 474 esset
1087 420 1381 520 nativitatis
1399 418 1646 479 Joannis.
1679 425 1777 482 llic
1882 440 2070 509 audire
2092 430 2305 497 salutis;
2341 432 2494 489 multi
2516 434 2539 472 ἀ
2564 436 2730 503 enim,
2759 446 2816 495 ut
2843 451 3165 500 sanarentur
3186 447 3471 520 elanguo-

184 507 367 578 palam
411 508 816 577 intelligendum
864 516 947 565 est
974 510 1119 579 quod
1163 508 1426 569 Joannem
1456 513 1780 572 obsecratio

185 599 395 654 creavit
426 600 618 667 patris,
667 614 775 654 non
820 599 1069 670 voluptas
1111 601 1275 656 etiam
1316 603 1506 659 matris
1549 614 1777 661 :contra

187 690 674 760 impossibilitatem
703 691 946 760 corporis
969 731 984 757 ,
1013 699 1201 746 contra
1239 694 1581 750 sterilitatem
1609 696 1782 752 visce-

185 795 329 844 rum,
360 778 632 833 Zacharize
657 780 909 849 precibus
935 787 1121 836 uterus
1150 781 1424 839 Elisabeth
1451 786 1776 855 intumescit,

176 881 216 909 4'
237 879 295 927 et
315 871 566 940 concepit
587 886 695 925 non
717 878 929 937 natura,
952 872 1050 928 sed
1072 875 1231 946 551
1254 876 1428 943 gratia
1454 878 1494 931 ¹.
1518 878 1575 931 ln
1598 893 1783 934 mense

186 971 369 1018 autem
399 963 630 1032 septimo
669 963 994 1031 :equinoctio
1037 968 1331 1021 autumnali
1369 969 1652 1039 conceptio
1698 976 1783 1024 est

187 1051 242 1106 S.
293 1051 516 1107 Joannis
564 1052 620 1106 in
666 1054 1056 1110 utero-matris
1101 1055 1323 1111 suae-In
1356 1073 1556 1115 mense
1600 1066 1781 1116 autem

186 1145 367 1214 primo
393 1144 616 1199 alterius
644 1145 770 1199 anni
788 1145 854 1199 in
888 1146 1212 1216 tequinoctio
1253 1150 1457 1204 vernali
1494 1153 1781 1222 conceptio

186 1242 271 1289 est
310 1234 532 1288 ’Domini
579 1232 874 1290 Salvatoris
921 1235 1171 1293 in.utero
1206 1237 1446 1306 Virginis
1492 1241 1780 1297 matris-0

186 1341 370 1395 praeco
392 1325 954 1389 'Domini‘Salvatoris,
981 1343 1143 1397 quam
1172 1330 1489 1387 mirabiliter
1508 1341 1692 1399 enatus,
1722 1342 1781 1391 et

176 1432 350 1486 quam
368 1416 530 1485 justis
558 1418 720 1471 etiam
750 1418 1066 1486 parentibus
1084 1427 1258 1487 ortus,
1289 1428 1345 1475 et
1370 1422 1513 1491 quod
1536 1423 1778 1479 membra

184 1508 435 1578 corporis
480 1506 676 1564 offerre
720 1524 830 1563 non
880 1518 1170 1579 poterant,
1224 1512 1395 1579 gratia
1441 1522 1780 1570 concesserat

182 1597 515 1653 Salvatoris!
546 1606 602 1653 et
619 1597 710 1667 qui
732 1604 959 1653 matrem
982 1600 1219 1655 sterilem
1248 1600 1587 1668 fecundabat,
1610 1604 1778 1673 patris

182 1689 322 1743 muti
348 1689 510 1744 etiam
540 1689 775 1757 linguam
804 1690 1077 1756 solvebat,
1110 1690 1138 1729 δ
1183 1700 1238 1746 et
1264 1693 1447 1747 statim
1475 1692 1529 1748 in
1567 1710 1777 1765 praeco-

181 1781 336 1835 nium
367 1779 665 1836 Salvatoris
694 1789 969 1851 eruperat.
1010 1782 1195 1838 Justus
1224 1784 1366 1839 enim
1394 1800 1460 1840 ex
1487 1784 1646 1854 justis
1675 1800 1775 1855 pa-

180 1873 429 1928 rentibus
470 1880 621 1928 ortus
665 1873 826 1928 etiam
865 1873 1087 1942 justitize
1131 1890 1353 1944 operam
1392 1874 1448 1931 in
1485 1876 1777 1947 semetipso

180 1963 543 2028 monstrabat,
576 1970 633 2017 et
660 1962 752 2031 qui
775 1977 967 2032 parare
999 1964 1140 2018 viam
1166 1963 1410 2021 Domino
1448 1967 1778 2025 incordibus

180 2053 425 2108 ﬁdelium
452 2061 699 2121 venerat,
728 2063 876 2109 recte
916 2055 1078 2109 etiam
1119 2056 1492 2124 pmnitentiam
1520 2067 1775 2129 peccato-

177 2160 303 2199 rum
358 2157 521 2211 agere
566 2144 919 2215 praedicabat,
978 2147 1351 2203 austeritatem
1406 2149 1570 2205 etiam
1614 2152 1772 2218 vitaz,

177 2250 346 2305 quam
376 2235 430 2289 in
458 2234 575 2289 aliis
604 2235 944 2305 praedicavit,
985 2236 1099 2307 ipse
1127 2237 1181 2292 in
1224 2253 1322 2293 sua
1363 2242 1775 2298 conversatione

177 2326 510 2380 monstravit
537 2344 550 2379 :
583 2325 849 2397 Erantque
886 2329 1186 2382 vestimenta
1214 2330 1325 2400 ejus
1363 2331 1427 2385 de
1463 2332 1584 2402 pilis
1605 2349 1775 2387 came-

176 2419 367 2485 lorum,
402 2427 451 2473 et
477 2436 609 2473 zona
636 2422 851 2491 pellicea
880 2422 1018 2475 circa
1047 2422 1243 2478 lumbos
1272 2426 1416 2496 ejus;
1442 2443 1563 2481 esca
1602 2438 1773 2483 autem

174 2518 327 2562 erant
356 2509 570 2565 locusta:
596 2522 645 2565 et
684 2512 787 2565 mel
822 2512 1052 2566 silvestre
1091 2530 1108 2566 :
1136 2515 1307 2568 vinum
1335 2526 1384 2569 et
1410 2518 1629 2572 siceram
1668 2536 1774 2574 non

176 2601 323 2671 bibit,
373 2614 424 2657 et
463 2621 613 2656 omne
648 2604 969 2657 immundum
1011 2622 1115 2659 non
1160 2608 1491 2662 manducavit
1536 2610 1772 2666 omnibus

176 2693 355 2747 diebus
386 2695 504 2748 vita:
530 2711 637 2748 sua:
682 2694 873 2766 (Marc.
907 2696 969 2766 ι).
1017 2695 1173 2751 Anno
1218 2706 1398 2752 autem
1435 2700 1710 2769 trigesimo
1740 2717 1772 2756 a

176 2786 462 2841 nativitate
488 2788 648 2857 cwpit
674 2787 946 2857 baptizare
992 2789 1268 2845 venientes
1296 2790 1364 2846 ad
1391 2806 1468 2857 se,
1501 2801 1553 2847 et
1579 2794 1773 2863 praedi-

174 2892 295 2931 care
319 2878 528 2951 populo
554 2879 875 2948 baptismum
900 2880 1251 2950 poenitentiae,
1286 2889 1345 2935 ut
1381 2897 1478 2951 per
1498 2885 1769 2954 poeniten-

176 2970 301 3023 tiam
330 2978 392 3025 et
419 2970 808 3025 confessionem
839 2981 1182 3041 peccatorum
1212 2972 1358 3041 digni
1387 2976 1682 3031 existerent
1701 2977 1771 3032 ad

173 3061 580 3130 percipiendam
624 3062 995 3117 remissionem
1036 3071 1408 3133 peccatorum,
1440 3080 1600 3135 quam
1641 3067 1766 3136 quia

1886 521 2053 588 ribus,
2084 522 2208 591 quia
2228 522 2473 581 Joannes
2496 528 2675 582 multa
2694 530 2859 600 signa
2876 531 3135 601 faciebat,
3164 538 3472 598 multi-eum

1882 617 2049 689 552
2095 617 2369 673 Christum
2410 633 2528 675 esse
2566 622 2886 692 credebant;
2916 627 3110 694 quibus
3150 638 3329 686 tamen
3358 634 3475 709 ipse

1882 708 2021 762 dixit
2053 727 2065 760 :
2098 708 2215 763 Non
2260 725 2381 765 sum
2406 726 2522 781 :ego
2560 713 2822 783 Christus,
2867 719 2963 774 sed
3003 736 3305 790 praecursor
3344 708 3468 781 sum

1882 795 2102 852 Christi.
2147 798 2407 855 Similiter
2443 812 2627 859 autem
2664 821 2814 863 anno
2842 811 3131 878 trigesimo
3172 816 3471 873 nativitatis

1864 885 2082 944 Christi
2134 900 2400 947 venerunt
2444 895 2604 951 ambo
2658 899 2725 952 ad
2782 898 3071 960 Jordanem
3102 903 3362 965 Christus
3415 921 3471 967 et

1876 978 2136 1049 Joannes,
2181 991 2237 1039 et
2278 984 2580 1055 baptizatus
2620 997 2703 1044 est
2729 989 2974 1048 Christus
3002 1010 3050 1049 ra
3096 996 3328 1066 Joanne,
3352 1017 3467 1063 non

1862 1072 2025 1143 quod
2053 1074 2168 1144 ipse
2197 1090 2295 1144 pro
2323 1079 2752 1149 peccatoaliquo
2781 1082 3468 1157 indigeretbaptizarhsed

1882 1174 1939 1219 ut
1967 1165 2202 1221 Joannes
2226 1168 2719 1238 baptizareteum,
2753 1182 2809 1227 et
2833 1174 2924 1229 ille
2951 1192 3049 1232 suo
3079 1180 3469 1252 nobiszbaptis~

1880 1265 2026 1311 mate
2054 1265 2109 1311 et
2137 1274 2333 1328 aquam
2362 1264 2749 1331 sanctificaret,
2786 1274 2843 1320 et
2868 1271 3186 1339 exemplum
3220 1275 3469 1334 omnibus

1879 1347 2035 1403 daret
2062 1349 2333 1419 baptismi,
2366 1353 2483 1407 sine
2509 1368 2804 1422 quo-nemo
2832 1358 3022 1414 salvus
3046 1366 3467 1431 esse-praevalet,

1880 1447 1936 1494 et
1964 1450 2023 1494 ut
2047 1443 2224 1497 nullus
2245 1451 2353 1497 tam
2382 1444 2532 1499 dives
2560 1454 2654 1500 aut
2680 1451 3212 1519 praepotensfuisset,
3236 1462 3296 1509 ut
3319 1456 3471 1511 dedi-

1878 1542 2180 1600 gnaretura
2201 1550 2360 1589 servo
2390 1536 2667 1605 baptizari,
2689 1554 2812 1592 cum
2842 1537 3115 1595 Christum
3155 1544 3396 1600 audisset
3436 1562 3467 1600 a

1877 1638 2035 1678 servo
2064 1639 2162 1679 suo
2189 1624 2516 1694 baptizatum
2538 1625 2768 1682 Joanne.
2800 1628 3079 1697 Baptizato
3108 1642 3287 1687 autem
3308 1633 3462 1697 Jesu.

1880 1716 2063 1770 statim
2089 1725 2149 1770 ut
2192 1717 2438 1773 ascendit
2484 1718 2552 1774 de
2596 1733 2756 1789 aqua,
2788 1722 2957 1790 aperti
2986 1731 3111 1777 sunt
3148 1724 3199 1779 ei
3238 1727 3381 1792 cceli,
3411 1736 3468 1782 et

1800 1799 1853 1859 ’Β
1878 1805 2110 1875 Spiritus
2155 1818 2373 1863 sanctus
2406 1810 2474 1864 in
2514 1812 2693 1880 specie
2721 1813 2983 1868 columba:
3011 1817 3157 1871 venit
3184 1827 3240 1873 et
3270 1823 3467 1877 mansit

1877 1912 2040 1966 super
2067 1912 2212 1964 eum,
2236 1908 2291 1952 et
2312 1915 2415 1955 vox
2436 1900 2619 1956 Patris
2644 1902 2712 1956 de
2738 1903 2888 1958 cmlis
2909 1905 3221 1972 auditaiest,
3244 1909 3465 1966 dicens:

1877 1985 1983 2041 Hic
2008 1999 2085 2042 est
2110 1988 2161 2040 λιΓ
2163 1990 2284 2043 ilius
2313 2006 2455 2044 meus
2494 1992 2708 2045 dilectus
2728 2034 2743 2060 ,
2773 1995 2827 2047 in
2857 2012 2955 2065 quo
2982 1996 3118 2050 mihi
3162 1996 3286 2055 bene
3323 2017 3466 2055 com-

1875 2079 2087 2147 placui:
2120 2080 2289 2149 ipsum
2315 2082 2487 2135 audite
2526 2081 2674 2153 (-Luc.
2709 2084 2809 2153 In).
2842 2085 2996 2151 Quod
3028 2094 3084 2140 ut
3112 2089 3326 2144 viditet
3352 2106 3463 2145 tau—

1874 2170 2006 2225 divit
2035 2171 2090 2224 S.
2119 2171 2377 2241 Joannes,
2422 2176 2603 2228 statim
2635 2177 2801 2231 turbae
2839 2192 2959 2246 qua:
2988 2179 3249 2243 eaderat,
3294 2182 3462 2250 digito

1874 2260 2160 2316 Dominum
2191 2264 2528 2328 monstravit,
2552 2265 2736 2320 dicens
2774 2284 2787 2318 :
2824 2266 2961 2321 Ecce
2987 2269 3163 2340 Agnus
3198 2269 3317 2338 Dei,
3347 2287 3462 2325 erce

1873 2353 1959 2421 qui
1982 2353 2114 2405 tollit
2150 2364 2362 2424 peccata
2402 2357 2581 2409 mundi
2614 2355 2795 2427 (Joan.
2828 2357 3062 2427 i).'Ecce
3088 2376 3249 2430 quem
3274 2377 3464 2417 omnes

1872 2442 2153 2511 propheta:
2199 2443 2562 2513 praedixerunt
2606 2456 2932 2515 venturum;
2970 2465 3111 2505 ecce
3153 2465 3314 2519 quem
3358 2466 3460 2520 ego

1871 2533 2025 2589 vobis
2049 2537 2291 2604 promisi,
2314 2552 2413 2607 per
2430 2553 2591 2607 quem
2615 2556 2720 2595 non
2741 2541 2918 2595 solum
2944 2541 3319 2596 remissionem
3342 2559 3459 2612 pec-

1872 2632 2141 2692 catorum,
2183 2626 2277 2680 sed
2305 2628 2468 2682 etiam
2496 2637 2756 2683 aeternam
2791 2629 2957 2684 vitam
2995 2640 3050 2685 et
3088 2630 3461 2687 immortalitao

1873 2719 2000 2781 tem,
2032 2715 2296 2786 simulque
2334 2718 2585 2784 gaudium
2623 2727 2680 2774 et
2715 2720 3105 2776 beatitudinem
3152 2722 3460 2792 percipiatis

1872 2812 2127 2858 :cternam
2146 2845 2160 2869 ,
2189 2808 2234 2859 si
2264 2807 2601 2863 credideritis
2640 2810 2693 2864 in
2724 2824 2869 2864 eum.
2902 2809 3118 2865 Talibus
3146 2810 3165 2848 τ
3196 2812 3339 2865 enim
3368 2826 3460 2881 ge-

1871 2896 1987 2961 stis,
2019 2897 2144 2951 dum
2187 2898 2417 2952 eniteret
2463 2898 2652 2953 beatus
2688 2899 2947 2965 Joannes,
2968 2898 3221 2955 Herodes
3246 2916 3343 2956 rex
3371 2918 3460 2957 su-

1872 2991 2147 3061 pradictus
2177 2991 2326 3045 fratri
2357 3006 2457 3046 suo
2496 2990 2741 3062 Philippo
2772 2993 2893 3046 tulit
2921 3009 3165 3061 uxorem,
3197 3003 3254 3049 et
3279 2995 3459 3050 sibiin

1871 3080 2179 3149 conjugium
2203 3081 2493 3151 copulavit.
2522 3080 2693 3147 Quem
2718 3098 2839 3137 cum
2869 3083 3058 3138 beatus
3082 3081 3327 3140 Joannes.
3338 3085 3461 3140 inde

172 3151 299 3206 dare
342 3166 454 3205 ηοη
488 3153 660 3245 Ρςηυίι
700 3168 800 3209 δυο
826 3154 1177 3224 baptismate,
1217 3164 1398 3211 tamen
1440 3159 1765 3227 Ρηάίοθῧθι
1794 3157 1839 3219 C
1870 3172 2188 3242 corriperet,
2226 3172 2403 3240 capite
2447 3179 2693 3227 truncato
2723 3175 3040 3245 martyrium
3070 3175 3293 3231 feliciter
3330 3191 3461 3231 con-

172 3258 291 3297 eum
322 3257 448 3298 esse
476 3243 541 3297 ad
569 3258 668 3299 nos
706 3253 988 3300 venturum
1029 3247 1139 3301 cito
1167 3245 1438 3303 Christum
1478 3249 1763 3306 Dominum

172 3332 535 3397 Salvatorem,
568 3332 637 3389 de
680 3348 788 3404 quo
835 3343 890 3390 et
930 3336 1046 3406 ipse
1089 3336 1345 3406 Joannes,
1388 3347 1444 3393 ct
1484 3355 1674 3396 omnes
1709 3342 1764 3397 in

172 3442 290 3482 eum
335 3427 652 3493 credentes,
684 3436 738 3483 et
766 3429 821 3483 in
853 3431 1070 3484 nomine
1098 3430 1217 3500 ejus
1245 3432 1501 3500 baptizati
1538 3448 1646 3487 non
1675 3449 1765 3489 so-

170 3518 277 3573 lum
308 3520 691 3574 remissionem
731 3530 1096 3590 peccatorum,
1141 3522 1236 3577 sed
1275 3531 1330 3577 et
1373 3524 1537 3578 vitam
1583 3532 1766 3580 essent

169 3611 482 3681 percepturi
509 3619 784 3666 mternam.
815 3611 922 3667 Cur
960 3620 1137 3668 autem
1177 3614 1473 3683 baptizavit
1507 3615 1761 3685 Joannes,

170 3719 289 3757 cum
319 3704 700 3758 remissionem
744 3704 871 3759 dare
900 3720 1008 3759 non
1051 3707 1260 3776 potuit,
1293 3708 1395 3762 nisi
1426 3716 1485 3763 ut
1529 3724 1766 3779 pnecur-

168 3794 305 3847 seris
340 3804 365 3831 ε
393 3792 508 3861 ejus
533 3793 775 3848 ordinem
804 3803 1060 3861 servaret,
1089 3806 1143 3851 et
1169 3798 1310 3851 sicut
1331 3798 1616 3854 Dominum
1645 3799 1764 3855 Sal-

168 3894 418 3940 vator-em
470 3891 525 3939 et
564 3885 843 3941 nativitate
884 3893 939 3941 et
982 3887 1161 3943 cilicio
1202 3890 1595 3958 prmdicationis
1624 3908 1763 3962 pra:-

169 3979 449 4046 currebat,
471 3979 543 4033 ita
582 3980 744 4034 etiam
782 3981 1108 4050 baptismum
1132 3982 1330 4040 Christi
1358 4001 1455 4042 suo
1495 3987 1763 4058 baptismo

168 4071 568 4137 pnccurreret?
605 4070 736 4124 Nam
784 4086 881 4141 per
923 4072 1363 4141 praedicationem
1412 4091 1564 4131 suam
1611 4080 1764 4134 multi

169 4159 422 4214 conversi
468 4168 593 4214 sunt
618 4160 686 4214 ad
718 4161 1002 4216 Dominum
1047 4171 1268 4232 agentes
1295 4166 1668 4234 pmnitentiam
1696 4169 1764 4225 de

170 4252 412 4319 peccatis
440 4253 570 4319 suis,
599 4262 655 4306 et
676 4253 1035 4321 crediderunt,
1072 4256 1117 4311 si
1164 4256 1379 4326 quando
1406 4258 1649 4316 Christus
1670 4277 1763 4317 ve-

168 4344 361 4408 nisset,
389 4359 552 4411 quem
592 4343 828 4400 Joannes
865 4354 1150 4403 venturum
1199 4348 1539 4417 praedicavit,
1570 4354 1762 4408 remis-

164 4436 379 4490 sionem
408 4443 773 4505 peccatorum,
798 4445 854 4492 et
873 4438 1034 4492 vitam
1056 4441 1335 4510 percipere
1356 4445 1757 4514 sempiternam.

167 4525 234 4581 Et
265 4528 396 4584 ideo
423 4528 577 4583 multi
602 4530 882 4586 venientes
902 4531 968 4585 ad
996 4532 1261 4601 baptisma
1283 4533 1506 4591 Joannis
1534 4540 1761 4595 verbum
1792 4532 1844 4591 D

1870 3265 2178 3320 summavit.
2211 3264 2570 3334 Quapropter,
2601 3266 2882 3331 carissimi,
2914 3268 2959 3320 si
3000 3266 3160 3335 digne
3190 3274 3299 3321 tam
3337 3283 3460 3323 san-

1867 3356 1940 3410 cti
1969 3355 2182 3410 Domini
2210 3354 2552 3425 praecursoris
2578 3355 2827 3410 volumus
2864 3356 3125 3411 solemnia
3163 3358 3457 3425 celebrare,

1867 3447 2126 3503 debemus
2155 3463 2253 3503 nos
2293 3447 2492 3502 sanctis
2512 3446 2777 3501 bonorum
2808 3462 3031 3519 operum
3060 3449 3267 3503 meritis
3290 3449 3458 3504 ador-

1867 3556 2018 3605 nare,
2051 3541 2105 3594 in
2131 3539 2337 3610 jejunio
2366 3547 2422 3594 et
2450 3539 2716 3604 castitate,
2751 3538 2804 3593 in
2833 3540 3187 3603 continentia,
3213 3541 3267 3594 in
3291 3541 3456 3595 humi-

1867 3631 2019 3686 litate
2071 3632 2215 3697 vitac,
2250 3632 2302 3684 in
2329 3628 2737 3683 mansuetudine
2763 3637 2820 3683 et
2842 3629 3156 3697 sobrietate,
3180 3629 3234 3683 in
3264 3630 3455 3697 vigiliis

1867 3730 1922 3777 et
1949 3722 2301 3787 orationibus,
2325 3721 2378 3775 in
2408 3720 2873 3790 eleemOsynarum
2900 3720 3221 3789 largitate,s
3253 3720 3308 3774 in
3351 3735 3453 3789 pa-

1868 3814 2054 3868 tientia
2084 3820 2139 3868 et
2180 3811 2519 3867 confessione
2566 3812 2870 3877 criminum,
2916 3811 2969 3866 in
3013 3811 3161 3866 omni
3202 3811 3452 3865 instantia

1864 3904 2130 3959 bonorum
2159 3918 2383 3973 operum
2418 3900 2445 3939 ιι
2475 3900 2802 3957 mortificare
2848 3900 3117 3957 desideria
3156 3902 3354 3967 carnis,
3401 3912 3453 3956 et

1868 3996 2073 4051 animas
2114 4001 2324 4050 nostras
2356 4008 2659 4049 mereamur
2707 3993 2761 4047 in
2807 4000 3009 4048 aeterna
3059 3993 3167 4046 vita
3219 3994 3451 4057 salvare,

1866 4089 2161 4143 auxiliante
2191 4086 2347 4141 nobis
2372 4086 2571 4142 sanctis
2600 4085 2709 4140 suis
2739 4087 2992 4155 precibus
3030 4084 3193 4140 beato
3218 4084 3453 4154 Joanne,

1865 4188 1921 4235 et
1948 4180 2014 4234 ad
2041 4194 2202 4234 omne
2245 4180 2449 4233 bonum
2478 4177 2711 4231 studium
2756 4176 3046 4245 adjuvante
3092 4178 3322 4234 Domino
3350 4196 3452 4235 no-

1866 4281 1977 4327 stro
2005 4271 2132 4326 Jesu
2159 4270 2391 4335 Christo,
2419 4266 2509 4339 qui
2538 4283 2660 4322 cum
2687 4274 2955 4320 ceteterno
2978 4264 3138 4321 Patre
3167 4279 3221 4322 et
3249 4268 3449 4337 Spiritu

1865 4370 2053 4417 sancto
2083 4376 2218 4415 unus
2246 4358 2388 4414 Deus
2416 4356 2547 4411 vivit
2583 4364 2639 4411 et
2675 4363 2863 4423 regnat
2892 4356 2943 4408 in
2987 4356 3180 4409 saecula
3221 4357 3449 4411 saeculo-

1867 4470 2005 4509 rum.
2040 4454 2233 4507 Amen.

1578 4631 1848 4695 SERMO
1889 4635 2057 4696 LXI.

1251 4725 1381 4781 Item
1412 4729 1463 4781 in
1495 4730 1659 4782 natali
1680 4730 1740 4785 S.
1766 4732 1989 4787 Joannis
2022 4734 2271 4804 Baptista:
2304 4733 2365 4786 γ.

1636 4842 2028 4899 ΑΒΜΟΝΙΤΙΟ.

236 4944 728 5070 §53Pra2clarus
778 4947 865 5003 hic
891 4948 1107 5017 quidem
1158 4965 1337 5005 sermo
1384 4950 1442 5006 S.
1475 4950 1710 5007 Maximo
1741 4955 2025 5023 inscriptus
2053 4952 2245 5021 legitur
2274 4953 2325 5007 in
2374 4950 2666 5014 codicibus,
2690 4965 2827 5032 quos
2856 4950 3100 5034 vidimus,
3148 4950 3349 5018 tribus;
3390 4953 3442 5010 in

274 5057 291 5070 .
315 5018 451 5070 olim
478 5018 608 5070 bibl.
632 5019 776 5070 mdil.
802 5028 1035 5070 metron.
1061 5020 1193 5070 eccl.
1225 5020 1548 5070 Florentin.-
1576 5025 1627 5070 in
1650 5022 1719 5070 39
1742 5024 1879 5070 Plut.
1910 5041 2011 5070 nm
2041 5023 2421 5070 Laurentiano.
2452 5031 2509 5070 et
2539 5023 2591 5070 in
2617 5022 2877 5070 Vaticano
2902 5020 3054 5070 i000.
3088 5034 3209 5070 nae.
3246 5022 3332 5070 42-

162 5015 451 5083 ίῖῑ,ῗ›ῧω
478 5018 608 5072 bibl.
632 5019 776 5073 :edil.
802 5015 1035 5090 metrop.
1061 5020 1193 5075 eccl.
1224 5020 1549 5091 Florentin.,
1575 5025 1627 5078 in
1650 5022 1719 5076 39
1739 5024 1880 5079 Plut.
1906 5015 2012 5079 ivn
2039 5015 2421 5088 Laurentiano,
2452 5031 2509 5077 ct
2538 5023 2591 5076 in
2617 5015 2877 5077 Vaticano
2902 5020 3054 5086 1060,
3087 5034 3209 5091 pag.
3246 5022 3332 5077 42.

237 5160 264 5188 ³
301 5149 478 5206 Codd.
511 5151 614 5207 174
637 5160 691 5227 et
719 5151 805 5218 59,
832 5162 881 5227 et
903 5154 1144 5223 concipit,
1166 5170 1269 5227 non
1297 5164 1505 5227 natura,
1532 5156 1622 5210 sed
1640 5175 1759 5227 gra-

161 5223 235 5275 tia
264 5231 436 5287 ortus,
467 5233 522 5298 ut
553 5222 688 5295 quod
718 5223 959 5298 _memb_ra_
994 5225 1229 5298 corporis
1261 5224 1448 5293 o/ferre
1472 5243 1576 5281 non
1614 5222 1757 5298 pple-

158 5303 306 5353 rant,
340 5295 511 5362 gratia
536 5292 836 5348 concederet
864 5294 1170 5349 Saluatoris.
1199 5292 1288 5355 In,
1316 5305 1421 5350 etc.

234 5362 462 5437 Hlidem
488 5364 626 5419 cod.
660 5362 763 5416 174
808 5373 865 5419 et
902 5362 992 5431 59,
1036 5372 1092 5415 ut
1118 5365 1310 5417 statim
1347 5366 1402 5418 in
1441 5367 1756 5437 prwconium

159 5430 466 5503 Saluatoris
490 5444 799 5503 erumperet.

232 5514 268 5546 ε.
302 5502 472 5557 [idem
519 5502 645 5558 cod.
687 5503 789 5557 174
830 5511 885 5558 et
926 5502 1012 5568 59,
1059 5506 1424 5576 prmcursionis
1460 5523 1578 5562 sua:
1616 5507 1760 5562 ordi—

155 5581 471 5697 negt’tfdgin
500 5643 618 5698 cod.
650 5642 721 5697 '59
739 5654 793 5699 et
823 5644 945 5709 174,
975 5647 1123 5701 multi
1145 5656 1194 5700 et
1226 5663 1335 5700 una
1361 5647 1684 5703 sanabuntur
1722 5664 1756 5701 a

1863 5156 2198 5227 languoribus
2238 5156 2366 5221 suis,
2397 5157 2517 5227 quia
2552 5154 2785 5209 Joannes
2811 5156 2971 5207 multa
3014 5156 3164 5224 signa
3186 5156 3441 5227 faciebat,

1862 5239 1912 5281 et
1936 5230 2171 5298 inﬁmos
2207 5227 2461 5291 sanabat;
2490 5236 2537 5281 et
2570 5228 2674 5292 ita,
2716 5241 2830 5277 cum
2868 5233 3011 5279 tanta
3039 5227 3189 5296 signa
3227 5228 3441 5298 faceret,

1863 5298 2169 5423 muf’lideéfn
2212 5366 2333 5421 cod.
2370 5365 2469 5421 174
2516 5372 2572 5421 et
2615 5363 2701 5431 39,
2750 5366 2926 5421 statim
2970 5368 3131 5424 turba:
3168 5384 3282 5441 qum
3321 5368 3437 5424 ade-

1862 5447 2148 5561 ἀ’ἶείαεω
2178 5507 2299 5563 cod.
2332 5504 2418 5569 29,
2451 5503 2663 5576 Talibus
2687 5506 2863 5576 igitur.

1937 5587 1962 5646 β
2000 5577 2168 5631 Codd.
2204 5576 2303 5628 174
2318 5585 2383 5646 et
2411 5574 2497 5639 '59,
2528 5578 2581 5629 in
2612 5574 2928 5646 paenitentia.

1934 5645 1960 5682 ιι
2000 5646 2163 5700 lidcm
2194 5645 2374 5711 codd.,
2404 5645 2791 5717 morti/iremus.

228 5739 244 5769 ¹
289 5735 356 5791 Id
385 5746 486 5805 est,
520 5752 625 5791 non
652 5752 716 5793 ex
747 5739 1019 5794 consuetis
1048 5747 1253 5795 natura:
1282 5739 1502 5806 viribus,
1534 5738 1626 5794 sed
1658 5753 1724 5795 ex
1755 5737 1961 5795 caelesti
1989 5736 2371 5793 benedictionis
2400 5737 2610 5795 effectu.
