4054 6194
657 288 764 347 655

1867 283 1922 339 S.
1965 280 2206 339 ΜΑΗΜῘ
2246 280 2694 339 TAU‘RINENSIS

3818 277 3930 332 656

660 396 1314 468 (incensurum—Cuique
1358 395 1626 468 meditanti
1663 395 1981 468 nativitatem
2005 395 2231 468 Joannis
2259 398 2310 458 Α
2334 396 2649 452 constituit?
2679 394 2789 448 Lex
2817 395 2954 455 enim
2982 402 3032 449 et
3051 393 3347 466 Propheta,
3379 404 3440 452 ut
3458 397 3673 452 Veritas
3700 396 3798 462 ait,
3829 412 3926 450 us-

723 472 973 539 Baptistce
998 483 1119 522 nica:
1143 463 1369 539 occurrit
1391 465 1633 518 nativitas
1658 465 1868 539 Christi.
1899 463 2130 539 Joannes
2161 465 2231 516 ad

721 534 1037 606 evadendum
1099 536 1353 606 originale
1395 544 1656 606 peccatum
1695 534 2080 606 circumcisione
2125 550 2230 586 non

723 611 877 677 eguit.
907 600 1624 677 Quomado'natisniuliengn
1644 621 1746 657 non
1761 604 1827 677 sit
1841 600 2229 672 majorloanne

723 670 957 749 Baptista
971 678 1009 749 ξ-
1025 675 1190 749 Plura
1213 675 1275 749 de
1303 673 1424 749 Eiia
1450 682 1500 727 et
1541 673 1732 728 Eliswo
1759 670 1991 727 Joannes
2038 688 2104 725 ex
2141 687 2230 725 ore

721 745 933 804 sununa:
971 746 1211 800 Veritatis
1234 745 1496 798 laudatus.

725 860 994 914 Hodierna
1049 855 1327 922 festivitas,
1381 853 1736 921 dilectissimi,
1785 861 1902 908 toto
1967 861 2230 908 terrarum

655 951 786 1006 orbe
838 947 1125 1015 conspicua
1152 952 1361 1000 mentes
1390 954 1603 1000 nostras
1628 959 1694 998 eo
1722 944 1918 998 clarius
1945 943 2232 1014 splendore

652 1038 886 1110 quodam
915 1050 1067 1091 novm
1087 1034 1220 1088 lucis
1248 1033 1627 1102 irradiat,quo
1647 1040 1702 1087 et
1748 1031 2099 1102 primordium
2128 1046 2230 1085 no-

650 1137 776 1185 stra:
796 1125 1178 1194 redemptionis
1193 1139 1259 1178 ac
1272 1123 1386 1178 veri
1404 1123 1615 1176 luminis
1630 1130 1805 1176 ortum
1816 1129 1888 1175 ¹ιιι
1906 1121 2226 1183 recolamus,

652 1219 860 1274 invitat.
893 1215 991 1272 Cui
1012 1215 1155 1270 enim
1183 1213 1462 1268 meditanti
1510 1212 1846 1267 nativitatem
1871 1209 2095 1266 Joannis
2120 1225 2230 1264 non

653 1326 781 1366 mox
808 1307 1040 1363 occurrit
1086 1305 1337 1360 nativitas
1374 1303 1605 1358 Christi?
1633 1302 1931 1373 praesertim
1958 1316 2081 1356 eum
2103 1315 2228 1354 nas—

654 1399 811 1456 cendi
840 1397 1100 1452 Joannem
1127 1395 1196 1450 de
1240 1403 1394 1464 patre
1439 1408 1569 1448 sene
1612 1401 1667 1447 et
1696 1392 1864 1447 sterili
1889 1399 2064 1446 matre
2079 1391 2228 1444 nulla

651 1491 755 1544 alia
783 1486 1051 1543 exstiterit
1078 1499 1260 1549 causa,
1295 1483 1394 1537 nisi
1424 1491 1481 1536 ut
1507 1481 1825 1537 mirabiliter
1845 1488 2000 1534 natus
2024 1493 2227 1549 pratce-

650 1575 1153 1646 derctsingulariter
1171 1575 1498 1629 nasciturum
1525 1589 1537 1625 :
1561 1571 1764 1625 amicus
1785 1568 2032 1624 videlicet
2053 1566 2229 1638 Spon-

649 1688 788 1733 sum,
820 1669 1050 1723 famulus
1077 1665 1382 1729 Dominum,
1413 1679 1519 1718 vox
1547 1663 1800 1728 Verbum,
1854 1662 2071 1716 lucerna
2120 1659 2224 1715 So-

2318 504 2428 557 que
2470 487 2540 540 ad
2581 487 2838 542 Joannem
2867 483 3019 555 (Luc.
3046 486 3183 554 xvi).
3211 484 3449 541 Joannes
3497 487 3642 542 enim
3665 487 3769 542 iste
3796 500 3925 540 cum

2334 581 2563 634 Domino
2582 578 3044 634 circumcisionem
3067 577 3286 646 quidem
3316 578 3370 632 in
3391 593 3488 633 sua
3516 593 3681 635 carne
3729 593 3922 643 susce-

2330 670 2429 739 pit,
2459 668 2557 724 sed
2585 668 2879 738 suscipiens
2900 667 3227 722 terminavit.
3259 665 3328 719 Et
3351 667 3472 723 ideo
3501 669 3592 738 qui
3623 683 3780 722 novas
3800 681 3925 735 gra-

2331 761 2420 814 tia:
2448 775 2646 829 praeco,
2673 767 2733 814 et
2760 757 3074 826 magniﬁcus
3094 759 3445 812 annuntiator
3465 759 3680 824 enituit,
3703 758 3771 813 ad
3801 773 3922 812 eva-

2331 849 2565 904 dendum
2585 848 2847 915 originale
2870 855 3150 917 peccatum
3179 848 3587 903 circumcisione
3612 864 3723 904 non
3751 849 3917 916 eguit;

2330 939 2424 993 sed
2453 953 2576 993 cum
2597 953 2758 1006 supra
2786 937 2977 1004 legem,
3008 951 3169 1007 supra
3199 937 3444 992 humanae
3466 937 3796 994 conditionis
3826 954 3918 993 or-

2329 1027 2508 1082 dinem
2535 1025 2732 1081 electio
2753 1024 2935 1079 divina
2957 1027 3228 1095 provexit.
3259 1026 3358 1081 Cui
3385 1028 3549 1082 etiam
3580 1029 3719 1084 tanti
3747 1029 3917 1084 hono-

2328 1116 2404 1170 ris
2429 1116 2623 1171 collata
2643 1123 2724 1169 est
2747 1115 2938 1183 gloria,
2962 1123 3023 1169 ut
3048 1115 3320 1170 nativitati
3346 1116 3462 1186 ejus
3489 1119 3602 1186 ipsa
3632 1119 3731 1174 Dei
3750 1115 3915 1173 Geni-

2329 1207 2435 1261 trix
2462 1207 2766 1271 interesset,
2795 1203 3019 1276 ejusque
3067 1206 3385 1277 principium
3434 1208 3609 1264 latens
3656 1210 3713 1264 in
3762 1218 3915 1265 utero

2328 1295 2513 1350 mundi
2557 1293 2820 1350 Conditor
2869 1309 2967 1349 sua
3021 1295 3308 1364 praesentia
3335 1296 3630 1352 dedicaret.
3664 1297 3918 1354 Testatur

2326 1389 2433 1444 hoc
2459 1389 2628 1443 Lucas
2666 1387 3016 1455 evangelista,
3045 1402 3166 1441 cum
3195 1387 3324 1442 dicit
3355 1406 3370 1441 :
3401 1391 3787 1443 mansitautem
3807 1390 3917 1456 lla-

2327 1479 2408 1532 ria
2452 1494 2568 1531 cum
2614 1477 2728 1539 illa,
2759 1476 3007 1531 videlicet
3034 1468 3329 1545 Elisabeth,
3361 1479 3510 1545 quasi
3538 1481 3798 1533 mensibus
3826 1483 3917 1534 tri-

2304 1569 2451 1630 -bus;
2481 1577 2532 1622 et
2577 1583 2784 1621 reversa
2819 1576 2897 1620 est
2941 1567 2996 1619 in
3025 1567 3233 1621 domum
3260 1584 3406 1621 suam
3437 1567 3587 1639 (Luc.
3614 1569 3678 1637 l).
3712 1570 3757 1623 A
3784 1585 3915 1624 cun-

2328 1657 2580 1727 ccptione
2605 1656 2806 1725 quippe
2839 1655 3048 1708 Domini
3079 1671 3246 1726 usque
3291 1657 3360 1709 ad
3405 1657 3747 1712 nativitatem
3773 1659 3914 1712 beati

652 1764 776 1825 lem,
791 1756 1002 1830 praacod
1013 1756 1238 1820 udicem,
1259 1753 1489 1808 salvatus
1506 1751 2221 1822 prazcurreretSalvatorem.
2259 1741 2300 1800 Β
2326 1745 2547 1802 Joannis
2565 1754 2675 1801 tres
2701 1760 2914 1800 menses
2941 1753 3086 1799 sunt.
3110 1745 3546 1816 Nolebatitaque
3566 1746 3733 1801 Maria
3755 1747 3912 1802 disce-

653 1851 902 1906 T-estatur
951 1855 1007 1902 et
1053 1846 1167 1916 ipse
1219 1843 1452 1898 Joannes
1493 1841 1633 1895 hanc
1676 1855 1796 1896 esse
1845 1839 1925 1893 sui
1969 1839 2226 1892 adventus

653 1954 893 2003 causam,
920 1952 1025 1992 non
1054 1943 1112 1989 ut
1131 1933 1444 2003 simpliciter
1472 1931 1701 1995 veniret,
1729 1928 1822 1984 sed
1849 1936 1911 1983 ut
1937 1928 2224 1983 Dominum

652 2029 718 2083 ad
738 2043 845 2083 sum
867 2022 1309 2079 manifestationis
1331 2019 1584 2074 indicium
1605 2018 1942 2088 przcvcniret.
1974 2015 2102 2070 Post
2124 2032 2224 2082 me,

652 2120 844 2190 inquit,
869 2118 999 2172 venit
1020 2116 1096 2170 vir
1113 2115 1198 2186 qui
1221 2122 1342 2166 ante
1360 2126 1440 2164 me
1468 2113 1634 2182 factus
1662 2117 1758 2176 est,
1785 2107 1905 2181 quia
1958 2109 2101 2178 prior
2146 2122 2227 2160 me

649 2217 780 2272 erat,
805 2217 853 2260 et
879 2223 972 2276 ego
994 2203 1281 2259 nesciebam
1301 2216 1443 2264 eum;
1467 2200 1559 2253 sed
1597 2207 1652 2251 ut
1679 2199 2035 2268 manifestetur
2061 2197 2115 2250 in
2143 2194 2227 2248 Is-

649 2299 776 2362 rael,
833 2305 1106 2364 propterea
1146 2293 1258 2347 veni
1287 2307 1378 2361 ego
1405 2291 1461 2343 in
1488 2304 1625 2360 aqua
1653 2286 1922 2356 baptizans
1948 2283 2129 2356 (Joan.
2160 2285 2222 2355 ι).

651 2386 914 2443 Pucvenit
967 2399 1091 2438 eum
1145 2380 1436 2446 nascendo,
1489 2376 1847 2449 prazdicando,
1878 2375 2223 2445 baptizando,

651 2475 952 2540 moriendo,
1000 2481 1276 2542 postremo
1340 2479 1395 2526 et
1445 2469 1513 2523 ad
1577 2469 1777 2523 inferos
1827 2465 2221 2522 descendendo.

650 2567 924 2622 l’rmcessit
954 2565 1133 2632 itaque
1159 2560 1750 2630 Dominum,praaeessit
1777 2567 1832 2613 et
1858 2558 2223 2628 semetipsum.

650 2659 789 2712 Ante
817 2657 960 2710 enim
987 2670 1147 2724 quam
1173 2653 1548 2723 conciperetur
1570 2651 1623 2705 in
1653 2659 1830 2717 utero,
1860 2660 2141 2720 paternum
2164 2664 2226 2704 os

650 2747 999 2803 incredulitas
1024 2745 1234 2807 clausit,
1281 2743 1424 2812 quod
1455 2743 1569 2812 ipse
1598 2751 1886 2810 antequam
1916 2741 2226 2810 loqueretur

649 2837 995 2909 cxpressione
1019 2836 1100 2890 sui
1129 2834 1360 2890 nominis
1405 2833 1722 2888 mirabiliter
1748 2833 2026 2887 reseravit.
2061 2831 2224 2887 Plane

651 2945 775 2984 cum
798 2927 1024 2982 necdum
1047 2933 1227 2994 posset
1247 2923 1553 2978 hominibus
1580 2923 1744 2978 verba
1774 2922 2111 2991 depromere,
2137 2937 2227 2992 po-

650 3021 751 3076 tuit
795 3017 1112 3074 exsultando
1164 3016 1422 3070 latentem
1467 3017 1522 3069 in
1569 3023 1724 3070 utero
1773 3014 2003 3082 Virginis
2042 3029 2222 3082 regem

2326 1840 2474 1902 dere,
2497 1838 2669 1893 donec
2690 1837 3278 1907 grandtevatpuerpene
3303 1839 3665 1893 ministerium
3710 1839 3914 1893 seduli-

2329 1931 2452 1986 tatis
2473 1927 2825 1998 impenderet,
2857 1936 2911 1982 et
2932 1941 3056 1996 qua:
3083 1928 3331 1996 gestabat
3360 1928 3416 1981 in
3445 1929 3564 1982 aula
3596 1929 3678 1983 sui
3716 1944 3910 1997 corpo-

2334 2021 2410 2077 ris
2439 2034 2640 2088 regem,
2669 2025 2915 2073 cerneret
2940 2016 3145 2072 anteire
3172 2033 3494 2088 przcconem.
3526 2009 3676 2073 Felix
3711 2027 3910 2087 partus,

2331 2125 2492 2180 quem
2519 2109 2608 2164 illa
2629 2109 2719 2163 lux
2739 2107 2940 2178 excipit
2958 2124 3076 2178 qua:
3098 2108 3364 2163 illuminat
3385 2124 3597 2164 omnem
3640 2109 3908 2168 hominem

2330 2202 2634 2258 venientem
2663 2201 2821 2272 555
2850 2201 2905 2254 in
2934 2201 3076 2256 hunc
3101 2200 3379 2254 mundum.
3404 2199 3509 2255 Sed
3537 2200 3668 2254 dum
3697 2202 3908 2256 [melo-

2325 2295 2556 2364 quimur,
2602 2301 2823 2362 repente
2859 2292 3082 2360 qualstio
3110 2291 3266 2346 nobis
3283 2291 3547 2356 oboritur,
3578 2307 3702 2361 quae
3728 2291 3910 2348 dubie-

2326 2394 2491 2442 tatem
2513 2383 2712 2441 inferre
2739 2399 2845 2439 non
2866 2384 2982 2439 sine
3008 2399 3170 2438 causa
3198 2383 3461 2439 videatur.
3490 2383 3749 2438 Testatur
3772 2385 3906 2440 enim

2325 2477 2584 2531 Dominus
2631 2475 2761 2546 quia
2813 2475 2953 2528 inter
2998 2483 3155 2529 natos
3200 2474 3486 2528 mulierum
3528 2489 3653 2530 .non
3678 2475 3906 2530 surrexit

2325 2567 2498 2636 major
2519 2566 2724 2622 Joanne
2751 2566 2987 2637 Baptista
3011 2566 3160 2637 (Luc.
3183 2567 3299 2636 vn).
3333 2565 3566 2626 Exclusit
3601 2569 3784 2637 itaque
3805 2584 3905 2621 ma-

2322 2655 2518 2727 jorem,
2549 2673 2658 2712 non
2697 2658 2913 2726 negavit
2958 2656 3239 2725 aequalem.
3272 2656 3406 2711 Hinc
3427 2663 3510 2710 est
3530 2657 3675 2725 quod
3711 2657 3778 2710 ad
3801 2657 3905 2710 Za-

2327 2749 2564 2804 chariam
2603 2747 2822 2816 angelus
2851 2747 2985 2802 dixit
3016 2764 3027 2799 :
3062 2745 3183 2816 Ipse
3211 2747 3463 2812 praecedet
3509 2760 3632 2799 ante
3685 2748 3827 2800 illum
3854 2749 3903 2800 in

2325 2839 2507 2906 spiritu
2536 2845 2586 2890 et
2606 2839 2789 2890 virtute
2815 2835 2952 2890 Elia:
2980 2834 3192 2905 (lbid.).
3225 2834 3329 2889 Par
3353 2849 3478 2903 ergo
3510 2834 3641 2890 Elize
3677 2835 3904 2890 Joannes

2324 2929 2552 2993 videtur,
2577 2929 2631 2983 in
2660 2929 2814 2998 cujus
2840 2929 3030 2998 spiritu
3059 2936 3115 2983 et
3133 2927 3332 2982 virtute
3353 2928 3610 2982 asseritur
3628 2936 3899 2982 venturus.

2327 3020 2625 3075 Praesertim
2653 3037 2774 3075 cum
2801 3028 2856 3075 et
2879 3019 3001 3074 alibi
3037 3019 3150 3088 ipsa
3178 3019 3390 3074 Veritas
3411 3019 3553 3072 dicat
3577 3037 3590 3070 :
3627 3017 3897 3088 Eliasjnnt

647 3111 769 3167 οωιί
798 3108 1055 3164 maternis
1081 3107 1376 3162 visceribus
1398 3107 1662 3160 nuntiare.
1689 3105 1917 3175 Spiritus
1940 3106 2084 3160 enim
2109 3121 2226 3160 san-
2253 3105 2296 3165 C
2327 3113 2479 3175 venit,
2501 3119 2550 3166 et
2569 3128 2669 3164 non
2686 3120 3030 3182 cognoverunt
3050 3126 3184 3179 eum,
3208 3110 3300 3163 sed
3319 3111 3548 3180 fecerunt
3569 3111 3622 3161 in
3644 3126 3757 3163 eum
3777 3125 3902 3179 qua.

645 3207 788 3265 ctus,
812 3200 903 3268 qui
931 3213 1075 3261 eum,
1107 3205 1394 3265 antequam
1419 3196 1612 3250 vitales
1639 3203 2091 3264 aurascarperet,
2117 3196 2227 3250 aui-

644 3290 830 3355 mavit,
873 3289 1043 3358 ipsum
1068 3299 1284 3356 quoque
1323 3286 1554 3341 materni
1576 3286 1795 3356 pudoris
1821 3286 2135 3355 hospitium,
2169 3287 2224 3342 in

643 3396 750 3450 quo
772 3380 1016 3448 degebat,
1041 3378 1300 3448 implevit.
1333 3375 1483 3432 Unde
1503 3376 1778 3432 Elisabeth
1803 3397 1816 3431 :
1848 3376 2002 3446 Ecce,
2033 3379 2222 3446 inquit,

642 3482 698 3526 ut
725 3474 864 3543 facta
893 3480 969 3524 est
1009 3486 1104 3525 vos:
1131 3470 1458 3524 salutationis
1487 3477 1590 3524 tua:
1633 3472 1688 3523 in
1717 3470 1926 3524 auribus
1956 3473 2100 3533 meis,
2132 3489 2224 3526 ex-

641 3560 846 3614 sultavit
897 3560 949 3613 in
981 3558 1169 3630 gaudio
1214 3559 1390 3629 infans
1429 3560 1486 3613 in
1522 3567 1666 3613 utero
1693 3576 1803 3614 meo
1835 3559 1984 3631 (Luc.
2025 3560 2086 3630 ι).
2122 3559 2222 3616 Ubi

641 3651 984 3722 qiuerendum
1013 3658 1096 3705 est
1122 3650 1396 3720 quomodo
1419 3650 1533 3705 ﬁeri
1554 3651 1733 3720 potuit
1755 3651 1886 3706 utin
1918 3651 2080 3724 555,
2100 3667 2221 3706 cum

642 3743 872 3812 Spiritus
899 3751 1116 3797 sanctus
1142 3757 1237 3797 sua
1266 3741 1409 3796 dona
1437 3741 1784 3811 diffunderet,
1813 3758 1936 3798 cum
1961 3743 2114 3812 juxta
2145 3743 2220 3797 ri-

644 3841 756 3887 tum
779 3832 1103 3888 conditionis
1125 3833 1370 3885 humana:
1391 3831 1566 3886 adhuc
1592 3832 1644 3885 in
1670 3832 2040 3902 iniquitatibus
2086 3848 2219 3888 con-

641 3927 829 3988 ceptus
853 3920 1131 3981 existeret,
1160 3928 1216 3972 ct
1237 3918 1466 3972 necdum
1505 3919 1777 3987 originalis
1804 3923 2010 3990 peccati
2038 3923 2221 3978 vincu-

641 4008 772 4073 lum,
792 4013 1047 4077 percepta
1078 4007 1262 4075 legalis
1287 4007 1639 4063 observantia:
1655 4011 2081 4080 circumcisione,
2111 4014 2220 4069 sol-

639 4100 818 4154 visset.
846 4097 980 4152 Cum
1005 4114 1100 4168 per
1128 4098 1345 4170 Moysen
1368 4099 1547 4154 divina
1571 4117 1679 4156 vox
1718 4102 1860 4157 dicat
1885 4122 1898 4156 :
1951 4103 2219 4161 Masculus

636 4192 782 4262 cujus
808 4193 1044 4262 prwputii
1073 4208 1195 4245 caro
1216 4193 1519 4246 circumcisa
1545 4210 1647 4247 non
1677 4196 1850 4265 fuerit,
1875 4196 2061 4266 peribit
2094 4199 2213 4252 ani-

637 4300 724 4337 ma
777 4283 873 4336 illa
919 4283 985 4336 de
1039 4283 1222 4353 populo
1249 4300 1364 4350 suo,
1398 4293 1424 4320 ει
1445 4286 1566 4355 quia
1587 4294 1792 4355 pactum
1818 4303 1984 4341 meum
2013 4289 2214 4344 irritum

637 4377 759 4446 fecit
779 4373 932 4444 (Gen.
959 4376 1072 4444 vn).
1098 4373 1205 4428 Sed
1227 4377 1519 4430 notandum
1544 4378 1767 4446 estquia
1789 4378 2017 4448 Spiritus
2044 4381 2214 4435 sancti

2324 3219 2518 3274 cunque
2541 3201 2834 3266 voluerunt;
2859 3211 2910 3254 et
2937 3201 2980 3254 si
3009 3201 3159 3254 vultis
3188 3203 3340 3264 scire,
3378 3198 3611 3254 Joannes
3631 3209 3718 3252 est
3761 3198 3900 3252 Elius

2326 3295 2539 3364 (Matth.
2566 3295 2718 3363 xvn).
2742 3293 2848 3348 Sed
2875 3308 3000 3349 ecce
3021 3308 3052 3348 e
3080 3292 3292 3348 diverso
3325 3292 3452 3346 illud
3477 3291 3734 3356 occurrit,
3760 3291 3894 3361 quod

2321 3383 2544 3440 Elisams
2597 3384 2862 3454 duplicem
2915 3383 3046 3437 Elite
3096 3383 3344 3453 spiritum
3385 3381 3536 3449 juxta
3559 3381 3775 3436 modum
3797 3397 3896 3434 sine

2323 3475 2598 3545 petitionis
2627 3476 2852 3544 accepit.
2888 3473 3112 3527 Obsecro
3139 3481 3194 3526 ut
3222 3474 3318 3542 ﬁat
3337 3471 3548 3542 spiritus
3576 3479 3695 3525 tuus
3720 3471 3896 3539 dupla

2321 3567 2375 3620 in
2400 3582 2478 3619 me
2501 3564 2608 3636 (IV
2660 3565 2788 3636 Reg.
2821 3564 2901 3633 ιι).
2957 3563 3112 3630 Quod
3151 3565 3194 3618 si
3236 3563 3398 3617 etiam
3429 3560 3653 3616 Eliszeus
3680 3560 3896 3630 duplici-

2322 3667 2404 3714 ter
2433 3657 2718 3722 antecellit,
2749 3656 3007 3726 aequalem
3032 3654 3156 3708 Elim
3183 3654 3443 3710 Joannem
3483 3652 3757 3722 quomodo
3793 3667 3895 3706 non

2314 3757 2559 3819 superat,
2586 3763 2694 3817 quo
2723 3747 2862 3801 inter
2888 3754 3043 3801 natos
3071 3745 3352 3799 mulierum
3393 3743 3569 3812 major
3597 3758 3756 3798 nemo
3783 3757 3895 3796 sur-

2319 3839 2497 3894 rexit?
2526 3837 2924 3903 Verumtamen,
2957 3844 3016 3890 ut
3058 3835 3298 3890 solvatur
3317 3834 3564 3904 quasstio,
3593 3833 3891 3903 ponderan-

2321 3928 2420 3982 dus
2441 3937 2526 3982 est
2550 3941 2758 3994 sensus,
2789 3934 2849 3981 ut
2875 3924 3019 3995 quod
3042 3925 3232 3980 durum
3263 3926 3314 3980 in
3337 3925 3514 3980 verbis
3543 3923 3893 3979 exterioribus

2319 4026 2495 4083 sonat,
2547 4019 2614 4073 de
2655 4017 2742 4088 pia
2774 4016 3071 4071 intentione
3119 4013 3417 4085 procedere
3441 4013 3701 4068 discretio
3727 4012 3892 4068 sobrie

2317 4108 2597 4163 sentientis
2627 4107 2906 4175 intelligat.
2937 4102 3136 4160 Durum
3165 4105 3362 4174 quippe
3388 4103 3533 4174 quod
3559 4103 3782 4157 Elisreus
3800 4102 3892 4157 du-

2319 4201 2514 4271 plicent
2539 4198 2776 4266 magistri
2803 4197 3048 4266 spiritum
3087 4195 3262 4266 petiit,
3292 4210 3410 4250 cum
3440 4209 3548 4248 non
3571 4195 3644 4249 sit
3669 4193 3891 4263 discipu-

2319 4291 2400 4345 lus
2429 4305 2589 4358 supra
2611 4289 2942 4356 magistrum.
2976 4285 3081 4341 Sed
3111 4301 3178 4341 ex
3201 4299 3331 4354 pura
3354 4293 3532 4338 mente
3554 4284 3752 4354 petitio
3797 4284 3889 4338 ista

2317 4381 2602 4451 processit,
2630 4379 2753 4448 quia
2783 4393 2887 4432 non
2910 4387 3180 4432 terrenum
3204 4374 3421 4444 aliquid,
3444 4373 3537 4428 sed
3565 4373 3889 4443 spiritualem
3987 4395 3991 4451 Ι·

636 4467 806 4534 gratia
853 4464 971 4531 lego
1019 4479 1125 4518 non
1175 4465 1471 4535 stringitur,
1506 4470 1838 4526 necessitatis
1860 4470 2075 4526 vinculo
2103 4489 2212 4528 non
2243 4463 2290 4520 Ι)
2317 4470 2543 4539 gratiam
2573 4468 2881 4538 postulavit.
2917 4465 3069 4520 Unde
3097 4473 3153 4520 et
3181 4463 3324 4517 Elias
3361 4462 3516 4531 quasi
3553 4461 3890 4530 subindigna-

631 4564 879 4620 tenetur;
904 4555 1000 4609 sed
1015 4556 1152 4610 sicut
1181 4556 1268 4610 ubi
1296 4557 1410 4610 vult
1439 4559 1624 4627 spirat,
1655 4560 1733 4614 sic
1775 4569 1831 4616 et
1862 4562 2054 4631 quibus
2099 4565 2213 4619 vult

629 4647 795 4714 gratis
815 4661 912 4700 sua
934 4644 1077 4699 dona
1099 4645 1391 4714 dispensat.
1418 4647 1549 4702 Nam
1595 4656 1651 4704 et
1689 4648 1994 4706 Cornelium
2024 4663 2211 4708 centu-

630 4737 862 4804 riuncm,
893 4744 1180 4806 antequam
1207 4737 1454 4806 baptismi
1481 4740 1778 4809 susciperet
1802 4740 2092 4808 lavacrum,
2125 4743 2208 4796 in-

630 4825 872 4893 spiravit,
931 4832 986 4880 et
1041 4825 1094 4879 in
1139 4825 1403 4895 quosdam
1459 4827 1634 4883 adhuc
1679 4829 1926 4898 gentiles,
1957 4831 2207 4900 loquente

630 4913 809 4977 Petro,
842 4929 949 4968 non
979 4914 1172 4978 solum,
1205 4923 1262 4969 ut
1289 4914 1564 4986 Scriptura
1595 4917 1733 4987 (Act.
1757 4919 1816 4989 x)
1842 4926 2088 4985 testatur,
2119 4936 2208 4976 ce-

628 5004 776 5069 cidit,
826 5005 922 5060 sed
976 5007 1142 5061 etiam
1195 5014 1253 5060 ut
1307 5008 1500 5075 linguis
1539 5008 1905 5077 loquerentur,
1937 5012 2205 5066 instruxit.

627 5092 766 5158 Quid
810 5110 938 5163 ergo
978 5099 1171 5152 mirum
1198 5099 1244 5154 Si
1270 5100 1490 5154 beatum
1535 5102 1799 5160 Joannem
1852 5113 1978 5158 ante
2022 5103 2209 5172 legalis

628 5185 862 5239 mandati
886 5188 1243 5261 quodcunque
1272 5192 1568 5247 remedium
1597 5193 1826 5263 Spiritus
1845 5203 2062 5249 sanctus
2102 5195 2205 5249 im-

627 5276 810 5346 plevit,
841 5292 1003 5347 quem
1033 5282 1196 5350 ipsius
1243 5283 1374 5351 legis
1402 5291 1456 5340 et
1484 5286 1890 5355 prophetarum,
1923 5301 1986 5340 ac
2041 5286 2206 5340 totius

626 5367 834 5424 Veteris
863 5370 1189 5427 Tcstamonti
1218 5374 1444 5429 limitem
1473 5376 1779 5445 quemdam,
1812 5384 1993 5445 atque,
2045 5384 2102 5430 ut
2130 5376 2204 5430 ita

625 5458 834 5528 loquar,
859 5461 1344 5519 intransmeabilem
1367 5467 1654 5521 terminum
1676 5465 2008 5536 providentia
2029 5465 2206 5520 divina

701 5651 725 5679 ⁸
757 5637 888 5695 Cod.
916 5640 1060 5704 Vat,
1084 5642 1323 5709 quoniam
1348 5654 1554 5708 pactum
1587 5662 1773 5698 meum.

2319 4569 2403 4615 tus
2433 4562 2648 4616 incauta
2683 4557 2926 4627 discipuli
2958 4556 3117 4610 verba
3142 4554 3414 4622 redarguit
3440 4566 3562 4607 cum
3610 4552 3684 4604 ait
3718 4569 3734 4604 :
3772 4551 3888 4604 Rem

2317 4652 2570 4722 diﬁicilem
2601 4649 2895 4718 postulasti.
2925 4645 3335 4715 Simplicitatem
3355 4659 3484 4698 vero
3505 4643 3606 4712 pia:
3634 4642 3886 4696 intentio—

2315 4741 2399 4793 nis
2427 4738 2690 4808 aspiciens
2727 4745 2922 4805 praesto
2975 4735 3285 4803 subjungit:
3314 4734 3576 4798 Attamen,
3615 4733 3660 4784 si
3709 4731 3885 4784 uideris

2316 4846 2395 4882 me
2447 4827 2652 4898 quando
2681 4827 2834 4880 tollar
2879 4843 2912 4879 a
2948 4835 3017 4893 te,
3047 4827 3148 4882 erit
3173 4825 3308 4896 quod
3333 4825 3505 4891 petisti
3532 4821 3748 4891 (Ibid.).
3779 4823 3884 4876 Non

2314 4917 2562 4973 videlicet
2602 4917 2906 4987 duplicitas,
2933 4931 3093 4985 quam
3117 4916 3364 4972 incautus
3405 4929 3586 4970 sermo
3633 4911 3882 4982 profudit,

2313 5010 2408 5065 sed
2454 5009 2654 5065 donum
2703 5009 2940 5077 Spiritus,
2999 5007 3143 5078 quod
3191 5007 3379 5062 humili
3407 5022 3470 5062 ac
3498 5006 3712 5060 sincera
3744 5003 3772 5042 ι’
3799 5015 3881 5056 sua

2312 5116 2462 5156 mens
2486 5100 2782 5155 intentione
2810 5100 3074 5168 quaesivit.
3105 5099 3219 5154 Hoc
3271 5099 3453 5169 itaque
3482 5096 3642 5152 modo
3686 5110 3881 5166 nequa-

2310 5206 2469 5262 quam
2501 5189 2762 5246 Joannem
2791 5197 3011 5260 superat
3037 5188 3278 5257 Elisrcus,
3307 5190 3446 5244 sicut
3467 5203 3566 5243 nec
3592 5187 3770 5256 major
3812 5191 3882 5238 est

2311 5295 2472 5351 quam
2502 5279 2662 5334 Elias.
2695 5279 3078 5334 Verumtamen
3107 5281 3152 5334 si
3189 5295 3358 5334 sacrze
3385 5279 3621 5334 historia:
3647 5285 3882 5333 tenorem

2313 5369 2968 5439 inspiciamusdiligenter,
2983 5370 3305 5434 uberiorem,
3324 5369 3438 5424 sive
3465 5369 3749 5424 clariorem
3779 5365 3883 5419 Eli-

2315 5477 2480 5519 satum
2505 5476 2666 5530 quam
2701 5459 2872 5518 Eliam
2908 5461 2962 5515 in
2991 5461 3369 5517 miraculorum
3415 5457 3579 5516 fuisse
3604 5459 3881 5515 virtutibus

2380 5640 2408 5681 ⁸³
2439 5639 2568 5696 Cod.
2603 5639 2725 5694 Vat.
2759 5640 2958 5694 omittit
2985 5656 3098 5693 sua.
