4054 6194
144 387 239 442 τι57

1591 367 1822 432 SERMO
1859 373 2012 429 [Χῐιθ

3295 368 3400 423 658
3451 384 3455 386 ·

141 501 458 555 invenimus.
507 492 600 550 Ille
648 493 896 551 nimirum
942 493 1127 548 \ivens
1155 488 1462 546 defunctum
1493 502 1719 557 puerum
1750 486 1801 544 A
1827 504 2020 553 manm,
2052 487 2182 542 nihil
2211 484 2502 554 religionis,
2541 485 2669 545 nihil
2699 481 3042 553 perfectionis
3089 480 3226 536 ultra
3276 497 3404 550 pro-

139 589 260 642 vitu:
291 585 556 647 restituit;
589 584 690 638 iste
719 590 962 636 mortuus
989 588 1257 636 mortuum
1286 577 1583 634 suscitavit.
1622 576 1720 630 Illo

139 677 498 748 prophetante
517 673 702 742 hydria
732 671 916 726 farinae
940 679 996 726 et
1027 671 1203 726 licitus
1224 670 1332 725 olei
1359 684 1467 723 non
1494 667 1690 722 defecit
1689 683 1718 737 5
1755 686 1760 687 ί

140 768 238 822 iste
255 765 489 821 obsessze
515 770 572 817 et
599 761 809 818 afﬂicta:
838 762 1038 816 civitati
1065 761 1310 832 protinus
1335 761 1388 814 in
1417 759 1558 814 diem
1587 757 1724 812 alte-

140 871 259 911 rum
285 853 626 910 incredibiles
654 852 926 907 hostilium
948 861 1245 907 castrorum
1270 850 1454 919 copias
1489 847 1719 902 obtudit.

130 948 319 1014 Atque
359 952 421 998 ut
471 943 622 998 brevi
665 941 979 996 concludam
1006 949 1220 1008 cuncta,
1250 938 1394 993 Elias
1414 936 1718 999 duodecim,

139 1037 390 1104 Elisteus,
417 1044 477 1090 ut
503 1034 794 1104 Scriptura:
832 1033 1028 1088 veritas
1050 1031 1232 1095 tradit,
1278 1029 1465 1097 viginti
1492 1035 1724 1096 quatuor

140 1126 523 1182 miraculon
552 1123 718 1191 signis
739 1123 950 1190 enituit,
972 1137 1089 1193 quae
1114 1121 1382 1184 videlicet,
1405 1119 1528 1189 quia
1575 1115 1724 1172 fasti-

140 1219 287 1274 dium
337 1216 662 1279 devitamus,
704 1214 792 1269 hic
834 1227 1148 1268 enumerare
1170 1210 1562 1281 postponimus.
1586 1206 1726 1274 Quo-

139 1309 310 1364 modo
340 1308 503 1377 igitur
530 1305 686 1374 hujus
707 1320 795 1358 me
824 1303 967 1358 nodo
995 1302 1306 1373 quaestionis
1333 1299 1643 1369 expediam,
1665 1305 1726 1351 ut

141 1400 352 1470 prolata
381 1398 449 1452 de
467 1396 836 1464 magnitudine
853 1393 1074 1448 Joannis
1093 1407 1200 1447 non
1221 1391 1437 1446 vacillet
1459 1387 1730 1444 sententia

143 1489 422 1554 Veritatis,
451 1502 556 1556 qua
578 1487 811 1542 dicitur:
839 1485 998 1556 556
1016 1484 1154 1538 natis
1172 1483 1456 1536 mulierum
1482 1496 1586 1534 non
1608 1492 1726 1534 esse

142 1581 408 1648 majorem
421 1577 632 1632 Joanne
657 1575 931 1645 Baptista?
957 1573 1092 1628 Nam
1117 1574 1160 1627 si
1185 1572 1358 1641 major
1377 1578 1461 1626 est
1507 1569 1727 1622 Elismus

142 1688 312 1741 quam
365 1671 531 1737 Elias,
581 1684 710 1739 ergo
753 1669 928 1737 major
979 1675 1064 1723 est
1098 1678 1152 1722 et
1178 1665 1419 1721 Joanne?
1447 1663 1590 1733 quod
1611 1661 1726 1717 ﬁeri

144 1761 480 1831 impossibile
513 1768 614 1815 est.
644 1758 753 1814 Sed
777 1757 1072 1813 notandum
1117 1756 1260 1825 quod
1289 1754 1432 1809 aliud
1477 1760 1560 1808 est
1609 1767 1726 1806 ma-

145 1865 312 1919 gnum
357 1849 487 1920 quid
517 1863 676 1917 agere
719 1849 773 1902 in
801 1848 966 1916 signis
992 1845 1390 1909 miraculorum,
1439 1843 1583 1897 aliud
1608 1857 1727 1895 ma-
1759 1831 1801 1889 Β

145 1955 312 2010 gnum
342 1955 464 1994 esse
493 1938 812 1994 excellentia
858 1936 1188 1991 meritorum.
1221 1933 1353 1988 Nam
1382 1934 1428 1988 si
1473 1933 1542 1987 de
1568 1931 1731 1985 mira-

148 2031 285 2086 culis
327 2030 523 2097 agitur,
571 2029 775 2082 nullum
821 2026 1010 2081 fecisse
1053 2024 1366 2079 miraculum
1413 2021 1648 2076 Joannes
1673 2021 1728 2074 in

147 2120 549 2189 Scripturarum
576 2118 782 2187 paginis
803 2115 1093 2171 invenitur.
1114 2113 1221 2168 Sed
1251 2111 1488 2182 nunquid
1511 2119 1734 2181 prepter

149 2212 250 2265 hoc
282 2210 501 2264 intimus
526 2207 630 2263 erit
670 2205 891 2261 omnino
919 2211 1245 2268 sanctorum,
1276 2203 1402 2272 quia
1431 2201 1574 2254 nulla
1625 2207 1732 2253 tra-

148 2304 294 2356 ditur
322 2301 474 2367 signa
505 2297 692 2353 fecisse
717 2298 994 2350 virtutum.
1026 2294 1249 2351 Elisaeus
1277 2308 1405 2362 ergo
1451 2291 1624 2360 major
1650 2295 1732 2344 est

150 2407 311 2462 quam
333 2389 479 2444 Elias
507 2389 560 2442 in
587 2387 913 2442 exhibitione
934 2385 1228 2452 signorum,
1251 2397 1410 2450 quem
1431 2389 1610 2435 tamen
1638 2395 1734 2434 nc—

149 2496 422 2552 quaquam
475 2488 720 2548 superest
762 2479 814 2531 in
875 2476 1090 2531 cumulo
1150 2475 1482 2529 meritorum.
1531 2471 1611 2525 lla
1675 2477 1732 2525 et

149 2573 392 2627 Joannes
421 2587 519 2640 par
561 2567 772 2638 quidem
812 2576 896 2622 est
933 2566 1081 2630 Elia),
1113 2566 1236 2634 quia
1265 2565 1402 2620 sicut
1438 2564 1525 2618 ille
1554 2578 1730 2633 przeco

152 2663 364 2718 futurus
385 2671 469 2717 est
489 2661 700 2730 judicis,
731 2660 800 2713 ita
825 2667 877 2713 et
898 2659 984 2714 hic
1001 2672 1298 2728 praecursor
1318 2657 1488 2710 factus
1517 2663 1598 2709 est
1618 2654 1750 2709 Re-i

151 2753 484 2821 demptoris;
512 2751 605 2805 sed
633 2751 804 2819 major
831 2748 968 2815 Elia,
998 2749 1121 2816 quia
1143 2762 1301 2815 quem
1327 2746 1734 2808 demonstravit,

152 2845 318 2897 etiam
368 2841 680 2910 baptizavit.
729 2839 786 2893 1n
815 2839 906 2897 illo
944 2837 1176 2906 denique
1205 2837 1540 2906 baptismatis
1558 2849 1738 2889 sacra-

154 2940 344 2986 mento
363 2930 617 2986 Jordanis‘
645 2929 785 2984 unda
815 2929 987 2997 magis
1015 2936 1100 2982 est
1126 2928 1234 2982 lota
1262 2942 1423 2995 quam
1471 2926 1598 2980 lavit
1623 2943 1636 2978 :
1667 2941 1736 2980 cx

154 3038 257 3090 qua
286 3023 512 3090 insuper
537 3021 642 3074 vim
670 3019 1106 3076 sanctiﬁcationis
1135 3019 1310 3074 omnis
1336 3019 1534 3088 ubique
1567 3025 1738 3073 terra-

154 3127 273 3166 rum
325 3126 466 3180 aqua
517 3111 784 3178 concepit.
835 3109 947 3165 Illic
973 3110 1164 3163 beatus
1183 3107 1416 3164 Joannes
1436 3123 1622 3163 vocem
1644 3107 1740 3160 Pa-

1825 581 2083 650 greditur.
2141 577 2308 645 Cujus
2354 575 2789 646 incomparabilis
2815 575 2939 628 vitae
2967 573 3158 628 seriem
3186 587 3294 626 non
3317 573 3399 626 hi-

1825 671 2230 741 storiographus
2258 669 2521 740 quispiam
2552 675 2674 738 post
2699 667 2815 737 ejus
2841 667 3048 722 obitum
3102 665 3254 729 texit,
3305 665 3399 717 sed

1824 763 2179 832 archangelus
2199 763 2288 817 ille
2309 761 2610 831 prtecipuus
2631 768 2919 828 antequam
2947 763 3239 826 conceptus
3259 763 3403 810 esset

1824 858 1876 912 in
1920 865 2095 921 utero,
2142 856 2280 910 sicut
2326 852 2559 918 Domini,
2616 853 2695 908 sic
2719 860 2776 916 et
2795 850 2952 920 hujus
2975 865 3138 920 opera
3161 847 3400 903 miranda

1822 948 2084 1003 narravit.
2117 945 2288 1014 Hujus
2315 959 2444 1000 sane
2473 944 2798 1014 praeconium
2825 957 2932 996 non
2979 942 3277 996 assertione
3305 955 3400 994 vc-

1823 1038 1974 1092 ridici
2019 1035 2308 1104 cujuslibet
2354 1034 2605 1098 hominis,
2636 1032 2734 1088 sed
2763 1048 2829 1087 ex
2873 1047 2969 1086 ore
2990 1032 3155 1101 ipsius
3180 1045 3401 1084 summae

1824 1128 2108 1184 didicimus
2135 1125 2392 1182 Veritatis
2424 1143 2437 1179 :
2471 1133 2529 1180 et
2569 1125 2657 1180 ille
2695 1132 2780 1178 est
2828 1130 3062 1178 assertor
3081 1135 3137 1178 et.
3158 1122 3402 1176 laudator

1823 1220 2062 1284 Joannis,
2093 1219 2183 1287 qui
2218 1217 2427 1272 cunctis
2455 1215 2762 1271 ctelestibus
2807 1229 2874 1269 ac
2903 1214 3130 1268 terrenis
3159 1211 3403 1266 laudatur

1823 1321 1880 1366 et
1906 1309 2242 1366 b'enedicitur
2260 1307 2539 1363 creaturis.
2573 1307 2656 1361 Ab
2676 1306 2767 1359 illo
2796 1304 3030 1372 denlque
3050 1302 3215 1356 verbo
3238 1299 3404 1354 Joan-

1825 1402 1909 1456 nis
1959 1407 2084 1455 sunt
2129 1398 2447 1468 deprompta
2478 1395 2770 1465 praeconia,
2793 1393 3054 1463 perquod
3077 1391 3291 1445 fundata
3323 1396 3406 1443 est

1824 1491 1993 1558 arida,
2016 1499 2302 1545 moventur
2325 1487 2518 1553 sidera,
2543 1486 2759 1558 condita
2789 1485 2945 1557 557
2970 1490 3100 1538 sunt
3118 1482 3405 1536 elementa.

1825 1581 2114 1638 Enimvero
2165 1587 2380 1650 quantae
2418 1555 2829 1648 magniﬁcentia:
2855 1583 2966 1629 est
2985 1576 3050 1628 ab
3091 1575 3182 1627 illo
3212 1573 3404 1627 mereri

1825 1672 2047 1741 gloriam
2077 1670 2272 1737 laudis,
2303 1669 2443 1739 apud
2471 1682 2630 1738 quem
2658 1679 2863 1720 summa
2895 1664 3120 1718 felicitas
3149 1671 3174 1699 ³
3205 1672 3286 1716 est
3317 1670 3402 1714 ut-

1826 1777 2034 1832 cunque
2054 1761 2308 1832 probari!
2344 1761 2431 1813 Ait
2459 1759 2599 1813 enim
2626 1775 2638 1810 :
2673 1755 2808 1820 Quid
2838 1757 3016 1810 existis
3047 1755 3252 1808 videre?
3274 1753 3403 1806 Proa

1830 1853 2074 1924 phetam?
2121 1850 2252 1905 Dico
2289 1850 2428 1906 vobis
2455 1858 2504 1904 et
2541 1848 2655 1920 plus
2681 1865 2834 1918 quam
2862 1847 3164 1917 praphetam
3194 1845 3406 1915 (Matth.

1831 1945 1931 2014 χι).
1987 1941 2094 1997 Sed
2136 1943 2260 2010 quia
2299 1941 2561 2010 prepheta
2589 1939 2729 1993 inter
2753 1946 2978 1993 creteros
3003 1936 3245 1991 homines
3268 1948 3411 2002 egro-

1829 2034 1948 2102 gius
1969 2040 2051 2088 est
2077 2041 2132 2087 et
2153 2031 2393 2099 insignis,
2425 2032 2517 2100 qui
2537 2030 2742 2084 nullum
2769 2030 2824 2083 in
2845 2027 3116 2083 communi
3136 2026 3410 2082 hominum

1830 2137 2027 2192 genere
2049 2123 2252 2176 habens
2269 2121 2528 2190 aequalem
2557 2121 2719 2174 etiam
2744 2119 3022 2188 prophetae
3049 2117 3409 2186 praeponitur,

1831 2219 1998 2268 restat
2045 2220 2105 2265 ut
2127 2210 2240 2279 jam
2287 2226 2395 2264 non
2449 2211 2630 2275 homo,
2682 2206 2776 2263 sed
2802 2208 3026 2275 angelus
3050 2215 3408 2275 nuncupetur.

1837 2301 1988 2356 Unde
2018 2310 2073 2356 et
2092 2300 2270 2355 subdit
2302 2318 2314 2353 :
2348 2299 2450 2353 llic
2479 2309 2554 2353 est
2576 2300 2713 2353 enim
2753 2298 2815 2352 de
2863 2313 2961 2362 quo
3005 2299 3252 2365 scriptum
3297 2305 3409 2348 est:

1833 2392 1968 2447 Ecce
1993 2394 2138 2446 mitto
2169 2393 2407 2462 angelum
2429 2407 2616 2457 meum,
2640 2392 2724 2461 qui
2747 2387 3064 2460 praeparabit
3110 2390 3244 2442 viam
3293 2396 3413 2440 ants

1835 2484 2022 2554 faciem
2073 2491 2226 2537 tuam.
2258 2480 2448 2550 (Marc.
2474 2480 2534 2550 1).
2585 2479 2691 2535 Sed
2736 2487 2813 2534 etv
2841 2480 2892 2532 in
2923 2478 3291 2548 suppositione
3319 2492 3412 2531 sua

1834 2572 2045 2628 melius-
2082 2573 2272 2626 beatus
2303 2569 2537 2625 Joannes
2565 2568 2888 2632 ostenditur,
2920 2576 3179 2636 quantum
3207 2567 3413 2622 caeteris

1835 2663 2140 2717 hominibus
2162 2660 2493 2732 prmferatur,
2521 2660 2591 2715 de
2617 2674 2725 2728 quo
2747 2659 3004 2714 Dominus
3029 2677 3041 2712 :
3077 2655 3176 2720 Qui
3219 2667 3412 2725 autem,

1837 2753 2030 2822 inquit,
2050 2755 2218 2807 minor
2240 2763 2315 2806 est
2335 2754 2389 2806 in
2411 2769 2568 2822 regno
2583 2752 2844 2819 caelorum,
2865 2752 3034 2821 major
3054 2759 3131 2805 est
3150 2750 3239 2808 illo
3262 2749 3414 2820 (Luc.

1838 2847 1972 2915 vn):
2003 2846 2126 2913 quia
2151 2845 2400 2898 nimirum
2447 2843 2779 2913 Redemptor
2818 2851 3021 2908 noster,
3074 2842 3165 2910 qui
3209 2840 3415 2896 Joanne

1840 2935 2018 2990 minor
2044 2943 2126 2989 est
2171 2934 2226 2988 in
2256 2942 2397 2988 terra
2425 2948 2523 3003 per
2551 2948 2822 2988 accessum
2861 2931 3196 2987 succedentis
3223 2932 3416 2993 :etatis,

1841 3026 1895 3080 in
1925 3024 2062 3082 (30310
2092 3023 2266 3092 major
2293 3031 2376 3078 est
2404 3038 2500 3092 per
2524 3031 2739 3078 :eterna:
2783 3023 3117 3092 privilegium
3162 3020 3418 3088 majesta-

1843 3119 1930 3173 tis.
1979 3116 2024 3172 0
2068 3117 2216 3172 felix
2243 3119 2342 3172 ista
2385 3118 2639 3187 dejectio,
2669 3117 2886 3187 quando
2914 3118 3077 3172 homo
3110 3115 3271 3186 558
3309 3114 3420 3168 Deo

157 3201 256 3255 πίε
296 3199 522 3262 animus
580 3198 835 3268 δρῖτίιιιιιι
886 3207 1130 3253 sanetum
1181 3199 1234 3252 ίη
1277 3199 1536 3252 εοιυηιδῖε
1563 3195 1741 3265 δροοίθ
1767 3180 1810 3239 C
1845 3209 2182 3279 supponitur,
2217 3223 2246 3261 a
2273 3180 2534 3264 Creatore
2557 3180 2806 3266 creatura
2834 3180 3420 3279 prmeeditur,—exiguus

157 3291 582 3347 descendentem
624 3291 852 3358 aspexit,
902 3288 1236 3344 tremendum
1277 3289 1480 3356 angelis
1524 3286 1618 3341 Dei
1648 3285 1742 3340 Fi-

159 3379 320 3448 lium,
365 3379 480 3433 suis
520 3379 1118 3433 manibus-inclinatum
1166 3378 1320 3448 aquis
1347 3378 1578 3432 intinxit.
1610 3376 1744 3432 Illud

159 3470 314 3523 enim
344 3467 743 3522 fundamentum
764 3475 820 3523 et
847 3468 998 3536 origo
1025 3468 1362 3538 baptismatis
1383 3467 1538 3522 rebus
1565 3476 1745 3522 osten-

161 3559 264 3626 dit,
281 3557 448 3628 quod
473 3558 682 3613 Veritas
709 3558 1051 3627 postmodum
1081 3557 1368 3627 discipulos
1389 3571 1548 3625 agere
1571 3557 1746 3612 verbis

163 3649 374 3702 virtute
398 3647 569 3718 plenis
597 3647 828 3702 edocuit.
855 3647 956 3716 Ite,
997 3649 1188 3717 inquit,
1218 3649 1394 3703 docete
1421 3665 1595 3702 omnes
1624 3664 1749 3720 gen-

165 3747 263 3800 tes,
303 3739 621 3807 baptizautes
637 3755 724 3791 eos
751 3739 803 3791 in
827 3739 1033 3793 nomine
1053 3737 1249 3805 Patris,
1277 3747 1324 3791 et
1344 3736 1492 3802 Filii,
1525 3748 1574 3791 et
1627 3739 1749 3808 Spi-

165 3828 306 3882 ritus
323 3828 497 3881 sancti
523 3827 743 3895 (Matth.
767 3826 969 3896 xxvm).
1002 3827 1114 3882 Illic
1143 3843 1228 3882 res
1255 3829 1531 3882 manifesta
1560 3819 1615 3881 et
1642 3843 1749 3882 non

165 3919 367 3983 verba;
402 3917 491 3972 hic
517 3918 697 3983 verba,
729 3927 784 3973 et
813 3934 899 3972 res
926 3933 1074 3986 vera,
1121 3918 1214 3972 sed
1241 3919 1469 3973 occulta.
1517 3917 1753 3974 Joannes

167 4011 359 4078 itaque
412 4009 761 4063 humanorum
789 4009 942 4064 limes
964 4018 1048 4063 est
1096 4009 1428 4063 meritorum.
1455 4007 1752 4073 Quantum-

166 4115 392 4169 cunque
426 4099 568 4153 enim
598 4099 875 4168 apostolici
912 4108 1132 4155 senatus
1160 4099 1390 4154 excellat
1442 4101 1753 4169 auctoritas,

167 4197 654 4256 quantumcunque
679 4188 762 4242 vel
812 4189 1231 4256 patriarcharum
1287 4186 1420 4242 ﬁdes
1474 4189 1527 4242 in
1577 4189 1755 4243 divina

166 4279 457 4346 agnitione
485 4276 746 4346 proﬁciat,
769 4279 853 4332 vel
876 4278 1255 4347 prophetarum
1284 4278 1501 4332 oracula
1522 4278 1586 4332 ad
1609 4293 1757 4334 rese-

166 4368 350 4422 randa
401 4382 602 4422 arcana
647 4367 899 4438 mysteria
941 4369 1336 4434 convalescat,
1367 4368 1777 4437 quantumlibet.-

165 4469 328 4512 certe
373 4459 678 4512 cumuletur
731 4458 1168 4526 triumphantium
1224 4458 1392 4525 gloria
1441 4467 1754 4533 martyrum,

165 4546 549 4614 quamtumvis
567 4544 811 4602 efﬂoreat
836 4563 1066 4602 vernans
1087 4549 1340 4617 pudicitia
1367 4531 1655 4620 virginum,
1672 4552 1759 4606 vel
1789 4531 1839 4590 D

164 4640 225 4694 in
247 4639 444 4694 verbis
468 4639 590 4693 vita:
616 4655 676 4694 se
701 4649 954 4695 exerceat
975 4641 1152 4708 lingua
1169 4641 1471 4707 doctorum,
1493 4645 1626 4698 citra
1655 4660 1786 4700 Inc--

164 4738 286 4783 tam
320 4728 548 4785 Joannis
575 4729 754 4785 omnia
795 4730 1132 4798 cohibentur,
1162 4731 1401 4800 nihilque
1428 4733 1638 4787 virtutis
1664 4734 1764 4787 hu-

1847 3300 1914 3354 ab
1945 3299 2314 3354 immensitatis
2341 3299 2512 3366 gloria
2535 3301 2846 3369 superatur!
2875 3300 3052 3367 Major
3071 3314 3189 3354 esse
3216 3297 3421 3353 Joanne

1848 3391 2091 3447 Christus
2135 3392 2188 3445 in
2219 3392 2357 3447 coelo
2395 3392 2612 3457 dicitur,
2643 3391 2732 3448 ubi
2761 3407 2792 3446 a
2822 3392 3027 3446 cunctis
3056 3390 3308 3458 angelice
3336 3389 3420 3442 di-

1847 3482 2068 3551 gnitatis
2113 3482 2400 3537 virtutibus
2438 3481 2710 3544 adoratur,
2761 3482 2847 3536 cui
2885 3481 3158 3535 cherubim
3193 3487 3248 3533 ct
3276 3492 3421 3532 sera-

1845 3573 1995 3643 phim
2020 3573 2293 3628 humiliter
2318 3572 2624 3644 procidunt,
2647 3571 2798 3641 cujus
2818 3571 3146 3641 principatus
3173 3577 3227 3622 et
3268 3577 3422 3638 pote-

1847 3671 2016 3720 states
2059 3663 2339 3732 imperium
2385 3664 2828 3730 contremiscunt,
2873 3661 3024 3729 cujus
3051 3659 3280 3728 denique
3309 3658 3423 3711 vul~

1851 3760 1965 3807 tum
2017 3751 2324 3806 desiderant
2367 3752 2541 3820 angeli
2583 3753 2912 3822 prospicere,
2943 3750 3134 3805 Joanni
3163 3765 3221 3804 se
3249 3750 3422 3819 perhi-

1851 3842 1943 3896 bet
1972 3841 2025 3895 in
2047 3842 2250 3897 caelesti
2275 3842 2536 3910 dignitate
2567 3857 2814 3912 praeesse,
2851 3843 2903 3896 in
2935 3841 3088 3910 cujus
3115 3841 3274 3910 plane
3302 3854 3423 3894 con-

1853 3939 2040 4010 spectu
2069 3946 2258 3986 omnes
2284 3941 2470 4001 gentes
2496 3933 2648 4001 quasi
2675 3934 2817 3987 stilla
2846 3940 2972 3988 sunt
2995 3933 3187 4001 situlze,
3209 3941 3263 3986 et
3279 3931 3428 4000 juxta

1853 4021 2132 4092 prophetae
2162 4020 2322 4092 (Isai.
2356 4039 2444 4087 XL,
2470 4023 2559 4093 17)
2589 4024 2920 4090 vaticinium,
2949 4023 3100 4092 quasi
3128 4022 3348 4076 nihilum
3377 4028 3428 4074 et

1856 4115 2015 4170 inane
2043 4121 2304 4184 reputatte
2327 4122 2474 4181 sunt,
2505 4115 2664 4168 beato
2693 4115 2814 4168 viro
2848 4128 2907 4167 se
2945 4130 3052 4168 non
3081 4113 3431 4180 dedignantur

1856 4205 1911 4259 in
1936 4205 2337 4275 comparatione
2357 4219 2690 4273 praeponere,
2711 4211 2771 4257 ut
2794 4204 3097 4257 inveniatur
3116 4204 3278 4256 homo
3295 4203 3431 4270 apud

1859 4292 2024 4347 Deum
2053 4309 2153 4363 pro
2181 4293 2492 4346 meritorum
2533 4291 2850 4347 excellentia
2879 4292 3029 4359 quasi
3077 4290 3251 4345 locum
3282 4306 3432 4344 com-

1859 4385 2153 4454 parationis
2181 4384 2401 4438 habere.
2433 4382 2534 4450 Qui
2564 4391 2743 4439 autem
2773 4391 2962 4438 auctor
2980 4391 3061 4437 est
3108 4381 3432 4437 celsitudinis

1863 4473 1978 4544 ipse
2023 4473 2194 4529 factus
2245 4482 2327 4529 est
2378 4474 2630 4542 magister
2680 4471 3013 4529 humilitatis.
3056 4471 3160 4542 Ipsi
3186 4471 3353 4540 gloria
3383 4480 3432 4526 et

1864 4565 2166 4635 imperium,
2214 4575 2271 4622 et
2309 4566 2470 4623 modo
2496 4575 2552 4622 et
2576 4567 2768 4624 amodo
2797 4567 2849 4622 in
2878 4566 3072 4622 saecula
3101 4564 3432 4621 saeculorum.

1863 4655 2058 4711 Amen.
2079 4702 2085 4705 _

1561 4826 1828 4888 SERMO
1869 4826 2062 4888 LXII:

1189 4947 1320 5002 Item
1346 4948 1408 5002 de
1434 4948 1697 5003 nativitate
1725 4949 1786 5006 S.
1811 4949 2033 5007 Joannis
2064 4947 2312 5018 Baptista
2341 4947 2444 5004 VI.

1623 5065 2014 5120 ADMONITIO.

1623 5065 1712 5118 AD
1743 5065 1762 5118 ι
1999 5105 2014 5120 .

238 5149 418 5226 lianc
441 5163 510 5226 ex
541 5149 724 5226 codice
772 5150 1122 5226 Ambrosiano
1167 5168 1197 5206 a
1241 5153 1534 5210 Muratorio
1569 5063 2106 5212 edituthltoslzlrildgnem
2149 5155 2208 5210 in
2248 5151 3130 5226 codicequoque-Casinensi.105,
3161 5167 3282 5224 pag.
3318 5154 3436 5220 159,

152 5218 220 5276 8.
251 5219 492 5274 Maximi
521 5221 736 5274 nomine
757 5229 1002 5274 ornatum
1024 5223 1269 5288 legimus.

153 5310 879 5384 “cnnamum—Joannis
917 5312 1163 5374 Baptista:
1192 5311 1628 5384 conceptio‘atque
1669 5330 1764 5366 na»

234 5383 435 5435 ts't-r'tas
468 5381 761 5449 negantiam
789 5398 888 5434 non
929 5399 1042 5435 esse
1087 5384 1400 5435 natiritatem
1440 5381 1766 5436 Dominicam

231 5452 458 5504 edocet.
481 5447 712 5503 Joannes
742 5452 876 5504 inter
904 5460 1055 5504 natos
1087 5451 1356 5505 mulierum
1388 5467 1499 5504 rere
1531 5459 1604 5503 est
1653 5468 1764 5503 ma-

223 5522 379 5592 jor;
411 5519 532 5589 quia
558 5517 657 5572 Dei
681 5517 728 5570 F
731 5521 876 5573 ilium
914 5529 969 5573 ut
1020 5521 1266 5590 prop/leta
1316 5520 1669 5589 prwloquitur,
1710 5529 1766 5571 ut

1939 5331 2231 5437 priuigno:-
2275 5316 2563 5380 antevertit,
2591 5322 2647 5368 ut
2692 5315 2915 5384 baptista
2944 5317 3180 5387 suscepit,
3209 5324 3264 5369 ut
3303 5316 3448 5371 testis

1943 5403 2000 5437 os
2022 5403 2084 5437 en
2126 5395 2186 5437 tt.

1943 5395 2186 5439 ostendit.

1943 5515 2236 5584 Conceptio
2263 5523 2424 5585 atque
2469 5513 2716 5570 nativitas
2763 5513 3053 5570 venerandi
3079 5512 3298 5569 Joannis
3338 5512 3440 5567 Ba-

232 5672 450 5747 ‘_Co_d_.
476 5673 1015 5746 Vat.,est.impctrm'e
1051 5677 1246 5730 veniam
1287 5674 1528 5745 pietatis?
1558 5684 1604 5728 ct
1651 5675 1714 5728 ab
1759 5674 1849 5728 illo
1878 5677 2111 5746 pravferri
2158 5670 2477 5740 hominibus,
2523 5692 2554 5729 α
2602 5692 2700 5746 quo
2749 5675 3020 5747 gloriatura
3075 5683 3150 5729 est
3192 5685 3442 5744 utcunque

137 5743 437 5812 probari?
