4054 6194
212 347 316 403 σσι

1640 336 1868 396 θειιιιο
1908 334 2061 389 LXV.

3370 330 3491 393 668'

1583 446 1852 507 SEllMO
1898 443 2123 503 LXI”.

985 565 993 569 '
1034 564 1035 567 ‘
1255 551 1335 605 De
1373 547 1635 603 nativitate
1665 546 1726 599 S.
1754 544 1978 598 Joannis
2006 544 2253 612 Baptista:
2292 544 2422 599 VII.

990 662 1007 669 ι
1664 632 2053 688 ΑΒΜΟΝΙΤΙΟ.

284 737 449 806 561
472 735 528 788 l'n
558 735 617 789 S.
639 735 895 806 Dalmatii
912 748 997 788 sm

210 801 512 860 ltcntVere
534 806 597 859 S.
618 805 777 859 Joan.
812 803 964 871 Bapt.
999 801 1173 857 homil.
1210 802 1268 855 Η
1281 801 1325 854 1.

1094 748 1122 786 a
1153 732 1309 785 nobis
1334 729 1553 785 laudato
1594 726 1781 783 codice
1818 725 1906 778 hic
1932 740 2113 780 sermo
2146 742 2255 797 prie
2286 744 2344 783 se
2388 730 2490 786 fert
2535 731 2591 786 S.
2626 733 2837 799 Maximi
2870 752 3066 791 nomen
3106 752 3239 793 cum
3268 739 3422 795 titulo
3452 756 3468 793 :

208 906 605 952 Διιςυιιεκιυιιι
637 927 709 937 --
737 894 797 947 S.
828 894 1058 948 Joannes
1092 894 1326 961 Baptista
1354 889 1594 961 progenie
1624 884 1791 963 incly-
1819 886 1872 944 A
1898 896 2085 942 venter
2113 889 2379 943 intumuit.
2407 890 2640 947 Joannes
2668 894 2969 963 concipitur
2988 904 3141 951 utero
3163 898 3470 961 senissimo,

284 976 387 1028 tus,
422 966 691 1019 nativitate
724 965 992 1025 mirabilis,
1025 971 1175 1028 atque
1200 964 1252 1014 in
1284 963 1386 1013 vita
1414 970 1463 1013 et
1491 967 1655 1011 morte
1681 961 1794 1028 glo-

284 980 387 1028 tus,
422 980 691 1019 natwuate
724 980 992 1025 miraoms,
1025 980 1077 1015 (tt
1128 980 1175 1013 te
1200 980 1252 1014 in
1284 980 1386 1013 vim
1414 980 1463 1013 et
1491 980 1655 1011 morie
1682 980 1793 1024 ψυ-

283 1035 627 1091 riosissimus:
658 1034 925 1107 plusquam
948 980 1217 1101 propzzla,
1239 1040 1288 1082 et
1315 1046 1411 1107 uox
1440 1027 1713 1107 clamantis
1739 1024 1793 1107 in

281 1106 519 1165 deserto;
561 1096 675 1172 ante
703 1096 798 1154 v0.15
826 1096 981 1154 etiam
1010 1096 1145 1153 nunc
1174 1101 1371 1154 cunctis
1398 1114 1512 1169 quis
1550 1096 1793 1167 facienda

278 1190 494 1244 quicque
515 1171 775 1243 fugienda
790 1171 897 1224 sint
916 1174 1224 1240 prortamat.

276 1347 462 1403 Sancti
506 1346 727 1401 Joannis
758 1346 1010 1414 Baptistxu
1052 1344 1309 1400 hodierna
1338 1344 1447 1407 die,
1477 1343 1668 1398 fratres
1696 1359 1791 1398 ca-

205 1438 426 1502 rissimi,
457 1436 693 1491 natalem
720 1434 1621 1502 cclcbrantes,.exsultemus-atque
1645 1433 1793 1487 laete-

205 1545 330 1583 mur
357 1527 415 1581 in
443 1525 872 1591 Domino,,illum
896 1524 1146 1578 in'veteri
1178 1524 1296 1592 lege
1332 1531 1514 1577 natum
1542 1537 1662 1577 esse
1688 1522 1790 1576 ho-

208 1618 413 1672 minem
452 1616 709 1685 progenie
740 1614 1020 1685 inclytum,
1050 1614 1336 1669 nativitate
1359 1614 1679 1678 mirabilem,
1710 1622 1791 1668 at-

204 1724 309 1777 que
327 1708 382 1762 in
406 1707 514 1760 vita
535 1714 589 1760 et
611 1714 784 1761 morte
811 1706 1272 1774 gloriosissimum.
1296 1706 1415 1776 Ipse
1435 1707 1576 1761 enim
1597 1715 1681 1761 est
1701 1706 1790 1760 ille

203 1811 511 1867 pmcursor
528 1794 761 1849 Joannes
782 1796 874 1863 qui
895 1794 1228 1850 Salvatorem
1250 1796 1448 1860 sicculi,
1484 1795 1597 1850 etsi
1615 1795 1787 1850 adhuc

203 1888 397 1942 matris
435 1887 489 1940 in
511 1894 667 1940 utero
689 1886 1199 1947 latitantem,ctiam
1230 1886 1345 1953 ipse
1364 1894 1613 1939 materno
1639 1886 1789 1939 clau-

204 1992 297 2031 sus
323 1976 380 2029 in
404 1975 545 2040 sinu,
575 1975 892 2029 exsultando
920 1975 1191 2040 salutavit,
1223 1974 1552 2044 saltibusque
1587 1988 1790 2028 annun-

205 2068 365 2121 tiavit
392 2074 736 2136 praesentem.
763 2066 1123 2130 Natusvero,
1146 2074 1308 2135 atque
1335 2067 1477 2121 inter
1503 2067 1788 2121 tenebrosa

204 2156 413 2211 deserti
448 2157 668 2211 latitans
706 2156 973 2224 gloriosus
1000 2158 1324 2227 promulgat,
1356 2158 1694 2212 venientibus
1721 2157 1788 2211 ad

1900 979 2067 1047 patri,
2096 996 2258 1049 quam
2287 996 2555 1049 nunquam
2588 983 2885 1050 habuerat,
2931 987 3107 1055 proles
3135 988 3465 1043 conceditur.

1898 1066 2167 1123 Elisabcth
2198 1079 2378 1125 autem
2409 1080 2669 1127 vacuatur
2696 1082 2899 1139 uterus,
2928 1084 2982 1129 et
3008 1086 3233 1131 matrem
3263 1094 3322 1132 se
3350 1079 3468 1131 [mla

1896 1158 2138 1212 miratur.
2185 1157 2431 1212 Exsultat
2472 1160 2754 1215 Zacharias
2801 1163 2853 1216 in
2896 1165 3133 1232 gaudio;
3162 1174 3215 1220 et
3244 1182 3362 1220 cum
3403 1166 3471 1220 de

1896 1249 2061 1318 pueri
2086 1249 2303 1303 nomine
2333 1250 2474 1318 apud
2517 1250 2793 1318 proximos
2836 1262 2979 1308 esset
3019 1256 3311 1318 contentio,
3343 1255 3468 1309 dum

1895 1340 2092 1395 tabulis
2121 1349 2277 1410 pater
2302 1341 2495 1411 stylum
2528 1341 2677 1409 ﬁgit,
2716 1351 2776 1396 ut
2805 1360 2903 1413 pro
2932 1346 3153 1401 arbitrio
3183 1347 3293 1400 nati
3320 1347 3470 1416 pueri

1894 1446 2091 1485 nomen
2121 1430 2404 1494 describat,
2436 1431 2578 1499 quod
2608 1448 2859 1489 sermone
2881 1437 3151 1505 explicare
3179 1454 3287 1491 non
3317 1447 3471 1508 pote-

1895 1530 2019 1585 rat,
2068 1523 2121 1576 in
2150 1538 2338 1576 vocem
2377 1524 2554 1577 subito
2583 1524 2815 1593 linguam
2858 1526 3115 1593 resolvit,
3158 1529 3472 1597 litterasque

1893 1628 2142 1668 sermone
2171 1614 2449 1681 prmvenit,
2482 1623 2537 1668 et
2574 1630 2731 1682 quem
2761 1616 2900 1684 stylo
2944 1614 3205 1671 Joannem
3234 1618 3470 1674 scribere

1892 1703 2126 1767 volebat,
2155 1704 2422 1771 loquendo
2447 1712 2691 1758 testatur.
2722 1704 2865 1770 Quid
2878 1721 3005 1774 ergo
3029 1708 3221 1761 mirum
3247 1709 3291 1762 si
3321 1710 3467 1766 illum

1891 1795 2013 1864 plus
2040 1810 2198 1863 quam
2228 1795 2549 1865 prophetam
2579 1794 2822 1850 Christus
2849 1798 3143 1866 pmdicat?
3171 1798 3299 1865 Quis
3327 1802 3468 1857 enim

1892 1887 2278 1955 prophetarum
2327 1886 2596 1940 nascendo
2637 1902 2824 1942 vocem
2852 1930 2873 1953 ,
2910 1895 2964 1941 et
3007 1889 3208 1957 populo
3235 1892 3471 1949 restituit

1892 1974 2263 2029 sacerdotem?
2292 1974 2433 2043 Ergo
2462 1991 2563 2031 nec
2600 1976 2792 2030 mirum
2821 1977 2868 2031 si
2904 1977 2973 2032 de
3012 1993 3070 2032 se
3098 1987 3285 2047 postea
3316 1981 3470 2035 dixe-

1891 2065 1963 2119 rit
1989 2083 2002 2118 :
2034 2064 2149 2136 Ego
2176 2082 2289 2119 sum
2319 2082 2416 2119 vox
2439 2066 2712 2119 clamantis
2740 2067 2793 2119 in
2824 2066 3024 2121 deserto
3051 2067 3199 2137 (Luc.
3232 2071 3332 2140 ill).
3356 2069 3468 2126 Hoc

1891 2163 1992 2221 cst,
2042 2172 2150 2210 non
2195 2171 2299 2210 vox
2333 2164 2536 2209 tantum
2566 2171 2686 2223 qua:
2731 2158 3057 2212 audientium
3091 2160 3270 2214 valeat
3313 2176 3467 2217 aures

205 2261 265 2299 se
303 2246 542 2316 populis.
568 2261 793 2301 securus
833 2246 1088 2315 pmdicat
1110 2285 1125 2311 ,
1171 2246 1505 2302 conﬁdenter
1532 2248 1785 2302 ostendit.
1819 2245 1868 2306 B
1893 2253 2199 2315 penetrare,
2228 2245 2324 2301 sed
2355 2252 2411 2300 et
2437 2246 2736 2310 clamantis,
2768 2263 2887 2316 quae
2916 2264 3109 2319 nempe
3138 2250 3466 2309 audientium

204 2334 309 2390 Iste
330 2344 421 2389 est
445 2335 534 2391 ille
559 2335 889 2391 clarissimus
905 2334 1103 2391 Christi
1125 2335 1364 2407 Baptista
1377 2338 1468 2406 qui
1490 2336 1784 2392 advenien-

205 2435 285 2480 tes
306 2426 381 2480 ad
410 2441 471 2481 se
493 2427 815 2496 populorum
843 2428 1031 2483 turbas
1050 2435 1199 2482 tanta
1227 2429 1503 2483 alacritate
1527 2428 1785 2497 exagitat,

206 2523 262 2568 ut
305 2531 417 2571 nec
458 2514 847 2572 Phariszeorum
875 2518 1178 2587 superbiam
1202 2557 1219 2584 ,
1269 2533 1370 2575 nec
1407 2519 1705 2573 scribarum
1731 2520 1787 2573 in

203 2606 323 2674 lege
350 2607 567 2661 Domini
597 2607 937 2677 imperitiam,
978 2624 1081 2664 nec
1106 2608 1360 2665 vitiorum
1389 2610 1647 2675 omnium,
1676 2610 1790 2679 qui-

203 2696 301 2751 bus
357 2697 568 2766 perﬁda
620 2698 708 2752 illa
760 2713 1174 2767 gens............
1229 2700 1503 2757 declarare
1554 2711 1784 2758 recusat.

204 2787 361 2843 lluuc
392 2804 494 2842 nec
540 2789 822 2859 impiorum
865 2804 1050 2858 regum
1088 2792 1275 2857 mium,
1321 2807 1423 2848 nec
1467 2794 1789 2851 luxuriantis

204 2878 342 2932 ani-.1:
376 2878 604 2947 plurima
635 2880 934 2945 commoda,
965 2896 1066 2936 nec
1092 2882 1441 2938 sacerdotalis
1466 2886 1680 2953 generis
1697 2900 1789 2940 su-

204 2970 457 3039 perbia'a
482 2971 714 3025 veritate
737 2970 963 3026 dicenda
996 2972 1283 3042 prohibere
1308 2982 1615 3044 potuerunt.
1647 2973 1788 3031 Vere

206 3060 376 3129 igitur
397 3060 643 3116 Christus
670 3060 927 3118 Dominus
972 3061 1109 3117 dixit
1154 3078 1273 3120 esse
1315 3065 1437 3134 plus
1462 3080 1635 3136 quam
1662 3082 1789 3135 pro-

209 3151 453 3219 phetam.
486 3151 651 3205 Natus
697 3153 840 3206 enim
887 3160 1081 3222 printer
1126 3169 1465 3210 communem
1510 3156 1787 3211 hominum

210 3243 583 3307 nativitatem,
607 3243 753 3298 illum
778 3244 994 3314 quidem
1022 3244 1325 3301 obsecratio
1354 3254 1539 3301 sancta
1563 3247 1787 3312 creavit,

207 3350 479 3388 non'vero
509 3335 773 3404 voluptas.
824 3336 957 3390 Nam
1002 3352 1124 3391 cum
1164 3338 1396 3395 materni
1442 3338 1581 3392 uteri
1626 3338 1786 3392 anilia

209 3426 422 3479 viscera
456 3424 761 3493 friguissent
783 3469 798 3493 ,
849 3435 904 3482 et
932 3427 1083 3483 fessa
1108 3426 1220 3497 jam
1267 3430 1509 3499 corporis
1544 3429 1786 3484 membra

206 3517 412 3570 nullam
466 3518 695 3587 amplius
746 3517 1084 3575 fecunditatis
1136 3520 1362 3589 gratiam
1415 3521 1781 3591 sponderent,

1889 2336 2053 2389 corda
2083 2335 2357 2389 concutiat
2409 2343 2570 2404 atque
2594 2336 2648 2389 in
2679 2337 2816 2391 viam
2842 2338 3029 2393 salutis
3056 2339 3309 2394 adducat.
3340 2340 3466 2406 Quae

1889 2425 2135 2495 equidem
2164 2440 2269 2479 vox
2311 2426 2473 2479 etiam
2513 2441 2654 2480 nunc
2692 2428 2903 2482 cunctis
2945 2429 3261 2498 proclamat.
3293 2429 3465 2498 Atque

1888 2516 2049 2571 etiam
2075 2515 2249 2579 vobis,
2281 2515 2495 2579 fratres,
2527 2532 2646 2585 quae
2671 2516 2934 2581 facienda,
2965 2532 3193 2587 quisque
3217 2517 3463 2587 fugienda

1888 2607 1995 2662 sint
2040 2622 2138 2676 per
2186 2606 2544 2661 humilitatem
2586 2614 2825 2661 nostram
2869 2622 3082 2677 semper
3126 2610 3407 2662 annuntiat
3450 2627 3461 2661 :

1891 2696 2087 2751 Parata
2107 2698 2239 2751 viam
2260 2696 2492 2762 Domini,
2519 2706 2683 2752 rectas
2711 2699 2865 2768 facite
2892 2701 3101 2752 semitas
3120 2700 3232 2769 ejus
3255 2699 3460 2769 (Ibid.).

1888 2788 2029 2860 Ergo
2058 2790 2199 2844 viam
2227 2789 2454 2844 Domino
2476 2804 2669 2859 parare
2687 2788 2958 2858 jubemur,
2990 2799 3188 2846 nostra:
3215 2791 3460 2859 equidem

1888 2881 2011 2937 ﬁdei
2050 2883 2299 2951 puritate,
2331 2896 2436 2950 qua
2457 2897 2565 2936 non
2604 2888 2811 2935 tantum
2841 2880 3107 2936 idolorum
3134 2896 3275 2935 vana
3303 2888 3461 2949 atque

1888 2972 2259 3041 superstitiosa
2287 2969 2536 3040 ﬁgmenta
2551 2970 2917 3037 adversemur,
2944 2971 3039 3026 sed
3050 2980 3106 3026 et
3126 2972 3179 3025 in
3208 2972 3462 3026 fratribus

1889 3078 1954 3119 ea
1980 3064 2313 3118 detestemur
2337 3071 2392 3118 et
2434 3063 2784 3132 corrigamus.
2824 3063 2994 3133 Ipsius
3030 3077 3243 3132 quoque
3272 3063 3463 3119 mentis

1888 3154 2160 3221 castitate,
2197 3168 2301 3222 qua
2330 3162 2387 3208 et
2416 3154 2669 3209 fratribus
2712 3155 3081 3220 misereamur,
3112 3156 3320 3211 cunctis
3348 3170 3465 3223 qua:

1887 3260 1983 3299 sua
2023 3252 2149 3297 sunt
2186 3244 2556 3309 restituendo,
2609 3245 2769 3299 nullis
2813 3244 3185 3313 adversando,
3224 3256 3465 3300 errantes

1888 3337 2235 3406 corrigendo,
2279 3336 2499 3404 singulis
2525 3336 2760 3401 demum,
2792 3347 3049 3405 quantum
3078 3352 3177 3406 per
3204 3352 3303 3393 uos
3342 3339 3464 3395 licet

1890 3428 2293 3485 benefaciendo.
2323 3427 2464 3496 Ergo
2486 3427 2637 3495 juxta
2657 3427 2946 3481 venerandi
2970 3428 3217 3497 Baptism
3239 3429 3462 3494 monita,

1891 3534 2105 3590 semper
2132 3520 2387 3584 vivamus,
2421 3518 2586 3573 Deum
2615 3532 2825 3586 semper
2855 3525 3162 3583 exorantes,
3198 3526 3256 3571 ut
3285 3518 3338 3571 in
3366 3518 3463 3571 bo-

205 3617 399 3662 contra
429 3609 907 3679 impossibilitatem
937 3610 1118 3666 senilis
1153 3613 1396 3682 corporis
1441 3620 1496 3667 et
1530 3614 1783 3669 sterilita.
1811 3597 1859 3661 C
1889 3614 1972 3669 nis
1997 3613 2251 3684 operibus
2281 3610 2491 3666 felicem
2518 3609 2975 3682 perseva'antiam
3013 3608 3171 3666 nobis
3192 3608 3463 3665 custodire

208 3708 316 3755 lem
349 3702 513 3774 553
536 3702 822 3769 viscerum,
864 3702 1137 3760 Zacharias
1176 3706 1467 3775 precibus,
1512 3704 1785 3761 Elisabeth

1888 3705 2168 3760 concedat.
2200 3702 2452 3774 Explicit.

1564 3799 1829 3860 SERMO
1878 3799 2097 3860 LXIV.

1238 3892 1305 3950 In
1333 3896 1599 3950 nativitate
1627 3895 1687 3951 S.
1724 3896 1947 3952 Joannis
1983 3897 2231 3968 Baptista:
2265 3894 2435 3949 VIII.

273 4070 443 4142 563
472 4070 587 4127 Hoc
614 4071 967 4141 fragmentum
986 4072 1250 4128 sermonis
1278 4086 1345 4127 ex
1373 4074 1563 4129 eodem
1583 3985 2134 4131 ἓξὲξἷὲιῆ
2162 4048 2575 4131 exscribendum
2600 4073 2924 4129 curavimus.

273 4184 477 4249 Hodie,
510 4183 700 4239 fratres
722 4225 739 4252 ,
785 4184 1080 4240 beatissimi
1104 4183 1325 4240 Joannis
1356 4184 1609 4253 Baptista:
1631 4193 1787 4239 natae-

206 4275 312 4329 lem
337 4274 697 4329 devotissimis
725 4274 1099 4330 festivitatibus
1126 4275 1480 4341 celebramus,
1502 4275 1654 4343 cujus
1681 4290 1787 4329 non

206 4365 391 4419 solum
422 4363 519 4417 fuit
544 4365 663 4419 vita,
681 4365 981 4429 laudabilis,
1010 4365 1105 4421 sed
1129 4374 1185 4420 et
1209 4365 1470 4419 mirabilis
1498 4366 1667 4435 ipsius
1694 4380 1790 4419 na-

207 4456 397 4509 tivitas
423 4454 646 4511 exstitit.
678 4455 851 4509 Natus.
868 4466 951 4510 est
989 4456 1129 4510 enim
1173 4456 1241 4511 de
1280 4456 1449 4511 sterili
1496 4456 1692 4511 femina
1722 4471 1790 4511 ex

207 4544 371 4598 senili
401 4553 455 4598 et
480 4553 668 4600 ventre
695 4546 1019 4615 procedens,
1070 4547 1158 4601 ille
1202 4555 1287 4601 est
1325 4546 1523 4603 Christi
1552 4548 1791 4617 Baptista

208 4632 459 4690 Joannes»
477 4635 544 4689 de
576 4650 683 4704 quo
708 4637 966 4706 scriptum
994 4646 1077 4693 est
1116 4656 1128 4691 :
1162 4638 1274 4709 Ego
1302 4656 1399 4693 vos:
1435 4641 1708 4694 clamantis
1733 4622 1802 4693 in.

212 4724 420 4781 deserto
447 4725 594 4793 (Luc.
627 4728 727 4799 ιιι).
757 4726 1289 4798 (Σιωιιξινίιθᾳυὶὐθιιι
1312 4730 1365 4784 in
1385 4729 1599 4785 deserto
1623 4729 1790 4783 Joan-

1890 4201 2008 4251 nes,
2036 4193 2097 4239 ut
2123 4184 2363 4239 inﬁdelis
2376 4182 2559 4252 populi
2583 4182 2864 4237 durissima
2890 4182 3055 4252 565.
3074 4183 3324 4239 corda-ad
3353 4201 3463 4254 poe~

1890 4276 2172 4331 nitentiam
2216 4274 2498 4328 excitaret.
2532 4271 2831 4336 Clamavit,
2880 4279 2940 4325 ut
2978 4271 3130 4326 illum
3175 4288 3205 4325 a
3235 4275 3463 4342 pessima

1891 4364 2206 4420 inﬁdelitate
2233 4376 2565 4417 sua..........
2593 4361 2865 4416 clamabat
2902 4367 3063 4428 atque
3100 4360 3310 4415 dicebat
3333 4381 3345 4413 :
3368 4379 3463 4430 pa-

1893 4465 2007 4509 rate
2048 4455 2186 4509 viam
2233 4451 2467 4519 Domini,
2514 4460 2678 4504 rectas
2721 4452 2875 4522 facite
2911 4451 3122 4504 semitas
3163 4450 3260 4503 Dei
3301 4452 3464 4503 nostri

1896 4546 2049 4619 (Luc.
2092 4548 2192 4617 ιιι).
2227 4545 2406 4615 (Deest
2435 4542 2660 4616 folium.)
2692 4541 2833 4611 Ergo
2862 4543 2927 4597 ad
2953 4551 3163 4612 tempus
3189 4557 3310 4597 cum
3349 4541 3465 4610 ipso

1894 4639 2199 4693 habitemus
2243 4638 2296 4691 in
2326 4638 2433 4691 hoc
2474 4634 2669 4691 seculo
2691 4674 2707 4701 ,
2754 4643 2819 4689 ut
2836 4648 2956 4691 cum
2986 4634 3101 4704 ipso
3129 4634 3184 4688 in
3209 4640 3469 4688 aeternum

1894 4744 2013 4785 esse
2030 4728 2316 4799 possimus.
2348 4726 2596 4797 Explicit.

1594 4844 1859 4905 SERMO
1902 4844 2092 4904 LXV.

1269 4942 1347 4999 De
1374 4945 1639 4997 nativitate
1670 4945 1729 4999 S.
1770 4943 1993 4998 Joannis
2020 4942 2272 5013 Baptista:
2306 4941 2407 4996 IX.

1623 5034 2010 5090 ADMONITIO.

285 5125 421 5178 Cum
451 5125 536 5179 hic
564 5139 775 5193 quoque
804 5140 981 5178 sermo
1012 5125 1062 5176 in
1094 5124 1281 5179 codice
1311 5125 1365 5178 S.
1401 5124 1647 5178 Dalmatii
1672 5123 1727 5177 S.
1765 5124 1995 5179 Maximo
2019 5126 2337 5189 ascribatur,
2370 5140 2398 5177 a
2424 5125 2701 5179 monachis
2726 5138 2853 5175 vero
2883 5120 3211 5193 Maurinisjn
3241 5123 3470 5193 append.

215 5211 384 5265 serm.
414 5194 470 5247 S.
494 5190 778 5265 Augustini
809 5210 955 5265 num.
991 5194 1092 5265 197
1120 5194 1434 5265 collocetur,
1463 5195 1708 5248 eumdem
1738 5209 1837 5249 nos
1865 5194 1921 5248 S.
1948 5195 2183 5250 Maximo
2214 5196 2391 5265 potius
2420 5209 2578 5263 quam
2608 5194 2921 5262 Augustino,
2957 5201 3017 5245 ut
3043 5192 3093 5245 in
3124 5190 3285 5245 Rom.
3315 5190 3473 5246 Brev.

213 5264 453 5319 ad'dietn
480 5264 549 5316 24
574 5264 733 5328 Junii,
769 5262 1139 5317 ascribendum
1170 5279 1288 5317 esse
1313 5262 1685 5331 judicavimns.

212 5352 611 5406 Ascensius.
643 5382 714 5391 —-
744 5350 909 5403 Unius
950 5350 1173 5403 Joannis
1214 5351 1461 5402 nativitas
1491 5349 1798 5403 celebratur.
1830 5358 1879 5416 ι)
1906 5352 2103 5407 nullius
2136 5352 2413 5407 hominum
2450 5350 2780 5405 nativitatem
2809 5350 3032 5419 legimus
3060 5349 3343 5415 celebrari,
3377 5350 3477 5405 nisi

304 5422 507 5509 νεςενίε,
524 5420 1788 5509 ﬁ“?7?“???91?ﬁ93"“:‘3‘priﬁf’fffi'ﬁ?3114f"

1903 5443 2072 5497 solius
2098 5440 2295 5495 Christi
2342 5441 2592 5509 Baptista:
2618 5439 2859 5496 Joannis.
2905 5440 2998 5494 llla
3046 5440 3098 5494 in
3139 5440 3257 5494 aliis
3282 5440 3479 5493 sanctis

289 5502 459 5553 serto,
492 5491 544 5542 id
574 5500 650 5541 est
679 5492 731 5543 in
761 5491 854 5542 hoc
884 5491 1074 5542 mundo
1094 5533 1107 5553 ,
1140 5498 1260 5541 ante
1288 5488 1546 5541 Christum
1575 5490 1798 5555 promis-
1903 5488 2877 5555 ’ξῖξξῙζ-ξξξ’ζζζε-,ίξξξξῗ,ἶῖξωξξξ
2905 5488 2944 5555 ’ξ

289 5534 1622 5629 satrapeaminsiginens.2;;triginta;
1903 5534 2200 5629 6'80“qu
2242 5534 2338 5589 υθί
2366 5534 2562 5629 99m"?
2587 5535 2740 5603 dies,
2780 5550 2884 5629 ftu"
2931 5536 3051 5590 “'05
3078 5544 3203 5606 νοεῖ
3231 5543 3311 5629 ‘9‘
3350 5550 3478 5629 οοηδ

1902 5624 2317 5681 summationem
2365 5625 2647 5694 laborum,
2704 5628 3080 5698 devictumque
3122 5627 3379 5682 mundum
3426 5627 3478 5679 in

288 5714 417 5770 Post
466 5714 613 5769 illum
658 5726 1052 5773 sacrosanctum
1101 5716 1366 5795 Dominici
1414 5716 1605 5774 natalis
1652 5716 1793 5772 diem
1898 5723 2185 5786 perpetuas
2221 5716 2548 5775 aztcrnitates
2574 5734 2811 5790 praesens
2852 5720 2967 5776 haec
3005 5717 3231 5788 parturit
3260 5717 3388 5770 vita.
3420 5714 3481 5769 in
