4054 6194
543 321 644 391 ωδ

1753 335 1812 388 S.
1852 332 2096 388 MAXIM!
2135 332 2581 390 TAURINENSIS

3689 336 3790 392 σοι

543 451 661 505 aliis
686 463 816 503 vero
855 453 1222 504 consummata
1253 445 1450 504 ultima:
1486 443 1592 499 dici
1621 445 1810 498 merita
1833 445 2112 500 celebran-
2138 450 2191 506 Α
2217 446 2430 514 penitus
2473 447 2738 501 bonorum
2787 460 3014 516 operum
3055 445 3442 516 iucunditatem
3487 445 3748 504 alierebat
3774 493 3790 517 ,

544 548 648 594 tur.
691 539 748 594 ln
788 538 987 593 Christi
1029 544 1206 590 autem
1252 535 1589 590 sanctissimo
1635 533 1873 604 Baptista
1907 533 2114 589 Joanne

544 630 706 684 ctiam
731 628 903 697 prima
931 627 1068 688 dies,
1091 634 1251 695 atque
1276 625 1441 694 ipsius
1468 639 1681 694 quoque
1708 624 1940 679 hominis
1964 624 2113 678 initia

545 720 926 781 celebrantur;
983 716 1109 784 quia
1165 730 1262 786 per
1319 716 1461 769 hunc
1506 714 1764 768 Dominus
1826 713 2114 770 adventum

543 827 741 879 suum,
789 825 856 864 ne
908 809 1058 864 illum
1110 808 1286 862 subito
1337 806 1583 860 homines
1630 807 1956 874 insperatum
2007 819 2116 858 non

544 908 922 968 agnoscerent,
961 899 1129 953 voluit
1177 912 1295 951 esse
1335 904 1610 950 testatum.
1657 894 1892 950 Joannes
1936 903 2115 949 autem

549 991 754 1045 Veteris
782 988 1109 1044 Testamenti
1145 987 1310 1056 figura
1352 986 1481 1051 fuit,
1515 995 1677 1053 atque
1714 985 1766 1038 in
1791 999 1850 1039 se
1891 983 2115 1038 formam

543 1080 778 1150 praetulit
803 1079 971 1147 legis;
1003 1078 1232 1147 ideoque
1258 1075 1493 1132 Joannes
1520 1075 1899 1144 prtcnuntiavit
1931 1073 2117 1128 Salva-

543 1180 756 1235 torem,
806 1171 942 1224 sicut
983 1169 1066 1222 lex
1110 1167 1334 1236 gratiam
1380 1165 1745 1239 praecucurrit.
1787 1163 1941 1229 Quod
1987 1179 2118 1219 vero

544 1260 782 1315 nondum
811 1269 966 1313 natus
993 1259 1060 1312 de
1084 1264 1295 1311 secreto
1324 1255 1552 1310 materni
1584 1254 1725 1308 uteri
1760 1255 2118 1324 prophetave-

543 1351 638 1416 rit,
666 1360 722 1403 et
741 1361 937 1416 expers
957 1345 1130 1400 adhuc
1159 1345 1313 1412 lucis,
1339 1343 1450 1412 jam
1487 1345 1637 1399 testis
1666 1345 1826 1398 fuerit
1856 1344 2115 1412 veritatis,

545 1439 652 1493 hoc
691 1437 791 1492 fuit
833 1435 977 1505 quod
1004 1436 1102 1490 sub
1139 1434 1402 1489 velamine
1432 1434 1606 1488 latens
1651 1433 1841 1488 littera:
1867 1474 1882 1501 ,
1930 1441 1985 1487 et
2013 1432 2122 1487 Re-

544 1530 901 1598 demptorem,
930 1527 1021 1596 qui
1047 1527 1156 1595 jam
1187 1525 1478 1580 advenerat
1502 1525 1689 1595 spiritu
1709 1523 2034 1594 prmdicavit,
2064 1534 2119 1579 et

546 1619 701 1674 nobis
722 1617 1004 1672 Dominum
1026 1623 1266 1670 nostrum
1288 1615 1354 1669 de
1375 1615 1606 1684 quodam
1627 1615 1792 1668 veluti
1814 1614 1944 1681 legis
1965 1621 2120 1669 utero

544 1709 914 1778 proclamavit.
963 1707 1106 1776 Ergo
1132 1707 1255 1776 quia
1284 1705 1450 1761 Judaei
1497 1721 1527 1760 a
1559 1713 1745 1760 ventre
1771 1747 1787 1772 ,
1833 1707 1938 1762 hoc
1974 1715 2058 1760 est
2084 1722 2114 1760 a

2217 535 2418 590 nullum
2447 536 2630 603 gratia:
2669 536 2964 605 spiritualls
3007 537 3186 592 lumen
3233 546 3537 606 acceperat.
3569 537 3796 596 Mittitur
3873 517 3888 535 ⁸

2217 638 2345 692 ergo
2381 625 2616 681 Joannes
2635 668 2651 693 ,
2680 628 2771 696 qui
2799 628 3111 697 prophetica
3140 636 3301 696 atque
3328 628 3630 698 apostolica
3658 645 3796 699 pra:-

2215 715 2483 772 dicatione
2523 717 2892 785 paenitentiam
2933 716 3303 772 annuntiando
3330 716 3517 773 rudem
3545 733 3797 788 campum

2216 805 2604 874 proscinderct,
2633 805 2960 871 fecundaret,
2989 814 3044 860 et
3071 807 3368 871 excoleret,
3397 815 3561 878 atque
3588 808 3657 863 ad
3681 825 3798 863 ma-

2218 903 2392 949 turam
2435 893 2639 963 frugem
2665 935 2681 960 ,
2728 895 2832 950 hoc
2868 903 2954 950 est
2996 895 3064 950 ad
3104 897 3527 963 regenerationis
3569 898 3796 965 gratiam

2219 994 2563 1055 praepararet.
2604 984 2724 1040 Jam
2751 1001 2882 1041 vero
2910 996 3121 1054 quanta:
3149 986 3277 1040 illud
3302 994 3386 1041 est
3422 986 3624 1054 gloriae,
3655 989 3797 1057 quod

2220 1074 2490 1129 Zachariae
2514 1074 2785 1130 sacerdoti
2813 1075 2950 1138 seni,
2980 1083 3140 1143 atque
3163 1075 3439 1131 Elisabeth
3463 1078 3631 1130 sterili
3661 1078 3797 1134 filius

2219 1180 2248 1218 a
2272 1151 2522 1218 Gabriele
2545 1164 2904 1234 promittitur;
2945 1164 3014 1218 ab
3042 1164 3135 1218 illo
3158 1179 3389 1232 namque
3415 1165 3606 1232 angelo
3634 1182 3665 1220 a
3690 1180 3796 1234 quo

2217 1253 2540 1308 beatissima:
2588 1251 2769 1306 Maria:
2816 1253 3066 1309 nativitas
3116 1253 3328 1308 Domini
3381 1254 3696 1320 nuntiatur,
3742 1263 3796 1309 et

2217 1344 2370 1410 quasi
2398 1358 2465 1398 ex
2492 1343 2672 1411 aliquo
2699 1344 2888 1398 similis
2909 1343 3137 1398 Domino
3160 1343 3503 1413 praemittitur
3530 1345 3670 1401 ﬁlius
3688 1353 3798 1399 stc-

2219 1432 2333 1486 rilis
2360 1441 2486 1486 ante
2515 1431 2680 1486 filium
2709 1432 2942 1502 Virginis
2959 1473 2974 1498 ,
3005 1433 3190 1488 nescio
3217 1433 3346 1504 quid
3372 1433 3549 1502 majus
3575 1436 3799 1490 miracu-

2220 1523 2327 1576 lum
2362 1523 2415 1576 in
2443 1524 2556 1592 ipsa
2599 1523 2879 1578 nativitate
2909 1523 3164 1578 declarat.
3194 1522 3471 1593 Insperata
3499 1525 3654 1593 prole
3681 1541 3797 1579 mu-

2221 1620 2441 1666 neratur
2481 1611 2755 1679 sterilitas,
2784 1613 2910 1680 quia
2948 1628 3089 1667 novo
3114 1623 3270 1682 partu
3297 1621 3416 1668 erat
3441 1612 3666 1668 ditanda
3693 1617 3797 1669 vir-

2219 1703 2433 1771 ginitas.
2481 1702 2621 1757 Ante
2665 1701 2936 1757 Christum
2982 1702 3218 1758 Joannes
3261 1704 3624 1772 promittitur,
3673 1707 3798 1773 quia

545 1799 683 1865 lege,
715 1813 834 1868 qua:
861 1796 1058 1852 Christi
1087 1794 1308 1864 gravida
1336 1802 1453 1849 erat
1476 1831 1490 1857 ,
1541 1803 1874 1858 erraverunt,
1903 1809 2118 1848 errave-
2149 1798 2194 1857 Β
2220 1792 2386 1848 Vetus
2404 1792 2806 1848 Testamentum
2835 1801 2962 1848 ante
2982 1793 3212 1860 Novum,
3235 1803 3295 1848 ut
3319 1794 3434 1849 dies
3461 1795 3566 1850 diei
3588 1805 3800 1851 eructat

546 1897 673 1940 runt
699 1902 730 1940 a
758 1894 977 1952 ventre,
1007 1886 1174 1940 locuti
1201 1893 1326 1939 sunt
1349 1884 1480 1938 falsa
1504 1883 1674 1952 (Psal.
1709 1885 1855 1952 LVII).
1888 1883 2013 1938 ideo
2035 1885 2119 1937 hic

544 1979 680 2030 venit
707 1978 760 2030 in
792 1977 1156 2037 testimonium,
1183 1983 1241 2028 ut
1267 1975 1608 2028 testimonium
1635 1972 1918 2042 perhiberet
1945 1973 2008 2027 de
2033 1976 2117 2027 lu-

545 2068 683 2121 mine
711 2067 888 2138 (Joan.
920 2068 981 2137 ι).
1025 2067 1178 2133 Quod
1219 2073 1399 2121 autem
1427 2065 1660 2120 Joannes
1688 2065 1884 2134 poenali
1927 2065 2120 2120 consti-

546 2166 694 2214 tutus
724 2167 807 2212 est
835 2159 888 2212 in
910 2172 1129 2213 carcere
1155 2157 1222 2211 ad
1248 2155 1520 2211 Christum
1545 2155 1834 2224 discipulos
1860 2171 1987 2210 suos
2025 2171 2118 2210 or-

545 2247 712 2314 dinat,
744 2247 831 2301 lex
859 2247 928 2300 ad
958 2246 1304 2316 Evangelium
1332 2245 1587 2298 mundum
1617 2245 1960 2310 transmittit,
2000 2259 2119 2313 qua:

545 2339 760 2407 quidem
802 2339 888 2394 lex
913 2337 1064 2408 juxta
1106 2347 1294 2408 typum
1337 2336 1558 2391 Joannis
1598 2337 1760 2391 veluti
1803 2336 2120 2404 ignorantia:

547 2426 729 2481 clausa
759 2441 976 2480 carcere
1004 2427 1058 2479 in
1086 2425 1316 2480 obscuro
1357 2434 1414 2479 et
1453 2423 1668 2478 occulto
1699 2422 1932 2491 jacehat,
1961 2431 2121 2491 atque

546 2513 764 2570 Judaica
795 2515 1034 2570 ancitate
1061 2529 1253 2570 sensus
1288 2514 1428 2567 intra
1457 2513 1689 2568 litteram
1719 2512 2002 2567 tenebatur
2038 2513 2120 2566 in-

549 2605 720 2660 clusa.
750 2603 902 2659 Unde
937 2612 994 2659 et
1018 2604 1086 2659 de
1125 2605 1228 2659 hoc
1253 2603 1444 2658 beatus
1471 2601 1806 2671 Evangeiista
1833 2602 1906 2656 ita
1935 2603 2118 2672 prolo-

548 2689 732 2757 quitur
777 2686 963 2742 dicens
1004 2705 1017 2739 :
1071 2685 1170 2741 Ille
1212 2695 1326 2741 erat
1371 2687 1580 2740 lucerna
1619 2685 1809 2738 ardens
1855 2693 1902 2738 et
1948 2684 2122 2738 lucens

549 2776 764 2847 (Ibid.).
822 2777 1054 2848 Spiritus
1099 2793 1292 2848 nempe
1340 2776 1512 2833 sancti
1559 2776 1680 2846 igne
1725 2791 2014 2832 succensus
2063 2785 2122 2831 ut

549 2867 748 2921 mundo
775 2867 1085 2936 ignorantiae
1115 2875 1275 2922 nocte
1313 2874 1574 2936 occupato
1614 2866 1793 2920 lumen
1817 2865 2004 2920 salutis
2031 2880 2122 2920 os-

550 2959 810 3025 tenderet,
834 2965 890 3013 et
914 2959 1065 3027 quasi
1095 2959 1237 3014 inter
1259 2958 1603 3014 densissimas
1625 2957 1940 3012 delictorum
1964 2964 2117 3012 tene-

551 3047 673 3103 bras
711 3047 1195 3118 splendidissimum
1217 3047 1436 3118 justitia}
1477 3048 1642 3102 solem
1672 3047 1805 3102 lucis
1832 3061 1942 3102 suae
1968 3047 2119 3102 radio

2220 1883 2460 1936 verbum.
2492 1880 2840 1936 Praemittitur
2866 1896 2994 1952 ergo
3024 1882 3242 1937 lucerna
3270 1892 3396 1937 ante
3434 1885 3634 1949 solem;
3669 1895 3797 1940 ante

2220 1971 2504 2027 Dominum
2532 1986 2750 2037 servus;
2781 1973 2985 2028 amicus
3003 1979 3129 2027 ante
3156 1987 3442 2042 sponsum;
3471 1988 3654 2042 ιιι-ποθ
3675 1981 3800 2028 ante

2214 2061 2478 2130 judicem;
2509 2076 2616 2115 vox
2644 2070 2770 2116 ante
2796 2060 3050 2116 Verbum.
3079 2061 3256 2129 Atque
3281 2061 3403 2116 ideo
3425 2061 3493 2116 de
3519 2075 3580 2115 se
3605 2061 3800 2116 beatus

2219 2151 2349 2205 dicit
2374 2149 2610 2206 Joannes
2634 2169 2650 2205 :
2671 2149 2784 2222 Ego
2805 2167 2904 2205 vos;
2931 2151 3204 2205 clamantis
3225 2153 3280 2204 in
3309 2150 3529 2204 deserto.
3552 2150 3624 2205 Se
3651 2152 3800 2205 enim

2221 2240 2381 2310 566
2405 2239 2533 2295 dicit
2561 2255 2679 2295 esse
2706 2255 2923 2304 voce,
2952 2240 3080 2309 quia
3111 2239 3272 2295 Verbi
3311 2239 3658 2294 annuntiator
3683 2248 3799 2294 erat

2220 2339 2276 2386 et
2305 2331 2642 2401 prmdicator.
2674 2331 2860 2386 Adhuc
2885 2331 3028 2385 enim
3056 2331 3109 2384 in
3138 2338 3293 2385 utero
3317 2329 3504 2386 matris
3533 2344 3649 2383 suae
3675 2328 3799 2398 Spi-

2223 2421 2328 2474 ritu
2355 2428 2542 2475 sancto
2565 2428 2647 2475 est
2669 2421 2908 2490 repletus
2936 2428 2991 2475 et
3012 2421 3178 2489 ipsius
3205 2419 3536 2474 nativitatem
3564 2419 3806 2488 prupbe~

2221 2508 2385 2564 tando
2414 2509 2694 2580 praevenit.
2737 2509 2818 2564 Ad
2862 2508 3264 2564 similitudinem
3298 2507 3509 2562 Domini
3557 2506 3801 2561 sanctifi-

2220 2606 2372 2655 catus
2417 2597 2552 2663 fuit,
2597 2606 2885 2668 antequam
2930 2606 3088 2654 natus
3134 2597 3276 2651 intra
3323 2605 3565 2651 materna
3590 2595 3798 2650 viscera

2221 2689 2524 2754 exsultans,
2569 2697 2730 2757 atque
2775 2687 3070 2743 Salvatoris
3115 2685 3401 2741 adventum
3430 2700 3525 2740 ore
3552 2692 3799 2738 matenio

2219 2788 2544 2848 protestans.
2576 2780 2716 2836 Vere
2742 2788 2923 2835 autem
2950 2786 3067 2834 erat
3093 2779 3313 2833 lucerna
3345 2777 3570 2841 ardens,
3601 2777 3657 2829 in
3689 2791 3799 2844 quo

2221 2875 2330 2920 tam
2358 2867 2642 2934 singularis
2686 2869 2857 2936 gratia
2887 2867 3082 2921 divina:
3109 2866 3433 2934 dignationis
3459 2864 3663 2920 effulsit
3683 2906 3698 2930 ,
3741 2873 3801 2918 ut

2215 2954 2327 3023 jam
2351 2955 2568 3025 jamque
2593 2955 2782 3011 adfore
2821 2956 3217 3025 redemptorem
3244 2963 3442 3010 sanctae
3479 2968 3589 3008 sua:
3627 2952 3798 3008 Geni-

2221 3047 2366 3102 tricis
2394 3061 2526 3102 voce
2553 3055 2819 3114 narraret,
2849 3055 2906 3102 ct
2931 3061 3027 3116 per
3046 3061 3166 3101 eam
3199 3045 3362 3100 veluti
3388 3044 3678 3114 quamdam
3706 3059 3800 3097 ve-

550 3139 960 3194 demonstraret.
1013 3139 1231 3194 Dicebat
1273 3139 1416 3194 enim
1461 3139 1531 3193 de
1573 3154 1632 3194 se
1670 3139 1786 3208 ipso
1821 3157 1834 3192 :
1864 3137 1979 3210 Ego
2022 3156 2118 3193 vox
2143 3157 2188 3218 ε
2219 3137 2393 3193 ritatis
2416 3139 2433 3157 '
2464 3137 2697 3192 nondum
2716 3138 2770 3191 in
2801 3138 2973 3192 lucem
3000 3137 3243 3206 prolatus
3268 3135 3538 3189 Christum
3559 3148 3800 3203 praesen-

551 3231 822 3286 clamantis
859 3232 913 3284 in
943 3230 1143 3284 deserto
1171 3228 1320 3302 (Luc.
1349 3231 1449 3299 ιιι).
1481 3229 1761 3292 Clamabat
1787 3228 2036 3299 equidem
2063 3229 2119 3282 in

551 3325 766 3379 deserto
792 3321 1047 3392 Joannes,
1077 3323 1184 3378 hoc
1205 3330 1288 3377 est
1308 3322 1359 3375 in
1376 3322 1558 3390 gentili
1575 3330 1632 3377 et
1657 3321 1868 3376 indocili
1895 3321 2114 3391 populo.

554 3411 730 3467 Vacua
755 3413 896 3467 enim
919 3412 1108 3467 timore
1132 3411 1227 3468 Dei
1255 3419 1493 3481 pectora,
1515 3421 1676 3480 atque
1701 3411 1902 3480 Spiritu
1929 3419 2120 3466 sancto

551 3503 788 3558 carentia
811 3544 826 3570 ,
875 3502 1166 3571 squalentis
1229 3501 1394 3557 eremi
1454 3501 1669 3556 deserto
1719 3510 2118 3570 comparantur.

552 3592 807 3649 Desertus
844 3594 986 3647 enim
1016 3599 1133 3647 erat
1159 3591 1248 3646 hic
1285 3591 1517 3646 mundus
1543 3592 1611 3645 ab
1638 3593 1780 3646 omni
1811 3590 1932 3645 iidei
1960 3591 2122 3645 timo-

551 3685 732 3752 risque
760 3683 852 3738 Dei
881 3685 1110 3750 cultura,
1141 3691 1301 3751 atque
1328 3690 1671 3751 peccatorum
1700 3683 1867 3752 spinis
1895 3683 2122 3749 obsitus,

553 3780 806 3842 tanquam
849 3788 976 3842 ager
1014 3773 1244 3828 incultus
1281 3772 1440 3844 565
1467 3772 1777 3841 squalebat,
1820 3772 2125 3840 nullamque

2222 3234 2332 3282 tem
2377 3225 2712 3290 ostenderet;
2747 3226 2968 3281 idoneus
3013 3225 3262 3294 equidem
3305 3224 3516 3280 Veteris
3558 3223 3802 3292 Noviquc

2223 3315 2549 3372 Testamenti
2578 3317 2864 3382 mediator,
2895 3324 2950 3371 et
2981 3315 3202 3385 gloriosi
3231 3314 3367 3383 Agni
3396 3314 3588 3384 dignus
3614 3322 3801 3368 osten-

2223 3423 2334 3472 sor,
2365 3408 2457 3476 qui
2486 3407 2769 3461 Dominum
2810 3421 2964 3460 suum
2994 3421 3053 3460 se
3081 3405 3395 3459 annuntiare
3421 3419 3529 3458 uno
3561 3412 3804 3472 tempore

2222 3500 2421 3555 meruit
2447 3507 2503 3554 et
2528 3499 2730 3553 videre.
2760 3497 2921 3566 Ergo,
2954 3497 3168 3560 fratres,
3199 3493 3356 3562 hujus
3386 3501 3547 3547 tanta:
3575 3493 3682 3548 dici
3711 3509 3803 3547 so-

2224 3591 2419 3646 lemnia
2456 3591 2904 3645 celebrantes.....
2951 3587 3298 3659 (Oblitterata:
3322 3587 3471 3640 linea:
3511 3586 3803 3656 quindecim

2225 3683 2607 3744 desiderantur)
2627 3691 2843 3752 peccata
2869 3689 3052 3736 nostra
3067 3677 3331 3744 deﬂendo,
3351 3680 3646 3746 eademque
3663 3679 3803 3747 jeju-

2227 3773 2329 3828 niis
2348 3782 2512 3842 atque
2537 3771 2894 3842 eleemosynis
2921 3767 3162 3841 plurimis
3189 3768 3521 3824 redimendo.
3548 3767 3801 3838 Explicit.

1927 3881 2194 3943 SERMO
2240 3881 2458 3942 LXVI.

1455 3981 1521 4034 In
1541 3981 1705 4036 natali
1732 3989 2024 4035 sanctorum
2044 3981 2395 4051 apostolorum
2420 3980 2564 4035 Petri
2593 3989 2642 4035 et
2671 3979 2826 4034 Pauli
2847 3978 2897 4032 Ι.

1979 4070 2370 4127 ADMONITIO.

623 4163 999 4233 Sexagesimus
1028 4171 1210 4220 sextus
1240 4163 1327 4219 hic
1354 4179 1554 4233 sermo,
1579 4180 1642 4219 ac
1667 4171 1924 4233 prmterea
1945 4163 2036 4228 67,
2055 4161 2125 4233 68
2145 4171 2202 4233 et
2225 4161 2317 4229 69,
2345 4162 2438 4231 qui
2459 4170 2772 4232 sequuntur,
2798 4176 2866 4217 ex
2886 4161 3102 4217 laudato
3129 4162 3315 4218 codice
3343 4161 3809 4217 Ambrosianoex-

554 4235 759 4304 scripti,
784 4228 917 4290 editi
944 4236 1172 4305 primum
1204 4242 1333 4289 tom.
1364 4228 1429 4288 lV
1462 4228 1725 4289 Anecdot.
1757 4248 1786 4286 a
1810 4230 2104 4287 Muratorio
2133 4228 2371 4287 fuerunt.

553 4353 941 4404 Auchusmun.
977 4375 1046 4386 —
1073 4346 1421 4417 Ecclesiarum
1466 4347 1722 4416 principes
1740 4354 1899 4417 atque
1931 4347 2125 4416 glorio-
2159 4348 2207 4408 D
2233 4346 2372 4416 phus
2418 4346 2472 4400 in
2513 4360 2673 4401 cruce
2716 4347 2842 4400 est?
2885 4343 3172 4414 Elegerunt
3217 4345 3397 4413 itaque
3445 4344 3805 4400 Ecclesiarum

622 4420 854 4474 sissimos
899 4427 1070 4485 patres
1121 4427 1324 4471 nostros
1362 4414 1573 4468 Petrum
1632 4414 1680 4468 et
1730 4414 1978 4485 Paulum,
2027 4433 2119 4485 pro

623 4489 826 4543 Christo
859 4484 1064 4550 obiisse,
1097 4485 1241 4539 nobis
1279 4485 1558 4554 lwtandtrm
1589 4494 1683 4537 est.
1737 4484 1798 4536 In
1826 4485 1891 4536 iis
1920 4486 2124 4554 gemina

623 4559 874 4611 Ecclesia:
898 4558 1066 4626 [arma
1089 4557 1344 4626 ﬁguratur
1364 4570 1386 4626 ;f
1402 4556 1456 4606 in
1487 4553 1653 4626 Petro
1665 4553 1965 4626 simplicitas
1986 4570 2124 4626 co_m-

623 4622 917 4691 mendatnr,
943 4627 996 4678 in
1025 4622 1194 4678 Paulo
1224 4625 1480 4687 doctrina,
1508 4633 1564 4674 ut
1585 4622 1908 4674 advertamns
1934 4623 1984 4674 in
2018 4622 2122 4674 Ec-

623 4699 783 4752 clesia
812 4694 910 4749 Dei
931 4705 979 4748 et
1006 4694 1274 4748 scientiam
1301 4705 1411 4746 esse
1434 4692 1860 4756 necessariam,“
1880 4693 2124 4762 simplici-

624 4779 782 4823 tatem
801 4782 912 4820 esse
939 4765 1198 4818 dilectam.
1345 4791 1373 4816 ο

622 4875 954 4938 Necessarie,
983 4873 1171 4928 fratres
1193 4870 1568 4938 carissimi,'de
1586 4870 1966 4925 venerabilium
1996 4885 2126 4939 apo-

551 4973 812 5025 stolorum
841 4967 1177 5038 passionibus
1202 4972 1362 5034 atque
1389 4964 1539 5020 obitu
1579 4971 1788 5032 patrum
1818 4972 2126 5017 nostrorum

554 5074 730 5112 annua
759 5057 1045 5112 festivitate
1073 5055 1335 5120 laetamur,
1365 5054 1490 5123 quia
1513 5053 1699 5108 fiducia
1725 5050 2040 5106 Christiana:
2069 5050 2129 5103 fi-

553 5149 638 5203 dci
668 5147 956 5215 credimus,
999 5161 1094 5202 eos
1121 5146 1402 5202 tormentis
1429 5145 1540 5200 suis
1566 5140 1811 5213 indeptos
1850 5159 1970 5200 esse
2014 5145 2129 5211 glo-

554 5241 688 5294 riam
727 5246 783 5292 ct
823 5239 1233 5308 perpetuitatem
1280 5237 1492 5292 vivendi
1536 5236 1656 5290 vitae
1701 5250 1810 5289 sua:
1839 5236 1943 5290 line
1983 5251 2129 5304 quae-

555 5334 708 5388 sisse.
738 5332 871 5400 Quis
898 5332 1040 5387 enim
1086 5332 1290 5386 dubitet
1336 5331 1456 5387 illos
1480 5347 1578 5387 suo
1606 5344 1828 5399 regnare
1855 5346 1976 5385 cum
2015 5331 2123 5386 Do-

517 5409 728 5491 “inino,
766 5423 855 5492 qui
885 5429 1171 5490 sequentes
1195 5423 1311 5490 ejus
1339 5421 1559 5490 vestigia
1589 5427 1817 5475 mortem
1847 5421 2128 5477 moriendo

547 5514 820 5578 vicerunt,
845 5520 937 5567 aut
960 5511 1235 5581 quomodo
1268 5526 1377 5566 non
1404 5511 1745 5567 tnanifestum
1772 5520 1855 5566 est
1881 5511 2022 5580 apud
2060 5513 2128 5566 il-

555 5605 663 5660 lum
692 5616 874 5669 regem
901 5605 954 5658 in
981 5603 1305 5659 cruciatibus
1331 5618 1452 5659 esse
1488 5603 1787 5672 victoriam,
1823 5605 1907 5659 cui
1939 5606 2128 5659 trium-

2228 4436 2500 4506 principes
2543 4437 2612 4489 ob
2656 4437 2915 4489 honorem
2966 4433 3088 4488 lidei
3132 4433 3398 4502 patienter
3446 4435 3806 4500 occumbere,

2228 4541 2366 4594 quos
2413 4532 2599 4580 auctor
2645 4525 2764 4578 vita:
2815 4523 3091 4593 prtemisso
3137 4539 3246 4578 sum
3295 4525 3485 4578 mortis
3530 4522 3808 4592 exemplo,

2231 4623 2460 4669 mortem
2477 4600 2670 4669 docuit
2697 4628 2804 4668 non
2835 4613 3042 4668 timere.
3065 4611 3336 4691 Lmtemur
3374 4628 3505 4682 ergo
3531 4621 3587 4668 et
3626 4612 3810 4668 exsul-

2233 4713 2406 4759 temus
2428 4744 2442 4770 ,
2489 4703 2899 4772 gloriosissimos
2961 4709 3142 4772 patres
3205 4712 3418 4758 nostros
3461 4703 3662 4758 obiisse
3708 4719 3811 4773 pro

2231 4794 2469 4862 Christo,
2497 4795 2619 4862 quia
2650 4794 2741 4863 qui
2779 4793 3026 4862 primitus
3068 4807 3168 4862 pro
3214 4800 3417 4849 aeterno
3455 4793 3572 4862 ipso
3601 4795 3813 4848 cruoris

2231 4886 2314 4940 sui
2343 4901 2506 4940 censu
2532 4886 2695 4939 vitam
2723 4885 2825 4940 sibi
2864 4893 3133 4940 mercatur
3159 4894 3434 4940 mternam.
3467 4884 3813 4941 Etet-uitatis

2233 4975 2374 5030 enim
2415 4983 2683 5030 mercatus
2730 4977 2923 5043 agitur,
2968 4976 3057 5030 ubi
3103 4990 3208 5030 non
3237 4977 3477 5046 pecunia:
3512 4978 3813 5046 quantitas,

2230 5066 2325 5121 sed
2353 5066 2569 5133 sanguis
2598 5065 2767 5122 ﬁdelis
2794 5067 2849 5122 in
2879 5068 3052 5138 pretio
3081 5077 3184 5134 est,
3224 5069 3313 5124 ubi
3343 5070 3420 5124 sic
3444 5086 3592 5126 mors
3621 5070 3816 5125 adimit

2232 5157 2417 5222 vitam,
2459 5163 2516 5209 ut
2543 5154 2702 5210 illata:
2730 5157 2890 5212 murti
2929 5157 3245 5213 immortalis
3285 5160 3393 5213 vita
3438 5159 3708 5214 succedat.
3744 5159 3816 5214 Et

2231 5247 2372 5312 ideo,
2401 5246 2611 5309 fratres,
2648 5248 2734 5303 cui
2775 5263 2958 5303 amore
2983 5247 3181 5304 Christi
3211 5265 3407 5304 exosus
3435 5259 3517 5306 est
3558 5251 3812 5316 mundus,

2228 5337 2484 5392 mundum
2514 5354 2620 5392 non
2651 5338 2846 5394 invitus
2874 5339 3089 5405 amittit,
3138 5341 3276 5395 sicut
3309 5340 3521 5396 dicebat
3561 5343 3815 5397 beatissi-

2230 5444 2348 5483 mus
2374 5427 2570 5484 Paulus
2596 5447 2608 5482 :
2642 5429 2774 5483 Mihi
2803 5430 2966 5484 vivere
2986 5428 3221 5485 Christus
3253 5441 3350 5498 est,
3383 5443 3431 5485 et
3456 5435 3588 5487 mori
3609 5435 3818 5487 lucrum

2233 5519 2450 5590 (Philip.
2480 5520 2540 5588 ι).
2567 5520 2736 5586 Quam
2765 5520 2988 5590 pulchre
3031 5521 3106 5575 ait
3132 5530 3181 5576 et
3222 5524 3350 5576 mori
3386 5521 3587 5576 lucrum
3617 5524 3637 5576 !
3663 5521 3811 5589 Quo-

2231 5609 2376 5663 niam
2403 5609 2494 5677 qui
2521 5607 2737 5664 Christo
2763 5609 2917 5680 vivit,
2947 5610 2993 5666 si
3022 5627 3122 5682 pro
3149 5611 3348 5668 Christi
3376 5612 3584 5670 honore
3612 5613 3824 5670 moria-

628 5720 642 5739 '
674 5717 770 5775 llic
801 5719 974 5790 aliqua
1005 5733 1110 5773 vox
1141 5715 1330 5793 deesse
1358 5714 1567 5772 videtur
1597 5732 1709 5792 qua:
1738 5715 1804 5772 sit
1835 5718 2558 5802 veritatis.complementum.
2591 5716 2743 5774 Eutr.
