4054 6194
224 369 328 424 665

1623 352 1854 412 SERMO
1890 353 2092 417 ιιινη.

3377 364 3482 420 666

224 491 332 545 tur,
357 476 477 533 coeli
505 475 606 530 sibi
635 488 855 544 regnum
887 473 1083 529 damno
1110 471 1391 543 praesentis
1435 470 1570 525 lucis
1609 470 1793 537 aequi-
1823 468 1872 526 Α
1904 466 2149 533 Paulum,
2190 486 2354 526 unum
2382 473 2699 541 piscantem,
2751 474 2912 527 alium
2953 482 3382 543 persequentem.
3414 477 3482 532 Et

224 572 312 625 rit.
338 568 473 623 Mori
518 580 750 633 namque
790 580 889 633 pro
917 564 1133 618 Christo
1176 577 1404 630 regnare
1434 577 1554 615 cum
1583 561 1801 613 Christo

223 670 326 716 est.
356 658 456 725 Qui
502 657 809 725 religiosam
858 662 1086 708 mortem
1116 654 1169 706 in
1199 654 1405 707 lucrum
1435 653 1536 705 sibi
1566 657 1797 719 reputat,

226 748 462 805 ostendit
488 761 547 800 se
572 754 746 799 morte
772 760 868 799 sua
890 744 1168 813 proﬁcere,
1202 758 1310 796 non
1349 742 1545 812 perire.
1574 741 1703 793 Nam
1747 748 1804 794 et

228 838 481 892 Dominus
505 843 563 889 et
598 834 848 887 Salvator
869 840 1055 888 noster
1080 833 1157 885 ait
1198 849 1210 883 :
1242 830 1342 895 Qui
1370 831 1649 897 perdiderit
1687 831 1806 882 ani-

226 943 362 981 mam
389 940 535 979 suam
556 931 765 993 propter
784 938 865 975 me
884 923 1045 992 667
1084 922 1306 974 inveniet
1332 937 1446 973 eam
1477 919 1692 990 (Matth.
1723 919 1800 979 ι).

228 1014 366 1082 Quid
407 1014 512 1068 hoc
546 1019 650 1079 est,
680 1012 961 1077 carissimi,
989 1025 1094 1079 qua
1140 1011 1370 1076 ratione,
1399 1010 1593 1063 amissa
1638 1009 1805 1063 semel

229 1108 405 1161 atiima
430 1120 530 1160 suo
558 1103 757 1173 poterit
785 1102 851 1157 ab
890 1103 1108 1157 homine
1138 1102 1395 1171 reperiri?
1438 1100 1662 1162 Poterit,
1707 1100 1809 1153 fra-

230 1209 361 1264 tres,
391 1197 591 1267 poterit
636 1210 744 1249 non
774 1195 1000 1259 ratione,
1031 1193 1125 1248 sed
1168 1191 1291 1247 ﬁde.
1322 1190 1526 1247 Poterit
1562 1192 1678 1246 sine
1704 1190 1807 1245 du-

228 1289 338 1354 bio,
370 1288 495 1357 quia
531 1284 943 1341 resurrectionis
990 1284 1252 1338 beneflcio
1299 1291 1549 1351 reparato
1594 1282 1808 1350 corpori

228 1380 409 1434 anima
448 1389 660 1433 servata
698 1374 973 1431 reddetur.
1022 1375 1177 1439 Quod
1208 1375 1351 1428 enim
1397 1374 1508 1428 Deo
1553 1375 1809 1443 possibile

229 1478 328 1532 est,
364 1468 543 1523 facere
591 1465 795 1520 homini
838 1480 945 1517 non
972 1473 1056 1519 est
1096 1463 1422 1532 impossibile
1449 1465 1709 1533 cogitare,
1752 1470 1813 1516 ut

228 1562 301 1614 ait
349 1558 651 1613 futurorum
682 1556 930 1611 conscius
960 1553 1156 1608 Paulus
1178 1554 1453 1623 apostolus
1484 1554 1537 1623 (1
1563 1555 1681 1607 Cor.
1707 1553 1765 1622 ιι)
1794 1571 1806 1605 :

230 1648 342 1703 Nec
374 1649 547 1703 oculus
575 1646 720 1709 vidit,
749 1660 841 1698 nec
885 1645 1030 1697 auris
1058 1644 1271 1705 audivit,
1300 1654 1349 1696 et
1376 1646 1428 1696 in
1469 1661 1559 1697 cor
1590 1644 1813 1696 hominis

229 1757 330 1794 non
355 1738 609 1802 ascendit,
640 1753 755 1805 qua:
790 1736 1100 1806 prteparavit
1140 1734 1277 1788 Deus
1307 1735 1635 1805 diligentibus
1675 1751 1808 1788 eum.

1902 560 2064 615 Petro
2091 563 2309 629 quidem
2354 566 2504 632 regni
2540 566 2620 618 sui
2650 566 2848 633 claves,
2896 564 3063 620 Paulo
3088 568 3237 621 verbi
3266 570 3481 637 sapien-

1902 653 2031 706 tiam
2061 653 2227 707 dedit.
2262 654 2373 709 Nec
2396 655 2707 709 incredibile
2735 658 2857 721 hoc,
2890 658 3141 725 quoniam
3172 659 3265 725 qui
3288 674 3482 727 aquam

1902 744 2160 813 produxit
2188 746 2349 816 568
2377 760 2407 798 e
2434 755 2607 814 petra,
2631 746 2924 813 Ecclesium
2952 747 3192 801 fundavit
3215 748 3265 801 in
3299 747 3480 805 Petro.

1905 833 2004 898 Qui
2043 834 2267 888 adorare
2294 836 2553 903 compulit
2604 850 2844 902 magum,
2874 845 3274 905 persecutorem
3304 837 3486 892 docuit

1905 924 2216 993 prtedicare.
2242 923 2298 977 In
2322 925 2405 979 his
2428 925 2653 991 duobus,
2681 927 2962 990 carissimi,
2994 935 3249 994 quantum
3279 928 3486 995 exiguis

1905 1015 2103 1068 sentire
2135 1015 2212 1067 fas
2256 1024 2358 1081 est,
2393 1016 2604 1082 gemina
2648 1015 2903 1070 Ecclesia:
2947 1016 3134 1081 forma,
3175 1027 3231 1070 et
3266 1019 3485 1072 humani

1884 1106 2118 1172 'generis
2153 1106 2434 1159 diversitas
2484 1104 2756 1174 ﬁguratur.
2802 1105 3017 1160 Petrum
3060 1123 3290 1175 namque
3335 1122 3487 1161 com-

1908 1196 2125 1249 mendat
2166 1195 2501 1264 simplicitas,
2547 1194 2767 1248 Paulum
2816 1196 3059 1249 doctrina
3098 1197 3375 1259 sublimat,
3428 1202 3489 1249 ut

1908 1287 2246 1340 advertamus
2276 1288 2328 1339 in
2356 1287 2595 1340 Ecclesia
2626 1287 2740 1352 Dei,
2768 1294 2823 1340 et
2849 1286 3124 1340 scientiam
3155 1301 3273 1340 esse
3302 1302 3487 1340 neces-

1909 1379 2124 1441 sariam,
2158 1385 2211 1431 et
2250 1377 2646 1445 simplicitatem
2691 1393 2809 1431 esse
2842 1377 3113 1431 dilectam.
3160 1375 3488 1445 Simplicita-

1910 1476 2017 1522 tem
2048 1476 2228 1522 autem
2256 1469 2397 1531 dico,
2427 1483 2530 1519 non
2565 1467 2704 1519 illam
2734 1482 2853 1534 qua:
2884 1468 3105 1533 ignavia:
3134 1476 3353 1533 stupore
3375 1475 3489 1519 tor-

1912 1560 2102 1629 pescit,
2132 1559 2225 1612 sed
2267 1558 2408 1611 illam
2438 1573 2556 1626 qua:
2589 1558 2873 1624 vigilanter
2912 1558 3203 1611 incendens
3238 1557 3490 1624 prodesse

1914 1650 2032 1703 aliis
2050 1650 2276 1712 noverit,
2300 1664 2499 1703 nocere
2522 1649 2633 1716 ipsa
2656 1663 2759 1701 non
2783 1649 2969 1716 possit,
2995 1648 3125 1701 utin
3141 1662 3248 1701 uno
3274 1648 3489 1700 eodem-

1914 1753 2019 1806 que
2046 1739 2117 1792 sit
2146 1738 2360 1791 homine
2389 1746 2548 1790 cauto
2574 1737 2905 1805 simplicitas,
2933 1745 2989 1791 et
3008 1738 3232 1805 benigna
3262 1736 3488 1805 prudenw

229 1830 468 1886 Dicenda
494 1843 623 1897 ergo
656 1827 913 1882 Dominus
946 1844 959 1877 :
991 1826 1090 1892 Qui
1111 1826 1392 1895 perdiderit
1419 1828 1647 1879 animam
1668 1843 1815 1880 suam
1846 1826 1893 1886 Β
1922 1829 1991 1881 tia
2030 1826 2324 1881 secundum
2352 1826 2481 1879 illud
2517 1825 2662 1893 quod
2701 1826 2900 1880 dictum
2932 1835 3010 1879 est
3044 1844 3057 1879 :
3094 1838 3115 1865 ε
3148 1825 3327 1880 Estole
3372 1843 3490 1895 ergo

229 1928 443 1991 propter
462 1935 562 1982 me,
582 1919 805 1971 inveniet
830 1933 966 1980 eam,
998 1915 1233 1970 ostendit
1254 1916 1305 1968 in
1334 1916 1426 1969 illo
1455 1916 1713 1969 adventus
1732 1916 1814 1969 sui

230 2012 421 2079 gloria,
452 2011 506 2064 in
535 2023 642 2080 quo
672 2009 849 2063 omnis
894 2008 1055 2062 homo
1099 2007 1410 2061 substantia:
1457 2023 1567 2061 sua:
1615 2016 1815 2061 statum

232 2101 505 2169 vitamque
525 2098 767 2167 recipiet,
795 2097 986 2150 anima:
1000 2104 1197 2150 nostra:
1218 2097 1568 2165 corporisque
1589 2112 1815 2150 consor-

235 2191 405 2244 tium-
434 2187 802 2251 formandum;
829 2188 990 2240 homo
1016 2186 1155 2239 enim
1179 2186 1354 2239 anima
1379 2194 1433 2239 et
1453 2199 1819 2253 corporecon—

234 2288 362 2335 stat.
396 2279 571 2335 Unum
599 2278 716 2332 sine
741 2278 912 2331 altero
940 2275 1204 2344 disjuncta
1248 2290 1311 2330 ac
1343 2275 1598 2344 dissipata
1627 2282 1815 2328 natura

236 2379 334 2425 est.
373 2369 428 2425 Si
476 2375 785 2424 removetur
822 2381 1044 2435 corpus,
1090 2365 1308 2419 amittit.
1339 2364 1473 2419 Cum
1519 2379 1647 2432 ergo
1686 2365 1819 2419 dici-

235 2468 344 2527 tur,
368 2458 470 2523 Qui
488 2459 773 2528 perdiderit
793 2459 1022 2511 animam
1043 2473 1208 2522 suam,
1232 2457 1449 2510 inveniet
1471 2474 1583 2509 eam
1603 2456 1815 2525 (Matth.

236 2551 290 2618 ι)
308 2587 325 2614 ,
375 2549 643 2603 reveletur
669 2547 843 2610 nobis,
874 2562 995 2601 cum
1026 2546 1318 2601 secundum
1342 2546 1436 2599 Dei
1466 2547 1633 2599 nostri
1663 2547 1819 2601 ﬁdele

236 2640 563 2709 promissum
592 2638 937 2693 renovabitur
963 2636 1212 2699 mundus,
1238 2643 1293 2689 et
1320 2637 1551 2690 animam
1580 2637 1817 2705 corpori,

235 2739 289 2785 et
315 2746 518 2801 corpus
546 2731 739 2784 anima:
769 2744 885 2785 esse
912 2727 1261 2783 reddendum.
1313 2726 1439 2781 Ideo
1480 2737 1535 2781 et
1573 2728 1819 2782 Salvator

235 2820 453 2876 dicebat
484 2838 497 2873 :
529 2819 707 2875 Nolite
734 2821 912 2873 timere
951 2835 1036 2872 eos
1064 2819 1150 2887 qui
1192 2818 1429 2871 occidunt
1458 2834 1662 2886 corpus,
1702 2820 1819 2871 ani-

236 2928 373 2965 mam
404 2920 581 2963 autem
622 2928 724 2964 non
754 2918 965 2980 possunt
987 2908 1257 2973 occidere;
1296 2908 1387 2961 sed
1413 2909 1579 2976 potius
1601 2923 1714 2960 eum
1754 2908 1820 2961 ti-

236 3010 365 3053 mete
386 3001 477 3071 qui
504 3008 668 3069 potest
696 2999 924 3052 animam
962 3007 1011 3050 et
1050 3012 1234 3065 corpus
1263 2997 1476 3066 perdere
1502 2996 1555 3049 in
1586 2996 1819 3066 gehenna

238 3090 454 3159 (Ibid.).
478 3090 662 3160 Itaque
684 3097 923 3159 potestas
950 3087 1318 3157 disperdendte
1360 3088 1549 3140 animae
1587 3087 1819 3140 ostendit

1918 1923 2073 1975 astuti
2094 1931 2148 1973 ut
2177 1928 2451 1990 serpentes,
2467 1929 2515 1972 et
2539 1920 2795 1988 simplices
2823 1927 2878 1971 ut
2902 1918 3147 1972 columba:
3174 1918 3386 1988 (Matth.
3412 1917 3490 1985 ι).

1918 2014 2052 2067 Nam
2080 2013 2473 2081 simplicitatem
2504 2010 2669 2075 Petri,
2700 2019 2754 2065 et
2774 2012 2926 2079 vigor
2953 2012 3307 2065 vivacissima:
3338 2026 3491 2064 men-

1920 2108 1985 2158 tis
2013 2106 2274 2171 armabat,
2321 2112 2375 2157 et
2420 2104 2735 2171 spiritalium
2771 2102 3115 2156 consiliorum
3158 2101 3491 2169 providentia

1918 2196 2211 2250 muniebat.
2243 2194 2482 2262 Simplici
2513 2193 2693 2259 utique
2722 2191 3075 2260 prudentique
3109 2189 3274 2243 corde
3304 2188 3492 2244 Petrus

1919 2295 2055 2353 erat,
2081 2301 2200 2339 cum
2247 2284 2626 2339 incarnationis
2653 2282 2928 2335 dominicae
2956 2287 3345 2334 sacramentmn
3387 2294 3493 2334 non

1920 2374 2239 2444 inquirendo
2267 2372 2543 2428 confessus
2563 2380 2664 2435 est,
2694 2371 2786 2425 sed
2817 2368 3108 2432 credendo,
3141 2368 3323 2421 dicens
3358 2383 3370 2417 :
3419 2363 3494 2418 Tu

1919 2484 1972 2520 es
1999 2466 2230 2519 Christus
2261 2464 2307 2517 F
2312 2466 2431 2518 ilius
2463 2463 2557 2517 Dei
2587 2465 2681 2517 vivi
2722 2462 2939 2534 (Matth.
2990 2461 3114 2529 κη).
3149 2459 3261 2525 Qua
3288 2457 3495 2513 confes.

1918 2558 2089 2619 sione,
2123 2555 2404 2618 carissimi,
2451 2562 2506 2608 et
2533 2552 2737 2622 profuit
2765 2550 3045 2612 universis,
3076 2557 3134 2602 ut
3168 2548 3416 2616 simplex,
3445 2556 3496 2602 et

1921 2647 2202 2715 opiniones
2228 2661 2337 2698 non
2384 2652 2532 2697 recte
2571 2640 2902 2695 credentium
2934 2638 3130 2707 repulit
3175 2643 3233 2689 ut
3270 2641 3495 2688 astutus.

1919 2736 2085 2805 Igitur
2111 2735 2369 2789 doctrina:
2397 2732 2567 2800 gratia
2595 2729 2789 2785 cmlum
2813 2727 3009 2781 Paulus
3032 2724 3341 2791 ingreditur,
3371 2723 3498 2774 sim-

1920 2826 2173 2896 plicitatis
2202 2824 2393 2877 merito
2423 2818 2699 2890 aperiendi
2730 2818 2849 2872 ειηὶί
2882 2815 3073 2869 Petrus
3106 2812 3298 2882 accipit
3338 2818 3498 2880 pote-

1920 2924 2130 2972 statem.
2162 2914 2287 2967 llam
2310 2912 2466 2966 nobis
2489 2909 2707 2973 idcirco,
2739 2905 3020 2967 carissimi,
3054 2911 3111 2956 ut
3140 2899 3500 2966 intelligamus

1920 3023 1950 3061 a
1984 3006 2085 3061 ﬁde
2135 3005 2225 3058 Dei
2263 3001 2435 3057 nostri
2477 3014 2577 3053 nec
2614 2997 2804 3052 doctos
2840 2992 3046 3063 repelli,
3093 3005 3193 3044 nec
3233 2988 3502 3057 simplices

1920 3097 2161 3153 refutari.
2188 3094 2455 3160 Quantum
2481 3098 2659 3145 autem
2693 3086 2815 3141 ﬁdei
2842 3085 3040 3139 veritas
3064 3082 3244 3146 habet,
3276 3078 3502 3132 manife-

238 3180 289 3234 in
314 3180 539 3234 Christo
566 3180 850 3249 reparandi
876 3178 1107 3232 hominis
1134 3185 1476 3245 potestatem.
1506 3176 1614 3230 Nec
1653 3177 1815 3230 mire-

1919 3197 2057 3243 stum
2082 3193 2166 3241 est
2192 3183 2460 3245 omnibus,
2484 3176 2880 3247 simplicitatem
2910 3173 3054 3226 Petri
3084 3170 3332 3225 habuisse
3363 3167 3501 3220 Pau-

238 3288 375 3339 mur,
408 3272 695 3336 carissimi,
718 3272 761 3325 si
786 3270 1062 3340 perﬁdiam
1099 3264 1367 3324 saevientis
1394 3270 1571 3322 szeculi
1619 3267 1816 3323 Paulus

238 3362 435 3429 gladio,
479 3360 669 3415 Petrus
715 3376 873 3416 cruce
910 3360 1251 3424 damnarunt,
1294 3372 1523 3425 quorum
1560 3357 1817 3412 Dominus

238 3450 411 3519 ipsum
435 3451 618 3505 mundi
641 3451 936 3521 principem
965 3448 1297 3503 mirabilibus
1308 3446 1547 3510 terruit,“
1574 3446 1817 3514 increpa-

239 3542 477 3595 tionibus
526 3542 741 3608 arguit,
788 3540 1125 3609 passionibus
1188 3536 1554 3604 triumphavit.
1612 3536 1819 3589 Invenit

238 3632 438 3701 quippe
468 3632 520 3685 in
549 3632 629 3686 eis
655 3630 917 3691 diabolus,
949 3628 1095 3696 quod
1124 3627 1291 3696 possit
1317 3625 1579 3689 occidere,
1608 3640 1715 3678 non
1746 3631 1822 3677 ta-

239 3736 359 3775 men
406 3721 615 3775 invenit
659 3719 802 3788 quod
843 3727 1025 3789 posset
1070 3727 1254 3772 tenere
1282 3718 1568 3785 captivum.
1603 3716 1667 3769 Et
1690 3716 1819 3785 quid

240 3810 436 3863 mirum
479 3812 525 3864 si
554 3810 835 3879 perimitur
861 3809 1037 3877 gladio
1080 3822 1265 3862 servus
1294 3808 1457 3860 occisi
1483 3809 1505 3860 ?
1549 3806 1684 3873 Quid
1714 3810 1818 3862 mi-

240 3913 357 3952 rum
384 3900 434 3952 si
462 3900 512 3953 in
538 3914 697 3955 cruce
722 3900 928 3953 tollitur
956 3898 1247 3967 discipulus
1272 3895 1570 3951 Cruciﬁxi?
1610 3898 1701 3966 qui
1730 3914 1818 3953 se-

241 3989 351 4042 cuti
374 3997 507 4043 sunt
526 3990 779 4058 patientis
802 3989 1125 4057 exemplum,
1152 3987 1427 4040 consecuti
1454 3994 1578 4040 sunt
1603 4002 1826 4055 regnan-

242 4080 309 4135 tis
344 4081 656 4151 imperium.
707 4079 1009 4150 Assumpsit
1046 4093 1175 4147 ergo
1220 4076 1463 4132 Christus
1515 4076 1731 4133 Petrum
1770 4092 1826 4137 et

1924 3282 2053 3344 lum,
2096 3276 2301 3345 ipsique
2343 3271 2503 3325 Petro
2544 3268 2694 3321 Pauli
2723 3264 3060 3334 prudentiam
3103 3275 3210 3314 non
3249 3257 3500 3312 defuisse.

1924 3368 2056 3422 Nam
2087 3374 2372 3430 utrumque
2401 3361 2541 3414 idem
2567 3356 2783 3426 spiritus
2809 3353 3089 3407 edocebat.
3122 3350 3235 3403 llac
3272 3349 3501 3412 ratione,

1925 3458 2203 3519 carissimi,
2237 3464 2292 3509 et
2321 3453 2516 3506 Paulus
2545 3448 2693 3519 petra
2727 3455 2810 3501 est
2836 3444 3050 3508 Christi,
3087 3448 3141 3495 et
3170 3456 3261 3493 vas
3286 3439 3504 3494 electio-

1922 3552 2005 3605 nis
2045 3555 2127 3603 est
2168 3547 2379 3600 Petrus.
2424 3541 2660 3610 Uterque
2706 3539 2847 3592 enim
2885 3536 3032 3589 velut
3062 3532 3297 3587 cmlestis
3345 3529 3504 3597 lapis,

1921 3636 2290 3693 fortitudinem
2322 3640 2539 3703 prmstat
2586 3628 2828 3691 inﬁrmis,
2883 3633 3107 3691 uterque
3135 3637 3229 3674 vas
3274 3620 3507 3673 electum

1920 3728 2223 3783 sitientibus
2252 3722 2410 3776 ﬁdem
2454 3718 2654 3773 Christi
2698 3717 2764 3770 ab
2791 3723 2997 3768 aeterno
3025 3712 3172 3764 fonte
3198 3708 3376 3761 vitalis
3404 3720 3506 3774 po-

1925 3818 2029 3871 culi
2076 3816 2272 3869 llueuta
2313 3810 2607 3880 profundit.
2642 3806 2709 3860 Et
2750 3805 2892 3867 ideo,
2922 3803 3046 3871 quia
3075 3815 3179 3854 una
3223 3799 3325 3851 illis
3355 3795 3506 3858 ﬁdes,

1927 3920 2031 3959 una
2076 3904 2265 3972 gloria,
2312 3916 2449 3955 uinus
2495 3897 2731 3952 victricis
2776 3892 3042 3963 passionis
3095 3898 3178 3943 est
3217 3888 3351 3952 dies,
3399 3900 3504 3939 una

1930 4005 2214 4063 utrumque
2249 3992 2464 4047 devotio
2490 3989 2814 4061 populorum
2850 3985 3087 4040 omnium
3111 3983 3268 4054 plena
3298 3978 3511 4036 confes-

1934 4086 2085 4139 sione
2115 4090 2416 4137 veneratur.

1587 4193 1855 4258 SERMO
1896 4198 2149 4258 LXVII.

1015 4290 1087 4345 De
1113 4290 1287 4344 eodem
1317 4291 1480 4344 natali
1509 4301 1803 4347 sanctorum
1834 4297 2184 4366 apostolorum
2212 4295 2358 4349 Petri
2385 4302 2434 4346 et
2466 4291 2623 4344 Pauli
2654 4287 2738 4343 Il.

1670 4380 2056 4437 ADMONITIO.

312 4477 479 4546 569
501 4476 611 4530 Etsi
652 4477 701 4529 in
743 4474 927 4546 codice
968 4472 1225 4546 Vaticano
1267 4471 1420 4535 19.69,
1457 4472 1545 4525 fol.
1582 4471 1743 4546 ’Παλ
1787 4483 1959 4545 tergo,
2006 4474 2062 4546 S.
2106 4475 2273 4546 Leoni
2302 4472 2501 4546 Magno
2543 4472 2631 4546 hic
2668 4458 3509 4546 sermo.ascrihatur,“Baliarinii

244 4528 476 4601 male?"
465 4547 673 4608 fratres,
712 4528 811 4599 viri
851 4542 1164 4605 doctissimi,
1208 4557 1330 4595 eum
1382 4528 1487 4595 non
1531 4528 1741 4595 esse'in
1790 4528 2128 4599 ser‘monihus
2170 4528 2425 4610 ejusdem”
2453 4541 2623 4596 sancti
2668 4536 2903 4593 doctoris
2942 4530 3328 4610 numerandum
3373 4528 3512 4607 judi-

242 4598 855 4681 caruatdQuam'obrem
901 4614 1042 4666 hunc
1078 4598 1291 4679 quoque
1335 4611 1391 4665 S.
1436 4610 1690 4678 Maximo,
1728 4620 1788 4666 ut
1830 4614 1881 4667 in
1923 4598 2496 4670 codiceAmbrosiauo
2537 4611 2747 4679 legitur,
2786 4606 2956 4662 secuti
2996 4605 3125 4659 clar.
3164 4598 3511 4654 Muratorium

241 4687 606 4739 attribuimus.

242 4774 636 4829 Ancuuesruu.
654 4773 961 4826 —-Paterno
990 4770 1336 4839 apostolorum
1366 4770 1614 4839 sanguine
1646 4768 1824 4823 Ecele-
1854 4777 1901 4835 D
1926 4774 1998 4827 ris
2026 4773 2165 4828 lacte
2192 4770 2453 4832 nutritur;
2479 4768 2551 4821 ita
2583 4776 2709 4821 tunc
2737 4764 2987 4819 Ecclesia:
3015 4756 3382 4826 consurgentis
3426 4754 3512 4808 in-

310 4848 393 4899 sia
416 4847 689 4899 convaluit.
719 4843 1024 4896 Christiana:
1049 4840 1172 4909 ﬁdei
1193 4856 1405 4907 regnum
1430 4840 1703 4891 nmmlanis
1731 4839 1824 4891 do-

310 4919 547 4968 minatur
574 4915 820 4984 imperiis.
856 4912 1039 4963 Petrus
1068 4912 1205 4962 omni
1229 4911 1441 5031 frmior
1470 4918 1612 4977 petra
1641 4925 1824 4977 passus

310 4995 410 5031 est-
446 4994 498 5031 ut
528 4995 703 5031 nnslnr
732 5000 823 5031 nro
862 4980 1143 5031 commissis
1181 4980 1224 5030 si
1261 4980 1277 5029 i
1308 4977 1499 5031 ovibus.
1530 4977 1824 5031 Cavendum

310 4995 410 5045 est,
446 4994 498 5037 ut
527 4977 703 5053 pastor
732 5000 823 5053 pro
862 4980 1143 5053 commissis
1181 4977 1277 5031 sibi
1308 4977 1499 5031 ovibus.
1530 4977 1826 5031 Cavendum

311 5062 389 5105 est
421 5072 485 5107 ne
521 5049 643 5121 quid
683 5049 853 5106 virtuti
881 5049 1258 5121 prudentithne
1284 5056 1474 5121 nostra:
1503 5063 1823 5121 arrogemus.

313 5122 421 5175 Cur
450 5116 645 5175 Paulus
672 5138 781 5175 sese
806 5116 1071 5191 privilegio
1098 5116 1323 5186 gentium
1354 5116 1619 5169 tuebatur?

313 5235 680 5302 Essultemus,
711 5233 922 5295 fratres,
951 5242 1008 5285 et
1034 5228 1325 5297 gloriemur
1360 5228 1414 5281 in
1454 5227 1681 5281 Domino
1724 5228 1835 5283 Deo

241 5336 457 5393 nostro,
486 5328 609 5396 quia
646 5325 1011 5394 apostolorum
1052 5320 1243 5374 natalis
1271 5318 1523 5373 Ecclesite
1551 5327 1634 5373 est
1663 5320 1836 5373 nutri-

241 5426 486 5471 mentum
513 5436 525 5469 :
555 5418 695 5471 sicut
721 5414 865 5469 enim
895 5412 1149 5482 parvulus
1175 5411 1400 5480 quisque
1440 5412 1670 5464 materni
1704 5411 1835 5466 ube—

312 5605 338 5633 η
368 5593 505 5715 Sed.
537 5590 921 5647 Ambrosianus
940 5589 1267 5658 recognitus,
1299 5588 1615 5643 consortium
1656 5589 1824 5659 refor-

312 5682 365 5715 ιη
412 5680 515 5715 um.

239 5680 515 5788 ’,ηἰηιὲᾏῖ
541 5730 789 5787 Ambros.
820 5729 1147 5798 rccognitus,
1180 5728 1611 5797 increpationibus
1635 5727 1804 5798 arguit

1929 4863 2095 4918 fantia
2125 4862 2337 4931 paterni
2365 4858 2635 4925 sanguinis
2663 4856 2907 4909 ubertate
2936 4848 3226 4906 convaluit.
3267 4846 3398 4899 Nam
3445 4860 3514 4898 ex

1930 4970 2037 5024 quo
2071 4951 2499 5008 benedictionem
2528 4947 2741 5003 fecundi
2766 4945 2970 5001 cruoris
2997 4939 3192 4995 sterilis
3221 4946 3363 4991 terra
3392 4952 3513 4991 sus-

1934 5045 2097 5113 cepit,
2140 5044 2417 5098 innumera
2449 5039 2641 5095 exinde
2664 5053 2758 5108 per
2780 5037 3081 5090 universum
3100 5031 3354 5084 mundum
3378 5028 3517 5081 mul-

1937 5141 2113 5195 titudo
2158 5138 2494 5194 credentium
2525 5132 2822 5206 pullulavit.
2854 5129 2983 5195 Quis
3012 5128 3081 5181 ita
3110 5127 3327 5179 demens
3355 5122 3515 5177 Chri-

1938 5232 2124 5286 stiana:
2152 5230 2275 5285 ﬁdei
2310 5231 2484 5284 inesse
2518 5227 2747 5293 abneget
2772 5220 3077 5284 veritatem,
3101 5231 3259 5284 quam
3289 5212 3515 5267 tristitim

1942 5337 2049 5375 non
2097 5320 2341 5388 fatigant,
2384 5316 2640 5386 supplicia
2672 5328 2776 5367 non
2805 5308 3145 5370 conturbant,
3178 5319 3349 5372 neque
3378 5302 3514 5355 ullus

1943 5424 2217 5480 corporea:
2246 5407 2433 5462 mortis
2460 5414 2633 5460 terror
2662 5400 2914 5456 inclinat?
2933 5395 3031 5451 Cui
3052 5397 3210 5450 etiam
3239 5394 3289 5447 in
3319 5388 3513 5458 sempi-

1932 5583 2253 5640 mirabilibus
2276 5589 2475 5635 terruit.
2541 5647 2577 5649 ξ
3042 5644 3053 5649 _
3270 5638 3280 5649 ,

2009 5668 2030 5693 ο
2068 5654 2290 5720 Vulgata
2320 5652 2503 5715 habet,
2536 5647 2713 5704 Estote
2753 5663 2874 5718 ergo
2920 5644 3192 5715 prudentes
3237 5643 3367 5690 sicut
3401 5648 3512 5687 ser-

1939 5734 2134 5794 pentes,
2167 5730 2273 5777 etc.
