4054 6194
523 345 638 402 6δῖ

1743 337 1800 394 S.
1840 335 2094 393 MAMMI‘
2121 335 2569 398 TAURINENSIS

3679 353 3787 406 668

523 469 734 516 ternum
761 457 1026 525 gaudium.
1050 461 1479 524 pel-sequentum.
1496 460 1762 506 tormenta
1789 452 2097 522 proﬁciunt,
2128 451 2174 508 A
2201 464 2284 510 cat
2303 474 2407 527 quo.
2436 468 2486 511 tu
2514 471 2619 514 non
2646 460 2719 514 vis
2749 459 2926 529 (Joan;
2957 460 3094 528 xxi).
3139 459 3253 516 line
3291 461 3581 517 estdicere
3609 460 3780 520 :Cum

521 547 673 616 cujus
709 560 943 613 regnum.
970 559 1068 612 per
1104 550 1360 596 aeternam
1403 541 1764 610 invictamque
1803 541 2100 610 potentiam

521 636 802 690 mundanis
842 633 1146 688 dominatur
1174 631 1429 700 imperiis.
1461 631 1538 686 Ut
1558 639 1742 686 autem
1768 631 1978 702 plenius
2001 632 2101 686 ad-

521 735 810 791 vertamus,
832 732 1029 794 quanta
1051 725 1122 778 sit
1139 724 1372 778 cmlestis
1395 723 1546 792 regni
1574 723 2112 791 terrenique‘distano-

523 820 612 882 tia,
646 817 968 872 documenta
991 815 1146 870 nobis
1167 815 1235 870 de
1252 815 1600 885 praesentibus
1610 815 1888 884 capiamus
1915 829 2102 869 exem-

521 908 640 977 plis.
664 907 803 961 Ecce
824 920 978 974 reges
997 905 1366 976 prmtereuntis
1385 904 1542 974 hujus
1558 904 2098 960 smculidevotionem

520 1013 644 1068 erga
671 1015 731 1053 se
760 999 986 1053 militum
1013 1013 1232 1053 suorum
1271 998 1325 1052 in
1371 997 1474 1052 hac
1500 1004 1718 1051 tantum
1733 997 1850 1050 vita
1872 996 2098 1050 honori-

519 1091 618 1145 bus
645 1090 1060 1159 muneribusque
1088 1097 1425 1154 conservant,
1457 1089 1589 1143 nihil
1633 1089 1854 1159 penitus
1889 1089 2100 1142 haben-

519 1188 621 1244 tes,
651 1179 793 1250 quod
818 1187 1040 1250 possent
1063 1180 1172 1234 suis
1197 1180 1404 1249 sibique
1425 1188 1679 1249 pnestare
1703 1187 1824 1248 post
1845 1186 2096 1233 montem.

519 1269 760 1325 Christus
787 1277 1090 1324 autem-rex
1117 1270 1360 1324 omnium
1381 1269 1717 1330 seculorum,
1741 1269 1942 1324 electos
1968 1284 2096 1324 suos

518 1359 720 1423 labore,
772 1359 1030 1422 nuditate,
1070 1358 1228 1424 fame,
1270 1359 1622 1425 cruciatibus,
1664 1366 1837 1412 morte
1878 1357 2098 1427 insuper

518 1451 742 1504 remittit
769 1449 959 1518 aﬁligi;
985 1460 1011 1488 ι
1032 1451 1156 1518 quia
1185 1457 1422 1519 potestas
1449 1450 1499 1505 ei
1519 1458 1604 1506 est
1629 1451 1888 1505 suscitare
1913 1449 2097 1505 defun-

518 1549 682 1604 ctum,
714 1541 1002 1610 spoliatum
1031 1541 1279 1610 pnesenti
1305 1541 1413 1595 vita
1440 1542 1590 1608 regni
1627 1541 1708 1596 sui
1735 1541 1859 1597 luce
1876 1541 2102 1606 vestire,

517 1640 574 1685 et
607 1639 814 1685 remota
854 1631 971 1699 lege
1010 1631 1216 1694 mortis,
1255 1631 1665 1700 perpetuitatem
1692 1629 1827 1686 dare
1856 1631 2092 1686 mortali.

517 1721 671 1787 Quod
718 1730 896 1776 autem
946 1736 1326 1789 nonnunquam
1372 1736 1404 1774 a
1451 1717 1692 1776 ﬁdelibus
1735 1720 1864 1775 viris
1907 1734 2103 1794 regum

2202 560 2349 601 esses
2373 546 2574 614 iunior,
2609 547 2796 616 Petre,
2817 565 3007 604 manus
3028 551 3188 620 511-
3211 559 3265 606 te
3286 552 3517 620 propria:
3545 553 3781 608 ministe-

2201 637 2283 693 rio
2311 639 2626 707 succingens
2653 649 2800 694 tuam
2833 640 3143 708 sequebaris
3169 641 3780 699 in-omuibus-volunta-

2197 737 2327 782 mm.
2351 727 2487 783 Cum
2513 737 2691 785 autem
2718 731 2980 798 senueris,
3005 746 3197 786 manus
3215 739 3271 787 te
3293 732 3472 801 cinget
3493 742 3777 800 extranea,

2198 823 2260 871 et
2281 816 2444 872 ducet
2460 833 2568 887 quo
2594 825 2652 872 tu
2678 833 2787 873 non
2806 820 2905 884 vis,
2930 835 2996 875 ac
3015 819 3313 888 juventutis
3341 831 3443 876 tuae
3471 823 3782 879 libertatem

2197 907 2433 962 mutabis
2456 908 2508 962 in
2535 909 2807 963 servitium
2827 910 3135 964 senectutis.
3165 910 3351 973 Docet;
3374 909 3576 978 inquit,
3590 919 3646 965 te
3667 926 3778 981 quo

2197 1002 2264 1049 tu
2284 1013 2389 1052 non
2417 999 2526 1052 vis.
2555 998 2832 1068 Nunquam
2861 1000 3080 1053 nolebat
3105 998 3295 1054 Petrus
3323 1000 3432 1069 pati
3462 1016 3561 1068 pro
3589 1001 3777 1056 Domi-

2195 1099 2268 1139 no
2292 1100 2409 1149 suo,
2439 1086 2524 1140 cui
2554 1095 2678 1142 ante
2699 1087 2810 1154 jam
2837 1087 3083 1143 dis-erat:
3112 1088 3364 1141 Animam
3390 1105 3572 1142 meum
3589 1107 3690 1159 pro
3724 1099 3776 1144 te

2196 1190 2394 1244 ponam
2415 1175 2593 1245 (Joan.
2625 1177 2773 1244 xm).
2793 1176 3017 1231 Volebat
3042 1177 3258 1246 quidem
3279 1184 3337 1230 ut
3356 1176 3586 1232 devotus
3611 1178 3771 1243 mori,

2195 1265 2291 1319 sed
2329 1266 2454 1333 quia
2490 1265 2638 1320 velut
2671 1267 2812 1321 ultro
2853 1265 3014 1320 morti
3055 1281 3116 1320 se
3155 1266 3446 1333 ingerebat,
3483 1266 3770 1336 quamdam

2195 1355 2563 1423 prtesumeuti‘s
2591 1356 2790 1410 habere
2816 1341 3570 1421 videbatur’audaciam,nam
3595 1355 3688 1423 qui
3714 1364 3771 1409 ut

2195 1442 2437 1498 inﬁrmus
2461 1445 2596 1498 mori
2623 1460 2732 1498 non
2753 1445 2885 1509 vult,
2910 1451 2972 1498 et
2993 1443 3132 1498 idem
3163 1451 3221 1497 ut
3243 1443 3575 1498 confortatus
3598 1458 3629 1497 a
3657 1443 3770 1499 Deo

2195 1547 2305 1586 non
2337 1531 2533 1602 refugit
2555 1533 2876 1601 passionem,
2907 1532 3109 1600 pariter
3144 1531 3197 1585 in
3233 1533 3544 1600 semetipso,
3572 1541 3630 1586 et
3658 1540 3768 1586 tre-

2195 1622 2333 1692 pidae
2359 1623 2538 1677 carnis
2561 1622 2798 1678 ostendit
2817 1621 3085 1689 allectum,
3113 1630 3168 1677 et
3197 1621 3370 1678 fidelis
3391 1622 3564 1677 animi
3583 1622 3770 1691 implet

2195 1711 2451 1770 cilicium.
2481 1714 2643 1783 Igitur
2670 1715 3062 1784 ubiapostolus
3087 1722 3279 1784 sponte
3307 1716 3466 1769 morti
3485 1730 3547 1771 se
3575 1715 3771 1771 oﬁere-

519 1811 734 1882 praemia
761 1818 1078 1877 renuuntur,
1105 1809 1248 1878 quod
1295 1810 1373 1864 eis
1408 1809 1727 1864 abominatm
1753 1818 1877 1864 sunt
1903 1824 2091 1864 omnes
2107 1804 2318 1873 .B'bat,.
2336 1805 2408 1860 ibi
2438 1805 2614 1861 timuit
2637 1805 2795 1873 mori,
2826 1814 2880 1860 et
2906 1807 3210 1862 ubi'nolens
3235 1816 3316 1861 est
3341 1807 3536 1862 ductus
3551 1807 3620 1861 ad
3647 1823 3771 1862 ctu-

517 1901 696 1956 szeculi
719 1901 1024 1968 dignitates,
1053 1898 1197 1968 quod
1224 1907 1282 1952 ut
1305 1914 1502 1954 vanum
1529 1906 1814 1968 respuunt,
1835 1897 2102 1968 quidquid.

519 1991 622 2046 illis
649 1991 735 2045 hic
761 1990 989 2045 mundus
1017 1990 1270 2044 obtulerit
1305 1990 1624 2059 pretiosum,
1649 2005 1774 2059 spes
1802 1990 1890 2044 illa
1918 1989 2096 2044 omni-

519 2081 689 2136 modis
709 2081 855 2146 facit,
876 2081 1001 2150 quia
1022 2096 1119 2150 per
1136 2081 1362 2150 gratiam
1383 2081 1760 2151 570'Christi
1779 2081 2094 2150 sui‘potiora'

518 2175 618 2229 sibi
658 2172 978 2243 quandoque
1024 2173 1323 2243 prtestanda
1369 2173 1500 2228 ﬁdes
1540 2161 1758 2228 servata
1797 2173 2098 2242 pmsumit.

519 2263 647 2330 Quis
669 2279 773 2318 nou
793 2269 973 2332 stupet
993 2261 1046 2317 in
1067 2263 1341 2317 voluntate
1358 2260 1556 2317 Christi
1581 2277 1700 2317 esse
1725 2262 1829 2317 hoc
1857 2270 1966 2316 tam
1993 2261 2098 2316 mi-

519 2351 684 2406 rabile
704 2359 1119 2414 sacramentum,
1145 2352 1236 2422 qui
1260 2353 1463 2408 sanctis
1483 2352 1592 2408 suis
1617 2352 1696 2408 sic
1712 2369 1808 2408 sua
1831 2351 2096 2422 promittit

520 2443 758 2512 praemia,
789 2451 849 2496 ut
890 2443 968 2497 eis
1004 2450 1271 2497 tormenta
1314 2444 1632 2511 praemittat,
1653 2443 1731 2500 sic
1757 2443 1947 2498 futura:
1973 2443 2096 2498 vite

520 2531 770 2601 praedicat
797 2532 1092 2596 caritatem,
1121 2541 1180 2586 ut
1201 2541 1518 2602 pt-zesentem
1541 2533 1734 2589 doceat
1758 2549 1866 2589 non
1893 2535 2097 2589 amari?

522 2621 616 2676 llic
644 2621 926 2689 religionis
937 2629 1024 2676 est
1046 2621 1262 2684 veritas,
1288 2621 1379 2676 ubi
1404 2622 1615 2677 tristitia
1636 2623 1885 2690 gaudium
1905 2623 2092 2692 gignit,

521 2710 607 2764 ubi
635 2710 788 2779 inops
812 2710 1022 2765 nuditas
1049 2711 1464 2781 incorruptionis
1486 2713 1816 2768 vestimenta
1831 2714 2096 2783 pnntexit,

520 2802 779 2857 decoriari
797 2801 962 2869 gloria
981 2802 1139 2873 (forte
1151 2801 1425 2873 tegendum
1433 2803 1522 2858 ubi
1542 2803 1859 2860 dedecorari
1880 2803 2094 2873 gloria),

521 2891 611 2945 ubi
640 2891 791 2946 exuri
817 2891 1174 2959 refrigerium,
1206 2892 1296 2946 ubi
1324 2893 1495 2948 occidi
1521 2893 1821 2964 triumphus
1843 2902 1943 2948 est.
1976 2893 2118 2950 Haec.

521 2990 604 3036 est
646 2997 810 3047 mors,
841 2981 1119 3046 carissimi,
1159 2982 1204 3036 si
1245 2983 1405 3037 modo
1449 2982 1605 3038 fidem
1650 2991 1888 3039 nostram
1928 2984 2117 3040 sancti.

521 3073 750 3142 Spiritus
787 3073 958 3141 erigat
996 3080 1051 3126 et
1089 3071 1370 3128 conﬁrmet
1412 3075 1719 3140 auctoritas,
1749 3091 1920 3144 quam
1945 3075 2117 3147 pueri.

2191 1911 2457 1962 cem,non
2479 1898 2662 1951 timuit
2681 1897 2938 1966 cruciﬁgi.
2965 1898 3222 1966 quia-illic
3247 1899 3476 1952 humana
3504 1897 3770 1966 fatigaba-

2194 1994 2282 2041 tur
2310 1987 2608 2053 inﬁrmitas,
2640 1988 2730 2043 hic
2751 1988 2986 2042 cmlestis
3025 1987 3255 2056 Spiritus
3284 1987 3560 2042 fortitudo
3579 1988 3767 2042 vince-

2191 2076 2315 2130 bat.
2335 2075 2520 2132 Omnis
2547 2077 2690 2131 enim
2709 2085 2892 2132 nostra
2915 2077 3226 2145 devotio,.si
3255 2077 3538 2146 quasi‘suis
3565 2077 3770 2134 viribus

2193 2165 2348 2232 ﬁdat,
2369 2167 2950 2222 continuontinﬁivna
2976 2168 3232 2223 lassescit.
3263 2167 3319 2222 Si
3347 2183 3475 2222 vero
3498 2168 3620 2236 quis
3645 2183 3779 2237 pre-

2191 2273 2254 2315 ce
2283 2259 2506 2328 supplici
2529 2259 2721 2314 divinae
2735 2260 2934 2329 gratia:
2955 2260 3767 2330 boni-sui-propositiocommen.

2191 2346 2570 2414 deteﬁ‘ecl-um,
2593 2349 2736 2403 nulla
2755 2350 2902 2404 illum
2922 2358 3117 2419 cogent
3136 2351 3316 2405 seculi
3352 2351 3510 2420 hujus
3545 2351 3766 2408 adversa

2194 2444 2414 2492 nutare.
2453 2437 2778 2493 Cavendum
2806 2439 3006 2508 itaque,
3053 2438 3264 2505 fratres,
3314 2455 3382 2494 ne
3419 2440 3550 2509 quid
3587 2441 3768 2498 virtuti

2195 2527 2592 2600 prudentiaeque
2618 2535 2826 2587 nosti-te
2841 2531 2908 2586 de
2934 2532 3017 2586 his
3036 2545 3158 2601 qua:
3176 2539 3320 2587 recte
3345 2532 3596 2600 gerimus;
3619 2547 3770 2588 arro—

2195 2634 2402 2689 gamus,
2426 2621 2654 2677 docente
2682 2622 2909 2677 Domino
2943 2623 3220 2690 apostolos
3241 2638 3386 2688 suos,
3419 2630 3486 2678 et
3509 2623 3722 2678 dicente
3749 2641 3764 2677 :

2200 2710 2335 2776 Quia
2359 2713 2470 2768 sine
2489 2729 2570 2766 me
2594 2713 2728 2767 nihil
2747 2714 2956 2783 potestis
2981 2715 3148 2784 facem
3176 2713 3353 2785 (lacn.
3385 2715 3496 2783 xv);
3514 2712 3628 2781 Qua
3643 2729 3774 2770 seu-

2199 2805 2365 2859 tentia
2391 2812 2755 2873 praemonente
2781 2805 2850 2860 ab
2875 2805 2992 2875 ipso
3019 2805 3172 2860 nobis
3199 2807 3459 2875 speranda
3475 2845 3479 2852 .
3497 2813 3623 2862 sunt
3649 2821 3764 2860 om.

2199 2896 2309 2950 nia.
2329 2895 2534 2951 Cuncta
2561 2897 2748 2961 etiam,
2775 2911 2892 2965 qua:
2919 2911 3178 2966 prospere
3196 2897 3418 2952 veniunt
3442 2897 3594 2951 illius
3608 2911 3768 2966 repus

2201 2984 2360 3039 tanda
2384 2985 2713 3052 muneribus,
2743 2987 3008 3055 sinequo,
3040 2994 3102 3041 ut
3126 2986 3250 3056 ipse
3265 2986 3412 3049 dicit,
3444 2987 3646 3041 nullum
3673 3001 3744 3057 pe

2201 3077 2344 3133 nitus
2372 3086 2620 3132 votorum
2663 3086 2967 3134 nostrorum
3002 3093 3286 3148 possumus
3324 3076 3520 3134 habere
3556 3093 3767 3134 succes-

523 3181 628 3219 non
659 3172 908 3230 renuunt,
934 3163 1160 3232 juvenes
1188 3180 1295 3220 non
1323 3165 1616 3233 declinant,
1645 3169 1964 3224 maturiores
2003 3170 2104 3225 eli-
2128 3159 2173 3221 C
2202 3183 2340 3220 sum.
2364 3165 2392 3206 ι’
2419 3167 2656 3236 Denique
2691 3169 2962 3237 quomodo
3002 3169 3340 3238 praesumpsit
3368 3167 3558 3222 Petrus
3594 3167 3770 3223 dicere

521 3261 670 3322 gnnt,
697 3268 854 3309 senes
881 3254 1141 3320 ambiunt,
1187 3252 1395 3310 feminae
1434 3271 1541 3312 non
1577 3267 1860 3327 paverunt.
1889 3257 1946 3314 ln
1972 3275 2098 3328 pas-

522 3348 671 3402 sione
693 3345 836 3400 enim
858 3346 1099 3416 martyrii
1127 3345 1215 3400 ubi
1244 3345 1374 3402 ﬁdes
1401 3347 1604 3403 ﬁrmior
1631 3358 1817 3418 regnat
1842 3352 1894 3404 iu
1920 3350 2098 3405 homi-

524 3455 611 3503 ne,
639 3439 777 3493 sicut
803 3452 946 3506 saepe
967 3438 1078 3506 jam
1107 3436 1305 3493 factum
1332 3448 1434 3503 est,
1465 3455 1572 3495 nec
1588 3447 1718 3495 tetas
1752 3441 1840 3495 illa
1871 3456 1932 3496 se
1970 3441 2099 3496 sub-

522 3530 706 3594 trahit,
732 3543 832 3584 nec
859 3543 1019 3583 sexus
1045 3536 1284 3584 excusat.
1315 3528 1414 3597 lbi,
1431 3530 1643 3598 fratres,
1662 3529 1736 3584 ibi
1754 3530 2100 3600 przetenditur

524 3619 801 3673 intinnitas
827 3618 1090 3687 corporis,
1121 3618 1212 3673 ubi
1241 3618 1370 3674 ﬁdes
1412 3634 1521 3674 non
1563 3619 1724 3674 habet
1769 3619 2094 3677 ﬁrmitatem.

524 3709 648 3764 Ideo
675 3709 1090 3778 gloriosissimus
1116 3708 1307 3764 Petrus
1333 3711 1622 3766 stabilitate
1651 3710 1775 3766 ﬁdei
1811 3727 1929 3767 sum
1951 3713 2108 3768 omni.

525 3798 728 3852 lirmior
769 3807 943 3869 petra,
973 3798 1102 3854 dum
1135 3799 1333 3854 Christi
1372 3815 1588 3856 crucem
1633 3803 1908 3871 praedicat,
1947 3818 2116 3859 suam

523 3890 678 3954 vicit;
712 3904 812 3943 nec
840 3890 1018 3943 timuit
1045 3889 1304 3956 cruciﬁgi,
1327 3890 1454 3958 quia
1480 3890 1800 3946 Cruciﬁxum
1829 3893 2114 3962 timuit,.et:

524 3978 743 4033 amavit.
774 3977 968 4032 Passus
1008 3991 1139 4046 ergo
1175 3987 1257 4033 est
1297 3978 1504 4042 Petrus,
1537 3986 1597 4033 ut
1635 3981 1873 4050 optimus
1909 3997 2113 4037 servus:

525 4082 624 4137 pro
649 4066 901 4133 Domino,
927 4074 985 4120 ut
1013 4065 1182 4122 ﬁdelis
1209 4067 1502 4137 discipulus
1529 4084 1628 4138 pro
1652 4071 1936 4138 magistro,
1960 4080 2015 4126 et
2041 4080 2110 4126 ut-

524 4175 624 4230 pro
659 4159 958 4214 commissis
1001 4159 1105 4214 sibi
1142 4159 1332 4215 ovibus
1372 4168 1558 4229 pastor
1589 4161 1813 4230 electus,
1853 4162 2003 4218 illius
2031 4163 2100 4218 ad

524 4258 751 4305 mortem
793 4257 1008 4305 secutus
1033 4250 1274 4319 vestigia,
1306 4249 1458 4320 cujus
1493 4252 1738 4307 semitam
1775 4253 2100 4322 sequebatur

522 4339 592 4394 ad
617 4339 803 4406 vitam,
832 4347 888 4394 et
913 4340 1038 4408 quia
1065 4340 1395 4395 consimilem
1423 4341 1562 4410 regis
1591 4341 1673 4396 sui
1699 4342 1861 4396 subiit
1889 4344 2098 4413 passio-

523 4445 668 4495 nem,
697 4429 929 4485 omlestis
953 4429 1104 4497 regni
1125 4429 1276 4484 clave
1297 4440 1566 4500 suscepta,
1588 4432 1990 4488 similitudinem
2012 4449 2101 4488 re-

523 4522 736 4591 gnantis
754 4520 1008 4588 suscepit.
1031 4519 1135 4573 Aut
1153 4519 1423 4588 quomodo
1445 4521 1534 4575 ille
1551 4522 1674 4576 vitae
1693 4522 1920 4592 prepriae
1941 4523 2098 4578 time-
2125 4505 2176 4566 D

524 4620 609 4669 ret
635 4625 906 4674 occasum,
931 4609 1023 4678 qui
1050 4610 1369 4678 probaverat
1388 4608 1834 4666 Christumsuum
1873 4626 2100 4680 regnare

522 4712 646 4773 post
663 4702 926 4757 mortem?
947 4699 1228 4767 Quomodo
1251 4698 1518 4769 refugeret
1536 4715 1767 4767 crucem,
1789 4701 1880 4770 qui
1901 4701 1954 4755 in
1974 4717 2099 4756 cor-

523 4809 655 4863 pore
685 4794 894 4850 Domini
921 4794 1003 4848 sui
1031 4793 1302 4848 redeuntis
1323 4807 1354 4846 a
1381 4792 1607 4848 mortuis
1630 4794 1802 4849 beatae
1827 4794 2000 4850 crucis
2027 4794 2100 4849 si-

524 4899 627 4952 gna
655 4886 1015 4954 cognoverat?
1035 4884 1314 4952 Quemodo
1336 4885 1738 4953 cruciﬁgentum
1767 4887 1988 4942 vulnera
2015 4901 2102 4942 re-

523 4982 754 5041 cusaret,
784 4977 875 5045 qui
905 4974 1319 5044 Redemptorem
1348 4973 1839 5031 mundi-clavorum
1879 4976 2102 5044 vestigia

522 5074 769 5135 portasse
795 5080 977 5120 secum
1004 5065 1210 5120 sciebat
1233 5065 1300 5120 ad
1329 5062 1582 5119 Patrem?
1607 5063 1701 5118 llle
1732 5079 1830 5134 pro
1858 5080 1956 5119 suo
1990 5064 2100 5118 Do-

525 5155 671 5208 mino
699 5153 903 5208 obitum
929 5154 1262 5219 formidaret,
1285 5155 1371 5209 cui
1393 5153 1504 5224 ipse
1524 5153 1648 5208 vitm
1668 5162 1856 5208 auctor
1875 5162 1929 5208 et
1950 5168 2099 5208 mor-

526 5253 654 5308 tem,
678 5253 733 5298 ct
752 5236 1123 5310 genus'mortis
1143 5245 1488 5314 przescientia:
1507 5260 1616 5299 sua:
1637 5260 1732 5299 ore
1751 5243 2102 5314 praedixerat?

526 5337 600 5388 ita
629 5335 848 5389 dicens:
881 5333 1008 5387 Cum
1034 5351 1168 5389 esses
1189 5337 1374 5405 junior
1397 5337 1636 5407 cingebas
1670 5345 1740 5403 te,
1769 5344 1819 5388 et
1857 5333 1966 5388 ibas
2001 5351 2102 5405 quo

527 5427 757 5485 volebas;
780 5443 894 5480 cum
915 5435 1084 5480 autem
1108 5429 1358 5493 senueris,
1380 5429 1512 5484 alius
1542 5439 1588 5482 te
1606 5428 1900 5494 prtecinget,
1931 5436 1980 5480 et
2001 5427 2100 5479 du-

561 5567 623 5641 .“
838 5555 1084 5617 Ambros.
1133 5564 1456 5625 recognilus,
1502 5576 1660 5629 quare
1723 5561 1844 5630 quia
1879 5567 2116 5630 potestas.

527 5647 571 5684 Ν
596 5637 1088 5759 ξεὲυῗῖῗληώιθεο,
1121 5695 1321 5752 Deinde
1340 5699 1549 5766 quando
1563 5700 1890 5767 praesumpsit
1916 5698 2110 5754 Petrus

2186 3255 2424 3312 Domino
2450 3275 2463 3309 :
2493 3258 2732 3312 Animam
2751 3274 2915 3312 meam
2937 3274 3072 3339 pono
3090 3274 3184 3324 pro
3207 3266 3254 3311 te
3279 3255 3456 3323 (lacn.
3483 3256 3634 3322 xm);
3665 3273 3770 3312 non

2197 3346 2356 3416 longe
2375 3355 2496 3416 post
2513 3347 2706 3418 puellm
2725 3348 3197 3417 interrogationem
3220 3347 3463 3402 turbatus
3478 3347 3770 3416 respondit,

2197 3439 2516 3494 nescissese
2543 3438 2840 3492 hominem.
2862 3437 3088 3507 Propter
3130 3436 3274 3508 quod
3317 3435 3464 3492 ﬁevit
3501 3436 3770 3491 amarissi-

2197 3543 2318 3594 me;
2346 3535 2402 3582 et
2424 3528 2616 3582 ubiait
2652 3527 2928 3593 Christus,
2949 3526 3174 3582 Petrum
3193 3525 3496 3581 ducendum
3519 3541 3641 3581 esse
3667 3540 3776 3595 quo

2198 3618 2382 3683 nollet,
2413 3617 2499 3672 ibi:
2524 3617 2803 3672 victoriam
2843 3617 3177 3687 triumphalis
3217 3616 3494 3686 passionis
3521 3616 3771 3672 obtinuit.

2197 3709 2312 3764 Non
2341 3722 2470 3778 ergo
2497 3716 2580 3764 est
2607 3707 3073 3778 reprehendendus
3093 3708 3560 3780 apostolus-sisz
3571 3708 3786 3764 Christi.

2197 3800 2416 3856 honore
2450 3799 2740 3855 animosius
2767 3800 2987 3870 optabat
3013 3808 3068 3856 et
3092 3800 3249 3865 mori,
3278 3799 3775 3869 quiasprzesumptio

2199 3892 2308 3958 illa,
2333 3907 2452 3962 qua:
2478 3892 2547 3947 de
2574 3893 2742 3963 572.
2760 3892 2971 3948 fervore
2999 3891 3119 3947 ﬁdei
3144 3891 3311 3956 venit,
3351 3892 3452 3947 etsi
3495 3891 3786 3946 laudabilis

2199 3997 2307 4037 non
2334 3981 2564 4048 videtur,
2595 3995 2842 4050 magnam
2871 3989 3049 4037 tamen
3076 3982 3238 4037 habet
3264 3980 3332 4037 ad
3373 3981 3678 4046 Dominum,
3708 3995 3776 4035 es

2199 4075 2315 4145 ipsa
2336 4075 2680 4130 conscientia:
2697 4090 2807 4130 suae
2830 4075 3116 4130 devotione
3141 4073 3407 4129 ﬁduciam.
3430 4072 3634 4128 Verum
3649 4087 3774 4142 pro-

2199 4171 2320 4235 pter
2346 4164 2609 4219 cautelam
2639 4163 2871 4220 ﬁdelium
2897 4180 3138 4229 suorum,
3169 4170 3471 4231 nostraeque
3499 4161 3776 4215 inﬁrmita-

2200 4253 2268 4309 tis
2287 4253 2584 4324 perfugium
2613 4253 2823 4308 dicebat
2851 4253 3098 4308 Salvator
3120 4251 3394 4322 discipulis
3420 4251 3530 4306 suis
3554 4269 3567 4303 :
3603 4251 3666 4306 Si
3691 4267 3776 4305 vos

2200 4345 2451 4418 persecuti
2499 4346 2689 4416 fuerint
2742 4346 2798 4399 in
2849 4345 3053 4398 civitate
3100 4345 3235 4408 ista,
3292 4343 3455 4414 fugite
3505 4343 3562 4396 in
3617 4343 3780 4395 aliam

2203 4435 2417 4506 (Matth.
2440 4434 2516 4504 v).
2542 4434 2656 4490 Hoc
2683 4443 2772 4490 est
2787 4434 3005 4489 dicere:
3037 4432 3310 4488 Declinate
3328 4431 3546 4500 quidem
3568 4430 3775 4501 passio-

2202 4539 2343 4589 nem,
2373 4539 2441 4579 ne
2467 4522 2606 4578 forte
2630 4539 2728 4594 per
2755 4529 3022 4578 tormenta
3051 4520 3364 4586 vincamini;
3408 4519 3549 4589 capti
3598 4525 3796 4573 tamen-

2203 4614 2371 4668 nolite
2408 4612 2602 4669 cedere
2645 4612 3018 4683 persequenti;
3045 4611 3169 4666 volo
3218 4610 3360 4665 enim
3402 4623 3589 4664 servos
3627 4622 3782 4663 meos
3793 4635 3800 4650 μ

2204 4712 2434 4759 mortem
2459 4718 2558 4758 nec
2585 4710 2919 4772 exspectare,
2945 4716 3045 4757 nec
3077 4701 3288 4766 timere,
3316 4707 3579 4770 quatenus
3605 4699 3798 4753 inesse

2203 4795 2356 4850 vobis
2382 4793 2717 4864 sapientiam,
2740 4807 2839 4848 nec
2861 4791 3048 4847 deesse
3070 4791 3225 4846 ﬁdem
3253 4791 3448 4846 stultus
3466 4800 3798 4860 persecutor

2207 4892 2494 4954 agnoscat;
2526 4883 2649 4952 quia
2678 4889 2907 4937 mortem
2944 4897 3050 4936 non
3092 4881 3288 4945 vitare,
3313 4895 3436 4935 cum
3465 4881 3661 4949 possis,
3695 4888 3780 4934 te-

2205 4973 2467 5028 meritatis
2502 4980 2586 5028 est
2629 4973 2838 5039 vitium,
2879 4972 3160 5042 perimenti
3205 4979 3385 5027 autem
3429 4986 3539 5025 non
3589 4970 3783 5026 cedere

2204 5063 2460 5120 fortitudo
2487 5063 2753 5119 credentis
2780 5071 2881 5119 est.
2911 5062 3085 5118 Habet
3119 5063 3222 5117 hoc
3257 5063 3420 5128 ratio,
3443 5070 3498 5117 et
3520 5062 3694 5117 virtus
3721 5062 3782 5113 fi-

2205 5155 2291 5210 dei
2316 5163 2534 5220 nostrze,
2573 5163 2632 5209 ut
2662 5154 2715 5208 in
2744 5154 3080 5210 confessione
3106 5153 3390 5208 Christiani
3421 5154 3656 5207 nominis
3684 5168 3783 5207 nec

2204 5252 2448 5315 optemus
2485 5253 2735 5310 mortem,
2768 5259 2867 5300 nec
2891 5245 3172 5300 timeamus
3217 5244 3408 5300 occidi.
3437 5243 3526 5299 Sic
3554 5243 3663 5308 ille,
3690 5258 3783 5296 vas

2203 5337 2498 5406 electionis,
2527 5336 2937 5404 gloriosissimus
2977 5335 3192 5400 Paulus,
3225 5351 3293 5390 ne
3321 5351 3352 5389 a
3377 5335 3663 5402 gentilibus
3698 5333 3781 5390 vel

2201 5427 2364 5494 virgis
2390 5428 2768 5493 macularetur,
2796 5426 3061 5483 clamabat
3098 5427 3268 5482 civem
3314 5441 3374 5481 se
3409 5441 3538 5482 esse
3580 5425 3779 5479 Roma-

2211 5559 2379 5614 dicere
2421 5559 2950 5615 Domino:Ammam
2989 5575 3153 5612 meam
3194 5573 3384 5628 ponam
3421 5575 3514 5626 pro
3555 5577 3638 5627 τις
3679 5575 3784 5612 non

2210 5632 2358 5701 longe
2376 5639 2490 5701 post
2520 5630 2701 5700 puella:
2729 5629 3126 5700 interrogatione
3150 5625 3406 5697 turbatus,
3422 5625 3528 5687 etc.
