4054 6194
298 353 405 413 eno.
1643 345 1876 405 sannio
1914 348 2134 407 LXVIII.
3441 357 3569 417 ωσι

295 468 782 539 num,,etinjuriam
802 466 1044 536 corporis
1060 461 1502 522 suismcularium
1527 462 1704 533 legum
1732 480 1875 533 pra:-
1904 471 1957 527 Αρ
1977 471 2032 519 et
2054 464 2371 519 demulicre
2398 463 2852 521 divinante'Piton
2895 465 3151 535 probavit
3186 465 3407 533 ejectus.
3438 469 3557 525 Sed

292 562 580 631 scriptione
600 557 888 623 submovit,
917 564 1269 624 ereptumque
1304 568 1375 608 se
1407 552 1485 607 de
1516 554 1767 622 periculis
1805 568 1887 608 ac,
1972 555 2270 608 tamen-ubi
2298 554 2695 622 dispensatione
2721 555 2986 610 dominica
3019 564 3227 623 tempus
3254 556 3302 609 ei
3331 558 3540 625 passio-

294 651 558 705 mortibus
582 647 789 715 scriptav
820 644 1175 699 exsultatione
1218 641 1499 710 gaudebat.
1531 641 1686 707 Quod
1727 642 1774 695 si
1814 650 1888 696 ut.
1974 643 2055 696 nis
2080 642 2316 707 advenit,
2341 644 2672 698 conﬁdenter
2696 644 2880 712 gentili
2903 643 3046 699 ferro
3069 643 3240 697 fidelia
3262 645 3398 698 colla
3421 646 3567 700 sub-v

293 719 537 795 curiosus
558 738 912 806 inquiras'cur.
929 732 1599 803 privilegiogentiumsese
1624 733 1875 786 tuebatur
1966 729 2117 798 jecit,
2148 738 2203 785 et
2230 732 2321 797 qui
2361 731 2559 785 dudum
2586 737 2817 786 verbera
2845 733 3152 802 respuebat,
3181 731 3567 800 gladiumnoo

292 828 597 896 Apostolus,
628 826 763 882 scito
790 825 893 881 hoc
911 822 1193 892 apostolici
1221 821 1383 875 fuisse
1408 821 1637 885 consilii,
1661 829 1720 874 ut
1746 821 1866 875 illos
1973 819 2185 887 refugit.
2218 820 2343 874 llaec
2385 822 2528 874 enim
2569 830 2751 876 sancta
2781 820 3121 891 perfectaque
3150 837 3407 876 mensura
3435 838 3571 877 ονε-ι

292 922 385 990 qui
425 916 516 970 Dei
562 914 730 969 nostri
773 912 1131 967 reverentiam
1176 924 1285 964 non
1327 909 1610 975 habebant,
1642 909 1889 977 propriis.
1974 910 2173 976 dendi,,
2198 912 2310 966 hmo
2356 912 2740 981 irreprehensae
2784 913 3083 968 devotionis
3129 920 3211 967 est
3250 914 3452 967 sanitas
3498 914 3550 967 in

292 1022 477 1063 eorum
506 1006 712 1073 legibus
736 1001 952 1057 territos
975 1000 1292 1063 confutaret,
1317 1014 1418 1054 nec
1438 998 1571 1052 data.
1587 999 1688 1053 sibi
1706 1014 1737 1052 a
1759 999 1887 1054 Dor
1974 1003 2269 1057 certamine
2296 1002 2440 1067 ﬁdei,
2466 1012 2521 1056 et
2547 1003 2691 1057 nolle
2720 1004 2874 1066 mori,
2904 1012 2959 1057 et
2979 1004 3244 1072 patienter
3270 1005 3553 1058 occumbe-

292 1098 440 1150 miuo
466 1101 734 1164 potestate
758 1090 924 1144 voluit
952 1090 1007 1144 in
1035 1104 1130 1143 eos
1156 1102 1409 1143 exercere
1445 1088 1873 1156 vindictam,.qui
1973 1108 2052 1157 re,
2087 1093 2227 1161 quia-
2251 1092 2395 1147 Deus
2434 1102 2617 1146 noster
2645 1108 2765 1146 non.
2786 1101 3014 1147 mortem
3045 1102 3278 1147 nostram
3308 1094 3550 1163 requirit,

292 1202 352 1242 se
380 1187 597 1241 missum
624 1183 692 1236 ad
731 1180 956 1235 salutem
998 1185 1221 1233 noverat
1258 1186 1692 1247 persequentum.
1736 1178 1870 1232 Nam
1971 1183 2065 1238 sed
2094 1183 2237 1236 illam
2261 1192 2683 1253 mentemzquam
2710 1198 2855 1238 mors
2882 1198 3135 1253 superare
3160 1200 3264 1239 non
3294 1186 3479 1254 possit.

292 1275 422 1343 quid
449 1276 631 1329 virtus.
641 1271 810 1342 possit
836 1268 1260 1339 apostolisensit
1289 1282 1474 1335 magus
1502 1268 1592 1323 illc
1618 1278 1867 1333 uocatus,

1629 1361 1893 1421 SERMO
1941 1363 2233 1423 ιχνιιιις.

1030 1459 1110 1514 De
1135 1462 1312 1514 eodem
1344 1461 1507 1514 natali
1534 1468 1828 1513 sanctorum
1864 1461 2214 1529 apostolorum
2249 1461 2397 1516 Petri
2427 1471 2477 1516 et
2500 1464 2656 1520 Pauli
2687 1465 2804 1519 TI'I’.

1709 1550 2106 1607 ADMONI'PIU.
2184 1554 2185 1557 “

361 1645 534 1719 57³
552 1643 978 1719 Αῃοηῃῐιιιεοιιίρ
992 1656 1196 1719 “sermo
1222 1649 1317 1696 est.
1337 1641 1389 1695 in
1420 1640 1693 1719 codicibus
1722 1640 2011 1719 Vaticanis
2033 1642 2158 1710 559,
2190 1644 2345 1719 {1269,
2378 1646 2535 1711 4951,
2565 1654 2619 1719 et
2649 1648 2864 1715 Regiam
2894 1645 3015 1719 555.
3052 1646 3342 1719 [inscriptus
3372 1658 3549 1705 autem

289 1709 958 1790 mﬁcto'Amhrosio_apud
985 1711 1271 1790 Gillotium
1289 1725 1435 1790 num.
1468 1709 1533 1761 67
1583 1710 1805 1790 Ιεξεὶῐιιικ⁸
1834 1710 1942 1765 Nos
1970 1722 2171 1768 sancto
2190 1709 2839 1790 Masimoenmdem-esse
2868 1709 3237 1790 ascﬁbenduni
3266 1719 3549 1785 volumus;

288 1785 577 1855 quodnon
607 1783 766 1855 modo
796 1778 1133 1855 inipnpclarho
1158 1780 1510 1855 A’mbro‘sianp
1540 1778 1726 1855 codice
1759 1778 1875 1855 ejus
1905 1792 2129 1855 ornatur
2157 1786 2394 1855 nomine,
2419 1787 2512 1855 sed
2536 1789 2694 1840 etiam
2726 1787 2777 1839 in
2804 1786 3073 1841 veteribus
3102 1794 3262 1853 atque
3292 1778 3549 1855 praestari;

290 1848 513 1920 tissimis
550 1848 1059 1920 codicibusduobus
1081 1849 1296 1920 Sancta;
1314 1848 1513 1920 ,Crucis
1542 1848 1594 1901 in
1624 1848 1923 1920 Jerusalem
1952 1850 2019 1903 90
2046 1867 2207 1906 serm.
2239 1853 2292 1917 2,
2325 1862 2379 1908 et
2407 1853 2474 1906 99
2498 1871 2657 1909 serm.
2684 1856 2769 1920 ⁸51,
2803 1863 2857 1907 et
2886 1857 2937 1908 in
2975 1856 3097 1909 cod.
3130 1848 3264 1908 Bibl.
3292 1848 3420 1909 olim
3451 1858 3549 1910 Mi.

288 1937 415 1995 nor.
444 1919 705 1995 Convenit.
738 1921 788 1972 in
820 1919 1239 1995 Laurentia_n_._tv
1267 1916 1405 1995 Plut.
1437 1932 1712 1995 svn,_quo
1743 1919 1797 1971 in
1826 1928 2100 1989 postremo
2139 1916 2417 1993 inscriptio
2446 1934 2528 1979 est
2558 1916 2863 1993 hujusniodi
2906 1942 2919 1977 :
2966 1924 3044 1977 De
3071 1926 3264 1978 sanctis
3308 1927 3551 1995 apostolis

287 1990 452 2044 Petro
474 2001 523 2044 et
549 1991 718 2043 Paulo
748 2005 912 2043 sermo
937 1989 1100 2042 sancti
1130 1986 1349 2042 Maximi
1369 1986 1612 2057 episcopi.

288 2105 683 2176 Ancuusurnu.
715 2130 783 2176 :—
805 2100 890 2176 _I_)e
917 2103 1019 2155 riso
1042 2103 1181 2176 _v_asis
1204 2099 1342 2171 pleni
1369 2099 1867 2176 quadrupedibiwav
1894 2107 1943 2167 Β
1968 2112 2193 2172 argento
2227 2123 2253 2159 τ’
2272 2112 2333 2160 ut
2358 2107 2448 2176 qui
2478 2115 2701 2176 propter
2717 2106 2987 2162 Christum
3022 2108 3226 2175 argenti
3256 2108 3492 2176 speciem
3521 2104 3549 2143 ἀ

360 2174 656 2256 volatilibus
704 2170 975 2266 8.1mm”
1001 2169 1211 2266 oblato,
1240 2187 1338 2240 quo
1380 2169 1703 2266 glutinarunt
1748 2186 1869 2238 gen.

1971 2169 2275 2259 refutasset,
2306 2169 2405 2266 per
2442 2169 2709 2253 Christum
2750 2197 2956 2265 argenti
2997 2169 3171 2251 nitore
3201 2207 3226 2234 ο
3265 2169 3547 2252 ditaretur.

363 2247 490 2297 tium
519 2242 850 2313 congregatio
878 2241 1090 2294 collecta
1133 2241 1187 2293 in
1241 2236 1347 2291 una
1372 2236 1610 2291 Ecclesia
1649 2236 1865 2292 demon-

358 2322 579 2367 uratur.

358 2463 603 2517 Natalem
626 2461 1056 2517 beatissimorum
1080 2460 1444 2530 apostolorum
1476 2460 1620 2515 Petri
1647 2470 1700 2516 et
1722 2462 1883 2517 Pauli,

286 2555 456 2609 hodie
481 2554 836 2618 celebrantes,
867 2552 1058 2606 fratres
1098 2551 1385 2618 carissimi,
1428 2551 1654 2606 diversis
1694 2554 1871 2621 epulis

285 2661 395 2700 nos
423 2645 645 2700 reticere
671 2643 944 2707 debemus,
986 2651 1042 2697 et
1070 2650 1272 2695 tantam
1303 2640 1645 2696 festivitatem
1675 2658 1867 2713 magna

286 2751 416 2790 cum
446 2735 623 2788 lmtitia
657 2734 946 2789 celebrare.
981 2742 1007 2771 ι
1040 2734 1056 2753 ⁶
1085 2732 1213 2798 Quis
1244 2735 1386 2787 enim
1415 2734 1599 2787 talium
1631 2736 1866 2790 virorum

284 2829 689 2883 solemnitatem
737 2842 843 2880 non
886 2840 1073 2894 magna
1115 2827 1448 2880 Clllﬂliﬁlllla
1477 2827 1815 2881 celebraret?
1850 2829 1869 2849 ‘

285 2919 421 2985 Quis
442 2918 585 2971 enim
608 2917 662 2970 in
684 2916 868 2969 talium
888 2916 1123 2970 virorum
1145 2916 1486 2971 solemnitate
1510 2930 1617 2969 non
1646 2930 1883 2984 magnos

285 3011 388 3065 sibi
422 3008 675 3062 exhibeat
700 3014 1007 3076 apparatus,
1029 3016 1087 3061 ut
1113 3021 1219 3075 quo
1247 3007 1366 3076 plus
1386 3007 1720 3077 expenderit,
1752 3008 1871 3077 plus

286 3116 347 3155 se
397 3100 676 3169 apostolos
738 3113 921 3151 amare
964 3097 1288 3152 conﬁrmet?
1337 3097 1715 3153 Verumtamen
1761 3114 1871 3153 non

286 3206 425 3259 opus
455 3197 540 3244 est
578 3188 799 3258 proprio
844 3195 1058 3257 sumptu
1098 3186 1165 3241 ad
1214 3187 1567 3242 refectionem
1604 3197 1864 3243 nostram.

285 3281 422 3335 Nam
452 3280 617 3334 natali
645 3295 744 3333 suo
773 3278 830 3333 S.
862 3277 1053 3345 Petrus
1081 3277 1193 3348 ipse
1220 3292 1320 3333 nos
1346 3276 1559 3342 reiicit;
1599 3286 1691 3335 est.
1724 3280 1879 3334 enim

285 3370 539 3425 omnibus
565 3370 734 3440 ecpiis
760 3368 1016 3423 refertum
1043 3383 1139 3423 vas
1168 3367 1304 3436 ejus,
1332 3368 1489 3437 quod
1519 3369 1594 3423 illi
1622 3369 1689 3423 de
1727 3370 1867 3425 cmlo

1970 2284 2238 2341 Pransuro
2287 2287 2445 2354 igitur
2474 2285 2632 2341 Petro
2674 2286 2865 2340 deSunt
2910 2301 3204 2354 coquorum
3235 2294 3546 2354 apparatus,

1968 2373 2165 2429 desunt
2204 2376 2459 2444 obsequia
2496 2374 2850 2441 famulorum;
2882 2375 2975 2429 sed
3004 2376 3147 2443 quod
3186 2384 3269 2430 est
3309 2375 3327 2412 ί
3358 2377 3549 2433 melius

1969 2464 2267 2518 ministeria
2290 2464 2469 2519 divina
2500 2480 2607 2520 non
2634 2464 2849 2528 desunt,
2874 2472 2931 2518 et
2959 2465 3159 2518 utiliori
3191 2474 3214 2511 ι
3237 2474 3540 2519 commuta-

1971 2555 2119 2609 tione
2157 2562 2346 2609 sancto
2374 2554 2508 2619 viro,
2540 2554 2680 2622 quod
2710 2554 2862 2608 deest
2890 2553 2944 2607 in
2967 2554 3143 2617 terris,
3176 2554 3414 2608 abundat
3443 2554 3469 2591 ιι
3492 2556 3547 2609 in

1970 2643 2148 2708 cmlis;
2178 2650 2325 2698 utse
2351 2641 2557 2698 reﬁciat
2583 2644 2723 2697 enim
2754 2641 2963 2707 Petrus,
2994 2657 3101 2697 non
3131 2643 3408 2698 cellarium
3433 2646 3546 2699 sol-

1970 2733 2543 2795 licitereseratur,.sed
2562 2735 2753 2789 coelum
2776 2735 2949 2803 ipsum
2973 2735 3215 2801 protinus
3237 2736 3476 2804 aperitur
3504 2736 3545 2792 ί.

1970 2825 2222 2895 Legimus
2250 2829 2303 2882 in
2334 2826 2622 2896 Scripturis
2654 2827 2750 2897 (111
2779 2827 2910 2898 Reg.
2942 2828 3071 2898 xvu)
3110 2836 3351 2882 sanctum
3377 2828 3547 2903 Eliam

1971 2916 2026 2970 in
2047 2916 2261 2971 deserto
2283 2917 2458 2972 corvis
2488 2917 2910 2971 ministrantibus
2938 2923 3184 2985 pastum;
3215 2926 3416 2985 quanto
3437 2934 3548 2973 me-

1971 3006 2075 3061 lius
2102 3005 2312 3071 Petrus,
2343 3006 2429 3060 cui
2470 3022 2577 3059 non
2618 3020 2837 3076 par-vam
2878 3022 3056 3061 escam
3108 3009 3139 3057 ιι
3181 3013 3394 3062 terrena
3436 3010 3548 3063 avis

1970 3099 2218 3169 porrigit,
2255 3098 2350 3152 sed
2374 3099 2637 3165 integrum
2666 3099 2970 3153 convivium
2996 3099 3281 3154 multitudo
3309 3100 3547 3168 angelica

1971 3188 2373 3242 subministrat!
2425 3186 2553 3242 Post
2593 3190 2894 3242 orationem
2944 3202 3073 3256 ergo
3126 3190 3293 3243 esurit
3338 3187 3547 3244 Petrus.

1970 3276 2270 3332 Mirandum
2297 3292 2395 3330 cur
2421 3285 2662 3332 sanctum
2694 3278 2867 3331 virum
2902 3286 3026 3346 post
3053 3280 3350 3333 orationem
3381 3278 3549 3333 fames

1972 3375 2246 3436 sequatur,
2277 3382 2395 3422 cum
2426 3368 2597 3423 soleat
2630 3366 2797 3422 fames
2825 3368 3072 3422 oratione
3106 3368 3323 3438 depelli,
3349 3379 3404 3424 et
3425 3386 3548 3425 esu-

284 3461 545 3516 esurienti
573 3461 806 3517 delatum
835 3470 933 3517 est.
966 3463 1133 3531 Igitur
1156 3464 1246 3531 qui
1278 3463 1445 3517 esurit
1472 3463 1619 3518 sicut
1648 3463 1857 3529 Petrus,
1892 3458 1937 3520 C
1968 3457 2114 3511 riens
2139 3457 2318 3511 anima
2347 3454 2375 3494 ιι
2405 3456 2615 3512 nonnisi
2645 3456 3110 3511 observationibus
3153 3458 3403 3525 saginari.
3443 3458 3547 3512 Sed

283 3548 528 3603 reficitur
553 3550 667 3619 ipse
707 3566 831 3605 cum
875 3551 1056 3607 Petro.
1088 3550 1157 3606 Ut
1185 3551 1313 3621 quid
1344 3566 1473 3619 ergo
1500 3566 1864 3622 praeparemus

284 3639 447 3693 nobis
482 3640 756 3709 proprium
800 3642 1101 3711 prandium,
1149 3658 1271 3697 cum
1318 3642 1616 3712 apostolico
1661 3640 1863 3697 ferculo

282 3731 630 3798 saginemur?
674 3730 782 3786 Cur
819 3734 973 3789 nobis
1014 3734 1357 3802 inquiramus
1387 3742 1628 3788 terrenas
1656 3733 1859 3801 epulas,

282 3834 408 3873 cum
432 3820 677 3875 molestos
705 3823 889 3891 ecpias
917 3822 1244 3877 habeamus?
1273 3822 1410 3876 Dicit
1436 3820 1667 3876 cnimS.
1692 3820 1869 3875 Lucas

282 3908 337 3962 in
378 3909 604 3963 Actibus
640 3912 1004 3980 apostolorum
1034 3902 1183 3982 (Cap.
1224 3927 1279 3977 Χ,
1306 3911 1555 3981 κηρία),
1587 3918 1711 3980 post
1737 3924 1864 3965 ora-

282 4000 492 4056 tionem
521 4001 776 4057 esurienti
816 4001 975 4059 Petro
1016 4002 1159 4059 circa
1189 4003 1376 4056 horam
1406 4009 1637 4063 sextam,
1676 4007 1867 4070 aperto

282 4093 429 4147 cmlo
464 4108 559 4147 vas
600 4094 867 4163 quoddam
893 4095 1248 4165 splendidum,
1276 4093 1423 4147 velut
1446 4093 1675 4146 linteum
1703 4090 1879 4146 fuisse

282 4184 547 4249 delatum,
579 4186 630 4237 in
659 4201 765 4254 quo
790 4196 940 4240 erant
966 4186 1146 4240 omnia
1175 4184 1201 4223 ι’
1231 4184 1592 4253 quadrupedia
1620 4191 1776 4237 terrae
1815 4190 1871 4237 et

280 4275 529 4329 volatilia
556 4276 709 4341 cmli;
733 4284 786 4329 et
810 4276 1009 4331 dixisse
1038 4275 1317 4330 Dominum
1341 4274 1408 4327 ad
1431 4287 1553 4327 eum
1585 4290 1598 4324 :
1635 4283 1657 4310 ο
1691 4271 1865 4338 Petre,

282 4383 462 4436 surge,
495 4367 704 4420 immola
739 4376 788 4421 et
828 4366 1083 4419 manduca
1109 4366 1244 4432 (Act.
1264 4365 1341 4434 χ).
1374 4363 1515 4418 Ecce
1540 4362 1750 4427 Petrus,
1773 4363 1868 4430 qui

284 4456 455 4526 57$
481 4456 610 4511 dicit
648 4456 773 4510 alibi
806 4473 819 4507 :
848 4455 1042 4508 Aurum
1082 4464 1130 4508 et
1168 4462 1437 4525 argentum
1478 4469 1581 4506 non
1623 4463 1700 4506 est
1738 4453 1865 4506 mihi

287 4549 431 4619 (Act.
451 4547 548 4617 Ill),
584 4563 724 4602 nunc
740 4546 971 4601 convivii
998 4545 1113 4613 ejus
1132 4543 1753 4614 vasculum-splendidius
1782 4551 1865 4600 est

360 4692 388 4717 ι
420 4680 477 4733 In
505 4687 732 4748 utroque
758 4679 944 4734 codice
981 4678 1037 4733 S.
1063 4678 1247 4733 Crucis
1264 4678 1320 4748 in
1342 4676 1514 4731 Jerus.
1538 4676 1699 4748 verba
1732 4676 1872 4748 inter
1898 4683 1965 4741 ι)

288 4750 579 4829 asteriscos
616 4745 1009 4819 p'ositadesunt
1037 4749 1236 4803 omnia.
1260 4747 1465 4801 Desunt
1493 4746 1655 4799 etiam
1682 4746 1736 4799 in
1766 4745 1870 4798 Va-

286 4828 391 4925 “es
413 4817 703 4942 363's...
751 4886 863 4941 Pal.
908 4885 1423 4956 Αυδηιιιιαάναρεάία
1459 4894 1508 4938 ⁸⁸
1553 4885 1777 4956 τ⁸Ρ²ί¹ί⁰’
1820 4892 1872 4936 ⁸⁸

286 4958 529 5077 palatina
564 4958 695 5011 coeli.
725 4957 855 5011 Cod.
887 4958 1008 5011 Vat.
1042 4955 1145 5010 5‘59
1175 4972 1272 5025 pro
1301 4957 1531 5026 repentia
1559 4955 1720 5008 habet
1749 4969 1867 5022 rep-

310 5044 326 5077 ι
353 5043 429 5077 ια.

287 5036 567 5165 φῗὶᾱθιη
590 5094 711 5150 cod.
736 5095 857 5150 Vat.
884 5094 1005 5160 559,
1037 5093 1222 5165 Surge,
1256 5094 1427 5157 Petre,
1454 5101 1624 5146 macta
1644 5100 1692 5144 et
1719 5108 1868 5147 man-

287 5163 581 5289 dugaCodd.
606 5233 728 5287 Vat.
764 5232 900 5286 1269
930 5229 1131 5297 et‘550,
1160 5233 1424 5301 refutauit.

333 5312 389 5381 ,ὲ
419 5302 585 5381 Codd.
617 5304 674 5357 S.
704 5302 889 5357 Cruois
918 5303 971 5356 in
991 5302 1126 5367 Jer.,
1158 5300 1279 5356 Vat.
1309 5301 1467 5370 1269,
1493 5308 1547 5356 et
1578 5300 1708 5369 Reg.
1740 5300 1863 5367 559,

290 5370 527 5493 (mla
549 5440 684 5510 quod
703 5450 779 5494 est
804 5441 964 5495 multo
1000 5440 1200 5494 melius.
1233 5440 1310 5494 lta
1338 5440 1495 5494 codd.
1531 5439 1633 5495 5‘59
1661 5438 1862 5507 ct‘495,

280 5509 378 5577 qui
415 5509 720 5595 tamcn'pro
736 5511 1028 5595 ministeria
1058 5511 1193 5591 legit
1212 5511 1475 5579 mysteria,

359 5587 388 5621 κ
414 5578 540 5631 Cod.
577 5578 695 5632 Vat.
730 5579 885 5641 1269,
915 5578 1287 5632 communione.

362 5642 387 5679 ιλ
424 5644 564 5699 Idem
585 5648 705 5702 cod.
739 5648 851 5703 Vat.
884 5647 1040 5705 1269.
1070 5649 1124 5703 in
1153 5647 1313 5703 cwlis.
1342 5646 1409 5701 Ut
1435 5648 1696 5717 reficiatur
1724 5647 1861 5703 enim

278 5710 499 5781 Petrus,
522 5724 624 5771 etc.

1970 3554 2102 3617 puto
2143 3546 2360 3601 Petrum
2401 3554 2527 3616 post
2570 3547 2891 3611 orationem,
2924 3562 3032 3599 non
3078 3547 3254 3600 cibum
3298 3547 3547 3602 esuriisse

1972 3636 2270 3701 hominum,
2318 3636 2424 3691 sed:
2453 3636 2719 3699 saluteml;
2772 3650 2872 3689 nec
2918 3635 3094 3689 inedia
3132 3644 3384 3690 vexatum
3426 3651 3549 3691 esse

1972 3727 2236 3795 corporis,
2258 3725 2350 3780 sed
2380 3726 2558 3796 inopia
2580 3725 2911 3780 credentium
2939 3725 3227 3780 laborasse.
3249 3725 3381 3780 Cum
3405 3728 3548 3781 enim

1970 3813 2224 3870 Judaicus
2250 3817 2479 3885 populus
2512 3813 2748 3886 perfidus
2774 3824 2829 3870 et
2858 3816 3112 3884 ingratus,
3142 3816 3232 3871 illo
3259 3816 3551 3886 praedican-

1975 3912 2050 3971 te,
2071 3905 2286 3960 Christo
2304 3922 2412 3961 non
2435 3906 2697 3971 crederet,
2724 3905 2916 3961 famem
2937 3906 3336 3975 quodammodo
3359 3906 3550 3963 Petrus

1972 3996 2055 4051 sui
2085 3995 2243 4051 olllcii
2274 3998 2586 4053 sustinebat.
2612 3997 2829 4051 Famem
2858 3997 2999 4051 enim
3028 3999 3245 4066 patitur,
3276 3999 3367 4067 qui
3395 4000 3551 4053 mini-

1972 4088 2317 4143 me‘fructum
2358 4088 2438 4142 sui
2467 4089 2665 4142 laboris
2706 4088 3025 4155 assequitur.
3064 4085 3083 4125 ι
3128 4088 3185 4141 ln
3215 4089 3550 4143 cmnaculutn

1972 4177 2137 4248 igitur
2175 4177 2240 4231 ad
2282 4177 2580 4232 orationem
2621 4176 2845 4230 festinus
2874 4176 3134 4230 ascendit.
3179 4177 3323 4233 Bene
3362 4179 3465 4242 ait,
3499 4178 3551 4232 in

1972 4269 2310 4323 cenaculum
2349 4265 2419 4320 ad
2459 4267 2757 4320 orationem
2804 4264 3107 4318 ascendisse
3146 4264 3382 4330 Petrum,
3428 4267 3551 4334 quia

1973 4359 2151 4414 omnis
2185 4366 2419 4423 sanctus,
2449 4355 2665 4424 quando
2698 4362 2817 4409 orat
2853 4354 3163 4423 relinquens
3186 4355 3344 4426 575
3374 4356 3551 4409 humi-

1968 4450 2062 4517 lia,
2092 4450 2178 4503 vel
2204 4458 2414 4504 terrena
2442 4449 2494 4502 in
2525 4448 2691 4500 altum
2728 4446 2923 4500 mentis
2964 4445 3257 4514 extollitur,
3280 4456 3334 4500 et
3377 4448 3428 4500 in
3457 4463 3550 4502 su-

1966 4541 2130 4597 blime
2149 4556 2438 4611 suspensus
2465 4539 2688 4609 rapitur,
2713 4546 2750 4574 ηι
2776 4546 2831 4593 et
2857 4538 3181 4606 cogitatione
3205 4546 3389 4593 sancta
3412 4540 3549 4594 cmlo

2058 4675 2085 4714 i'
2124 4675 2261 4730 Cod.
2291 4675 2413 4728 Vat.
2446 4671 2575 4726 4951
2622 4680 2745 4741 post
2784 4686 2969 4725 vocem
2999 4672 3225 4741 aperitur
3268 4670 3395 4739 legit
3424 4671 3551 4726 Post

1985 4748 2269 4799 orationem
2299 4761 2453 4814 ergo;
2482 4744 2685 4814 reliqua
2724 4757 2845 4814 Quae
2876 4742 3286 4814 interponuntur
3330 4743 3547 4795 omittit.

2056 4815 2069 4867 ἰ
2109 4814 2275 4868 Codd.
2310 4808 2479 4867 Vatic.
2527 4812 2682 4880 1269,
2721 4808 2826 4862 559
2862 4817 2915 4864 et
2954 4809 3109 4875 1277,
3150 4819 3279 4863 tetra
3318 4825 3416 4879 pro
3446 4822 3552 4866 ter-

1976 4900 2236 5035 mithod.
2270 4950 2393 5005 Vat.
2424 4948 2549 5013 495,
2580 4965 2683 5003 non
2721 4948 2854 5015 cibo,
2893 4947 2984 5002 sed
3022 4946 3370 5002 obsecratione
3407 4952 3552 5022 sagi—

1974 5038 2245 5145 ualtbod.
2278 5089 2398 5143 Vat.
2430 5086 2564 5141 4951
2602 5087 2672 5140 ita
2707 5087 2847 5141 hunc
2874 5085 3048 5139 locum
3076 5085 3322 5141 exhibet:
3352 5086 3416 5141 In
3449 5106 3551 5144 ea.

1974 5161 2217 5215 naculum
2241 5162 2403 5230 igitur
2426 5159 2745 5230 aboratione
2768 5156 2987 5230 festinus
3017 5156 3264 5230 ascendit,
3297 5161 3418 5228 quia
3437 5177 3551 5213 om-

1973 5232 2056 5284 nis
2082 5225 2307 5292 sanctus,
2336 5227 2680 5299 quandohoral
2701 5227 2991 5299 relinquens
3014 5225 3229 5299 humilia
3251 5225 3474 5291 terrena,
3497 5230 3552 5282 in

1973 5303 2134 5353 altum
2163 5294 2357 5353 mentis'
2390 5297 2675 5361 extollitur,
2719 5304 2768 5349 et
2811 5294 2865 5348 in
2910 5294 3125 5364 sublime
3161 5313 3436 5364 suspensus
3465 5315 3552 5349 ra-

1975 5372 2133 5438 pitur,
2176 5379 2233 5421 ut
2277 5368 2806 5438 cogitationesancta
2843 5363 2968 5438 caelo
3008 5363 3548 5438 vicinior_'e[ﬁciatui-,

1974 5435 2126 5508 atque
2152 5439 2221 5492 ibi
2255 5435 2496 5508 esurienti
2526 5435 2625 5498 illi,
2658 5437 2750 5508 Iroc
2775 5444 2850 5487 est
2878 5435 3128 5508 iuncordis
3165 5436 3550 5508 suisub/imioii

1975 5502 2111 5588 loco,
2140 5508 2271 5560 velut
2300 5507 2474 5559 divina
2502 5521 2620 5559 voce
2656 5505 2853 5559 dicente
2880 5502 2957 5556 illi
3001 5519 3018 5556 :
3063 5513 3114 5556 tu
3160 5503 3375 5558 Juda‘os
3412 5504 3549 5557 solos

1972 5584 2316 5698 eﬂTlioedtfd
2343 5642 2399 5698 S.
2433 5642 2637 5698 Cruris.
2671 5643 2823 5713 Min.,
2854 5653 2984 5712 ctc.,
3014 5650 3069 5697 ut
3089 5642 3397 5713 cogitatione
3420 5656 3543 5693 san-

1978 5723 2060 5770 cta
2096 5716 2221 5769 caelo
2252 5716 2463 5769 vicinior
2492 5715 2767 5786 efﬁciatur.
