4054 6194
305 273 409 329 673

1642 274 1877 331 SERMO
1916 275 2092 330 LXIX.

3463 282 3568 339 674

304 386 395 438 hoc
418 382 507 436 tibi
533 383 633 437 do:
666 382 729 437 In
754 387 958 440 nomine
976 386 1187 442 Domini
1207 390 1370 443 nostri
1388 388 1513 442 Iesu
1542 388 1735 441 Christi
1766 387 1885 441 Na-
1912 393 1963 450 Α
1989 390 2116 443 licet
2140 390 2191 443 in
2221 389 2441 459 singulis
2487 392 2666 455 fuerit,
2718 399 2897 449 tamen
2937 393 2951 432 ί
2982 404 3180 465 quanta
3235 399 3431 454 referta
3483 411 3571 459 est

305 475 480 528 aurati
502 492 656 545 surge
681 484 731 529 et
758 477 964 531 ambula
987 478 1125 548 (Act.
1156 480 1257 549 ιιι).
1282 480 1445 535 Beata
1469 481 1627 549 plane
1646 481 1885 549 largitas,

300 579 420 634 qua:
430 565 637 634 petenti
652 575 930 635 argentum
942 568 1276 637 quidemnon
1288 571 1536 637 contulit,
1554 570 1647 625 sed
1662 572 1891 626 contulit

302 657 622 711 sanitatem!
656 657 821 713 Beata
851 658 1087 728 largitas,
1116 676 1235 730 quas
1268 661 1337 716 de
1362 663 1627 718 thesauris
1656 673 1890 718 naurum

302 763 412 803 non
449 747 693 816 protulit,
736 748 832 803 sed
860 747 888 787 δ
918 751 1142 818 protulit
1182 752 1536 806 medicinam!
1570 753 1767 807 Beatus
1807 761 1892 808 est

302 837 391 892 ille
419 836 665 906 claudus,
694 836 785 907 qui
811 838 938 892 dum
960 840 1154 909 stipem
1171 842 1364 909 quaerit
1390 843 1650 911 pecuniae,
1679 844 1891 898 divitias

301 928 687 984 incolumitatis
706 930 931 999 accepit.
958 930 1072 986 Hoc
1099 932 1242 986 enim
1267 934 1335 987 ab
1356 934 1615 1002 apostolis
1633 933 1889 989 donatum

301 1019 519 1083 meruit,
550 1018 696 1087 quod
725 1019 883 1073 nullis
904 1021 1172 1075 thesauris
1193 1037 1223 1075 a
1249 1022 1471 1077 medicis
1495 1023 1764 1078 redimere
1788 1039 1889 1093 po-

300 1114 513 1168 tuisset.
548 1123 569 1151 c
612 1111 851 1166 Primum
879 1128 1008 1181 ergo
1056 1114 1269 1181 signum
1296 1115 1623 1169 mirabilium
1669 1130 1890 1169 suorum

300 1202 499 1258 Petrus
553 1202 710 1270 iecit,
763 1202 955 1257 claudo
1008 1204 1205 1273 pedum
1253 1204 1588 1260 restituendo
1639 1205 1885 1273 vestigia.

298 1293 545 1349 Diximus
590 1293 901 1361 frequenter
944 1294 1118 1363 ipsum
1166 1293 1384 1349 Petrum
1431 1302 1639 1363 petram
1670 1297 1832 1366 578
1856 1310 1889 1349 a

298 1388 533 1444 Domino
556 1394 945 1456 nuncupatum,
976 1387 1115 1442 sicut
1139 1387 1252 1441 ait:
1286 1387 1363 1440 Tu
1392 1404 1447 1441 es
1472 1386 1656 1441 Petrus
1676 1429 1691 1454 ,
1722 1395 1771 1440 et
1798 1403 1889 1441 su-

298 1497 396 1550 per
443 1479 575 1532 hanc
600 1487 800 1547 petram
827 1475 1094 1547 azdiﬁcabo
1130 1476 1421 1531 Ecclesiam
1464 1493 1630 1531 meam
1672 1475 1887 1547 (Matth.

300 1569 438 1636 xu).
461 1567 518 1622 Si
545 1581 674 1636 ergo
704 1565 896 1621 Petrus
922 1574 1075 1635 petra
1101 1574 1186 1621 est
1212 1566 1236 1602 ά
1268 1581 1429 1636 supra
1459 1580 1619 1635 quam
1654 1564 1888 1620 aediﬁca-

294 1669 393 1715 tur
412 1658 673 1723 Ecclesia,
702 1665 852 1712 recte
880 1657 1028 1725 prius
1051 1657 1219 1727 pedes
1246 1666 1419 1723 sanat,
1450 1657 1669 1711 utsicut
1698 1657 1752 1710 in
1781 1654 1887 1710 Ec-

1990 482 2175 547 gratiae
2196 484 2519 538 sanctitate?
2544 484 2678 539 Nam
2707 485 2898 541 Petrus
2918 490 3114 557 crucis,
3141 491 3281 545 sicut
3299 490 3566 560 Salvator,

1989 572 2192 626 exitum
2217 572 2230 622 i
2262 572 2403 640 tulit,
2433 582 2488 627 et
2514 574 2795 630 dominica:
2829 576 3137 634 devotionis
3164 581 3513 637 similitudine
3542 583 3568 623 ι

1988 676 2091 716 nec
2112 663 2163 715 in
2193 670 2367 717 morte
2394 662 2665 735 disceptus
2689 676 2771 721 est
2789 686 2803 733 ;
2824 668 3029 723 scilicet
3053 679 3111 723 ut
3139 686 3297 740 quem
3326 672 3575 728 imitaba-

1991 761 2079 807 tur
2106 752 2228 818 ﬁde,
2278 754 2579 811 imitaretur
2600 766 2655 812 et
2683 760 2951 827 passione.
2989 763 3065 817 De
3098 762 3247 817 Pauli
3274 781 3406 820 vero
3453 784 3574 822 cer-

1990 845 2129 910 vice,
2154 861 2274 900 cum
2304 846 2318 882 ‘
2357 861 2476 900 eam
2506 858 2815 916 persecutor
2834 852 3009 917 gladio
3032 855 3417 921 percussisset,
3439 856 3575 912 dici-

1990 944 2080 989 tur
2108 933 2324 989 ﬁuxisse
2355 936 2523 1003 magis
2543 937 2852 991 lactisnnda
2880 956 3039 1008 quam
3069 944 3371 1010 sanguinis;
3396 954 3451 999 et
3477 946 3575 999 mi-

1990 1036 2109 1077 rum
2142 1024 2195 1076 in
2224 1025 2445 1078 modum
2474 1025 2530 1078 8.
2562 1026 2878 1095 Apostolum
2904 1030 3153 1098 baptismi
3174 1034 3342 1100 gratia
3380 1036 3433 1089 in
3458 1037 3573 1104 ipsa

1991 1113 2153 1184 579
2177 1114 2327 1168 caede
2346 1116 2615 1171 exstitisse
2641 1118 2974 1186 splendidum
3001 1122 3179 1189 potius
3199 1140 3357 1193 quam
3381 1141 3575 1179 cruen-

1992 1214 2125 1261 tum.
2159 1206 2288 1273 Quae
2316 1208 2531 1276 quidem
2560 1223 2648 1263 res
2687 1210 2740 1263 in
2775 1210 2831 1264 S.
2861 1209 3026 1266 Paulo
3051 1214 3312 1282 stupenda
3342 1231 3448 1269 non
3470 1222 3573 1269 est.

1990 1297 2128 1362 Quid
2150 1298 2292 1352 enim
2321 1299 2514 1351 mirum
2545 1300 2589 1352 si
2634 1300 2872 1353 abundat
2900 1301 3039 1355 lacte
3067 1312 3105 1338 ω
3127 1305 3361 1357 nutritor
3388 1304 3574 1358 Eccle-

1990 1388 2101 1451 siae,
2131 1388 2269 1442 sicut
2299 1389 2411 1457 ipse
2441 1389 2505 1442 ad
2526 1390 2834 1446 Corinthios
2866 1410 2878 1444 :
2922 1391 3030 1445 Lac
3068 1393 3208 1447 vobis
3238 1404 3411 1463 potum
3433 1396 3572 1461 dedi,

1990 1494 2094 1531 non
2122 1495 2289 1531 escam
2320 1477 2373 1547 (1
2397 1478 2513 1532 Cor.
2541 1481 2638 1548 ιιι).
2665 1479 2790 1535 Ηίιξο
2817 1488 2896 1535 est
2938 1483 3096 1551 plena
3143 1485 3578 1552 repromissionis

1991 1568 2079 1621 illa
2110 1576 2251 1623 terra
2301 1584 2461 1637 quam
2503 1570 2747 1637 patribus
2792 1572 2989 1625 nostris
3015 1573 3261 1640 promisit
3308 1572 3465 1637 Deus,
3498 1573 3578 1627 di-

1990 1673 2152 1712 cens:
2186 1656 2335 1711 Dabo
2358 1657 2497 1711 vobis
2528 1668 2716 1711 terram
2745 1661 2985 1728 fluentem
3012 1662 3091 1714 lac
3127 1669 3173 1714 et
3206 1662 3301 1714 mel
3322 1671 3348 1696 η
3378 1661 3574 1732 (Exod.

296 1750 468 1805 clesia
495 1748 618 1802 fidei
647 1746 1051 1802 fundamentum
1092 1748 1355 1814 continet,
1386 1748 1459 1801 ita
1489 1756 1544 1801 et
1580 1748 1634 1800 in
1675 1745 1891 1800 homine
1924 1747 1967 1805 Β
1995 1748 2095 1817 ιιι).
2118 1748 2236 1801 Νοιι
2266 1748 2409 1801 enim
2438 1748 2504 1801 de
2530 1748 2631 1803 hac
2662 1756 2802 1802 terra
2832 1748 3041 1803 locutus
3065 1758 3149 1804 est
3166 1765 3285 1818 qua:
3310 1751 3577 1803 mananti-

297 1840 672 1896 membrorum
703 1835 1055 1891 fundamenta
1099 1837 1383 1892 conﬁrmet
1413 1855 1426 1890 :
1451 1846 1622 1903 recte,
1653 1837 1890 1905 inquam,

296 1933 535 2003 primum
556 1931 609 1984 in
639 1928 948 1984 Christiano
976 1928 1142 1998 pedes
1168 1935 1341 1993 curat,
1371 1935 1430 1984 ut
1446 1927 1557 1995 jam
1586 1943 1692 1981 non
1722 1927 1893 1995 trepi-

297 2023 425 2087 dus,
480 2035 584 2075 nec
633 2019 913 2074 imbecillis
962 2018 1132 2088 possit
1178 2033 1339 2088 supra
1384 2025 1591 2087 petram
1645 2016 1893 2072 Ecclesia:

296 2122 472 2175 stare,
499 2110 595 2165 sed
640 2109 917 2173 robustus,
949 2116 1005 2162 et
1054 2107 1206 2162 fortis
1246 2108 1512 2163 incedere.
1565 2106 1666 2161 Ubi
1712 2115 1893 2161 autem

299 2201 474 2254 verba
503 2198 654 2252 Pauli
678 2212 785 2252 non
815 2197 1097 2263 leguntur?
1124 2195 1254 2261 Quis
1296 2196 1447 2250 locus
1468 2210 1531 2249 ea
1560 2195 1752 2250 litteris
1784 2212 1892 2249 non

298 2293 572 2355 inscribit,
623 2291 789 2347 corde
830 2291 1055 2357 retinet,
1105 2291 1518 2345 conversatione
1565 2291 1895 2346 custodivit?

298 2382 413 2448 Qui
460 2380 657 2435 Paulus
685 2395 717 2434 a
760 2380 987 2435 Domino
1015 2395 1111 2433 vas
1151 2380 1427 2435 electionis
1454 2388 1539 2435 est
1570 2381 1891 2435 nominatus.

297 2472 518 2526 Bonum
538 2485 653 2535 vas,
672 2470 726 2523 in
752 2484 860 2539 quo
886 2469 1123 2538 pretiosa
1151 2468 1525 2523 mandatorum
1548 2467 1745 2524 Christi
1766 2484 1899 2537 prm-

295 2570 464 2632 cepta
493 2560 796 2617 conduntur
828 2577 840 2612 :
890 2560 1093 2614 bonum
1121 2573 1239 2624 vas,
1272 2558 1339 2613 de
1384 2558 1537 2627 cujus
1564 2558 1897 2627 plenitudine

295 2653 607 2709 substantia
634 2651 760 2705 vitae
782 2650 995 2719 populis
1022 2664 1237 2718 semper
1265 2658 1518 2716 erogatur
1535 2690 1550 2714 ,
1579 2657 1637 2703 et
1678 2649 1896 2718 plenum

297 2751 411 2799 est.
438 2741 651 2812 Optima
680 2740 1047 2811 apostolorum
1077 2739 1318 2802 nomina,
1349 2746 1593 2808 petra,et
1619 2740 1897 2794 vasculum

296 2833 612 2889 necessaria
632 2831 814 2885 domui
838 2830 1152 2885 Salvatoris.
1180 2840 1203 2866 °
1228 2828 1427 2883 Domus
1450 2830 1593 2883 enim
1622 2837 1897 2898 petrarum

296 2924 625 2981 fortitudine
652 2923 1000 2984 construitur,
1032 2922 1264 2975 utilitate
1286 2921 1431 2975 vasis
1459 2930 1700 2975 ornatur.
1737 2920 1897 2976 Petra

298 3019 379 3073 ad
406 3016 730 3081 ﬁrmitatem,
756 3030 823 3069 ne
846 3014 1115 3079 labantur,
1133 3021 1403 3069 sustentat
1422 3016 1683 3084 populos;
1713 3031 1809 3069 vas
1829 3015 1896 3069 ad

1993 1836 2095 1890 bus
2120 1835 2273 1904 aquis
2301 1851 2514 1890 omnum
2557 1836 2800 1902 involvit,
2830 1837 3106 1906 lutumque
3133 1838 3453 1906 permiscet,
3482 1838 3577 1892 sed

2002 1929 2073 1985 de
2102 1930 2191 1984 illa
2222 1937 2365 1985 terra
2413 1928 2582 1994 Pauli,
2634 1938 2690 1984 et
2716 1930 2967 1989 similium
3016 1929 3187 1994 Pauli,
3219 1943 3339 1998 quae
3381 1930 3579 1999 jugiter

1994 2036 2189 2091 purum
2219 2035 2491 2088 suaveque
2518 2020 2759 2074 distillat.
2785 2020 2915 2087 Qum
2938 2024 3081 2075 enim
3111 2020 3260 2075 Pauli
3293 2030 3317 2057 ο
3351 2022 3577 2089 epistola

1995 2127 2105 2166 non
2134 2111 2294 2165 melle
2322 2110 2535 2165 dulcior
2554 2118 2656 2173 est,
2700 2111 2843 2164 lacte
2871 2110 3153 2164 candidior
3172 2115 3195 2163 ι
3216 2109 3345 2176 Qua:
3372 2112 3578 2179 episto-

1996 2202 2079 2267 lae,
2112 2208 2365 2268 tanquam
2412 2211 2440 2248 ιι
2471 2200 2659 2263 ubera,
2682 2198 3040 2253 Ecclesiarum
3067 2198 3295 2267 populos
3337 2198 3581 2251 nutriunt

1995 2290 2068 2349 ad
2094 2289 2447 2343 salutem?De
2469 2288 2682 2342 cervice
2710 2301 2837 2354 ergo
2871 2288 3113 2356 Apostoli
3138 2298 3164 2336 (ι
3195 2302 3294 2356 pro
3322 2287 3581 2356 sanguine

1995 2379 2079 2434 lae
2105 2378 2363 2432 manavit.
2407 2376 2659 2446 Legimus
2707 2388 2729 2414 ι’
2763 2378 2815 2430 in
2845 2377 3071 2446 epistola
3128 2377 3309 2445 ipsius,
3341 2380 3583 2449 quoniam

1996 2488 2118 2525 caro
2139 2470 2420 2540 et~sanguis
2440 2486 2653 2539 regnum
2675 2467 2770 2522 Dei
2794 2486 2897 2523 non
2918 2468 3251 2536 possidebunt
3281 2467 3334 2538 (I
3353 2466 3472 2521 Cor.
3496 2470 3577 2539 v).

1995 2562 2113 2617 Jam
2144 2563 2305 2631 igitur
2335 2561 2534 2615 Paulus
2577 2560 2820 2629 possidet
2860 2576 3105 2629 regnum,
3140 2560 3300 2631 580
3328 2560 3582 2628 quoniam

2001 2662 2024 2690 ⁵
2056 2660 2207 2707 caret
2234 2652 2513 2719 sanguine,
2546 2650 2637 2719 qui
2668 2650 2927 2721 impedire
2954 2650 3148 2705 dicitur
3180 2655 3197 2686 ί
3242 2660 3580 2718 regnaturos.

2000 2744 2189 2799 Adhuc
2216 2758 2345 2811 ergo
2375 2742 2574 2798 Paulus
2612 2742 2668 2796 in
2698 2743 2860 2796 terris
2886 2744 3093 2810 positus
3114 2751 3142 2779 ιι
3164 2744 3324 2797 etiam
3352 2742 3405 2795 in
3432 2744 3581 2811 regni

1999 2835 2238 2890 celestis
2278 2834 2637 2887 substantiam
2693 2833 3127 2887 transformatur.
3160 2844 3187 2872 ν
3218 2834 3362 2899 Ideo,
3394 2835 3587 2889 fratres

1998 2928 2284 2991 carissimi,
2317 2927 2743 2996 quotiescunque
2769 2936 3064 2998 martyrum
3090 2936 3115 2963 ι
3132 2930 3422 2983 memorias
3450 2930 3586 2984 cele-

2000 3020 2243 3085 bramus,
2293 3019 2666 3088 praetermissis
2686 3020 2936 3074 omnibus
2984 3020 3165 3075 saeculi
3212 3022 3439 3085 actibus,
3471 3022 3586 3076 sine

297 3107 634 3173 custodiam,
677 3120 745 3159 ne
782 3112 1077 3170 tententur,
1119 3105 1298 3174 operit
1337 3103 1690 3160 Christianos.
1727 3106 1747 3143 ί
1777 3106 1896 3162 Exi-
1923 3102 1968 3164 C
2004 3110 2182 3179 aliqua
2238 3110 2499 3164 dilatione
2542 3120 2571 3157 γ
2601 3124 2925 3164 concurrere
2966 3108 3221 3165 debemus
3275 3110 3341 3163 ad
3367 3111 3587 3164 domum

299 3208 389 3254 tus
427 3213 562 3253 vero
598 3211 787 3251 eorum
834 3195 902 3249 de
934 3195 1040 3249 hoc
1069 3196 1267 3250 saeculo
1305 3210 1464 3263 quam
1499 3196 1686 3250 beatus
1714 3198 1893 3263 fuerit,

301 3304 472 3345 nemo
499 3296 581 3342 est
600 3287 692 3357 qui
720 3286 942 3341 nesciat.
972 3284 1105 3339 Nam
1128 3286 1301 3355 prima
1331 3285 1445 3340 haec
1474 3296 1499 3333 ε
1523 3286 1576 3340 in
1599 3286 1702 3341 illis
1722 3288 1894 3341 beati-

303 3380 440 3435 tudo
488 3385 590 3444 est,
612 3375 757 3447 quod
787 3375 945 3429 ambo
974 3391 1079 3429 una
1108 3375 1196 3430 die
1224 3376 1365 3445 passi
1413 3390 1531 3431 esse
1578 3385 1893 3446 noscuntur,

300 3470 538 3537 scilicet,
590 3474 647 3522 ut
674 3480 812 3534 quos
836 3480 943 3520 una
991 3465 1123 3519 ﬁdes
1154 3467 1376 3521 servitio
1421 3466 1754 3533 devinxerat,
1789 3485 1892 3523 una

302 3561 422 3618 dies
450 3559 712 3631 martyrio
732 3564 1035 3613 eoronaret.
1053 3553 1082 3594 δ
1102 3556 1305 3612 Deinde
1324 3557 1439 3627 ipsa
1459 3558 1657 3627 passio,
1680 3559 1893 3617 diversa

376 3709 404 3737 ι
424 3697 563 3752 cod.
593 3695 717 3749 Vat.
748 3690 911 3762 aliqui
931 3706 1135 3755 aurum,
1164 3690 1253 3745 alii
1280 3699 1548 3761 argentum
1573 3705 1813 3763 ponunt;
1838 3698 1893 3752 in

303 3769 534 3836 reliquis
557 3764 901 3836 conveniunt.

378 3838 405 3874 ³³
431 3826 608 3890 Codd.
641 3835 696 3887 S.
729 3832 915 3889 Crucis
940 3830 995 3883 in
1024 3826 1133 3883 Jer.
1169 3830 1425 3891 omittunt
1450 3832 1686 3901 protulit,
1708 3841 1763 3890 et
1788 3836 1890 3891 ha-

304 3908 443 3966 bent
473 3905 563 3959 sed
590 3905 915 3958 medicinam.

383 3989 408 4017 ο
443 3976 615 4029 Aliter
641 3975 869 4028 habetur
897 3974 984 4028 hic
1011 3975 1161 4030 locus
1200 3974 1251 4026 in
1280 3967 1401 4023 cod.
1452 3968 1510 4023 8.
1542 3970 1729 4027 Crucis
1761 3972 1891 4028 Min.

306 4049 362 4104 in
416 4046 650 4100 Lauren.
698 4044 812 4098 scil.
846 4042 1081 4097 Primum
1132 4060 1254 4107 ergo
1308 4040 1511 4107 signum
1562 4042 1893 4107 mirabilium,

307 4118 449 4191 quod
478 4113 1133 4191 beatusapostolusufecit,‘
1155 4110 1339 4191 claudo
1382 4110 1565 4190 pedum
1612 4114 1897 4191 restituisse

306 4180 529 4255 bestigia
576 4180 809 4255 dicimus.
842 4180 1073 4255 Audistis
1100 4180 1396 4255 frequenter
1439 4180 1606 4255 ipsum
1660 4180 1895 4255 Petrum,

306 4266 419 4313 etc.
442 4248 531 4308 'lta
560 4253 721 4308 etiam
752 4253 869 4308 Vat.
902 4252 1072 4319 4951,
1103 4248 1209 4322 qui
1247 4260 1425 4305 tamen
1471 4248 1633 4302 habet
1671 4249 1897 4305 diximus

346 4343 410 4381 ro
434 4326 669 4378 dicimus.

307 4342 410 4399 pro
434 4342 669 4378 uicimus.

381 4396 411 4434 ἀ
439 4394 574 4449 Cod.
605 4392 849 4447 Vatican.
890 4389 1051 4460 4951,
1074 4406 1228 4463 super
1255 4406 1409 4462 quam
1436 4395 1635 4459 petram
1663 4390 1897 4461 aedifica-

312 4477 420 4533 tur,
455 4474 560 4519 etc.

390 4528 416 4574 δ
458 4533 625 4619 θρόει·
653 4532 716 4619 .S'
746 4530 939 4619 Emis
961 4531 1013 4619 in,
1041 4529 1177 4619 θεῖν
1200 4528 1897 4619 9.5-4.5.:9'9951WE}?
1928 4558 1982 4619 D

312 4604 481 4660 Laur.
511 4604 672 4658 habet
705 4621 716 4655 :
750 4601 945 4655 Domus
970 4603 1104 4655 enim
1128 4600 1445 4669 fortitudinis
1469 4610 1614 4669 petra
1642 4600 1902 4653 constitui-

316 4686 424 4743 tur,
457 4675 692 4737 utilitate,
742 4681 845 4726 etc.
893 4670 1064 4725 Codd.
1115 4668 1235 4723 Vat.
1270 4668 1437 4743 6451,
1468 4668 1599 4720 41951
1633 4680 1688 4722 et
1730 4669 1895 4734 1277,

312 4740 517 4800 Domus
536 4746 671 4797 enim
693 4743 993 4811 fortitudine
1018 4748 1176 4808 petra:
1203 4740 1541 4792 constituitur.

397 4815 417 4852 ί
462 4815 592 4869 Cod.
628 4804 745 4867 Vat.
789 4810 947 4877 1277,
972 4804 1221 4863 Introitus
1248 4826 1364 4862 vero
1389 4824 1583 4875 eorum,
1606 4822 1758 4878 quam
1787 4804 1905 4860 bea-

314 4895 398 4939 tus
432 4886 608 4955 fuerit,
628 4898 787 4955 nemo
814 4890 889 4955 est
916 4882 1004 4955 qui
1032 4881 1248 4955 nesciat1
1267 4887 1372 4932 etc.

392 4944 443 5000 κ’
460 4944 606 5008 Cod;
623 4951 678 5006 8.
705 4949 911 5005 Crucis.
930 4944 1131 5005 Minor.
1153 4950 1206 5003 in
1227 4947 1411 5012 Laur.,
1442 4944 1585 4999 Nam
1605 4947 1774 5017 prima
1796 4945 1905 4999 haec

316 5025 428 5079 illis
454 5023 710 5077 beatitudo
734 5030 828 5082 est,
853 5030 958 5074 etc.

396 5094 426 5130 ιι
464 5092 595 5147 Cod.
622 5092 809 5146 Vallic.
842 5090 886 5142 A
906 5090 958 5154 9,
985 5088 1185 5142 Deinde
1219 5088 1335 5139 licet
1355 5087 1469 5155 ipsa
1506 5086 1681 5154 passio
1705 5085 1909 5138 diversa

318 5167 377 5219 in
408 5164 626 5234 singulis
650 5164 823 5234 fuerit,
856 5168 959 5234 etc.
992 5158 1284 5234 Cod.__ver0
1327 5155 1532 5234 Casin.,
1563 5155 1763 5208 Deinde
1776 5157 1908 5234 Ilicet

319 5238 442 5302 ipsa
469 5226 861 5302 passio'diversa
882 5230 934 5282 in
964 5228 1181 5298 singulis
1180 5227 1384 5350 (fuerit,
1415 5236 1582 5278 tamen
1618 5226 1806 5295 aequali
1832 5227 1909 5293 ef-

323 5309 464 5350 fecta
500 5312 574 5350 est
615 5304 797 5350 oratio:
848 5300 1137 5350 sanctitate.
1225 5295 1315 5349 0d.
1370 5295 1489 5349 Vat.
1522 5294 1687 5350 “451.
1732 5303 1905 5348 tamen

320 5294 574 5375 ῥαπίζει
615 5304 797 5370 gratia:
848 5294 1137 5375 sanctitate.
1180 5294 1345 5375 C9d._
1370 5295 1489 5349 Vat.
1522 5294 1687 5361 M51,
1732 5303 1905 5348 tamen

320 5366 542 5443 inqualis
571 5366 634 5423 re
651 5381 765 5424 erta
789 5378 864 5422 est
922 5369 1059 5421 ralia
1085 5366 1394 5420 sanctitatis.

410 5443 427 5479 ι
468 5441 597 5491 Cod.
630 5375 751 5491 ’Vat.
776 5386 933 5491 645?.
961 5446 1104 5491 tanta
1131 5451 1229 5491 pro
1248 5452 1394 5491 auum

410 5443 427 5479 ι
468 5441 597 5495 Cod.
630 5441 751 5495 Vat.
776 5441 933 5501 6451,
961 5446 1104 5491 tanta
1131 5451 1229 5505 pro
1248 5445 1460 5504 quanta.

408 5512 425 5584 _i
472 5511 613 5584 idem
640 5510 760 5584 cod.
779 5509 904 5584 _Va_t_.
930 5507 1094 5584 6451,
1108 5507 1303 5584 exitum
1331 5506 1557 5584 pertulit.
1732 5581 1740 5584 _
1822 5573 1851 5584 η

406 5582 434 5620 ι
470 5583 631 5637 Iidem
659 5580 815 5635 codd.
848 5577 968 5633 Vat.
993 5576 1124 5629 6451
1168 5584 1223 5629 et
1251 5573 1451 5637 Casin.,
1491 5590 1582 5627 nec
1610 5581 1771 5626 morte
1798 5573 1907 5625 dis-

324 5662 499 5708 cretus
519 5662 612 5707 est.
637 5650 769 5708 Cod.
795 5650 910 5703 Vat.
937 5646 1093 5701 4951.
1112 5662 1204 5701 nec
1224 5655 1384 5700 morte
1399 5645 1636 5712 deceptus
1650 5654 1745 5698 est.
1770 5641 1902 5698 Cod.

2006 3202 2120 3264 Dei,
2150 3201 2383 3255 reddere
2404 3201 2508 3254 illis
2534 3198 2999 3253 honoriﬁcentiam
3017 3242 3031 3266 ,
3060 3201 3152 3268 qui
3182 3200 3335 3254 nobis
3360 3201 3588 3255 salutem

2007 3299 2030 3325 ι
2062 3289 2323 3343 effusione
2352 3288 2434 3341 sui
2462 3288 2733 3355 sanguinis
2763 3297 3119 3356 pepererunt,
3149 3289 3241 3355 qui
3269 3297 3377 3342 tam
3400 3302 3589 3343 sacra--

2002 3387 2111 3433 tam
2141 3378 2373 3433 hostiam
2405 3392 2506 3445 pro
2527 3383 2711 3430 nostra
2732 3375 3119 3444 propitiatione
3147 3376 3378 3431 Domino
3400 3390 3459 3430 se
3488 3377 3587 3430 ob-

2000 3476 2264 3535 tulerunt;
2294 3470 2593 3541 praesertim
2616 3484 2737 3523 cum
2764 3468 2908 3522 dicat
2928 3468 2995 3521 ad
3022 3476 3237 3522 sanctos
3255 3483 3381 3522 suos
3411 3467 3588 3522 omni-

1999 3575 2193 3638 potens
2212 3563 2355 3617 Dcus
2384 3579 2397 3614 :
2425 3559 2524 3625 Qui
2548 3575 2634 3614 vos
2664 3559 2901 3623 honorat,
2924 3573 3007 3611 me
3038 3557 3281 3624 honorat,
3308 3564 3358 3611 et
3394 3558 3480 3627 qui
3500 3572 3588 3611 vos

1996 3698 2121 3754 Vat.
2154 3695 2310 3759 1277,
2344 3709 2437 3747 nec
2465 3702 2629 3746 morte
2657 3690 2944 3760 discerptus
2970 3698 3075 3747 est.

2076 3766 2093 3805 ι
2128 3766 2259 3820 Cod.
2283 3762 2403 3817 Vat.
2438 3760 2597 3825 4951,
2627 3777 2740 3813 eum
2761 3774 2861 3827 pro
2889 3776 3023 3812 eam.

2069 3846 2108 3873 π’
2145 3834 2279 3889 Cod.
2311 3832 2345 3886 4
2377 3831 2433 3886 8.
2463 3830 2650 3885 Crucis
2696 3826 2888 3883 Minor.
2943 3829 2996 3881 in
3056 3826 3215 3882 Laur.
3261 3829 3335 3882 ita
3378 3828 3584 3882 habet:

2002 3903 2143 3971 Quid
2166 3907 2301 3957 enim
2348 3903 2555 3963 mirum,
2587 3900 2633 3953 si
2683 3899 2887 3953 abunde
2931 3899 3064 3952 lacte
3090 3902 3315 3953 nutritur
3352 3898 3589 3952 Ecclesia

1997 3979 2129 4030 sicut
2157 3976 2286 4039 ipse,
2316 3981 2404 4027 etc

2075 3992 2286 4097 $13351,
2312 3992 2433 4096 ἓξὲξ.
2478 4039 2536 4094 8.
2567 4038 2753 4093 Crucis
2775 4036 2966 4092 Minor.
2993 4037 3046 4092 in
3074 4036 3257 4106 Laur.,
3284 4036 3431 4092 Dabo
3452 4038 3590 4092 vobis

2005 4124 2217 4174 terram,
2249 4112 2382 4165 lacte
2406 4120 2455 4162 et
2474 4109 2623 4161 melle
2651 4117 2969 4160 manantem.

2077 4192 2102 4221 ο
2142 4181 2273 4237 Cod.
2306 4180 2428 4233 Vat.
2461 4178 2619 4242 1269,
2652 4175 2781 4238 Qua:
2807 4177 2941 4228 enim
2964 4176 3120 4228 Pauli
3154 4174 3406 4245 Epistolte
3441 4177 3591 4230 melle

2006 4253 2279 4311 dulciores,
2311 4250 2443 4302 lacte
2461 4246 2810 4298 candidiores.

2078 4333 2106 4372 ι’
2133 4321 2303 4375 Codd.
2343 4317 2523 4370 Casin.
2556 4322 2612 4368 et
2648 4313 2769 4367 Vat.
2801 4310 2959 4376 6451,
2984 4312 3177 4376 optima
3196 4311 3373 4365 ubera.

2080 4333 2106 4372 Ρ
2133 4329 2303 4375 Codd.
2343 4329 2523 4370 uasm.
2556 4329 2612 4368 et
2656 4329 2769 4367 vat.
2801 4329 2959 4376 0401,
2984 4329 3014 4364 o
3054 4329 3177 4363 mna
3196 4329 3373 4365 ubera.

2080 4402 2107 4441 ει
2136 4388 2311 4445 Codd.
2358 4386 2545 4439 Vallic.
2579 4385 2622 4436 A
2652 4382 2686 4435 9
2714 4390 2767 4437 et
2796 4380 2975 4434 Casin.
3009 4329 3128 4445 {02,
3162 4382 3383 4444 apostoli
3413 4380 3586 4435 Pauli.

2081 4470 2103 4498 τ
2142 4458 2312 4513 Codd.
2343 4455 2400 4511 S.
2434 4455 2619 4509 Crucis
2643 4453 2694 4506 in
2720 4451 2854 4517 Jer.,
2882 4450 3120 4520 Legimus
3149 4450 3202 4503 in
3226 4451 3358 4520 ipso,
3384 4458 3487 4505 etc.

2078 4538 2100 4566 ³
2132 4529 2265 4584 Cod.
2297 4526 2418 4580 Vat.
2450 4524 2609 4591 1277,
2632 4530 2772 4575 caret
2799 4531 2847 4574 et
2867 4522 3136 4589 sanguine.

2082 4602 2100 4636 ί
2136 4597 2307 4653 Codd.
2337 4596 2393 4651 8.
2426 4586 2614 4648 Crucis
2643 4594 2695 4646 in
2723 4591 2833 4646 Jer.
2859 4586 3072 4661 legunt:
3114 4597 3410 4661 regnatura.
3434 4586 3509 4641 lta
3536 4597 3593 4643 et

2006 4670 2162 4725 codd.
2196 4668 2318 4722 Vat.
2368 4665 2537 4731 6451,
2568 4662 2741 4726 4951,
2798 4668 2854 4716 et
2906 4656 3093 4715 Vallic.
3124 4656 3187 4712 A'
3223 4656 3288 4723 9,
3338 4658 3593 4728 regnatu-

2006 4756 2305 4861 ruTCodd.
2336 4804 2394 4858 S.
2430 4802 2618 4857 Crucis
2642 4801 2695 4855 in
2717 4800 2851 4867 Jer.,
2876 4806 2932 4854 et
2960 4796 3027 4852 10
3055 4794 3240 4862 Laur.,
3280 4805 3329 4850 et
3348 4812 3463 4866 1am
3492 4811 3593 4867 pro

2008 4887 2244 4999 engmllic
2267 4944 2334 4997 ah
2364 4950 2593 5010 utroque
2615 4939 2736 4995 cod.
2766 4938 2824 4993 S.
2852 4935 3036 5010 Crucis
3062 4933 3250 5010 in__Jer.
3279 4932 3401 4989 ﬁnis
3427 4950 3594 5006 tmpo-

2009 5018 2155 5073 nitur
2184 5012 2420 5070 sermoni
2447 5030 2460 5078 ;
2504 5004 2745 5080 reliquus
2779 5023 2958 5062 sermo
2988 5004 3041 5057 in
3069 5005 3173 5059 illis
3201 5005 3372 5059 deest.

2081 5098 2105 5123 ι
2135 5085 2268 5140 Cod.
2312 5083 2431 5137 Vat.
2457 5079 2952 5145 495l,memoriam.

2080 5168 2107 5206 r
2146 5157 2289 5210 Idem
2309 5153 2431 5208 cod.
2464 5143 2750 5205 Vat.’4951
2774 5189 2789 5214 ,
2810 5160 3113 5214 concurrere
3159 5143 3433 5207 debemus;
3472 5143 3591 5196 red-

2012 5228 2131 5281 dere
2154 5226 2258 5280 illis
2289 5213 2779 5292 honori/icentiam,
2805 5217 2891 5288 qui
2920 5213 3064 5292 nobis
3090 5214 3309 5267 salutem
3332 5230 3424 5283 pro
3462 5213 3592 5292 e/[u-

2017 5301 2162 5351 sione
2182 5296 2259 5349 sui
2286 5283 2552 5363 sanguinis
2578 5283 2920 5363 pepererunt,“
2923 5285 3007 5352 qui
3037 5293 3464 5363 tanquamjsacra
3499 5283 3591 5335 ho-

2016 5370 2117 5421 stia
2145 5383 2238 5437 pro
2269 5354 2444 5418 nostra
2480 5354 2844 5430 propitiatione
2876 5355 2985 5411 Deo
3013 5354 3309 5409 sunt'oblati
3324 5369 3341 5418 ;
3368 5367 3590 5423 presser-

2009 5444 2266 5559 ‘mi’grlifl:
2302 5503 2424 5558 Vat.
2490 5498 2658 5567 1269,
2723 5515 2816 5566 per
2871 5497 3173 5566 elfusiouem
3236 5493 3316 5548 sui
3373 5489 3589 5562 sangu“

2007 5580 2107 5647 uis,
2139 5583 2243 5631 etc.
