4054 6194
245 3878 532 3933 constituta

266 277 368 332 επ

1672 275 1902 332 SERMO
1942 276 2121 338 LXXI.

3424 291 3532 348 6711

258 389 375 443 haec
416 382 490 436 illi
523 392 547 419 σι
588 380 900 437 continuata
947 398 1125 452 parua,
1160 390 1218 436 ut
1249 382 1550 437 ardentium
1598 384 1846 453 exposita
1875 397 1920 453 Α
1949 397 2212 451 secutoris
2257 396 2498 456 llammas
2536 402 2685 470 vicit,
2740 400 2977 458 ostendit
3023 402 3180 458 nobis
3231 416 3328 471 per
3354 402 3528 471 ignem

242 478 401 531 emole
438 474 766 539 carbonum,
814 475 1034 544 insuper
1062 474 1089 513 ι)
1117 474 1294 529 ferrea
1347 482 1497 528 crate
1551 475 1844 530 distentum

259 565 402 619 lenta
439 563 652 617 ﬂamma
699 571 1072 630 consumeret,
1105 572 1163 617 ut
1194 580 1300 618 non
1324 572 1432 618 tam
1463 564 1845 619 inﬂammando

255 659 367 712 cito
402 668 423 695 π
450 656 788 711 interimeret
827 655 1122 719 hominem,
1156 655 1394 723 quandiu
1425 654 1702 709 exurendo
1740 662 1849 709 tor-

255 756 480 817 queret;
504 748 578 802 ita
606 755 665 801 ut
700 761 824 801 cum
871 762 1035 801 unum
1066 746 1206 801 latus
1234 753 1485 801 exustum
1524 754 1844 816 persecutor

255 843 520 901 cerneret,
571 835 717 889 aliud
748 835 902 889 .latus
948 835 1159 904 ignibus
1202 836 1461 903 objioeret
1486 835 1840 890 exurendum.

258 927 509 995 Legimus
536 925 821 991 Ananiam,
845 924 1171 979 Azariamet
1194 924 1475 980 Misaelem
1501 925 1847 979 beatissimos

253 1032 452 1087 pueros
480 1030 510 1069 a
539 1030 665 1085 rege
703 1017 756 1069 in
784 1016 995 1070 camino
1024 1016 1163 1084 ignis
1197 1016 1432 1071 inclusos
1480 1015 1533 1070 in
1564 1031 1845 1085 pmnarum

254 1124 472 1164 suarum
500 1106 873 1162 deambulasse
899 1106 1147 1172 ﬂammis,
1180 1114 1235 1160 et
1262 1106 1449 1175 igneos
1475 1106 1668 1173 globos
1694 1105 1847 1175 pedi-

253 1200 356 1254 bus
397 1198 743 1253 conculcasse
767 1197 930 1267 (Dan.
961 1199 1060 1268 in).
1086 1196 1245 1252 .Unde
1287 1205 1342 1251 et
1368 1198 1564 1252 beatus
1591 1195 1840 1250 Lauren-

251 1290 363 1342 tius
391 1303 497 1342 non
520 1287 714 1341 minori
742 1284 767 1323 d
797 1286 968 1354 gloria
986 1296 1084 1341 est
1103 1286 1491 1357 praeferendus;
1527 1296 1550 1323 σε
1568 1285 1844 1356 siquidem

253 1380 331 1433 illi
376 1380 427 1433 in
456 1393 737 1449 pmnarum
765 1394 983 1432 suarum
1004 1377 1233 1433 ﬂammis
1257 1378 1531 1432 ambulant
1549 1417 1564 1443 ,
1595 1378 1683 1433 hic
1708 1386 1764 1432 et
1791 1378 1845 1431 in

252 1474 377 1542 ipso
406 1471 651 1541 supplicii
667 1471 748 1525 sui
779 1472 901 1541 igne
929 1471 1243 1538 discumbit;
1270 1472 1345 1525 illi
1386 1473 1623 1541 vestigiis
1644 1472 1844 1541 pedum

269 1567 286 1606 ¹
324 1567 775 1622 conculcaverunt
797 1565 1060 1632 incendia,
1093 1567 1191 1620 iste
1221 1566 1447 1620 laterum
1494 1580 1715 1620 suorum
1740 1564 1847 1619 dif-

252 1659 464 1713 fusione
508 1658 807 1725 restinguit.
838 1658 939 1722 illi,
971 1658 1209 1725 inquam,
1248 1665 1453 1711 stantes
1502 1666 1527 1704 ιι
1577 1658 1632 1711 in
1682 1671 1842 1727 paena

1948 485 2069 541 ﬁdei
2099 486 2354 554 gehennm
2384 488 2631 546 incendia
2654 507 2932 561 superare,
2973 501 2998 528 °
3024 501 3079 547 et
3108 508 3293 546 amore
3333 491 3531 547 Christi

1945 575 2432 644 diemjudiciinon
2464 582 2678 638 timere.
2710 583 2819 638 Nos
2855 599 3018 648 vero,
3051 583 3247 638 fratres
3293 584 3532 639 dilectis-

1945 669 2087 733 simi,
2117 669 2163 723 si
2190 669 2257 723 ad
2278 673 2608 727 consortium
2644 682 2952 729 sanctorum
2993 683 3288 746 martyrum
3336 688 3531 743 perve-

1947 760 2064 815 nire
2102 760 2381 829 volumus,
2421 763 2489 817 de
2534 765 2831 820 imitatione
2874 776 3167 837 martyrum
3210 768 3528 834 cogitemus.

1948 860 1975 899 P
2004 850 2211 905 Debent
2256 853 2399 906 enim
2440 854 2493 907 in
2533 856 2752 909 nobis...
2786 857 2986 925 aliquid
3013 858 3080 912 de
3108 858 3217 911 suis
3246 858 3533 911 virtutibus

1946 954 2356 1009 recognoscere,
2385 950 2443 996 ut
2463 960 2562 1012 pro
2593 946 2745 999 nobis
2777 946 3065 1013 dignentur
3094 948 3377 1001 Dominum
3397 963 3531 1017 sup-

1945 1032 2166 1102 plicare.
2198 1032 2255 1087 Si
2295 1035 2437 1088 enim
2469 1045 2735 1091 tormenta
2763 1052 2883 1106 qua:
2918 1039 3086 1093 sancti
3116 1048 3378 1110 martyres
3405 1054 3529 1109 per—

1948 1124 2184 1178 tulerunt
2210 1124 2435 1180 suﬂ‘erre
2456 1142 2564 1181 non
2595 1143 2894 1197 possumus,
2923 1138 3109 1185 contra
3134 1131 3302 1185 malas
3328 1146 3531 1185 concu-

1946 1216 2253 1285 piscentias,
2286 1218 2414 1287 ipsis
2460 1220 2931 1285 intercedentibus,
2961 1231 2990 1270 ιι
3045 1236 3422 1291 repugnemus.
3468 1222 3532 1276 Et

1946 1306 2073 1373 quia
2105 1322 2213 1360 non
2258 1307 2452 1362 desunt
2502 1311 2812 1379 quotidiana
2840 1321 3082 1381 peccata,
3114 1322 3135 1349 τ
3187 1328 3294 1366 ηοη
3341 1313 3534 1368 desunt

1947 1397 2438 1466 etiamquotidiana
2466 1400 2628 1471 585
2653 1402 2911 1456 remedia.
2947 1412 2967 1437 '
2999 1402 3115 1457 Non
3142 1419 3199 1457 se
3226 1404 3408 1459 credat
3437 1406 3535 1457 ali-

1946 1502 2106 1556 quam
2136 1488 2442 1544 felicitatem
2473 1492 2559 1545 vel
2589 1492 2805 1560 aliquod
2832 1509 3016 1546 verum
3046 1494 3296 1560 gaudium
3343 1495 3395 1547 in
3428 1496 3534 1549 hoc

1946 1577 2145 1632 saeculo
2191 1580 2482 1647 possidere.
2512 1579 2905 1635 Beatitudinem
2949 1581 3037 1635 hic
3091 1597 3393 1651 prmparare
3429 1599 3531 1652 po-

1949 1676 2085 1735 test;
2116 1670 2391 1738 possidere
2440 1686 2545 1725 non
2588 1679 2784 1741 potest.
2812 1673 2838 1707 "
2866 1672 2989 1726 ‘Duo
3041 1672 3142 1727 sibi
3172 1681 3413 1743 tempora
3444 1691 3531 1729 or-

252 1749 481 1804 elevatis
509 1748 755 1802 manibus
776 1748 1006 1802 orabam
1044 1746 1359 1813 Dominum;
1391 1747 1478 1802 hic
1504 1757 1685 1802 autem
1713 1761 1841 1816 Ρτο·
1871 1761 1914 1819 Β
1945 1757 2072 1814 dine
2099 1775 2198 1814 suo
2226 1760 2537 1815 succedunt.
2557 1761 2791 1831 Tempus
2809 1762 2968 1817 ﬂendi
2990 1771 3045 1817 et
3069 1772 3280 1833 tempus
3300 1764 3531 1819 ridendi.

252 1849 457 1895 stratus
478 1841 530 1893 in
556 1854 651 1893 sua
672 1847 965 1909 pmnatoto
986 1856 1213 1910 corpore
1228 1841 1513 1896 Dominum
1536 1840 1562 1877 δ
1580 1842 1835 1911 depreca-

254 1930 436 1983 batur.
473 1927 671 1983 lterum
701 1929 889 1982 beatus
921 1927 1239 1983 Laurentius
1268 1931 1281 1967 ί
1310 1931 1362 1984 in
1388 1931 1603 1985 dorsum
1623 1930 1843 2001 supinus

253 2019 506 2085 vertitur,
536 2026 590 2072 et
624 2034 783 2073 rencs
804 2019 922 2088 ejus
951 2020 1162 2087 ignibus
1190 2030 1517 2086 exuruntur;
1566 2029 1625 2074 ut
1656 2021 1843 2091 imple-

254 2116 409 2164 retur
437 2109 622 2178 psalmi
652 2110 933 2178 prophetia
963 2124 1083 2178 qua:
1106 2110 1236 2164 dicit
1263 2125 1327 2165 ex
1353 2126 1584 2181 persona
1601 2110 1843 2165 Lauren‘

254 2200 313 2254 tii
350 2217 365 2250 :
411 2198 584 2252 Proba
628 2215 729 2267 me,
762 2198 1011 2268 Domine,
1053 2209 1102 2254 et
1151 2209 1291 2255 tenta
1338 2218 1449 2265 me;
1500 2202 1513 2251 l
1565 2218 1659 2254 ure
1684 2218 1843 2256 renes

252 2306 417 2357 meos,
440 2299 489 2342 et
533 2306 622 2342 cor
647 2305 815 2343 meum
839 2289 1012 2361 (Psal.
1047 2304 1197 2361 XXV).
1250 2298 1272 2327 κ
1306 2291 1510 2360 Duplici
1558 2306 1618 2346 se
1657 2292 1843 2359 utique

252 2380 495 2449 postulat
527 2380 685 2450 583
732 2380 853 2447 igne
881 2382 1141 2434 comburi.
1176 2381 1308 2435 Nam
1347 2374 1391 2435 si
1418 2384 1484 2436 de
1506 2398 1613 2437 uno
1642 2390 1698 2436 et
1724 2382 1843 2437 solo

250 2471 440 2523 mundi
472 2471 593 2538 igne
621 2471 952 2537 loqueretur,
984 2471 1255 2527 sufﬁceret
1285 2482 1674 2528 renestantum
1704 2489 1839 2529 exu-

251 2560 458 2615 rendos
488 2559 745 2614 incendiis
774 2561 1049 2615 obtulisse.
1096 2562 1205 2616 Cor
1235 2572 1415 2619 autem
1460 2564 1477 2601 ι
1519 2566 1619 2619 nisi
1642 2564 1841 2619 Christi

253 2652 474 2705 ﬂamma
504 2668 609 2706 non
640 2653 850 2717 uritur;
882 2662 1045 2721 atque
1076 2655 1197 2709 ideo
1224 2656 1290 2709 ad
1307 2659 1726 2728 comparandam
1755 2659 1845 2714 de-

250 2742 536 2796 votionem
566 2757 718 2795 suam
763 2744 1033 2810 geminum
1082 2745 1183 2798 sibi
1224 2747 1403 2813 ignem
1454 2749 1707 2816 postulat,
1760 2756 1839 2813 ut,

253 2834 547 2888 luctamine
593 2834 798 2900 habito,
830 2845 867 2871 ω
897 2837 1222 2892 ostendisset
1249 2840 1369 2908 plus
1398 2857 1556 2911 posse
1597 2858 1840 2897 amorem

238 2926 453 2981 "Christi
494 2942 656 2995 quam
704 2943 914 2997 pinnam
947 2930 1177 2999 tyranni.
1222 2941 1249 2968 ιι
1279 2932 1622 2988 Honoremus
1656 2935 1836 3003 igitur,

1949 1848 2119 1904 Nemo
2140 1864 2199 1905 se
2221 1851 2626 1916 circumveniat,
2649 1851 2863 1917 fratres,
2882 1867 2994 1907 non
3022 1861 3105 1907 est
3127 1852 3305 1907 in'hoc
3333 1855 3533 1908 mundo

1951 1947 2159 2011 tempus
2186 1940 2413 1995 ridendi.
2445 1940 2656 1997 Scimus
2676 1943 2817 1997 enim
2846 1943 2990 2012 quod
3024 1945 3199 1999 omnis
3216 1944 3380 1999 homo
3401 1959 3533 2013 gau-

1949 2031 2080 2088 dere
2109 2029 2413 2097 desiderat;
2443 2032 2537 2086 sed
2566 2048 2674 2086 non
2697 2042 2722 2068 ιι
2754 2034 2854 2087 toti
2883 2034 2954 2087 ibi
2982 2043 3229 2102 qumrunt
3256 2035 3527 2103 gaudium,

1949 2120 2040 2174 ubi
2061 2128 2275 2189 oportet
2304 2121 2592 2189 inquirere.
2623 2122 2821 2177 Verum
2848 2124 2901 2177 in
2930 2125 3033 2178 hoc
3064 2125 3262 2178 mundo
3282 2126 3532 2193 gaudium

1949 2208 2195 2275 nonfuit,
2228 2225 2326 2264 nec
2353 2218 2452 2274 est,
2485 2226 2583 2265 nec
2614 2227 2731 2265 esse
2759 2213 2974 2280 poterit.
3009 2212 3065 2267 Si
3095 2214 3236 2267 enim
3286 2215 3399 2284 ipse
3428 2215 3530 2269 Do-

1949 2298 2125 2351 minus
2154 2298 2205 2350 in
2236 2297 2524 2366 Evangelio
2550 2300 2840 2368 discipulos
2869 2316 2995 2355 suos
3023 2302 3296 2371 admonet,
3327 2303 3529 2359 dicens:

1947 2386 2011 2441 In
2035 2388 2224 2442 mundo
2254 2405 2545 2457 pressuram
2574 2389 2824 2445 habebitis
2848 2390 3027 2461 (Joan.
3046 2393 3273 2461 xvr).'Et
3296 2394 3486 2448 iterum
3516 2414 3528 2448 :

1945 2476 2173 2532 Mundus
2211 2487 2379 2532 autem
2421 2480 2680 2549 gaudebit,
2714 2498 2817 2534 vos
2861 2490 3031 2533 autem
3084 2482 3533 2543 contristabimini.

1944 2571 2037 2623 sed
2065 2571 2274 2624 tristitia
2296 2581 2466 2624 vestra
2487 2579 2707 2625 vertetur
2730 2573 2781 2625 in
2803 2572 3047 2643 gaudium
3062 2581 3289 2625 vestrum
3319 2573 3528 2644 (Ibid.).

1943 2661 2021 2715 ita
2050 2662 2130 2716 sic
2150 2663 2203 2716 in
2231 2662 2334 2716 hac
2358 2663 2463 2715 vita
2494 2678 2614 2717 cum
2646 2662 2832 2717 labore
2858 2670 2913 2717 et
2933 2662 3139 2729 dolore,
3164 2663 3309 2732 quod
3334 2665 3529 2718 bonum

1944 2760 2026 2805 est
2046 2752 2337 2805 auxiliante
2359 2752 2585 2805 Domino
2610 2752 2900 2819 faciamus;
2922 2763 2946 2789 '
2964 2761 3022 2807 ut
3053 2754 3105 2807 in
3133 2753 3313 2809 futuro
3332 2755 3530 2809 sarculo

1942 2841 2207 2896 bonorum
2229 2840 2432 2896 fructus
2459 2843 2712 2911 colligere
2728 2859 2847 2897 cum
2877 2845 3069 2912 gaudio
3099 2854 3153 2899 et
3175 2846 3530 2899 eXsultatione

1941 2932 2229 3002 possimus,
2280 2941 2571 3001 praestante
2624 2933 2851 2988 Domino
2904 2943 3093 2989 nostro
3121 2934 3246 2989 Jesu
3293 2936 3525 3000 Christo,

245 3019 466 3085 fratres,
500 3020 715 3073 beatum
744 3018 1112 3091 Laurentium,
1142 3024 1234 3093 qui
1272 3025 1397 3080 dum
1454 3027 1557 3081 fide
1585 3042 1681 3086 sua
1710 3043 1837 3095 per—
1863 3018 1908 3079 C
1942 3023 2033 3090 qui
2064 3023 2192 3077 vivit
2219 3030 2275 3077 et
2293 3030 2480 3091 regnat
2509 3024 2561 3077 in
2582 3025 2775 3079 smcula
2803 3026 3140 3080 saeculorum.
3174 3026 3366 3083 Amen.

1579 3133 1850 3195 SERMO
1898 3134 2134 3195 LXXI.

1132 3228 1205 3282 De
1232 3230 1411 3283 eodem
1442 3220 1604 3285 natali
1635 3232 1696 3286 S.
1724 3232 1998 3286 Laurentii
2033 3232 2197 3285 levita:
2224 3239 2273 3283 et
2302 3232 2546 3300 martyris
2576 3230 2661 3287 11.

1696 3320 2088 3377 ΑΟΜΟΝΙΤΙΟ.

534 3411 893 3493 [ηηορξξίεὼιιε
914 3421 1147 3482 quatuor
1312 3411 1707 3493 .Lau_r_cntian‘a_t
1730 3414 1967 3493 nondum
1993 3412 2168 3493 editus
2192 3412 2279 3465 hic
2306 3426 2484 3493 sermo
2513 3420 2702 3493 sancto
2714 3413 2963 3493 liiaximo
2993 3417 3279 3493 inscriptus
3306 3424 3519 3493 legitur,

252 3484 304 3538 id
330 3481 419 3538 Est
447 3481 513 3536 in
544 3481 614 3534 59
663 3481 803 3536 Plut.
844 3481 971 3549 xvii,
1003 3498 1125 3551 pag.
1157 3483 1278 3546 171,
1312 3484 1361 3535 ἰη
1392 3483 1496 3536 175
1523 3491 1576 3536 et
1608 3483 1708 3536 174
1732 3484 1859 3538 bibl.
1893 3484 2021 3537 olim
2048 3482 2190 3535 mdil.
2224 3491 2453 3550 metrop.
2484 3482 2676 3536 eecles.
2711 3483 2970 3549 Florent.,
2997 3497 3051 3540 et
3080 3505 3129 3541 1v

3211 3492 3345 3545 inor.
3368 3492 3521 3548 Cun-

251 3563 396 3607 vent.
452 3552 590 3622 Plut.
639 3568 765 3605 xvn.
807 3552 995 3606 Exstat
1022 3566 1235 3619 quoque
1264 3554 1315 3605 in
1346 3553 1467 3607 cod.
1500 3552 1753 3607 Casinen.
1800 3554 2073 3622 100,,pag.
2108 3552 2232 3617 156,
2262 3552 2761 3622 cum-inscriptione
2791 3554 3095 3622 hujusmodi
3122 3576 3134 3610 :
3168 3558 3233 3611 In
3258 3565 3522 3617 nativitate

249 3625 419 3676 sancti
451 3621 711 3693 Laurentii
739 3624 1013 3693 martyris,
1061 3637 1227 3675 sernto
1265 3624 1429 3676 sancti
1460 3622 1679 3676 Maximi
1712 3620 2084 3693 episcopi.’fliis
2110 3634 2239 3688 ergo
2268 3620 2566 3675 conlirmati
2596 3620 2892 3691 perspicuis
2916 3628 3235 3684 testimoniis
3264 3631 3316 3683 in
3336 3631 3519 3687 'lucem

248 3694 498 3763 proferre
525 3707 635 3747 non
663 3690 987 3745 dubitamus.

317 3816 345 3843 Α
371 3805 545 3859 Codd.
570 3804 605 3856 4
626 3803 684 3858 S.
718 3803 904 3859 Crucis
918 3802 1108 3857 Minor.
1128 3803 1159 3854 -1
1170 3802 1256 3870 74,
1281 3811 1337 3859 et
1355 3804 1593 3871 Farfen.,
1612 3806 1729 3862 .ltazc
1750 3808 1829 3865 illi

318 3890 532 3930 nsmuta
593 3890 725 3929 mna.

318 3947 347 3986 δ
388 3943 523 3997 Cod.
550 3892 670 4007 ΓΗ,
703 3945 911 4011 insuper
938 3959 1049 3999 eum
1067 3943 1231 4012 ferreo
1261 3952 1419 4006 crate,
1453 3952 1559 4001 etc.

321 4026 345 4055 ε
390 4013 559 4067 Plane
614 4015 775 4067 etiam
833 4013 886 4066 in
947 4013 1166 4079 reliquis
1236 4014 1530 4081 respondet
1577 4014 1699 4071 cod.
1758 4014 1834 4069 '40

248 4085 526 4207 Lagi-Cod.
557 4149 833 4222 Uit'bevetq
859 4168 961 4222 non
990 4152 1179 4206 minori
1208 4154 1392 4206 lwtitia
1420 4164 1467 4207 et
1496 4153 1681 4222 gloria.

320 4235 344 4261 ε
388 4222 559 4277 Codd.
592 4220 827 4292 Farfen.,
852 4221 1127 4282 etCasin.,
1160 4223 1292 4276 sicut
1316 4226 1453 4276 enim
1482 4220 1556 4275 illi
1580 4225 1630 4275 in
1653 4238 1833 4292 parna—

246 4312 358 4347 rum
390 4307 599 4345 suarum
628 4291 850 4361 ﬂammis
897 4292 1324 4355 deambulabant;
1357 4295 1400 4345 si
1448 4295 1545 4346 iste
1592 4291 1829 4361 supplicii

1933 3806 2235 3876 scripturas.
2266 3805 2427 3876 Atque
2447 3805 2582 3871 ideo,
2607 3813 2710 3876 etc.

2015 3874 2055 3912 ιι)
2083 3874 2253 3929 Codd.
2286 3874 2371 3928 10.
2400 3874 2580 3937 Laur.,
2610 3886 2664 3929 et
2685 3875 2719 3926 4
2747 3874 2802 3929 S.
2835 3876 3021 3932 Crucis
3048 3877 3237 3933 Minor.
3270 3880 3321 3935 in
3351 3882 3413 3937 L.
3442 3883 3520 3939 le-

1926 3954 2069 4014 gunt
2113 3962 2126 3996 :
2162 3955 2290 3998 ut...
2321 3946 2559 4014 ostendat
2584 3946 2638 3997 in
2667 3962 2722 3998 se
2740 3946 2859 4014 plus
2898 3964 3062 4014 posse,
3095 3957 3199 4003 etc.
3245 3949 3322 4004 Ita
3353 3956 3515 4008 etiam

1935 4012 2093 4069 codd.
2120 4014 2273 4076 1277,
2306 4012 2465 4079 4951,
2493 4014 2671 4069 Casin.
2703 4012 2757 4068 et
2780 4012 3037 4070 Vallicell.
3064 4017 3107 4069 Α
3128 4020 3177 4083 9,
3202 4031 3256 4072 ut
3278 4021 3516 4078 luctami-

1924 4087 2015 4139 -nis
2042 4083 2500 4163 habiturostendat,
2546 4086 2599 4137 in
2641 4102 2698 4138 se
2725 4086 2840 4154 plus
2874 4104 3276 4157 posseeamorem
3306 4090 3518 4163 Christi,

1970 4169 2110 4219 nam,
2141 4161 2248 4205 etc.

1935 4172 2695 4296 ᾳαῗιῗὶόῗιῗοξαῖῐρῃηονεηωε
2722 4224 2904 4296 igitur,
2927 4229 3133 4296 fratres,
3160 4226 3360 4282 beatum
3385 4230 3517 4285 Lan-

1930 4293 2170 4364 rentiuni.
2206 4290 2339 4364 Cod.
2385 4289 2661 4364 Urbevet”
2711 4289 2936 4364 Oremus
2955 4297 3133 4364 igitur,
3167 4299 3375 4364 fratres,
3402 4301 3516 4353 bea-

248 4367 325 4444 sui
358 4364 482 4445 igne
528 4359 838 4445 discumbit:
866 4361 945 4413 illi
983 4362 1431 4445 vestigiikpedum
1460 4359 1827 4443 conculcubant
1857 4388 1903 4445 ι)
1931 4370 2037 4445 tum
2082 4360 2438 4445 Laurentium,
2467 4361 2553 4445 qui
2609 4360 2727 4445 dum
2970 4359 3121 4445 suam
3167 4359 3512 4432 persecutoris

247 4429 639 4501 incendimiste
658 4429 874 4501 laterum
901 4447 1108 4501 suorum
1136 4429 1409 4501 cli/fusione
1435 4433 1713 4501 restringit.

325 4501 343 4540 ί
379 4499 549 4555 Codd.
587 4499 649 4551 10
679 4496 955 4563 Laurent.,
988 4509 1042 4553 et
1070 4496 1317 4555 duo’citt.
1342 4500 1397 4555 S.
1428 4496 1688 4556 Czucis'in
1717 4499 1826 4555 Jer.

248 4572 551 4624 conculcant
579 4567 835 4620 incendia.

320 4650 344 4687 ε
367 4638 538 4693 Codd.
570 4637 627 4690 S.
662 4635 849 4689 Crucis
878 4636 930 4689 in
971 4634 1105 4700 Jer.,
1136 4638 1256 4692 Vat.
1296 4639 1450 4700 tam,
1486 4640 1619 4692 1277
1649 4648 1703 4692 et
1730 4640 1831 4694 Ca-

246 4710 348 4763 sin.
394 4708 509 4773 Illi,
547 4709 776 4778 inquam,
807 4715 1003 4760 stantes
1030 4708 1084 4759 in
1124 4711 1306 4778 plenis,
1356 4710 1593 4763 manibus
1623 4710 1827 4763 elevatis

248 4778 531 4832 Dominum
552 4775 860 4828 adorabunt.

318 4848 345 4884 δ
378 4846 548 4901 Codd.
580 4845 685 4901 duo
710 4844 765 4897 S.
798 4844 984 4898 Crucis
1015 4846 1065 4898 in
1090 4845 1223 4913 Jer.,
1280 4857 1335 4902 et
1374 4848 1496 4903 cod.
1543 4847 1598 4902 S.
1643 4845 1829 4903 Crucis

249 4915 469 4980 Minon,
496 4914 771 4983 Dominum
801 4915 1120 4983 deprecatur.

326 4986 341 5023 ί
377 4985 544 5039 Codd.
572 4982 678 5037 duo
699 4982 756 5037 S.
788 4982 974 5037 Crucis
1016 4985 1069 5039 in
1098 4984 1229 5049 Jer.,
1260 4994 1316 5041 et
1350 4986 1505 5042 codd.
1546 4986 1613 5040 10
1639 4987 1822 5050 Laur.,

247 5054 370 5108 Vat.
408 5052 561 5120 1269,
596 5052 751 5127 1277,
786 5052 1070 5127 et.CasiAn.,
1093 5055 1297 5127 lterum
1325 5074 1445 5127 ergo
1475 5056 1649 5111 beatus
1687 5055 1827 5111 Lau-

246 5127 443 5178 rentius
470 5124 663 5176 exuslis
693 5121 952 5187 lateribus,
982 5124 1035 5175 in
1069 5124 1273 5178 dorsum
1291 5166 1303 5189 ,
1329 5121 1433 5180 etc.

334 5198 347 5244 i
407 5195 540 5248 Cod.
582 5192 816 5255 Farfen.,
849 5208 967 5264 ure,
1017 5195 1199 5264 inquit,
1257 5212 1405 5249 renes
1454 5212 1614 5264 meos,
1661 5202 1709 5248 et
1737 5211 1825 5248 cor

243 5281 433 5318 meum
458 5265 532 5317 Ita
556 5261 947 5331 Cass.,gogmissa
977 5261 1141 5330 prieri
1171 5273 1338 5331 parte.

322 5334 343 5371 ¹ι
378 5334 510 5388 Cod.
542 5334 662 5403 Vat.
694 5329 853 5403 4951,
885 5329 1207 5403 ρςηιὶιωίέε
1234 5334 1351 5403 igne
1392 5334 1619 5403 postulat
1647 5333 1819 5386 aduri.

329 5404 340 5439 ¹
385 5403 569 5473 Codd.
597 5400 851 5473 Casinen.
878 5400 979 5473 192
1005 5410 1059 5473 et
1090 5400 1327 5473 l09,nisi
1348 5400 1410 5454 ab
1432 5404 1688 5473 spirituali
1718 5421 1822 5455 non

246 5475 435 5525 uritur.
464 5472 632 5525 Codd.
663 5472 769 5523 duo
798 5469 855 5523 S.
905 5469 1091 5524 Crucis
1118 5472 1167 5525 in
1197 5471 1327 5536 Jer.,
1360 5482 1413 5527 et
1449 5469 1602 5527 codd.
1645 5473 1819 5527 Vatic.

250 5541 410 5601 12(39.
439 5551 493 5595 et
512 5540 689 5602 Casin,
724 5540 809 5609 hic
847 5549 1096 5609 repetunt
1141 5545 1302 5597 verba
1340 5543 1584 5609 superius
1612 5541 1770 5595 allata
1804 5561 1815 5595 :

248 5612 401 5665 Sicut
450 5612 638 5663 Amans
666 5618 714 5662 et
744 5608 993 5680 Cleopltas
1045 5612 1282 5666 dixerunt
1311 5629 1329 5666 :
1372 5608 1559 5665 Nonne
1586 5628 1673 5663 car
1701 5628 1822 5665 uos-

250 5688 391 5733 trum
416 5682 605 5734 ardens
634 5688 744 5734 erat
792 5680 841 5733 in
874 5682 976 5737 via.
1007 5698 1118 5735 cum
1148 5684 1367 5752 aperiret
1394 5682 1537 5737 nobis
1568 5680 1820 5737 Dominus

1932 4433 2145 4499 ﬂamma
2171 4448 2272 4501 non
2302 4430 2437 4501 vicit,
2466 4430 2703 4501 ostendat
2727 4432 2872 4485 nobis
2902 4450 3011 4501 per,
3045 4440 3151 4487 etc.

2007 4512 2031 4534 υ
2071 4501 2126 4553 In
2150 4500 2268 4555 cod.
2302 4498 2511 4571 Farfen.
2540 4498 2911 4571 Incedesunt.‘
3020 4570 3023 4571 ν

2000 4580 2030 4618 p
2062 4571 2159 4625 ilic
2182 4570 2379 4642 desinit
2402 4568 2611 4642 in_t_:od‘.
2644 4568 2720 4642 10Δ
2743 4569 2995 4625 Laurent.
3020 4570 3262 4642 'prmsens
3307 4589 3504 4642 sermo,

1928 4649 1984 4694 et
2013 4642 2064 4694 in
2094 4640 2215 4695 cod.
2241 4639 2546 4713 Vat._l%_77.
2571 4638 2723 4713 Quod
2750 4643 2990 4713 sequitur
3004 4638 3355 4713 fragmentum
3383 4638 3506 4701 cru;

1930 4719 2041 4763 tum
2073 4720 2154 4765 est
2198 4709 2561 4785 _ex_codici_bus
2586 4708 2978 4785 haurentianis.
3011 4708 3147 4785 Hoc,
3175 4715 3317 4785 idem
3368 4715 3507 4785 frag-

1928 4789 2166 4834 mentum
2198 4779 2424 4847 habetur
2450 4778 2501 4828 in
2523 4778 2707 4831 codice
2740 4777 3000 4847 Farfensi.
3032 4784 3083 4835 in
3107 4784 3226 4837 Vat.
3262 4783 3415 4847 1269,
3449 4777 3502 4841 in

1928 4849 2135 4925 duobus
2180 4846 2438 4901 Vallicell.
2472 4861 2595 4913 xxv,
2637 4854 2693 4900 et
2732 4846 2779 4899 Α
2801 4848 2852 4913 9,
2882 4850 2933 4903 in
2963 4850 3140 4905 Casin.
3176 4852 3277 4904 109
3298 4861 3351 4907 et
3381 4854 3503 4925 111,

1927 4926 1982 4971 et
2008 4916 2254 4973 Urbevet.

2002 4997 2025 5034 (ι
2220 4984 2493 5064 ῌνιλθνμη
2525 4998 2828 5064 pugnemus.

2000 5066 2021 5092 τ
2052 5055 2185 5111 Cod.
2218 5056 2250 5109 4
2295 5055 2351 5108 S.
2382 5051 2569 5108 Crucis
2598 5051 2807 5110 Minor.
2859 5056 2913 5110 in
2960 5056 3143 5125 Laur.,
3188 5076 3291 5114 non
3334 5062 3502 5116 desint

1926 5127 2247 5197 quotidiana,
2273 5136 2378 5197 etc.

1998 5207 2019 5231 ⁸
2052 5195 2187 5271 Cod.
2212 5195 2419 5249 Farfen.
2432 5237 2446 5261 ,
2473 5193 2639 5271 emo
2658 5210 2712 5246 se
2722 5195 2912 5271 credat
2928 5196 3155 5271 gliquant
3178 5202 3496 5271 felicitatem,

1925 5274 2014 5318 aut
2041 5266 2215 5334 aliqua
2240 5282 2358 5341 vera
2376 5266 2567 5341 gaudia
2592 5264 2873 5333 possidere.
2916 5264 3186 5324 Beatitudo
3210 5264 3496 5341 pra'parari

1923 5344 2107 5405 potest,
2140 5336 2390 5405 possideri
2413 5351 2517 5405 non
2546 5343 2729 5405 potest.

1999 5408 2014 5439 ι
2042 5402 2186 5457 [dein
2216 5405 2334 5459 cod.
2355 5444 2369 5467 ,
2402 5402 2516 5457 Duo
2545 5404 2591 5455 si
2610 5412 2838 5472 tempora
2865 5407 3044 5461 ordine
3063 5410 3359 5464 succedunt.

1992 5474 2191 5557 iidem
2212 5474 2363 5557 _cod._,
2388 5474 2477 5557 sed
2496 5489 2599 5557 non
2634 5474 2724 5528 loti
2745 5473 3070 5557 ibiquwnunt
3090 5480 3333 5546 gaudium
3348 5516 3362 5541 ,
3384 5484 3489 5531 etc.

1922 5552 1976 5598 et
1999 5542 2247 5614 Urbevet.
2273 5543 2481 5614 deinde,
2512 5544 2597 5596 ubi
2621 5554 2825 5614 eportet
2844 5542 3049 5614 inquiri.

1994 5613 2173 5687 fllnc
2221 5627 2385 5687 usque
2424 5612 2563 5687 idem
2610 5612 2963 5687 fragmentum
2992 5618 3046 5675 in
3092 5616 3250 5673 codd.
3298 5614 3481 5678 Laur.,

1920 5683 2013 5739 sed
2042 5684 2093 5738 in
2116 5681 2352 5738 Farfensi
2380 5682 2609 5738 additur.
