4054 6194
551 250 656 305 079

1774 247 1832 304 S.
1873 245 2119 304 MAXIM!
2157 247 2611 308 TAUBINENSIS

3713 255 3813 312 689

552 363 1258 441 Assanitarum—ﬁumina
1288 360 1593 441 Laurentius
1615 360 1862 416 Ecclesia:
1886 361 2137 441 [tentante
2166 375 2219 433 Α
2243 377 2357 424 seat
2386 368 2545 425 fidem
2587 375 2826 426 nostram
2871 385 3018 426 omni
3063 371 3289 426 veritate
3317 370 3622 426 subnixam.
3661 370 3819 441 Cujus

622 436 894 500 nutritius,
932 434 1176 502 indigena
1207 432 1694 502 martyrgsedisque
1717 432 2022 502 apostolij
2052 450 2140 485 ar-

625 499 956 556 chidiaconus
1001 499 1248 555 a—sancto
1300 499 1534 553 Maximo
1572 499 1883 570 appellatur,
1931 502 2140 570 ejusque

625 573 978 626 misericordia
1006 587 1132 641 erga
1161 585 1432 640 pauperes,
1461 569 1708 640 fortitudo
1727 610 1744 637 ,
1771 578 1922 640 atque
1943 569 2143 640 marty-

627 643 760 694 rium
787 641 1045 710 eleganter
1065 641 1390 692 describitur.

628 729 902 795 Quamvis,
931 728 1124 782 fratres
1149 727 1428 789 carissimi,
1463 729 1763 797 passionem
1789 741 1907 796 qua:
1935 726 1989 779 in
2015 741 2146 796 pm:-

557 820 696 874 senti
741 819 828 873 die
875 820 943 873 de
987 819 1212 888 perﬁdia
1259 818 1438 872 saeculi
1487 818 1834 886 triumphavit
1862 818 2143 872 universus

557 908 713 962 nobis
754 924 874 962 cum
905 917 1117 977 stupeat
1140 907 1393 974 mundus,
1439 908 1710 977 praecipuo
1740 915 1920 961 tamen
1947 907 2142 974 gaudio

557 999 805 1052 virtutem
853 999 1062 1052 nutritii
1107 1001 1190 1053 sui
1219 999 1458 1054 Ecclesia
1488 999 1730 1054 Romana
1759 1000 2004 1053 miratur.
2037 999 2144 1053 De-

479 1144 484 1148 ,
557 1087 648 1141 bet
676 1087 820 1141 enim
866 1087 1102 1156 gaudere
1140 1104 1250 1157 pne
1277 1089 1485 1142 cieteris
1506 1130 1521 1154 ,
1543 1103 1662 1156 qua:
1689 1096 1837 1142 tanto
1865 1088 2143 1142 nobilitata

556 1178 816 1244 sanguine
845 1178 1169 1246 peculiarem
1203 1177 1597 1246 quodammodo
1640 1176 1902 1244 indigena:
1938 1183 2142 1246 marty-

558 1267 634 1321 ris
659 1269 896 1335 possidet
923 1268 1254 1335 dignitatem.
1304 1266 1401 1322 llic
1423 1268 1605 1334 igitur,
1635 1266 1762 1320 dum
1786 1267 1838 1319 in
1868 1266 1995 1320 sede
2017 1281 2145 1335 apo-

559 1360 749 1413 stolica
776 1359 1244 1434 archidiaconatus
1273 1358 1581 1426 fungeretur
1607 1356 1805 1419 ofﬁcio,
1838 1364 1893 1411 et
1919 1355 2144 1425 perdere

560 1465 684 1504 eum
728 1464 858 1502 vasa
904 1449 1212 1503 coelestibus
1239 1449 1414 1503 dicata
1443 1447 1710 1517 mysteriis
1739 1462 1932 1502 avarus
1959 1461 2144 1516 perse-

559 1547 715 1592 cutor
743 1548 988 1606 urgeret,
1017 1552 1308 1605 egenorum
1336 1536 1678 1590 multitudine
1707 1542 2032 1603 congregata
2059 1534 2143 1589 di-

559 1630 683 1683 visit
720 1629 1138 1683 misericorditer
1167 1629 1247 1682 vir
1286 1627 1621 1682 ﬁdelissimus
1647 1626 1788 1694 quod
1820 1625 2062 1692 redigere
2091 1625 2144 1677 in

2247 465 2355 512 tam
2401 474 2592 514 secura
2637 461 2908 530 possessio
2935 469 3049 525 est,
3079 468 3140 515 ut
3170 460 3437 515 furentem
3472 460 3649 515 rideat
3670 476 3821 516 mun-

2245 547 2394 615 dum,
2421 547 2449 586 ά
2480 557 2539 603 ιιι
2580 551 2650 606 de
2687 552 2816 620 ipsis
2863 552 3106 621 corporis
3140 553 3225 607 sui
3245 553 3523 622 suppliciis
3544 553 3818 620 glorietur.

2250 637 2550 694 eExoritur
2592 657 2692 710 pro
2737 643 2852 696 veri
2891 643 2988 696 Dei
3028 642 3328 697 assertione
3375 641 3722 708 Laurentius,
3767 651 3822 701 et

2245 728 2374 782 dum
2398 730 2695 785 mundanas
2725 732 2927 800 pariter
2951 732 3182 786 sustinet
3206 731 3448 786 flammas
3465 773 3480 798 ,
3507 741 3821 802 perpetuum

2245 819 2347 873 sibi
2386 819 2645 887 gehenna:
2673 821 2954 887 restinguit
2980 821 3307 876 incendium.
3356 819 3401 874 Ο
3427 821 3640 876 cunctis
3669 822 3824 877 ﬁdeli-

2246 909 2346 964 bus
2373 911 2626 979 optabilis
2654 913 2924 966 cruciatus
2941 951 2956 975 ,
2983 927 3092 980 quo
3127 912 3217 966 illa
3243 912 3417 966 omnis
3439 913 3704 967 tremendi
3743 913 3825 981 ju-

2246 1000 2371 1053 dicii
2411 1015 2571 1068 pmna
2609 1001 2953 1055 dissolvitur!
3013 1001 3058 1055 Ο
3105 1003 3241 1069 ignis
3285 1002 3676 1068 desiderabilis;
3722 1021 3823 1072 quo

2247 1089 2349 1160 piis
2377 1091 2646 1144 mentibus
2673 1091 3056 1160 sempiternum
3087 1090 3420 1157 refrigerium
3447 1093 3818 1160 comparatur!

2248 1179 2599 1233 Decoloratur
2627 1181 2846 1250 quidem
2877 1181 3087 1248 ignibus
3117 1195 3245 1233 caro
3275 1179 3567 1243 Laurentii,
3593 1179 3692 1233 sed
3710 1181 3822 1233 ani-

2247 1285 2334 1323 ma
2380 1272 2632 1341 martyris
2679 1271 3002 1336 decoratur;
3052 1269 3406 1324 labefactatur
3449 1284 3688 1337 corpus,
3735 1270 3823 1323 sed

2245 1361 2465 1429 spiritus
2484 1360 2840 1424 convalescit,
2873 1368 2928 1414 et
2953 1359 3313 1413 membrorum
3339 1359 3619 1426 corruptio
3643 1359 3825 1411 laetan-

2247 1458 2355 1504 tem
2400 1450 2632 1502 animam
2679 1449 2993 1503 transmittit
3028 1447 3097 1503 ad
3137 1447 3339 1512 Deum,
3383 1455 3443 1500 ut
3469 1463 3667 1517 corpus
3689 1449 3828 1517 quod

2248 1531 2530 1592 tormentis
2551 1553 2648 1606 pro
2671 1537 2898 1591 veritate
2927 1551 3034 1590 non
3066 1535 3258 1598 cessit,
3289 1535 3572 1605 privilegio
3598 1537 3828 1590 victricis

2247 1628 2442 1681 animae
2486 1627 2769 1696 gloriosius
2814 1625 3152 1679 reformarct.
3218 1623 3324 1678 Sed
3369 1625 3645 1679 videamus
3691 1640 3828 1678 nunc

559 1721 794 1790 prmdam
829 1721 1120 1787 sacrilegus
1152 1719 1457 1784 ambiebat;
1491 1718 1784 1785 maluitque
1809 1717 1890 1769 vir
1918 1715 2148 1782 singula-
2177 1733 2220 1791 Β
2247 1732 2352 1784 qua
2384 1717 2503 1770 tidei
2532 1717 2790 1786 patientia
2817 1716 2874 1769 S.
2903 1715 3223 1770 Laurentius
3254 1714 3586 1768 flammarum
3612 1717 3830 1784 pertulit

559 1811 634 1864 ris
675 1809 885 1878 imperii
933 1818 1112 1862 motus
1159 1817 1322 1877 atque
1368 1807 1882 1879 impetusuexigere
1904 1813 2141 1874 potesta-

560 1907 714 1963 tum,
763 1915 924 1968 quam
971 1899 1276 1953 veneranda
1327 1898 1625 1952 ministeria
1670 1897 1846 1966 impiis
1896 1912 1993 1965 per
2021 1911 2145 1950 eum

561 1989 734 2043 oculis
772 1989 1144 2058 proderentur.
1207 1987 1325 2054 Quo
1371 1985 1775 2056 religiosissime
1820 1984 1960 2040 facto
2008 1985 2144 2052 ejus,

559 2079 912 2133 immoderata
941 2094 1067 2133 mox
1093 2077 1410 2132 crudelitate
1437 2075 1586 2130 furor
1614 2075 1825 2143 gentilis
1851 2073 2144 2143 incanduit,

561 2178 880 2238 raptumque
914 2170 1170 2224 continuo
1212 2169 1482 2223 craticula:
1509 2167 1537 2208 δ
1567 2167 1794 2236 subjecit
1817 2166 2028 2236 ignibus
2065 2183 2151 2222 su-

562 2261 790 2332 perponi
810 2302 826 2329 ,
867 2268 926 2315 ut
953 2260 1193 2329 vigorem
1221 2261 1429 2316 devota:
1450 2262 1644 2316 mentis
1675 2261 1886 2318 ustione
1907 2259 2150 2329 corporis

561 2352 910 2422 approbaret.
941 2351 1123 2407 Nescit
1149 2352 1294 2406 enim
1325 2349 1687 2407 ﬁdelissimum
1717 2359 1907 2422 pectus
1935 2351 2151 2406 mortali

561 2441 809 2497 incendio
849 2442 1043 2497 cedere
1065 2482 1082 2508 ,
1129 2443 1274 2511 quod
1318 2443 1372 2496 in
1413 2458 1628 2498 omnem
1657 2443 2023 2498 fortitudinem
2048 2457 2149 2498 sae-

561 2533 668 2587 culi
705 2543 727 2571 ο
751 2532 861 2602 jam
889 2534 1106 2602 spiritus
1143 2533 1322 2588 fervor
1347 2534 1684 2588 accenderat.
1733 2533 1871 2600 Quid
1900 2535 2148 2605 fortasse,

565 2618 800 2690 Pagane,
827 2620 1094 2677 desrevis?
1123 2621 1260 2688 Quid
1289 2623 1565 2678 meditaris
1593 2623 1809 2678 inania?
1856 2624 1996 2693 Ignis
2025 2633 2147 2683 tuus

563 2726 672 2765 non
702 2719 784 2766 est
825 2711 1098 2766 Laurentii
1142 2725 1300 2782 poena
1325 2755 1341 2780 ,
1379 2713 1474 2768 sed
1518 2713 1715 2768 lumen.
1767 2712 2004 2768 Flamma
2036 2723 2145 2784 tua,

560 2816 666 2870 qua
695 2817 818 2857 eum
870 2803 1101 2857 cruciari
1142 2811 1300 2873 putas
1324 2843 1340 2871 ,
1383 2803 1711 2858 examinatio
1759 2803 2004 2858 veritatis
2041 2815 2146 2871 est,

563 2907 671 2946 non
697 2892 970 2947 miseratio
999 2891 1309 2947 Christiani.
1374 2891 1505 2946 Nam
1533 2891 1707 2961 quod,
1737 2890 1930 2946 fratres
1982 2892 2149 2946 caris-

561 2982 680 3036 simi
706 3025 722 3050 ,
773 2982 899 3035 talia
936 2982 1145 3052 perpeti
1183 2982 1426 3037 servulos
1454 2996 1581 3035 suos
1608 2988 1847 3050 potestas
1877 2981 2040 3052 586
2065 2981 2147 3035 di-

560 3071 685 3126 vina
714 3073 996 3141 permittit,
1027 3072 1328 3141 majestatis
1357 3072 1462 3125 hoc
1486 3079 1702 3124 mternae
1722 3075 1830 3134 est,
1863 3083 2147 3123 arcanum-

560 3173 665 3229 que
683 3162 966 3217 consilium
995 3201 1012 3230 ,
1060 3169 1330 3232 quatenus
1367 3160 1544 3217 omnis
1573 3158 1857 3215 inﬁdelitas
1883 3173 2144 3228 recogno—
2169 3151 2216 3213 Ο

2247 1809 2535 1863 cruciatus.
2565 1807 2666 1862 llic
2693 1809 2853 1877 igitur
2881 1808 3006 1861 dum
3034 1807 3390 1876 multiplicato
3417 1807 3559 1874 igne,
3595 1807 3830 1860 canden-

2249 1899 2319 1954 tis
2365 1898 2491 1952 ferri
2530 1899 2809 1953 adustione
2854 1897 3220 1968 perfringitur,
3268 1904 3324 1952 et
3364 1897 3488 1951 dum
3523 1897 3644 1951 diro
3683 1907 3831 1954 actus

2247 1987 2509 2057 supplicio
2563 1987 2792 2042 deﬁcere
2837 1988 2950 2056 jam
2991 1996 3231 2059 putatur,
3283 1986 3464 2042 subito
3506 1987 3831 2055 indignantis

2248 2077 2577 2149 ridentisque
2602 2080 2848 2150 prorupit
2876 2080 2928 2134 in
2957 2096 3147 2134 vocem
3173 2098 3185 2132 :
3231 2079 3452 2134 Versate
3479 2094 3586 2144 me,
3620 2079 3828 2148 inquit;

2247 2186 2367 2237 rex,
2398 2183 2680 2236 manduca,
2703 2172 2812 2239 jam
2841 2180 3054 2226 coctum
3077 2180 3177 2226 est.
3211 2169 3328 2236 Quo
3348 2212 3363 2237 ,
3393 2185 3575 2238 quaeso
3593 2211 3607 2234 ,
3640 2170 3832 2224 crude-

2249 2259 2481 2315 lissimus
2499 2269 2504 2272 '
2521 2269 2696 2315 tortor
2719 2260 2925 2330 pudore
2950 2261 3205 2318 confusus
3227 2268 3309 2315 est
3326 2298 3340 2322 ,
3384 2275 3506 2314 cum
3534 2260 3674 2314 inter
3702 2275 3829 2328 sup-

2248 2349 2407 2420 plicia
2435 2351 2714 2405 constituti
2739 2351 2969 2404 hominis
2997 2366 3104 2404 non
3150 2351 3324 2404 solum
3363 2349 3508 2402 nulla
3536 2349 3830 2404 honoratus

2248 2450 2332 2496 est
2358 2456 2538 2511 prece,
2565 2442 2660 2497 sed
2687 2442 3030 2510 correptione
3057 2440 3360 2496 insultantis
3385 2447 3464 2494 est
3492 2437 3824 2509 increpatusl

2248 2531 2318 2587 Et
2343 2541 2544 2602 quanto
2562 2548 2686 2588 eum
2708 2532 3022 2586 Laurentius
3045 2531 3275 2586 ludibrio
3297 2529 3594 2600 deputavit,
3626 2538 3683 2583 ut
3711 2544 3828 2584 cum

2247 2625 2351 2682 sibi
2379 2639 2560 2680 escam
2610 2625 2792 2694 opimo
2819 2624 3161 2677 subtraxerat
3188 2621 3416 2693 prandio
3434 2659 3450 2684 ,
3489 2621 3669 2676 cibum
3696 2619 3830 2675 adu-

2246 2716 2316 2772 sti
2345 2715 2425 2770 sui
2455 2714 2700 2784 corporis
2728 2712 3039 2768 exhiberet!
3085 2712 3210 2768 Huic
3251 2722 3379 2767 sunt
3412 2726 3540 2781 ergo
3559 2751 3575 2777 ,
3607 2711 3824 2778 fratres,

2248 2803 2524 2858 Laurentii
2569 2803 2795 2870 merita,
2838 2804 2953 2858 haec
2985 2803 3230 2873 martyrii
3255 2802 3370 2870 ejus
3393 2801 3582 2870 gloria.
3628 2801 3831 2856 Ditatit

2247 2911 2530 2965 pauperes,
2561 2901 2898 2950 sacramenta
2925 2892 2945 2931 ί
2978 2909 3086 2948 non
3113 2892 3364 2962 perdidit,
3390 2891 3666 2946 insultavit
3695 2890 3832 2958 igni-

2246 2985 2376 3049 bus,
2425 2992 2482 3039 et
2521 2983 2777 3038 mundum
2806 2983 2981 3036 victor
3006 2982 3316 3050 relinquens
3343 2978 3723 3052 persequentis
3747 2978 3829 3034 iu-

2243 3072 2448 3126 saniam
2479 3070 2786 3140 triumphali
2813 3085 2946 3126 voce
2965 3068 3258 3125 damnavit.

1906 3247 2177 3310 SERMO
2222 3247 2486 3309 LXXII.

1416 3349 1498 3406 De
1523 3347 1699 3406 eodem
1727 3347 1892 3402 natali
1914 3345 1979 3401 S.
2005 3345 2274 3400 Laurentii
2303 3345 2468 3400 levita;
2494 3351 2545 3397 et
2570 3342 2814 3413 martyris
2842 3339 2962 3396 III.

1980 3432 2372 3491 ADMONITIO.

635 3534 794 3615 58.7
824 3532 941 3615 Nec.
977 3532 1122 3614 "'!"°
1165 3531 1380 3615 «uitem
1431 3529 1572 3615 unis
1613 3527 1917 3615 νυιεειξυηι.
1939 3528 2104 3615 tuisse
2133 3520 3564 3615 EK'PE‘.‘_‘_8P:_F!PFT_E"-903592V3‘1l92939E‘_‘?E‘?_"‘““°
3600 3521 3705 3575 ίοδ
3733 3537 3830 3579 ει·

562 3593 778 3672 scripsi:
803 3603 946 3672 quod
973 3593 1432 3672 primus'aliorum
1455 3593 1620 3654 trium
1649 3593 1839 3654 sancto
1869 3599 2102 3654 Maximo
2128 3593 2508 3651 attributorum
2536 3610 2647 3664 pra:
2673 3610 2732 3649 se
2760 3593 2928 3648 ferret
2955 3593 3191 3660 ejusdem
3214 3607 3430 3647 nomen.

565 3715 956 3771 Ancuunnruu.
979 3747 1050 3756 —
1071 3715 1135 3769 In
1173 3717 1368 3769 sanctis
1409 3713 1722 3783 martyribus
1769 3713 1959 3783 clarius
1989 3712 2148 3783 fulget

633 3731 956 3771 tcuuenruu.
979 3729 1135 3769 -ιη
1173 3729 1368 3769 sanctis
1409 3729 1722 3783 martynous
1769 3729 1959 3767 ctartus
1989 3729 2062 3782 [ut
2099 3729 2148 3765 et

633 3802 783 3855 amor
818 3801 915 3854 quo
954 3784 1092 3838 Deus
1119 3783 1755 3855 proximusquediligitur.
1799 3781 2028 3835 Mirabili
2051 3729 2150 3852 fidit

635 3853 948 3923 Laurentius
991 3853 1289 3923 fortitudine
1333 3853 1626 3923 dep/tristi
1669 3867 1843 3923 amore
1881 3859 2143 3923 concepta.

635 3918 1001 3990 Hierosolyma
1036 3922 1321 3988 cluriﬁcata
1343 3937 1375 3972 a
1403 3920 1669 3989 Stephano
1689 3959 1706 3986 ,
1745 3919 1912 3972 Roma
1941 3937 1974 3972 a
2002 3918 2146 3971 Lau-

637 3993 821 4044 ren‘lio.

635 4078 772 4132 Cum
819 4078 1056 4132 omnium
1083 4119 1099 4146 ,
1147 4075 1506 4142 dilectissimi,
1549 4090 1756 4130 summa
1793 4075 2050 4130 virtutum
2090 4083 2147 4131 et

565 4168 733 4224 totius
764 4167 1040 4238 plenitudo
1075 4167 1294 4237 justitia:
1321 4167 1388 4222 de
1422 4167 1516 4222 illo
1545 4181 1730 4221 amore
1757 4174 2012 4221 nascatur
2037 4181 2145 4237 quo

565 4257 709 4314 Deus
755 4257 1138 4327 proximusque
1183 4257 1450 4326 diligitur;
1502 4257 1555 4310 in
1601 4257 1760 4311 nullis
1798 4255 2038 4326 profecto
2058 4257 2146 4311 hic

562 4363 716 4402 amor
742 4347 1020 4401 sublimius
1053 4347 1318 4401 excellere
1337 4388 1352 4413 ,
1381 4347 1683 4414 clariusque
1724 4345 1954 4415 fulgere,
1985 4360 2144 4414 quam

559 4440 616 4494 in
645 4439 966 4493 beatissimis
994 4438 1315 4508 martyribus
1338 4437 1634 4502 invenitur;
1661 4437 1751 4505 qui
1773 4434 1999 4490 Domino
2019 4433 2144 4490 Jesu

561 4526 775 4581 Christo
813 4541 908 4596 pro
947 4527 1192 4580 omnibus
1229 4526 1534 4580 hominibus
1563 4533 1806 4592 mortuo,
1845 4524 2146 4595 propinque

559 4626 682 4672 sunt
723 4617 949 4683 imitati,
983 4624 1088 4668 tam
1123 4615 1317 4669 ardore
1358 4615 1599 4669 caritatis
1627 4629 1788 4682 quam
1829 4629 1994 4684 opere
2021 4629 2145 4683 pas-

558 4709 746 4765 sionis.
775 4709 1031 4775 Quamvis
1059 4708 1198 4762 enim
1228 4708 1301 4761 illi
1328 4707 1600 4761 dilectioni
1629 4723 1733 4776 qua
1762 4723 1861 4764 nos
1885 4707 2144 4763 Dominus

558 4800 786 4853 redemit
831 4799 977 4854 nulla
1022 4797 1335 4868 cujusquam
1376 4799 1678 4866 benignitas
1706 4800 1874 4870 possit
1911 4801 2138 4870 aequari;

559 4889 685 4955 quia
713 4890 854 4944 aliud
877 4898 962 4946 est
997 4904 1096 4958 pro
1120 4887 1267 4957 justo
1293 4888 1430 4943 mori
1459 4889 1764 4955 hominem,
1795 4889 1874 4944 sui
1900 4889 2137 4944 necessi-

560 4986 673 5033 tate
713 4983 1070 5047 moriturum;
1115 4980 1257 5034 aliud
1296 4996 1395 5050 pro
1439 4981 1615 5049 impiis
1651 4981 2141 5036 occumbereade—

561 5068 674 5122 bito
702 5073 889 5126 mortis
917 5073 1168 5128 alienum.
1220 5070 1444 5125 Multum
1475 5073 1652 5125 tamen
1682 5071 1943 5127 universis
1971 5071 2141 5125 homi-

561 5158 716 5214 nibus
759 5161 920 5213 etiam
965 5171 1230 5234 martyres
1273 5161 1648 5225 contulerunt,
1681 5176 1907 5230 quorum
1935 5158 2141 5214 fortitu-

558 5249 682 5305 dine
722 5251 793 5304 ita
844 5252 960 5319 ejus
1002 5252 1231 5321 largitor
1257 5269 1387 5309 usus
1412 5262 1497 5308 est
1525 5252 1806 5318 Dominus,
1837 5259 1898 5305 ut
1923 5267 2137 5321 poenam

556 5340 746 5394 mortis
792 5351 848 5395 et
889 5341 1225 5398 atrocitatem
1271 5343 1445 5399 crucis
1485 5343 1644 5399 nullis
1679 5357 1788 5398 non
1824 5342 1988 5397 vellet
2014 5355 2136 5398 esse

630 5485 655 5549 ξ
691 5476 827 5549 god.
855 5475 1058 5549 Cas_in.,
1089 5481 1342 5549 excipere.

625 5545 654 5584 ι’
691 5545 835 5622 idem
865 5546 1019 5622 cod.,
1053 5545 1291 5622 subjectis
1303 5549 1447 5619 jubet
1473 5549 1675 5622 ignibus
1694 5549 1988 5622 superponi.

631 5626 654 5656 ⁸
692 5616 839 5674 ldcm
867 5618 990 5676 cod.
1013 5617 1211 5674 omittit
1224 5616 1365 5692 join.

2249 3709 2567 3774 terribilem,
2613 3707 2709 3764 sed
2746 3707 2926 3763 multis
2973 3706 3185 3761 fecisset
3231 3706 3565 3760 imitabilem.
3611 3703 3668 3760 Si
3699 3719 3830 3773 ergo

2249 3801 2428 3856 nullus
2456 3800 2629 3854 bonus
2652 3798 2753 3854 sibi
2773 3798 2872 3852 soli
2899 3797 3186 3862 estbonus,
3210 3810 3310 3850 nec
3331 3795 3579 3864 cuiquam
3599 3793 3833 3864 sapienti

2246 3892 2350 3949 sibi
2395 3899 2603 3946 tantum
2650 3898 2733 3945 est
2777 3890 2949 3944 amica
2995 3887 3287 3958 sapientia;
3328 3895 3384 3942 et
3423 3886 3539 3941 haec
3575 3901 3833 3942 verarum

2248 3991 2441 4038 natura
2467 3984 2726 4037 virtutum
2753 3989 2854 4048 est,
2885 3988 2944 4034 ut
2971 3980 3194 4034 multum
3223 3994 3255 4033 a
3282 3979 3573 4033 tenebroso
3601 3977 3837 4032 abducat

2246 4085 2463 4140 errore,
2493 4073 2584 4140 qui
2605 4086 2787 4126 earum
2810 4070 2988 4124 clarus
3017 4075 3097 4123 est
3125 4067 3356 4132 lumine,
3390 4065 3457 4120 ad
3479 4065 3834 4120 erudiendum

2248 4161 2343 4216 Dei
2371 4162 2627 4232 populum
2673 4160 2817 4214 nulla
2863 4167 2946 4214 est
2991 4158 3172 4213 utilior
3217 4156 3608 4224 forma,quam
3629 4165 3835 4226 marty-

2246 4269 2364 4307 rum
2397 4253 2590 4308 invicta
2620 4253 2904 4322 patientia;
2945 4244 3114 4307 facilis
3150 4249 3218 4304 ad
3242 4248 3574 4304 exorandum
3611 4247 3669 4300 fit
3691 4249 3836 4302 ratio

2248 4341 2440 4397 efﬁcax
2475 4341 2543 4397 ad
2570 4341 2919 4397 suadendum.
2969 4340 3241 4396 Validiora
3284 4347 3463 4393 tamen
3491 4344 3617 4393 sunt
3641 4353 3836 4393 exem-

2172 4417 2220 4477 D
2249 4435 2336 4504 pla
2360 4449 2521 4503 quam
2549 4435 2729 4500 verba,
2760 4441 2814 4489 et
2841 4434 2961 4504 plus
2987 4441 3069 4489 est
3088 4447 3252 4503 opere
3273 4432 3468 4488 docere
3487 4447 3648 4501 quam
3671 4448 3834 4488 voce.

2248 4524 2306 4578 In
2336 4540 2444 4594 quo
2473 4524 2920 4580 excellentissimo
2947 4537 3144 4593 genere
3179 4523 3438 4578 doctrinm
3466 4523 3654 4576 beatus
3679 4537 3836 4575 mar-

2248 4623 2334 4686 tyr
2362 4614 2681 4671 Laurentius
2704 4655 2719 4680 ,
2769 4615 2922 4684 cujus
2958 4614 3207 4685 passione
3241 4612 3357 4667 dies
3391 4612 3683 4668 hodiernus
3717 4612 3838 4666 illu-

2246 4707 2375 4761 stris
2394 4713 2508 4774 est,
2539 4721 2643 4776 qua
2668 4706 2903 4775 gloriosa
2930 4705 3130 4775 polleat
3158 4704 3419 4772 dignitate
3455 4703 3617 4756 etiam
3645 4717 3839 4771 perse-

2245 4806 2460 4852 cutores
2507 4798 2623 4866 ejus
2669 4797 2872 4852 sentire
2916 4804 3227 4867 potuerunt.
3272 4795 3442 4861 Quam
3476 4795 3566 4848 ille
3596 4794 3837 4848 mirabili

2245 4886 2344 4941 fuit
2382 4887 2545 4941 animi
2580 4887 2890 4942 fortitudine
2930 4888 2997 4942 de
3025 4885 3219 4942 Christi
3246 4885 3617 4956 principaliter
3644 4899 3837 4940 amore

2245 4988 2541 5048 concepta;
2590 4994 2709 5048 qum
2747 4993 2855 5032 non
2901 4978 3075 5033 solum
3117 4977 3231 5047 ipsa
3279 4991 3386 5031 non
3433 4975 3696 5038 cederet,
3740 4973 3840 5028 sed

2245 5070 2407 5124 etiam
2435 5070 2570 5125 alios
2592 5070 2840 5139 exemplo
2871 5084 2982 5124 sua:
3018 5068 3317 5123 tolerantia:
3342 5067 3662 5122 roboraret!
3696 5067 3838 5121 Cum

2245 5163 2388 5216 enim
2439 5162 2588 5218 furor
2632 5162 2860 5218 Gentilis
2914 5163 2969 5218 in
3023 5162 3313 5217 lectissima
3358 5175 3583 5231 qumque
3629 5159 3838 5215 Christi

2245 5253 2484 5306 membra
2523 5253 2766 5317 saiviret,
2811 5269 2876 5308 ac
2904 5253 3170 5323 praecipue
3203 5267 3298 5307 eos
3322 5253 3483 5323 588
3503 5253 3594 5321 qui
3625 5251 3837 5305 ordinis

2242 5351 2398 5398 erant
2425 5344 2776 5400 sacerdotalis
2805 5346 3107 5415 impeteret,
3135 5345 3190 5400 in
3213 5343 3436 5402 levitam
3456 5340 3831 5407 Laurentiunn

2312 5478 2339 5518 ά
2380 5480 2523 5536 Idem
2546 5479 2690 5546 cod.,
2723 5490 2774 5533 et
2794 5481 2874 5534 de.

2315 5561 2339 5621 ἢ
2381 5550 2522 5621 idem
2553 5550 2695 5616 cod.,
2728 5549 2982 5604 Exuritur
3007 5568 3150 5621 ergo.

2320 5619 2340 5658 ί
2379 5620 2523 5677 ldcm
2554 5621 2696 5689 ωλι,
2729 5637 2829 5677 non
2850 5619 3102 5693 prodidit.
