4054 6194
554 318 659 376 685

1836 316 2079 371 MAXlMl
2120 314 2566 373 TAURINENSIS

3687 322 3752 373 (ili
3763 320 3789 373 ι

538 428 695 501 591
713 429 1114 501 Ancuusxrcu.
1138 460 1206 468 ——
1230 425 1531 501 Memmium
1551 428 1715 501 sancti
1738 427 1983 497 Cypriani
2013 426 2114 501 Ec-
2143 434 2190 489 Α
2218 429 2483 484 variarum
2512 445 2724 501 semper
2751 431 3001 484 virtutum
3033 438 3114 487 est
3155 432 3329 485 lwtata
3361 432 3634 486 thesauro.
3684 431 3790 490 Nec

600 496 758 577 Ξιῖεἱᾳ
783 499 904 577 colit
922 539 938 562 ,
979 498 1127 577 cnjus
1148 514 1251 577 non
1272 496 1700 577 minans-doctrina
1722 496 1875 577 quam
1895 498 2114 577 sangui-

601 585 666 639 ne
694 568 962 639 gloriatur.
982 565 1301 639 _t.'omplure_s
1322 565 1554 635 ﬁdelium
1581 565 1802 639 mortem
1823 565 2118 639 Cyprianus

605 633 776 691 docuit
817 652 916 690 non
956 633 1153 689 timere.
1202 635 1281 688 Ad
1321 633 1521 690 omnem
1559 635 1728 690 salicti
1762 633 1991 689 Cornelii
2020 635 2117 689 hoc

605 708 786 777 sufﬁcit
815 704 1019 758 laudem
1042 744 1059 772 ,
1087 704 1222 774 quod
1256 707 1593 776 apostolicam
1624 705 1797 759 sedent
1819 720 1912 759 suo
1940 721 2121 759 cruore

604 776 882 830 decoravit.

607 886 726 941 Non
748 884 1065 953 immerito,
1089 884 1284 940 fratres
1310 884 1607 949 carissimi,
1643 884 1861 955 speciali
1887 883 2119 953 quadam

538 976 873 1044 celebritate,
898 974 1327 1044 frequentissimo
1350 990 1639 1042 concursu,
1658 975 1966 1030 beatissimo
1988 988 2124 1027 mar

539 1068 643 1140 tyri
672 1066 942 1138 Cypriano
971 1064 1238 1134 praecipua
1268 1064 1535 1118 cxhibetis
1559 1063 1844 1133 obsequia,
1875 1078 2035 1132 quem
2065 1070 2122 1116 et

540 1159 605 1213 ad
634 1157 825 1214 summi
867 1155 1154 1211 sacerdotii
1203 1155 1408 1224 apicem
1450 1154 1806 1223 praerogativa
1834 1152 1958 1206 vita:
1986 1166 2121 1221 pm:-

538 1249 778 1304 eedentis
806 1247 1013 1312 evexit,
1058 1254 1115 1300 et
1150 1243 1410 1316 pontiﬁcii
1437 1244 1553 1313 ejus
1581 1243 1735 1298 ﬁdele
1763 1241 2118 1297 ministerium

538 1338 605 1392 ad
629 1338 861 1405 palmam
891 1335 1130 1406 martyrii
1170 1335 1485 1389 sublevavit.
1524 1333 1736 1388 Justum
1778 1348 1967 1387 revera
2004 1332 2120 1401 dig-

541 1442 772 1496 numque
817 1435 900 1482 est
943 1433 1005 1480 ut
1049 1424 1361 1480 memoriam
1409 1422 1762 1478 confessionis
1792 1423 1908 1492 ejus
1955 1422 2120 1476 devo-

541 1518 678 1571 tiore
702 1516 846 1572 colat
870 1514 1070 1569 Christi
1098 1514 1305 1567 honore
1332 1509 1596 1578 Ecclesia,
1625 1510 1778 1580 cujus
1803 1526 1911 1565 non
1944 1510 2121 1563 minus

538 1607 781 1662 doctrina
826 1620 990 1675 quam
1031 1604 1292 1672 sanguine
1332 1602 1610 1671 gloriatur.
1643 1602 1782 1669 Quid
1808 1602 1951 1657 enim
1980 1601 2120 1669 apud

449 1729 471 1747 ο
538 1699 934 1755 ecclesiasticos
979 1698 1124 1753 viros
1163 1705 1403 1768 martyre
1447 1696 1724 1753 sanctius?
1760 1696 1985 1751 doctore
2005 1695 2118 1751 cla-

2221 518 2511 588 incongrue
2526 519 2965 575 illiusditissimus
2990 534 3052 575 ac
3071 520 3377 590 splendidus
3389 520 3794 586 dicitursermo,

2219 609 2370 679 cujus
2408 618 2557 665 tanto
2605 611 2803 666 lumine
2841 609 3217 680 prmfulgidum
3239 611 3469 666 radiavit
3496 612 3795 681 eloquium,

2220 708 2280 755 ut
2308 701 2448 755 inter
2482 701 2784 770 iniquorum
2826 702 2998 757 minas
3036 702 3583 772 persequentiumque
3622 710 3767 757 terra

2222 805 2308 845 res
2349 789 2533 844 ﬁdeles
2560 790 2825 859 erigeret,
2856 791 3199 846 conﬁrmaret
3227 792 3451 856 dubios,
3492 793 3799 849 incredulos

2220 880 2542 937 confutaret.
2593 881 2777 953 Neque
2820 882 2962 936 enim
3010 883 3119 937 ullo
3164 883 3379 938 avocari
3406 892 3623 953 poterat
3652 896 3796 940 metu

2221 972 2507 1039 quominus
2552 971 2696 1026 illam
2744 971 2963 1027 doceret
3014 971 3169 1026 ﬁdem
3218 988 3316 1040 pro
3354 987 3458 1041 qua
3498 973 3568 1028 de
3601 972 3798 1029 Christi

2219 1062 2575 1131 promissione
2619 1077 2839 1116 securus
2890 1078 2996 1117 non
3044 1063 3365 1117 formidabat
3409 1064 3603 1119 occidi.
3670 1066 3799 1132 Quzc

2221 1161 2398 1207 autem
2431 1153 2549 1206 ﬁdei
2579 1154 2695 1218 ejus
2730 1152 3059 1207 conﬁdentia
3098 1153 3197 1207 fuit
3222 1162 3276 1209 et
3304 1154 3550 1210 virtutis!
3584 1155 3798 1221 Quanta

2220 1242 2551 1296 constantia!
2587 1243 2676 1310 qui
2706 1259 2810 1295 non
2836 1243 3009 1297 solum
3041 1244 3386 1312 semetipsum
3412 1253 3601 1299 contra
3627 1246 3798 1314 impe-

2221 1341 2332 1387 tum
2352 1333 2529 1388 sazculi
2546 1332 2731 1401 vigore
2755 1347 3026 1400 generose
3052 1333 3246 1386 mentis
3265 1334 3512 1398 armavit,
3541 1335 3634 1389 sed
3650 1350 3797 1387 com-

2220 1425 2400 1495 plures
2428 1423 2656 1479 ﬁdelium
2702 1440 2853 1496 spem
2898 1425 3088 1480 futura:
3129 1424 3478 1480 beatitudinis
3505 1426 3799 1481 astruendo

2219 1522 2447 1569 mortem
2472 1512 2658 1568 docuit
2686 1530 2792 1568 non
2824 1515 3033 1569 timere.
3064 1513 3216 1570 Unde
3238 1524 3480 1585 apparet,
3511 1516 3798 1581 carissimi,

2219 1612 2416 1673 quanta
2439 1603 2578 1658 inter
2604 1604 2873 1671 angelicos
2893 1604 3089 1658 chorus
3114 1622 3256 1660 nunc
3284 1606 3535 1661 claritate
3563 1607 3798 1676 resplen-

2219 1695 2345 1750 deat
2368 1696 2459 1765 qui
2487 1704 2542 1750 et
2568 1696 2782 1766 propria
2812 1698 3062 1766 passione
3085 1706 3167 1753 est
3191 1699 3469 1764 mirabilis,
3490 1708 3544 1752 et
3570 1688 3800 1756 aliorum

539 1790 688 1844 rius?
733 1789 1015 1846 sacerdote
1060 1788 1374 1844 sublimius?
1412 1786 1689 1854 Pretiosa,
1713 1787 1889 1857 inquit
1923 1787 2114 1843 beatus
2145 1795 2187 1853 Β
2215 1786 2640 1843 confessionibus
2684 1787 2970 1856 gloriosus.
3019 1788 3189 1843 Tanta
3236 1789 3381 1844 enim
3427 1789 3545 1859 ejus
3586 1790 3800 1845 fuerunt

542 1880 709 1934 David
730 1918 746 1944 ,
804 1881 861 1934 iu
900 1888 1175 1949 conspectu
1218 1877 1432 1932 Domini
1479 1894 1618 1932 mors
1667 1889 1964 1934 sanctorum
2004 1878 2116 1948 ejus

540 1972 712 2042 (Psal.
758 1973 907 2044 ειν).
955 1971 1165 2038 Quanta
1203 1983 1354 2037 ergo,
1402 1968 1620 2033 fratres,
1670 1984 1702 2024 a
1744 1968 1987 2024 ﬁdelibus
2029 1969 2118 2024 hic

543 2062 885 2118 veneratione
929 2069 1011 2116 est
1048 2060 1396 2116 honorandus
1419 2099 1437 2127 ,
1483 2059 1636 2128 cujus
1679 2074 1791 2115 non
1834 2058 2009 2114 solum
2060 2058 2116 2112 in

539 2162 831 2225 conspectu
868 2152 1080 2209 Domini
1116 2152 1386 2222 pretiosus
1412 2164 1668 2219 occasus,
1696 2150 1791 2206 sed
1818 2151 1919 2206 sub
1945 2151 2118 2206 abun—

539 2246 717 2301 dantia
745 2244 889 2315 ﬁdei,
918 2253 973 2301 et
998 2244 1105 2299 vita
1127 2243 1364 2313 locuples
1386 2242 1502 2309 fuit,
1516 2250 1572 2298 et
1590 2258 1770 2298 sermo
1788 2242 2079 2298 ditissimus
2093 2243 2119 2296 ?

542 2336 727 2402 Recte,
769 2345 828 2392 ut
848 2352 993 2403 reor,
1039 2336 1155 2404 ejus
1189 2335 1298 2390 vita
1328 2334 1565 2405 locuples
1588 2334 1927 2404 praedicatur,
1959 2336 2121 2406 592

543 2429 692 2498 unjus
723 2437 908 2485 sancta
949 2427 1291 2484 conversatio
1317 2428 1581 2484 bonorum
1624 2427 1776 2499 copia
1801 2442 2034 2494 morum,
2064 2435 2119 2480 et

2214 1875 2532 1946 spiritalium
2560 1886 2876 1931 ornamenta
2904 1878 3212 1946 verborum,
3252 1887 3309 1934 et
3341 1879 3639 1934 caelestium
3669 1898 3801 1937 scn-

2214 1966 2500 2021 tentiarum
2549 1981 2773 2022 censura
2820 1976 2930 2021 tam
2980 1969 3303 2034 vehemens,
3353 1979 3414 2024 ut
3458 1970 3801 2027 credentium

2216 2062 2424 2113 mentes
2465 2058 2586 2126 plus
2611 2056 2725 2126 ejus
2753 2056 3079 2122 adhortatio,
3109 2073 3268 2126 quam
3290 2059 3560 2113 smvientis
3587 2060 3796 2115 inimici

2218 2147 2427 2217 gladius
2460 2154 2819 2216 permoveret.
2868 2146 2945 2201 De
2987 2148 3148 2201 beato
3177 2156 3355 2201 autem
3386 2147 3641 2203 Cornelio
3666 2149 3801 2218 quid

2222 2252 2324 2308 ego
2363 2236 2692 2291 memorem?
2736 2236 2820 2291 cui
2861 2236 2931 2290 ad
2964 2252 3177 2290 omnem
3205 2238 3306 2292 hoc
3339 2235 3534 2292 sufﬁcit
3563 2239 3800 2304 laudem,

2222 2328 2364 2399 quod
2390 2328 2736 2399 apostolicam
2766 2328 2947 2383 sedem
2964 2368 2981 2394 ,
3011 2343 3172 2399 quam
3194 2329 3388 2385 merito
3416 2329 3666 2401 indeptus
3693 2340 3801 2399 est,

2222 2419 2514 2477 venerandi
2536 2421 2743 2477 cruoris
2762 2435 2982 2476 munere
3009 2419 3300 2477 decoravit.

1886 2556 2154 2620 SERMO
2196 2553 2452 2616 LXXV.

1768 2680 1860 2740 De
1893 2678 2099 2740 eodem
2126 2677 2197 2740 S.
2235 2640 2569 2756 Cypriano.

544 2827 927 2882 Ancumsuwu.
948 2858 1013 2870 ——
1042 2823 1104 2879 In
1132 2824 1277 2879 libris
1301 2823 1360 2879 S.
1392 2822 1639 2894 Cypriani
1660 2822 1940 2878 advertitur
1958 2839 2117 2894 quan-

614 2906 665 2949 ta
683 2898 737 2950 in
758 2896 850 2950 illo
872 2897 1025 2966 fuerit
1049 2896 1302 2966 castitatis
1325 2894 1541 2966 paritas,
1572 2895 1822 2966 sanctitas
1850 2893 2112 2966 bonitatis,

609 2967 731 3035 ﬁdei
751 2963 1164 3048 magnitudo._ln
1186 2963 1385 3047 omnem
1411 2974 1603 3019 terram
1619 2965 1733 3087 eius
1752 2979 1910 3019 sonus
1937 2963 2112 3017 exirit.

623 3034 750 3087 Vere
776 3035 1055 3087 smritualis
1073 3034 1161 3087 ille
1186 3042 1433 3087 maaister
1458 3043 1508 3087 et
1542 3050 1623 3087 me
1660 3049 1785 3087 tcus.
1813 3050 1961 3087 auem
1978 3049 2112 3087 men-

623 3034 750 3116 i’ere
776 3034 1055 3116 spiritualis
1073 3034 1433 3116 ἕπε-Μαρίαν
1458 3043 1508 3088 et
1542 3034 1785 3116 medicus,
1812 3050 1961 3116 quem
1978 3049 2116 3116 men-

612 3105 674 3158 tis
694 3103 1041 3175 serutonisque
1062 3103 1304 3175 perfectio
1334 3104 1532 3159 clarum
1557 3104 1747 3160 swculo
1772 3114 1821 3159 et
1849 3103 1974 3159 caelo
1996 3103 2104 3158 red-

612 3174 745 3228 didit
771 3173 1069 3245 gloriosum.

611 3284 806 3353 Quanti
833 3285 1028 3350 meriti,
1060 3284 1251 3340 fratres
1277 3285 1556 3352 carissimi,
1587 3287 1777 3342 beatus
1794 3283 2112 3358 Cyprianus,

541 3386 859 3450 quantaeque
885 3377 954 3432 sit
977 3378 1161 3447 gloriae
1198 3385 1256 3433 et
1298 3376 1606 3432 venerabile
1633 3375 1750 3445 ejus
1776 3375 2111 3448 martyrium,

539 3478 594 3525 et
622 3478 747 3525 nota
775 3469 1023 3524 omnibus
1048 3469 1289 3524 doctrina
1339 3475 1583 3523 testatur.
1631 3467 1742 3523 Nec
1768 3468 1908 3529 enim
1937 3475 2117 3523 extra-

539 3561 653 3616 neis
680 3569 801 3629 eget
827 3560 1101 3622 laudibus,
1147 3574 1306 3629 quem
1343 3557 1482 3628 apud
1511 3573 1700 3614 omnes
1731 3557 1978 3614 homines
2003 3572 2116 3611 ma-

539 3650 843 3719 gnificentia
896 3650 1096 3721 proprii
1153 3650 1417 3704 sermonis
1466 3649 1712 3704 illustrat.
1776 3649 2014 3719 Denique
2056 3656 2117 3703 ut

540 3748 717 3794 tantus
743 3739 811 3794 ad
837 3750 1072 3794 nostram
1102 3753 1316 3808 quoque
1342 3739 1649 3809 perveniret
1671 3746 1917 3807 mtatem,
1947 3737 2117 3793 admi-

538 3828 703 3884 randa
751 3828 1057 3898 eloquentia
1113 3826 1233 3895 ejus
1277 3839 1628 3883 monumenta
1678 3825 1947 3895 fecerunt;
1990 3843 2113 3882 nam

539 3919 665 3973 dum
688 3917 921 3973 creditos
942 3916 1042 3970 sibi
1065 3916 1291 3985 populos
1320 3916 1373 3969 in
1395 3916 1791 3970 observantiam
1819 3917 2115 3971 caelestium

448 4026 456 4035 -
539 4004 908 4059 mandatorum
936 4004 1125 4058 solitus
1149 4004 1403 4082 magister
1431 4004 1628 4070 erudit,
1658 4020 1809 4061 suam
1839 4005 1905 4059 ad
1931 4014 2115 4075 poste-

539 4108 628 4149 ros
653 4092 817 4147 vitam
840 4089 1104 4162 ﬁdemque
1128 4092 1442 4148 transmisit.
1488 4092 1643 4160 Quod
1671 4094 1746 4148 ita
1780 4109 1900 4149 esse
1940 4095 2113 4149 omnis

539 4197 750 4238 mecum
790 4182 1060 4238 studiosus
1107 4182 1387 4251 agnoscit,
1434 4182 1689 4252 quoniam
1739 4183 1793 4237 in
1824 4183 1973 4238 libris
1999 4183 2114 4252 ejus

535 4272 833 4329 advertitur
876 4280 1077 4343 quanta
1124 4275 1177 4327 in
1227 4273 1317 4330 illo
1372 4273 1533 4330 fuerit
1581 4276 1844 4331 castitatis
1887 4277 2110 4346 puritas,

534 4362 791 4420 sanctitas
826 4362 1079 4419 bonitatis
1100 4401 1117 4427 ,
1167 4363 1286 4418 ﬁdei
1316 4364 1649 4433 magnitudo.
1680 4364 1814 4419 Nam
1841 4364 1967 4419 dum
1994 4380 2116 4434 pec-

534 4454 770 4510 cantium
798 4453 923 4508 vitia
947 4467 1133 4509 severa
1161 4453 1531 4522 objurgatione
1556 4454 1813 4523 castigat,
1842 4454 1968 4509 dum
1989 4470 2113 4510 san-

536 4556 746 4603 ctorum
791 4544 983 4600 merita
1029 4543 1188 4612 digna
1229 4542 1387 4598 laude
1435 4547 1798 4614 prosequitur,
1837 4544 2109 4600 cmlestem

537 4636 711 4692 inesse
753 4632 907 4690 cordi
952 4648 1050 4690 suo
1091 4635 1266 4703 aperit
1292 4634 1649 4703 disciplinam.
1698 4633 1851 4690 Unde
1879 4635 1968 4690 hic
1991 4635 2109 4692 sine

2213 2826 2460 2889 suscepta
2478 2834 2576 2889 pro
2598 2817 2798 2873 Christi
2819 2818 3035 2874 nomine
3053 2819 3325 2889 passione,
3345 2821 3577 2875 calcavit
3589 2840 3617 2897 ;‘
3635 2834 3800 2893 atque

2211 2910 2288 2966 ita
2334 2910 2528 2967 factum
2555 2918 2666 2980 est,
2716 2919 2773 2966 ut
2799 2927 3014 2969 omnem
3051 2911 3261 2969 ﬁdelem
3290 2913 3355 2967 ad
3385 2914 3663 2986 subeunda
3688 2932 3793 2986 pro

2214 3003 2479 3071 religione
2523 3011 2793 3060 tormenta
2846 3021 2952 3060 non
3000 3006 3173 3060 solum
3203 3010 3512 3062 sanctorum
3540 2985 3800 3065 adhorta-

2217 3091 2364 3147 tione
2392 3093 2707 3162 verborum,
2744 3093 2840 3148 sed
2867 3093 3158 3152 fortissimo
3193 3097 3464 3165 sanguinis
3486 3098 3570 3152 sui
3599 3113 3801 3169 provo-

2216 3192 2367 3240 caret
2411 3185 2680 3255 exemplo.
2729 3184 2871 3241 Vere
2914 3186 3003 3242 hic
3049 3187 3117 3240 ab
3157 3187 3407 3241 omnibus
3432 3203 3499 3242 ac
3522 3195 3640 3243 toto
3667 3191 3803 3245 orbe

2219 3271 2576 3335 venerandus,
2600 3274 2691 3342 qui
2721 3281 2833 3327 tota
2861 3274 3190 3343 perfectione
3212 3274 3407 3329 divinae
3432 3275 3645 3331 virtutis
3661 3293 3804 3346 opus

2142 3343 2187 3404 (ἶ
2216 3371 2272 3417 et
2296 3364 2524 3418 asseruit
2552 3372 2606 3418 et
2630 3363 2883 3433 implevit.

2293 3456 2453 3528 593
2483 3453 2796 3532 Subjicimus
2825 3456 2906 3509 hic
2934 3458 3278 3527 fragmentum
3309 3458 3522 3513 alterius
3550 3465 3803 3516 sermonis

2219 3545 2280 3601 S.
2327 3545 2550 3600 Maximi
2578 3546 2643 3600 de
2681 3546 2743 3601 S.
2776 3545 3057 3617 Cypriano,
3080 3547 3215 3617 quod
3241 3566 3274 3601 a
3302 3546 3595 3605 Ματαιοήο
3623 3552 3799 3623 mitge-

2218 3646 2324 3692 tum
2375 3636 2628 3708 reperitur
2677 3645 2791 3707 post
2840 3653 3125 3694 sermonem
3171 3639 3206 3692 5
3251 3639 3316 3694 de
3359 3639 3424 3695 S.
3480 3640 3798 3707 Laurentio,

2215 3729 2464 3786 Anecdot.
2489 3737 2613 3784 tam.
2645 3727 2735 3795 IV,
2762 3746 2883 3801 pag.
2915 3728 3003 3785 65.
3796 3738 3801 3741 '

2214 3909 2521 3975 custodivit,
2558 3924 2746 3980 pacem
2786 3909 2965 3965 verbis
2987 3910 3178 3978 suasit,
3211 3926 3399 3981 pacem
3424 3912 3591 3968 corde
3611 3928 3800 3969 serva-

2213 3999 2312 4063 vit,
2341 3998 2628 4069 omniaque
2656 3999 2783 4056 vitia
2824 4009 3014 4056 sancto
3051 4016 3147 4055 ore
3182 4003 3408 4071 respuit,
3448 4011 3632 4058 tuente
3674 4018 3803 4058 san-

2213 4089 2384 4145 ctiore
2402 4088 2710 4156 damnavit;
2733 4090 2812 4144 sic
2831 4090 3152 4159 pullulantes
3171 4091 3507 4149 diversorum
3533 4094 3802 4150 scelerum

2213 4189 2396 4236 sentes
2440 4180 2751 4236 acutissimo
2792 4180 2983 4251 lingua:
3020 4196 3131 4238 suae
3162 4199 3417 4240 mucrone
3440 4184 3709 4248 desecuit,
3742 4196 3803 4241 ut

2213 4271 2382 4340 magis
2406 4286 2471 4326 ea
2499 4270 2831 4340 inculpabilis
2858 4273 2983 4326 vitm
3011 4272 3317 4343 integritate
3342 4281 3635 4331 truncaret.
3669 4275 3805 4332 Erat

2213 4361 2399 4426 etiam,
2444 4369 2505 4417 ut
2546 4375 2675 4417 vere
2719 4360 3008 4432 spiritualis
3056 4363 3330 4431 magister,
3373 4378 3591 4419 amarus
3629 4366 3799 4429 vitiis,

2216 4451 2499 4507 virtutibus
2535 4449 2785 4518 blandus,
2818 4458 2874 4506 et
2902 4452 3343 4522 tranquillitatem
3380 4455 3687 4524 peccatoris
3714 4456 3806 4514 sui

2212 4539 2603 4596 medicamento
2649 4541 2873 4597 acrioris
2917 4542 3143 4597 remedii
3186 4544 3510 4614 condiebat,
3558 4556 3618 4601 ut
3658 4561 3805 4616 quos

2213 4630 2470 4685 bonitatis
2508 4629 2624 4700 ejus
2664 4631 2948 4687 clementia
3001 4634 3225 4690 minime
3264 4637 3577 4702 coercebat,
3621 4637 3807 4694 ina-e-

535 4726 697 4783 dubio
725 4741 794 4780 ex
820 4723 926 4778 illis
962 4731 1047 4778 est
1081 4722 1332 4778 fratribus
1366 4723 1435 4779 de
1461 4724 1653 4794 quibus
1675 4723 1877 4780 dictum
1909 4734 1993 4779 est
2015 4740 2112 4795 per
2140 4707 2191 4768 Ι)
2215 4722 2394 4791 pantis
2420 4721 2613 4790 linguae
2638 4737 2864 4779 censura
2895 4731 3139 4781 terreret.
3161 4724 3250 4782 Sic
3276 4726 3626 4783 acrimoniam
3643 4744 3804 4785 suam

534 4816 855 4886 prophetam
880 4830 895 4868 :
924 4811 991 4868 In
1017 4828 1217 4868 omnem
1246 4820 1437 4868 terram
1464 4814 1619 4868 eativit
1638 4831 1793 4870 sonus
1821 4831 2021 4876 eorum.
2057 4824 2109 4870 et

534 4906 589 4959 in
619 4907 748 4975 ﬁnes
783 4904 921 4961 orbis
958 4911 1108 4959 terra:
1146 4902 1298 4959 verba
1333 4921 1507 4959 eorum
1529 4904 1699 4974 (Paul.
1733 4908 1900 4971 xvm).
1932 4905 2110 4963 Exivit

537 4995 720 5063 utique
751 4995 803 5050 in
833 5010 1046 5051 omnem
1078 5003 1276 5049 terram
1311 5010 1477 5049 sonus
1512 4996 1803 5053 beatissimi
1833 4996 2103 5068 Cypriani,

537 5083 790 5152 minutiam
815 5084 914 5138 sub
942 5085 1190 5139 universo
1218 5084 1378 5152 uelo,
1425 5091 1481 5140 et
1520 5085 1783 5154 passionis
1811 5086 1926 5155 ejus
1953 5088 2109 5142 inno-

540 5170 641 5225 tuit
660 5170 861 5240 gloria,
881 5182 936 5227 et
961 5174 1268 5229 clarissimae
1296 5174 1485 5243 lingua:
1512 5174 1627 5243 ejus
1655 5175 1779 5230 tuba
1808 5177 2104 5247 personuit.

537 5260 606 5316 Et
641 5275 770 5316 vere
808 5262 950 5316 tubae
977 5265 1237 5320 sermonis
1271 5264 1388 5335 ejus
1429 5265 1649 5333 clangor
1675 5266 1958 5336 increpuit,
1981 5282 2104 5321 cum

537 5350 831 5409 Ecelesiam
858 5352 953 5409 Dei
987 5354 1213 5424 spiritali
1250 5357 1434 5427 proelio
1460 5357 1823 5413 decertantem
1850 5358 2106 5413 adversus

535 5444 710 5499 minas
736 5450 1080 5513 terroresque
1123 5447 1398 5516 gentilium
1438 5449 1614 5503 sonitu
1646 5447 1880 5503 cmlestis
1906 5447 2106 5518 eloquii

534 5531 800 5598 accendit,
826 5539 881 5587 et
909 5547 978 5587 ne
1003 5533 1278 5588 videretur
1306 5536 1513 5606 plebem
1543 5537 1637 5592 Dei
1666 5537 1719 5591 in
1740 5544 2104 5606 contemptum

533 5624 811 5704 prmsentis
851 5623 975 5679 vitm
1019 5623 1275 5693 eloquens
1318 5627 1484 5696 magis
1504 5642 1665 5696 quam
1687 5626 1840 5683 fortis
1863 5642 2099 5693 armare,

535 5724 786 5784 mortem,
812 5730 971 5784 quam
1000 5712 1341 5784 praedicando
1363 5715 1621 5774 docuerat
1658 5734 1766 5774 non
1789 5718 2097 5784 tuueudam,

2213 4811 2461 4866 admixta:
2500 4811 2738 4868 lenitatis
2766 4812 3043 4869 dulcedine
3075 4815 3369 4881 molliebat,
3401 4824 3462 4872 ut
3487 4833 3631 4889 saepe
3654 4819 3807 4875 solet

2212 4901 2353 4956 unda
2399 4901 2690 4965 ferventior
2729 4918 2881 4972 aquae
2925 4902 3127 4973 frigidae
3173 4907 3444 4963 stillicidio
3483 4911 3803 4979 temperari.

2212 4988 2505 5045 Nonuullos
2530 5005 2660 5063 sane
2688 4991 2866 5046 animo
2896 4991 3143 5049 duriores
3179 4995 3371 5049 armati
3400 4996 3512 5050 oris
3536 4997 3625 5052 sui
3649 4997 3802 5051 salu-

2212 5078 2379 5135 tiferis
2396 5079 2589 5149 jaculis
2614 5081 2910 5147 sauciabat,
2944 5090 3004 5136 ut
3027 5084 3220 5153 quibus
3244 5099 3374 5139 cura
3396 5083 3610 5153 placida
3631 5086 3807 5155 prod-

2188 5184 2331 5232 esse
2365 5185 2472 5225 non
2511 5178 2747 5240 poterat,
2775 5172 3035 5241 spiritalia
3073 5174 3293 5229 vulnera
3327 5175 3699 5230 subvenirent.
3729 5177 3810 5233 Et

2210 5261 2315 5317 hoc
2357 5262 2665 5331 peritissimi
2708 5278 2860 5318 more
2900 5264 3114 5329 medici,
3161 5266 3253 5335 qui
3294 5281 3420 5321 cum
3466 5267 3519 5321 in
3566 5283 3808 5338 corpore

2210 5352 2443 5407 hominis
2488 5353 2705 5408 lethalia
2751 5354 2909 5408 altius
2950 5355 3129 5411 ulcera
3174 5359 3437 5428 repererit
3483 5357 3805 5425 desedise,

2211 5442 2374 5515 594
2401 5459 2525 5499 cum
2554 5446 2727 5502 bonus
2754 5455 2918 5515 atque
2944 5448 3182 5518 optimus
3218 5450 3306 5516 sit,
3339 5452 3488 5506 velut
3518 5464 3808 5523 assutan

2208 5539 2545 5609 crudelitate,
2586 5538 2728 5597 ferro
2768 5541 3077 5611 aggreditur
3113 5544 3302 5600 noxias
3328 5554 3587 5600 emortua:
3615 5548 3814 5605 carnis

2206 5627 2459 5685 desecare
2479 5629 2812 5700 putredines,
2843 5641 2900 5686 et
2925 5648 3190 5688 summam
3216 5633 3464 5691 medendi
3486 5642 3661 5692 artem
3684 5653 3813 5695 non

2205 5719 2404 5788 parcit,
2436 5732 2496 5777 ut
2540 5731 2756 5792 parcat;
2807 5723 3081 5790 irascitur,
3127 5735 3188 5782 ut
3230 5736 3549 5794 succurrat,
3593 5734 3652 5783 et
3696 5743 3817 5798 pro
