4054 6194
174 334 281 392 685

1574 314 1803 372 SERMO
1842 313 2068 370 LXXVI.

3319 309 3427 366 686

174 442 356 514 πει-«ιιί
385 440 467 496 sui
498 440 818 495 necessitate
862 435 1116 491 sarritiam
1147 430 1453 503 prmtendit,
1483 434 1541 481 ut
1568 432 1753 487 sanet;
1784 428 1829 487 Α
1858 437 2018 492 quam
2060 420 2161 476 sibi
2208 435 2238 475 a
2277 418 2504 475 Domino
2547 418 2658 475 Deo
2704 433 2801 473 suo
2851 417 3128 487 multiplici
3172 416 3429 473 virtutum

178 550 297 588 nam
325 541 378 586 et
406 530 832 600 sapientissimus
859 527 1110 581 Salomon
1142 525 1219 577 ait
1252 541 1263 574 :
1301 537 1321 556 ··
1355 519 1609 575 Suariora
1634 521 1754 568 suut

174 628 384 679 vulnera
430 622 584 675 attici
620 635 773 691 quam
810 618 1099 672 uoluntaria
1138 615 1313 669 oscula
1348 609 1541 663 inimici
1570 605 1751 676 (Prov.

179 714 365 781 um).
395 709 519 765 ilzec
536 709 665 775 vita,
693 710 780 763 hic
806 708 1013 761 animus
1036 704 1403 760 beatissimum
1431 699 1754 770 Cyprianum

181 813 236 859 et
261 802 559 859 sacerdotio
586 801 855 871 provexit,
885 807 941 855 et
967 797 1223 868 martyrio
1251 791 1605 850 consecravit.
1630 787 1757 841 Haec

177 894 329 948 illum
356 892 550 946 mentis
568 890 937 957 sermonisque
956 887 1215 957 perfectio
1234 884 1437 939 clarum
1464 877 1683 941 szeculo,
1702 884 1758 930 et

181 982 320 1037 eicio
350 981 578 1034 reddidit
602 980 910 1049 gloriosum.
954 977 1206 1038 Pretiosa,
1238 973 1429 1042 inquit,
1459 972 1512 1024 in
1538 981 1756 1036 conspe-

183 1082 263 1125 ctu
308 1070 514 1124 Domini
551 1087 688 1124 mors
717 1078 1007 1124 sanctorum
1041 1067 1150 1136 ejus
1177 1064 1353 1137 (Psal.
1386 1062 1531 1129 ειν).
1564 1060 1753 1122 Recte,

180 1162 392 1227 fratres,
425 1160 741 1215 venerabilis
766 1157 1020 1229 Cypriani
1050 1156 1282 1226 pretiosa
1313 1168 1457 1205 mors
1486 1150 1625 1203 facta
1654 1153 1755 1209 est,

1856 528 2069 569 suarum
2100 512 2270 581 pretio
2298 512 2650 581 comparavit.
2683 509 2819 564 Vere
2850 509 3082 581 pretiosa
3120 523 3266 563 mors
3294 508 3429 576 ejus.

1856 604 2008 673 cujus
2046 603 2375 658 commercio
2428 602 2795 656 hereditatem
2836 601 2935 655 sibi
2964 601 3082 655 caeli
3119 608 3176 655 et
3212 616 3432 671 regutun

1854 698 1985 752 emit
2030 705 2308 751 retentum.
2356 693 2424 748 Et
2462 693 2603 755 ideo,
2633 693 2912 756 carissimi,
2950 702 3059 747 tam
3095 691 3431 763 magniﬁcum

1854 786 1960 841 hoc
1986 785 2299 856 martyrium
2324 784 2442 852 ejus
2468 784 2614 839 omni
2641 798 2761 838 cum
2789 784 3076 838 devotione
3100 791 3157 838 et
3182 798 3433 839 reveren-

1856 876 1931 930 tia
1959 876 2311 939 celebremus,
2340 874 2463 943 quia
2509 873 2577 927 ad
2619 889 2831 929 omnem
2877 874 3017 926 illam
3060 874 3282 944 gloriam
3323 874 3429 927 vita

1857 970 2117 1038 locuples,
2148 968 2324 1036 lingua
2352 966 2612 1020 ditissima
2640 974 2695 1019 et
2724 982 2867 1020 mors
2906 966 3137 1035 pretiosa
3182 965 3434 1031 sublimat

1862 1060 1914 1114 in
1941 1060 2153 1129 Christo
2179 1057 2304 1113 Jcsu
2334 1057 2561 1125 Domino
2590 1066 2791 1123 nostro,
2820 1057 3079 1127 quicum,
3110 1066 3216 1114 etc.

1506 1261 1773 1325 SERMO
1817 1258 2105 1321 LXXVI.

1400 1384 1475 1439 De
1502 1383 1679 1438 eodem
1710 1380 1767 1436 S.
1803 1378 2062 1449 Cypriane
2093 1376 2211 1432 III.

192 1532 574 1587 Aneoncaruu.
604 1554 675 1564 —
703 1524 985 1579 Nonnullis
1012 1539 1277 1579 sacrorum
1307 1520 1587 1575 Bibliorum
1619 1516 1761 1587 testi-

254 1603 440 1654 moniis
461 1598 734 1667 propositis
757 1605 903 1667 atque
922 1595 1213 1667 egrplicatis,
1236 1607 1438 1667 rursum
1459 1608 1488 1642 a
1502 1589 1561 1643 S.
1588 1586 1763 1640 Maxi-

254 1687 339 1723 mo
368 1662 485 1737 apte
512 1662 900 1737 copioseque'S.
930 1662 1217 1734 cypriauus
1242 1662 1502 1715 laudatur.

256 1782 470 1849 Quanta
496 1781 565 1835 sit
587 1779 898 1834 Christianae
924 1777 1043 1831 ﬁdei
1065 1774 1396 1845 magnitudo,
1420 1787 1604 1841 qumve
1630 1769 1767 1823 ﬁdu-

190 1876 289 1939 cia,
324 1876 449 1928 hinc
475 1874 557 1927 vel
581 1872 811 1925 maxime
837 1886 936 1925 nos
962 1869 1170 1924 discere
1198 1874 1429 1936 oportet,
1454 1862 1599 1934 quod
1630 1863 1767 1915 intra

192 1964 436 2020 miranda
482 1963 778 2018 emlestium
833 1961 1216 2031 promissorum
1262 1972 1484 2011 munera
1532 1954 1769 2008 votivum

192 2058 352 2112 nobis
379 2057 551 2111 oritur
574 2055 823 2124 gaudium
849 2053 915 2109 de
943 2061 1116 2108 morte
1140 2060 1467 2107 sanctorum.
1495 2048 1604 2102 Nec
1628 2047 1771 2101 enim

193 2162 400 2207 natura:
427 2160 638 2213 nostrae,
670 2148 764 2204 sed
789 2146 1062 2216 religionis
1088 2154 1169 2200 est
1194 2144 1351 2205 ratio,
1379 2140 1523 2210 quod
1550 2154 1774 2193 occasus

192 2242 447 2302 hominis,
497 2240 583 2294 ubi
629 2237 771 2293 Deus
817 2244 901 2291 est
947 2250 1107 2291 causa
1154 2232 1436 2294 moriendi,
1480 2227 1773 2283 inﬁdelium

191 2331 481 2386 contristat
523 2337 759 2389 mentes,
810 2334 864 2380 et
906 2334 1124 2396 pectora
1170 2323 1469 2378 Christiana
1521 2318 1769 2373 lmtiﬁcat.

193 2422 317 2477 Ideo
352 2422 581 2490 denique
609 2427 1004 2489 peretnptorum
1034 2425 1328 2487 martyrum
1356 2414 1534 2468 obitus
1575 2411 1628 2465 in
1668 2409 1773 2465 Ee-

197 2512 363 2566 clesia
388 2511 479 2565 Dei
509 2509 655 2563 velut
683 2508 941 2576 genuinus
968 2506 1162 2561 natalis
1181 2503 1465 2570 excolitur,
1486 2500 1609 2569 quia
1635 2514 1775 2553 novo

193 2602 451 2658 nascendi
476 2601 662 2656 ordine
689 2601 754 2654 ad
784 2614 977 2653 novam
1005 2597 1128 2653 cadi
1156 2597 1321 2649 vitam
1369 2601 1544 2647 morte
1587 2600 1774 2662 partu-

195 2696 375 2747 riente
405 2699 712 2746 nascuntur.
743 2689 799 2744 ln
819 2687 1121 2757 hujusmodi
1151 2688 1292 2741 enim
1322 2692 1517 2747 morte,
1540 2698 1657 2751 qua:
1680 2696 1778 2751 pro

148 2840 155 2848 _
201 2786 432 2838 veritate
459 2783 705 2837 salutaris
735 2780 856 2834 ﬁdei
890 2779 1056 2841 venit,
1084 2778 1211 2847 quia
1236 2778 1361 2831 vivo
1402 2790 1465 2830 ac
1498 2790 1628 2829 vero
1657 2788 1776 2827 crc-

199 2873 345 2928 ditur
373 2872 503 2935 Deo,
534 2884 630 2941 spe
656 2871 833 2926 seculi
861 2869 1098 2924 melioris
1131 2868 1280 2937 pulsa
1327 2865 1516 2936 procul
1562 2864 1778 2919 allecto-

202 2966 347 3019 tione
383 2964 605 3027 carnali,
639 2963 839 3017 luctum
876 2976 982 3015 non
1033 2961 1196 3015 habet
1236 2967 1407 3028 pater,
1459 2971 1558 3011 nec
1607 2962 1782 3009 mater

204 3057 476 3119 inclamat,
522 3054 657 3108 ﬁlius
703 3052 930 3122 suspiria
975 3050 1285 3107 consolatur
1327 3063 1443 3111 sua,
1492 3060 1779 3100 mmrorem

1866 1512 2035 1567 Tanta
2084 1514 2227 1568 enim
2274 1513 2512 1568 thesauri
2560 1516 2715 1582 hujus
2757 1524 2842 1570 est
2876 1517 3051 1586 copia,
3086 1524 3145 1572 ut
3177 1526 3232 1572 et
3266 1526 3435 1572 totum

1863 1612 2223 1671 consequatur
2249 1605 2535 1672 accipiens,
2564 1613 2619 1659 et
2645 1606 2734 1674 qui
2764 1606 2971 1659 dederit
3009 1608 3081 1660 nil
3122 1608 3353 1673 amittat,
3386 1610 3436 1661 in

1868 1694 2081 1748 modum
2109 1694 2340 1748 lucerna
2368 1694 2619 1759 ardentis,
2651 1710 2769 1763 qua:
2794 1704 2851 1751 et
2877 1695 3143 1750 flammam
3168 1713 3317 1752 suam
3346 1702 3439 1752 ad-

1799 1819 1841 1876 B
1868 1787 2039 1876 motis,
2062 1786 2163 1841 sibi
2203 1785 2535 1876 lampadibus
2571 1794 2810 1855 praestat,
2851 1796 2905 1841 et
2946 1788 3059 1857 ipsa
3099 1788 3441 1844 nihilominus

1869 1876 1985 1928 sine
2014 1875 2211 1929 damno
2242 1875 2421 1929 traditi
2447 1877 2660 1930 luminis
2689 1887 3012 1946 perseverat.
3043 1879 3192 1943 Novi,
3228 1879 3440 1943 fratres,

1871 1964 1994 2019 novi
2043 1964 2279 2020 miraculi
2328 1980 2414 2021 res
2454 1975 2555 2031 est,
2597 1983 2715 2037 qua:
2744 1968 2943 2023 habeas
2981 1968 3126 2035 dare,
3168 1977 3221 2031 et
3256 1972 3445 2025 eadem

1870 2054 2046 2107 dando
2075 2070 2181 2108 non
2211 2056 2490 2122 amittere;
2524 2066 2693 2110 totum
2733 2058 3123 2125 transfundere,
3159 2068 3215 2113 et
3242 2061 3445 2115 nullum

1870 2145 2069 2199 sentire
2089 2144 2379 2199 defectum.
2402 2145 2626 2215 Propter
2644 2147 2784 2214 quod
2805 2148 3143 2203 beatissimus
3153 2149 3447 2219 Cyprianus

1869 2242 2185 2288 cunctorum
2228 2243 2311 2290 est
2357 2235 2589 2290 fidelium
2634 2237 2922 2291 devotione
2957 2238 3326 2303 celebrandas,
3355 2240 3447 2308 qui

1873 2323 2144 2392 largiendo
2190 2324 2402 2394 populis
2446 2339 2563 2393 qua:
2614 2326 2863 2391 habebat,
2903 2342 2965 2381 ac
3011 2328 3292 2382 retinendo
3329 2344 3447 2397 qua:

1872 2412 2114 2476 dederat,
2160 2414 2481 2467 laudabilem
2524 2415 2687 2469 vitam
2728 2430 2880 2469 suam
2926 2425 2981 2471 et
3016 2417 3311 2472 clarissimo
3337 2434 3450 2472 ser~

1874 2519 2034 2558 mone
2063 2505 2272 2566 extulit,
2304 2513 2357 2559 et
2388 2506 2775 2574 preti’osissimo
2813 2510 3069 2577 sanguine
3096 2509 3450 2574 consecravit,

1874 2602 2137 2663 quatenus
2172 2595 2422 2649 universo
2467 2596 2583 2649 orbi
2630 2597 2903 2665 sequentis
2950 2596 3104 2650 Iidem
3145 2599 3315 2651 virtus
3355 2612 3452 2667 pa-

1850 2683 2059 2737 ‘tientis
2106 2685 2432 2738 ostenderet.
2485 2683 2800 2740 Rectissime
2837 2686 2903 2740 de
2945 2686 3049 2741 hoc
3093 2688 3288 2743 dicitur
3324 2689 3452 2744 illud

1879 2774 2184 2828 Davidicum
2218 2792 2231 2826 :
2268 2773 2338 2827 0s
2360 2776 2469 2845 ejus
2499 2774 2825 2829 meditabitur
2842 2777 3165 2843 sapientiam,
3199 2785 3248 2830 et
3274 2778 3453 2848 lingua

1877 2867 1987 2935 ejus
2023 2867 2257 2933 loquetur
2288 2866 2563 2935 judicium,
2591 2876 2637 2919 et
2665 2868 2750 2920 lea:
2777 2865 2873 2921 Dei
2900 2868 3010 2937 ejus
3040 2869 3091 2920 in
3114 2870 3271 2922 corde
3295 2870 3455 2938 ipsius

1882 2956 2053 3027 (Psal.
2089 2958 2291 3023 xxxvn).
2338 2956 2469 3010 Erat
2504 2958 2685 3025 utique
2724 2958 2774 3012 in
2814 2959 3141 3027 perfectione
3173 2959 3457 3014 sacerdotii

1880 3049 1996 3116 ejus
2024 3064 2119 3104 cor
2149 3057 2414 3115 sanctum,
2446 3064 2508 3104 os
2530 3050 2762 3119 sapiens;
2790 3050 3041 3105 terribilis
3070 3051 3317 3105 nimirum
3344 3061 3460 3106 erat

206 3145 365 3200 inter
404 3144 636 3215 repellit,
678 3142 947 3197 tristitiam
987 3141 1212 3195 maritus
1251 3139 1479 3207 abjurat,
1510 3146 1566 3191 et
1602 3134 1779 3189 dilecti
1808 3168 1853 3228 C
1883 3138 2136 3209 Cypriani
2162 3139 2359 3208 lingua,
2394 3154 2511 3208 qua:
2538 3151 2594 3193 et
2622 3140 2978 3209 integritatem
3008 3142 3259 3209 pectoris,
3290 3150 3345 3196 et
3373 3142 3460 3195 illa

207 3236 449 3306 conjugis
477 3234 647 3288 calcat
675 3248 811 3286 uxor
852 3230 1124 3286 allectum.
1156 3229 1310 3284 Cedit
1356 3240 1607 3294 namque,
1641 3224 1782 3279 cedit

210 3325 405 3381 terreni
437 3324 636 3379 amoris
674 3322 841 3388 calor,
872 3322 960 3376 ubi
988 3319 1275 3374 Christiani
1309 3328 1541 3371 mentem
1571 3314 1780 3367 ﬂamma

209 3418 398 3473 divina:
445 3415 684 3470 caritatis
725 3413 1046 3469 accenderit.
1092 3410 1205 3466 lloe
1242 3409 1481 3480 profecto
1510 3408 1631 3475 igne
1659 3420 1781 3459 suc-

210 3524 401 3563 census
431 3504 835 3560 ardentissimus
870 3503 1166 3573 Cyprianus
1202 3499 1561 3555 sacerdotium
1587 3497 1783 3549 vitam—

214 3613 312 3667 que
328 3613 489 3653 suam
518 3597 570 3650 in
600 3596 845 3665 passione
872 3593 1213 3663 contempsit,
1237 3600 1296 3646 ut
1319 3590 1429 3661 jam
1457 3604 1580 3644 eum
1609 3588 1786 3657 passio

214 3687 581 3756 gluriosiorem
610 3684 808 3740 Christi
845 3684 1097 3739 redderet
1132 3682 1484 3738 sacerdotem.
1517 3678 1653 3745 Quid
1683 3677 1788 3731 hoc

215 3774 637 3845 magniﬁcentius
675 3774 813 3841 viro,
843 3774 995 3842 cujus
1043 3787 1149 3828 non
1197 3771 1373 3825 minus
1407 3784 1550 3825 mors
1579 3776 1661 3823 est
1688 3765 1788 3820 ad-

216 3865 457 3922 miranda
487 3879 644 3934 quam
671 3864 811 3917 vita?
842 3862 961 3917 Fuit
988 3862 1131 3916 enim
1168 3863 1219 3917 ei
1258 3860 1401 3916 ﬁdeli
1442 3860 1495 3914 in
1540 3873 1789 3914 sermone

217 3957 503 4020 confessio,
529 3964 583 4010 et
605 3954 848 4009 mirabile
875 3954 927 4008 in
953 3952 1288 4009 confessione
1314 3952 1645 4023 martyrium.
1669 3949 1791 4004 Fuit

219 4047 269 4101 in
294 4062 363 4104 eo
390 4045 577 4103 cordis
603 4060 666 4100 ac
693 4044 883 4114 lingua:
921 4045 1145 4115 simplex
1172 4056 1465 4099 consensus
1505 4051 1668 4110 atque
1712 4042 1791 4096 in-

220 4137 382 4192 divisa
424 4137 685 4198 societas;
715 4149 837 4188 nam
866 4134 1119 4204 quidquid
1147 4134 1228 4189 ori
1258 4132 1375 4202 ejus
1409 4131 1590 4187 cordis
1628 4131 1793 4200 ipsius

221 4225 450 4297 Spiritus
496 4225 792 4289 intulisset,
840 4225 942 4279 hoc
985 4224 1192 4279 cunctis
1234 4222 1573 4278 audientibus
1606 4230 1793 4276 sancta

221 4317 332 4385 ejus
356 4318 538 4385 lingua
562 4315 820 4379 dictabat,
850 4321 909 4367 ut
936 4314 1012 4368 ait
1034 4313 1281 4368 Salvator
1310 4330 1323 4365 :
1353 4312 1523 4366 Bonus
1552 4313 1702 4366 homo
1730 4312 1795 4364 de

218 4410 349 4471 bona
372 4411 618 4464 thesauro
646 4408 815 4462 cordis
840 4408 920 4462 sui
946 4408 1142 4476 profert
1170 4406 1302 4459 bona
1332 4404 1407 4473 (Μ
1416 4405 1547 4458 ιιιιΙι.
1582 4404 1695 4469 xu).
1730 4402 1797 4457 Et

1883 3232 2266 3300 omnipotentis
2296 3231 2389 3284 Dei
2416 3232 2689 3286 tremenda
2714 3230 2911 3299 judicia
2940 3234 3285 3301 peccantibus
3314 3234 3461 3301 inge-

1884 3324 2055 3388 rebat,
2085 3322 2176 3391 qui
2205 3337 2263 3376 se
2290 3322 2362 3375 ita
2392 3330 2564 3376 totum
2608 3331 2793 3377 sancto
2820 3323 2873 3377 in
2902 3339 3149 3379 sermone
3188 3324 3459 3387 fundebat,

1885 3423 1946 3468 ut
1985 3415 2117 3468 nihil
2164 3414 2377 3484 penitus
2422 3414 2474 3467 in
2516 3422 2729 3469 secreto
2756 3414 2837 3468 sui
2867 3415 3103 3484 pectoris
3135 3415 3462 3483 relinqueret

1885 3506 2029 3575 quod
2077 3506 2288 3559 lateret.
2340 3504 2494 3559 Latet
2538 3514 2716 3558 autem
2755 3504 2894 3558 intra
2933 3506 3298 3574 semetipsum,
3333 3506 3462 3558 latet

1886 3598 2089 3666 peritus
2128 3597 2373 3664 quisque,
2424 3596 2521 3649 nisi
2570 3596 2882 3664 sapientiam
2934 3597 3093 3666 596
3131 3596 3305 3650 cordis
3347 3596 3462 3663 ejus

1886 3684 2041 3738 docta
2072 3684 2280 3738 dicendi
2329 3684 2503 3751 lingua
2543 3682 2855 3752 prodiderit.
2889 3682 3025 3749 Quid
3071 3699 3176 3736 non
3218 3684 3309 3738 illo
3346 3686 3463 3737 viro

1886 3775 2233 3845 praecipuum,
2264 3773 2389 3842 quid
2431 3789 2534 3826 non
2574 3773 2829 3837 mirabile,
2868 3773 2920 3826 in
2951 3772 3100 3841 cujus
3128 3788 3222 3827 ore
3249 3774 3463 3843 sapien-

1889 3866 1982 3929 tia,
2015 3866 2065 3918 iu
2096 3869 2246 3931 cujus
2272 3865 2449 3933 lingua
2476 3862 2749 3930 judicium,
2783 3863 2833 3915 in
2863 3862 3013 3929 cujus
3042 3862 3207 3918 corde
3234 3863 3320 3917 lex
3347 3863 3461 3925 Dei,

1888 3971 2007 4024 qua:
2037 3954 2255 4023 justitia:
2283 3962 2457 4007 mater
2495 3960 2577 4007 est
2609 3954 2988 4023 permanebat?
3019 3953 3127 4009 Nec
3155 3956 3348 4019 otiose,
3372 3971 3465 4010 ca-

1889 4047 2106 4107 rissimi,
2155 4060 2492 4115 consequens
2536 4046 2723 4113 psalmi
2769 4046 2935 4114 ipsius
2985 4046 3119 4100 ordo
3174 4049 3467 4112 subtexuit,

1891 4138 2112 4193 dicens:
2145 4136 2214 4188 Et
2253 4153 2355 4190 non
2394 4135 2861 4205 supplantabuntur
2900 4153 3103 4205 gressus
3142 4139 3253 4207 ejus
3296 4137 3467 4207 (Paul.

1893 4228 2095 4294 XXXVI).
2128 4226 2243 4281 Non
2272 4232 2397 4280 sunt
2419 4238 2603 4278 revera
2632 4221 2883 4293 Cypriani
2924 4224 3263 4292 supplautata
3302 4230 3469 4280 vesti-

1892 4317 1997 4384 gia,
2029 4317 2153 4386 quia
2183 4316 2236 4369 in
2265 4314 2381 4382 ejus
2409 4313 2570 4368 corde
2600 4313 2685 4367 lex
2722 4312 2817 4366 Dei
2856 4316 3017 4381 viget.
3061 4313 3160 4378 Qui
3201 4315 3251 4367 in
3282 4331 3377 4368 ore
3407 4331 3471 4369 ac

1894 4408 2070 4477 lingua
2100 4422 2195 4461 sua
2223 4407 2495 4461 cmlestem
2518 4405 2831 4474 sapientiam
2856 4402 3198 4474 divinumque
3213 4404 3469 4473 judicium

224 4501 338 4569 quis
376 4507 556 4569 potest
582 4499 781 4551 habere
818 4498 1014 4551 bonum
1043 4496 1256 4550 mortali
1296 4496 1347 4549 in
1385 4494 1547 4549 corde
1576 4494 1793 4548 thesau-
1822 4518 1873 4578 ι)
1898 4498 2201 4562 meditatur,
2234 4512 2446 4567 gressus
2473 4495 2589 4564 ejus
2623 4496 2825 4565 lapsum
2864 4496 3063 4550 sentire
3092 4512 3195 4550 non
3225 4508 3467 4566 possunt.

226 4606 358 4655 rum,
386 4590 493 4645 nisi
510 4589 661 4658 cujus
688 4598 874 4657 pectus
894 4587 1136 4641 Christus
1157 4586 1435 4649 inhabitat,
1461 4587 1597 4640 sicut
1617 4585 1797 4638 docuit

226 4680 637 4748 gloriosissimus
683 4677 896 4741 Paulus,
934 4677 1115 4731 dicens
1149 4695 1161 4729 :
1196 4676 1459 4729 Habemus
1505 4678 1797 4729 thesaurum

228 4775 376 4827 istum
402 4776 461 4827 iu
486 4774 620 4825 ausis
648 4771 906 4840 ﬁctilibus,
943 4780 998 4822 ut
1033 4770 1319 4823 sublimitas
1350 4770 1547 4823 virtutis
1582 4768 1677 4820 Dei
1708 4770 1793 4828 sit,

229 4874 273 4916 et
300 4881 403 4917 non
433 4878 498 4915 ex
526 4862 670 4917 nobis
703 4860 788 4933 (II
820 4861 933 4915 Cor.
974 4862 1138 4929 xvm).
1174 4860 1269 4914 llic
1295 4868 1396 4922 est,
1431 4860 1640 4924 fratres,
1671 4858 1797 4911 boni

229 4955 401 5009 cordis
432 4955 726 5017 thesaurus,
757 4953 846 5019 qui
876 4968 953 5006 set
973 4967 1151 5005 vorum
1182 4952 1275 5005 Dei
1305 4967 1366 5007 os
1392 4952 1592 5005 bonum
1622 4958 1676 5005 et
1706 4950 1799 5003 lin-

230 5061 383 5114 guam
423 5045 642 5100 divitem
688 5042 831 5098 facit.
883 5043 979 5097 llic
1016 5052 1097 5097 est
1135 5045 1417 5097 thesaurus
1451 5043 1600 5112 cujus
1626 5045 1800 5113 pretio

232 5136 404 5190 omnis
445 5135 611 5189 fidelis
656 5134 865 5188 beatam
906 5133 1003 5186 sibi
1035 5133 1263 5202 paradisi
1292 5133 1473 5187 sedem
1500 5144 1553 5186 et
1580 5148 1802 5202 regnum

228 5234 504 5280 mercatur
538 5232 813 5279 aeternum.
850 5222 966 5281 lloc
1005 5223 1254 5278 thesauro
1289 5224 1608 5278 venerabilis
1836 5204 1861 5217 ’

236 5316 536 5387 Cyprianus
578 5329 1007 5383 unumquemque
1044 5314 1349 5369 credentem
1388 5313 1591 5383 proﬂua
1622 5316 1809 5383 linguae

234 5422 344 5462 sua:
372 5406 622 5475 largitate
649 5405 855 5467 ditavit,
887 5406 1081 5459 nullam
1106 5414 1282 5471 tamen
1314 5406 1445 5475 ipse,
1467 5406 1590 5460 dum
1619 5408 1809 5473 legitur

236 5497 505 5559 innantibus,
537 5494 838 5551 divitiarum
880 5508 1096 5547 suarum
1141 5494 1377 5550 sentiens
1418 5504 1806 5566 paupertatem.

1900 4590 2004 4643 Aut
2039 4588 2184 4657 quod
2231 4590 2283 4642 in
2332 4588 2422 4642 illo
2463 4602 2694 4656 unquam
2742 4588 2949 4656 peccati
2998 4597 3224 4658 tempus,
3263 4589 3473 4657 quodve

1900 4690 2227 4735 momentum
2257 4680 2519 4734 diabolica
2548 4689 2723 4749 potest
2752 4682 2985 4750 reperire
3013 4683 3302 4752 subreptio,
3324 4684 3473 4751 cujus

1901 4788 1980 4837 os,
2012 4771 2164 4838 cujus
2193 4772 2369 4839 lingua
2398 4786 2496 4840 per
2523 4786 2683 4825 omne
2710 4773 2936 4840 spatium
2968 4774 3139 4826 noctis
3162 4789 3223 4826 ac
3252 4772 3359 4826 diei
3381 4791 3475 4828 v0-

1901 4864 2158 4916 luntatem
2204 4861 2299 4914 Dei
2342 4869 2398 4915 et
2441 4861 2583 4930 sapit
2627 4872 2681 4915 et
2726 4861 2977 4929 loquitur,
3018 4862 3305 4915 secundum
3349 4863 3476 4915 illud

1903 4953 2044 5023 quod
2073 4953 2271 5007 dictum
2302 4959 2384 5006 est
2413 4967 2442 5004 a
2473 4952 2733 5020 propheta
2764 4970 2775 5002 :
2811 4950 2876 5003 Et
2907 4954 2957 5004 in
2986 4952 3094 5021 lege
3120 4954 3233 5022 ejus
3258 4954 3476 5007 medita-

1906 5045 2039 5097 bitur
2066 5044 2148 5096 die
2174 5060 2235 5096 uc
2263 5054 2406 5096 nocte
2426 5042 2595 5112 (Psal.
2627 5044 2830 5111 xxvu)?
2858 5042 3088 5107 Credite,
3119 5043 3325 5109 fratres,
3352 5046 3477 5113 quia

1909 5150 2175 5204 nunquam
2204 5134 2340 5187 inter
2364 5133 2586 5187 adversa
2610 5133 2765 5200 hujus
2793 5133 2969 5187 smeuli
2995 5136 3351 5189 movebuntur
3381 5152 3477 5206 pe-

1908 5227 2003 5281 des
2022 5227 2158 5293 ejus,
2182 5226 2332 5293 cujus
2359 5232 2546 5294 pectus
2572 5240 2601 5277 a
2632 5224 2843 5278 tramite
2872 5240 3011 5278 vene
3040 5224 3160 5281 fidei
3191 5244 3295 5282 nou
3315 5227 3478 5282 decli-

1913 5326 2021 5372 nat.
2055 5315 2122 5369 Et
2157 5317 2278 5384 quia
2317 5315 2551 5368 omnium
2596 5314 2851 5367 virtutum
2901 5329 3096 5384 genera
3142 5317 3480 5375 beatissimus

1913 5408 2230 5478 Cyprianus,
2264 5414 2322 5459 ut
2347 5405 2614 5470 sacerdos,
2647 5414 2705 5459 ut
2726 5406 2919 5474 justus,
2960 5416 3019 5461 ut
3046 5410 3277 5479 sapiens,
3306 5412 3479 5481 possi-

1917 5498 2100 5563 debat,
2148 5497 2464 5551 inconcusso
2510 5495 2644 5570 pede
2694 5497 2994 5553 consistens
3045 5500 3245 5553 tuoveri
3294 5514 3389 5553 sua
3428 5500 3480 5554 in

310 5709 333 5735 ε
367 5697 592 5762 Vulgata
634 5714 646 5748 :
682 5694 898 5750 Meliora
940 5706 1056 5751 sunt
1103 5697 1308 5750 rulncra
1355 5696 1611 5763 diligentis
1652 5711 1806 5763 quam
1844 5694 2172 5757 fraudulenta
2203 5693 2375 5746 oscula
2404 5693 2637 5747 odientis.
