4054 6194
599 305 701 359 687
1816 312 1873 368 S.
1915 313 2157 370 MAXIMI
2198 314 2647 375 TAURINENSIS
3755 325 3855 380 688

596 421 848 491 passione
879 436 983 476 non
1022 423 1216 492 potuit.
1250 423 1316 478 Et
1346 425 1467 480 inde
1496 434 1578 481 est
1613 425 1759 494 quod
1797 428 1866 484 ab
1907 430 2054 484 omni
2084 445 2181 486 eo-
2206 437 2259 496 Α
2282 447 2384 488 nos
2410 432 2523 490 Deo
2550 433 2735 488 vivere
2762 441 2816 488 ct
2840 448 2940 504 pro
2968 433 3078 489 Deo
3110 434 3243 489 mori
3285 450 3391 490 non
3420 435 3594 493 solum
3622 453 3863 497 sermone

596 518 824 584 demque
868 516 1028 580 viro,’
1050 523 1105 570 et
1149 515 1464 574 inoffensam
1501 528 1647 574 recte
1676 520 1888 575 vivendi
1915 521 2177 589 regulam,

596 615 653 661 et
680 605 1024 663 fortissimum
1048 607 1287 679 martyrii
1312 616 1554 665 tenemus
1573 610 1901 680 exemplum.
1925 610 2020 666 Ille
2042 610 2184 666 enim

2289 523 2490 591 docuit,
2521 524 2613 582 sed
2638 532 2695 578 et
2722 538 2886 594 opere
2913 523 3273 579 confirmavit.

1916 701 2186 764 SERMO
2231 701 2548 763 LXXVII.

1829 801 1902 856 De
1940 802 2118 858 eodem
2148 804 2208 857 S.
2240 801 2502 873 Cypriane
2534 802 2563 857 I
2580 804 2637 856 γ.

2030 892 2421 948 ADMONITIO.

666 972 825 1061 lianc
846 975 1071 1061 legimus
1097 994 1401 1061 sermonem
1409 982 1483 1061 in
1511 983 1785 1061 codicibus
1814 982 2027 1061 Sancta}
2049 982 2237 1038 Crucis
2265 984 2317 1038 in
2339 983 2636 1061 Jerusalem
2659 984 2726 1039 90
2747 1003 2892 1041 num.
2916 987 2967 1051 8,
2992 997 3045 1041 et
3074 986 3146 1042 99
3172 1005 3317 1061 num.
3334 989 3439 1061 777,
3467 1000 3630 1061 atque
3655 993 3707 1047 in
3730 993 3855 1049 Lau-

595 1046 839 1127 rentiano
866 1063 901 1127 ξ
930 1046 1068 1103 Plut.
1101 1065 1191 1127 xr_v
1219 1065 1339 1127 pag.
1358 1052 1499 1127 ᾔει),
1522 1055 1695 1127 sancti
1714 1054 1932 1127 Μαιῆτιιί
1957 1054 2215 1127 adnotata
2239 1056 2476 1127 nomiiie.
2503 1055 2562 1109 In
2587 1056 2691 1110 hoc
2720 1068 2897 1111 autem
2929 1046 3204 1127 postremo
3222 1060 3408 1114 codice
3425 1046 3557 1127 posl
3568 1046 3864 1117 sermonem

592 1112 985 1198 illum_exstare
1012 1112 1268 1198 eumdem.
1285 1112 1534 1198 vidimus,
1561 1124 1717 1198 cujus
1745 1125 1953 1198 initium
1982 1131 2065 1178 est
2096 1142 2126 1198 _:_
2144 1124 2330 1198 sancti
2369 1123 2619 1198 Cypriani
2659 1112 2987 1198 festivitatém
3017 1112 3197 1198 (quem
3227 1112 3327 1183 nos
3354 1112 3866 1190 sentiant};

595 1182 1275 1269 lioipiliis_numeravimus)
1306 1208 1426 1247 cum
1450 1182 1804 1269 inscriptione
1823 1194 2129 1269 hujusmodi
2155 1211 2167 1246 :
2195 1192 2327 1269 tem
2347 1182 2638 1269 sequentia,
2659 1182 2915 1269 'couneaio
2940 1197 2990 1250 Μ
3000 1182 3183 1269 ᾱαῖἰῃιί.
3211 1182 3386 1265 Quare
3416 1182 3523 1254 non
3551 1182 3866 1258 isééiiiiniii

594 1252 812 1310 Gillotio
842 1255 983 1313 hunc
1008 1259 1179 1327 ipsum
1209 1252 1519 1317 sermonem
1549 1252 1739 1319 sancto
1768 1252 2052 1318 Ambrosio
2074 1264 2384 1331 ascribenli,
2415 1252 2546 1319 edit.
2579 1252 2748 1319 Paris.
2784 1265 2920 1319 1569
2946 1283 3072 1337 opp.
3103 1267 3160 1321 S.
3193 1252 3471 1334 Ᾰῖιιιιτοέέέ
3492 1252 3775 1326 ίὶιῦῐιῐξ

597 1369 984 1447 Ancunsnrun.
1024 1401 1096 1447 ῖ-
1134 1373 1262 1447 Cum
1310 1384 1521 1447 sanctus
1566 1374 1856 1447 Cyprianus
1892 1390 2076 1447 passus
2116 1374 2184 1447 sit

664 1448 892 1517 tempore
926 1443 1316 1517 vindemiarum,
1346 1443 1687 1517 impinguapit
1724 1445 1829 1517 illa,
1861 1443 1975 1517 nos,
2018 1445 2183 1515 inquit

667 1510 1032 1595 Maximuf,_et
1059 1514 1239 1595 re[ecit
1268 1510 1437 1595 musto
1474 1510 1714 1595 martyrii
1751 1516 1852 1569 sui.
1897 1513 1978 1568 De
2014 1510 2182 1568 musto

669 1582 805 1651 quod
832 1583 997 1651 reﬁcit
1040 1592 1091 1641 et
1116 1582 1338 1637 inebriat
1365 1582 1748 1649 Christianum;
1776 1602 1876 1651 quo
1901 1593 2069 1639 musto
2096 1600 2183 1637 re-

667 1651 791 1720 pleti
818 1654 1057 1734 apostoli,
1097 1653 1227 1708 ebrii
1255 1662 1304 1709 et
1339 1654 1518 1709 sobrii.
1562 1651 1838 1710 Nonnulla
1868 1654 1937 1709 de
1964 1671 2063 1710 uva
2092 1654 2184 1708 de—

669 1737 765 1786 que
784 1737 967 1792 spinis.

665 1835 803 1888 Ante
831 1834 947 1890 dies
971 1850 1094 1891 cum
1136 1836 1427 1915 beatissimi
1470 1838 1722 1910 martyris
1749 1836 2001 1909 Cypriani
2041 1836 2184 1892 cele-

597 1926 877 1981 braremus
929 1928 1163 1983 natalem
1187 1969 1204 1996 ,
1254 1929 1571 1986 suavissime
1616 1930 1669 1985 in
1724 1929 1843 1999 ejus
1893 1928 2185 1985 festivitate

594 2017 873 2086 jucundati
900 2035 1113 2087 sumus;
1135 2021 1261 2091 quia
1289 2037 1412 2077 cum
1439 2022 1545 2078 hoc
1563 2022 1953 2080 vindemiarum
1972 2023 2025 2077 in
2048 2029 2185 2078 tem—

595 2124 728 2178 pore
754 2124 945 2180 passus
972 2118 1076 2177 est,
1107 2121 1360 2181 tanquam
1389 2121 1446 2168 et
1475 2128 1574 2168 nos
1601 2113 1669 2170 de
1699 2113 1969 2170 vindemia
1996 2113 2185 2170 dulces

593 2213 649 2257 et
678 2204 856 2260 varios
882 2204 1086 2262 fructus
1121 2221 1190 2261 ex
1228 2204 1344 2275 ejus
1382 2207 1632 2277 passione
1658 2216 1683 2245 ι
1713 2207 2047 2277 collegimus.
2079 2206 2187 2262 Im-

596 2293 874 2363 pinguavit
900 2295 1042 2349 enim
1075 2310 1173 2351 nos
1200 2302 1255 2351 et
1275 2295 1464 2352 refecit
1491 2307 1670 2353 musto
1697 2298 1939 2369 martyrii
1966 2298 2070 2354 sui.
2092 2295 2187 2352 Est

594 2384 737 2439 enim
775 2392 1010 2439 mustum
1053 2384 1199 2454 quod
1234 2387 1413 2442 reiicit
1448 2396 1504 2442 et
1544 2387 1776 2443 inebriat
1799 2385 2182 2454 Christianum,

592 2473 688 2528 sed
717 2473 950 2530 ebrietas
979 2475 1069 2530 illa
1111 2478 1280 2547 magis
1316 2477 1556 2532 sobrium
1601 2475 1731 2531 facit
1761 2494 1776 2531 :
1805 2477 1898 2547 qui
1925 2478 2071 2533 enim
2103 2477 2188 2533 in-

592 2566 835 2647 ebriatur
865 2567 1070 2623 ctelesti
1096 2569 1292 2636 gratia,
1319 2569 1660 2624 exsobriatur
1687 2569 1899 2624 sarcina
1929 2578 2184 2640 peccato-

595 2672 736 2711 rum.
768 2655 885 2712 Hoc
914 2672 1144 2726 namque
1164 2667 1344 2715 musto
1364 2659 1557 2730 repleti
1578 2659 1748 2714 sancti
1773 2661 2023 2731 apostoli,
2046 2661 2188 2719 sicut

594 2748 672 2802 ait
698 2746 974 2819 Scriptura
1005 2749 1141 2820 (Act.
1182 2750 1264 2819 ιι).
1313 2750 1504 2806 alienis
1541 2750 1736 2820 linguis
1775 2751 1872 2806 Dei
1918 2753 2185 2821 magnalia

590 2836 971 2906 loquebantur.
1003 2838 1059 2893 In
1090 2856 1198 2909 quo
1228 2840 1369 2896 facto
1401 2842 1604 2910 pariter
1632 2842 1768 2896 ebrii
1791 2857 1913 2899 esse
1932 2842 2188 2898 videban-

591 2936 679 2980 tur
705 2936 763 2982 et
788 2928 987 2994 sobrii;
1016 2929 1153 2984 ebrii
1200 2931 1342 2983 enim
1390 2932 1547 3002 597
1580 2933 1928 3002 putabantur,
1958 2932 2104 3002 quod
2130 2933 2185 2988 in

551 3035 565 3054 δ
590 3018 657 3073 iis
686 3018 896 3087 loquela
927 3027 1122 3091 praeter
1156 3028 1404 3075 naturam
1447 3022 1554 3077 alte
1602 3024 1968 3093 personabat;
2017 3026 2185 3081 sobrii

591 3115 767 3168 erant.
810 3108 959 3179 quod
994 3109 1149 3179 juxta
1186 3113 1630 3168 consuetudinem
1663 3115 1860 3169 mentis
1891 3115 2060 3170 Deum
2087 3115 2185 3172 de-
2210 3163 2256 3187 η

592 3200 812 3255 votione
841 3200 1149 3256 laudabant.
1181 3200 1335 3268 Quod
1364 3203 1583 3275 quidem
1613 3219 1720 3259 non
1749 3205 1983 3261 elatione
2004 3206 2182 3276 aliqua

592 3300 682 3346 aut
710 3292 1042 3363 impudentia
1072 3295 1298 3364 contigit
1332 3304 1393 3350 ut
1417 3295 1519 3350 viri
1548 3296 1720 3351 sancti
1746 3297 2034 3367 peregrino
2060 3312 2167 3353 ser-

591 3401 749 3441 mone
776 3386 1143 3455 loquerentur,
1175 3389 1270 3443 sed
1300 3387 1636 3457 providentia
1658 3387 1962 3443 Divinitatis
1980 3388 2179 3444 factum

591 3490 699 3546 est;
733 3485 793 3534 ut
819 3481 943 3549 quia
991 3480 1060 3535 ad
1105 3480 1553 3550 magniticandum
1600 3481 1769 3537 Deum
1815 3498 1921 3535 una
1967 3482 2178 3552 loquela

590 3586 698 3625 non
744 3568 960 3635 sumcit,
992 3586 1091 3641 per
1119 3570 1298 3640 plures
1336 3570 1546 3640 linguas
1578 3571 1773 3626 mentis
1808 3569 2025 3626 devotio
2068 3571 2180 3626 sol-

590 3667 821 3715 veretur.
853 3659 1142 3716 Jucundati
1172 3661 1314 3717 enim
1357 3677 1560 3727 sumus,
1591 3661 1716 3733 quia
1757 3660 1828 3717 de
1873 3662 2027 3717 vinea
2067 3661 2179 3718 Do-

590 3750 718 3806 mini
744 3748 984 3806 Sabaoth
1016 3752 1247 3807 fructum
1286 3751 1593 3808 refectionis
1623 3753 1929 3823 accepimus
1968 3772 1981 3807 :
2014 3752 2180 3808 Vinea

589 3839 730 3895 enim
761 3838 974 3893 Domini
1004 3838 1236 3895 Sabaoth
1266 3840 1419 3912 (Isai.
1453 3840 1530 3913 v),
1561 3842 1701 3896 sicut
1727 3841 1856 3897 dicit
1889 3844 2177 3914 propheta,

590 3931 768 3984 domus
798 3928 968 3983 Israel
995 3939 1104 3994 est;
1134 3945 1255 3999 qua:
1281 3929 1473 3986 domus
1501 3947 1601 3986 nos
1627 3941 1832 3986 sumus.
1872 3931 2178 3988 Secundum

591 4020 748 4074 tidem
771 4021 916 4074 enim
944 4019 1198 4075 Israelita
1224 4035 1324 4076 nos
1352 4036 1563 4089 sumus;
1595 4022 1736 4078 unde
1777 4023 1909 4078 dicit
1941 4024 2176 4094 Aposto-

589 4113 671 4167 lus
702 4129 715 4165 :
750 4111 849 4177 Qui
886 4129 952 4168 ea:
989 4113 1095 4183 ﬁde
1120 4121 1259 4180 sunt,
1292 4113 1344 4167 In'
1371 4114 1470 4184 ﬁlii
1498 4123 1619 4169 sunt
1644 4114 1866 4170 Abraha:
1895 4113 2040 4183 (Gal.
2071 4116 2174 4188 In).

587 4204 852 4271 Quoniam
882 4205 1043 4274 igitur
1074 4220 1171 4260 nos
1196 4220 1382 4261 sumus
1424 4200 1607 4269 Israel,
1650 4206 1804 4261 vinea
1840 4205 2050 4261 Domini
2081 4223 2175 4264 su-

587 4311 707 4351 mus
736 4314 750 4349 :
776 4295 1055 4351 videamus
1075 4295 1359 4366 diligenter
1385 4311 1453 4351 ne
1474 4312 1543 4352 ex
1563 4296 1785 4366 palmite
1805 4298 1984 4367 operis
2004 4297 2176 4351 nostri

586 4404 694 4443 non
742 4397 995 4443 nascatur
1035 4386 1334 4442 dulcedinis
1374 4403 1499 4452 uva,
1541 4387 1635 4442 sed
1666 4386 1832 4454 fellis;
1870 4403 1940 4442 ne
1966 4386 2177 4443 dicatur

586 4479 742 4536 nobis
786 4476 932 4549 quod
978 4476 1177 4533 JUdiBIS
1214 4478 1413 4533 dictum
1451 4487 1534 4532 est
1565 4496 1577 4531 :
1611 4477 1869 4542 Sustinui,
1901 4486 1957 4530 ut
1982 4480 2175 4550 faceret

2282 1391 2451 1439 uvam,
2481 1377 2603 1446 fecit
2630 1385 2799 1430 autem
2827 1378 3037 1446 spinas;
3060 1394 3164 1432 non
3185 1380 3464 1450 justitiam,
3486 1381 3577 1434 sed
3601 1382 3873 1438 clamorem

2285 1462 2440 1533 (Isai.
2472 1471 2550 1531 v).
2582 1464 2753 1533 Quam
2778 1467 2911 1520 dura
2947 1468 3208 1533 conditio,
3238 1478 3297 1522 ut
3324 1471 3592 1540 possessio
3625 1487 3746 1541 qua:
3770 1473 3868 1528 Do-

2286 1555 2431 1611 mino
2462 1571 2562 1610 suo
2591 1557 2871 1610 suavitatis
2903 1557 3106 1612 fructus
3135 1558 3327 1613 allen-re
3356 1560 3566 1628 debuit,
3600 1564 3867 1631 spinarum

2285 1646 2433 1701 illum
2476 1648 2765 1717 asperitate
2804 1651 3201 1719 compunxerit,
3233 1650 3258 1688 ιι
3290 1651 3394 1705 hoc
3434 1662 3537 1716 est,
3580 1655 3867 1723 suscipere,

2285 1739 2561 1809 apinarum
2600 1756 2723 1794 cum
2767 1750 3163 1796 coronaverunt
3209 1742 3477 1812 passione.
3508 1744 3640 1811 Qua:
3676 1762 3868 1802 corona

2287 1832 2502 1901 quidem
2546 1840 2799 1901 quantum
2849 1834 2900 1887 in
2947 1831 3144 1890 Iudaeis
3189 1844 3292 1901 est,
3321 1844 3437 1890 erat
3476 1852 3679 1891 corona
3709 1839 3868 1892 virtu-

2287 1934 2421 1981 tum.
2468 1926 2619 1982 Unde
2661 1928 2739 1981 ait
2774 1926 3050 1997 Scriptura
3098 1937 3280 1982 sancta
3316 1946 3329 1981 :
3372 1928 3622 1983 Viderunt
3649 1931 3705 1984 in
3732 1948 3869 2002 quem

2284 2028 2693 2088 compunxerunt
2720 2016 2902 2087 (locu.
2951 2020 3084 2090 xxx).
3135 2020 3320 2087 Igitur,
3364 2019 3575 2086 fratres,
3603 2022 3785 2077 videte
3810 2041 3869 2079 ne

2284 2116 2341 2163 et
2364 2109 2517 2163 vobis
2545 2109 2756 2165 dicatur
2782 2127 2795 2162 :
2830 2108 3068 2164 Sustinui
3103 2117 3162 2164 ut
3189 2110 3388 2165 faceret
3412 2126 3591 2177 uvam,
3623 2111 3753 2168 fecit
3780 2128 3869 2167 au-

2286 2210 2395 2256 tem
2423 2202 2638 2271 spinas;
2674 2203 2840 2273 598
2882 2216 3017 2271 quas
3055 2201 3282 2257 Domino
3313 2200 3480 2258 Judaei
3509 2205 3751 2259 cruentis
3780 2206 3870 2260 im-

2286 2301 2583 2363 posuerunt
2610 2292 2877 2362 manibus,
2899 2310 2999 2349 nos
3027 2294 3224 2364 iniquis
3247 2295 3493 2350 sensibus
3511 2279 3867 2365 apponamus,

2286 2396 2343 2440 et
2369 2398 2793 2455 compungamus
2831 2400 2955 2440 eum
3001 2401 3109 2441 non
3157 2386 3449 2457 asperitate
3486 2388 3743 2454 sentium,
3780 2390 3869 2443 sed

2286 2492 2510 2547 operum
2538 2477 2822 2547 pravitate.
2851 2475 2988 2532 Sunt
3014 2478 3158 2532 enim
3184 2478 3351 2548 spinae
3378 2478 3577 2544 cordis,
3607 2494 3730 2548 quae
3758 2494 3871 2534 ver-

2245 2610 2263 2627 .
2285 2566 2413 2622 bum
2461 2566 2554 2621 Dei
2598 2567 2760 2622 etiam
2807 2566 3091 2621 vulnerare
3136 2577 3549 2636 consueverunt,
3577 2568 3646 2624 de
3680 2570 3870 2639 quibus

2287 2659 2530 2714 meminit
2556 2658 2611 2713 in
2641 2658 2932 2727 Evangelio
2963 2657 3180 2727 (Matth.
3229 2659 3343 2729 xm)
3377 2659 3627 2715 Salvator
3665 2660 3871 2730 dicens,

2285 2750 2600 2804 seminantis
2639 2763 2822 2803 semen
2864 2749 3123 2804 cecidisse
3162 2749 3304 2804 inter
3332 2751 3537 2820 spinas,
3564 2759 3621 2806 et
3641 2753 3871 2807 crevisse

2287 2857 2401 2907 eas,
2427 2849 2481 2896 et
2507 2839 2801 2896 sull‘ocasse
2824 2840 2969 2909 quod
2995 2850 3172 2895 satum
3210 2847 3312 2896 est.
3344 2841 3475 2908 Quae
3502 2850 3680 2897 autem
3707 2843 3872 2913 spina:

2285 2932 2415 2999 sint,
2446 2932 2559 3000 ipse
2588 2932 2954 3001 prosequitur,
2982 2931 3186 2997 dicens,
3227 2933 3413 3002 utique
3451 2947 3574 2987 esse
3609 2933 3872 2988 sollicitu-

2286 3023 2439 3079 dines
2467 3023 2783 3088 mundanas,
2806 3038 2924 3092 quzc
2951 3037 3071 3078 cum
3100 3031 3347 3077 crescunt
3376 3024 3428 3077 in
3458 3024 3620 3078 corde
3639 3024 3871 3079 hominis

2286 3118 2540 3172 mandata
2580 3117 2876 3171 Salvatoris
2916 3117 2969 3171 in
3015 3131 3081 3171 eo
3118 3114 3402 3171 suifocanl.
3433 3115 3564 3182 Quis
3599 3116 3748 3170 enim
3775 3132 3871 3170 un-

2286 3224 2446 3278 quam
2493 3208 2752 3262 snllicitus
2795 3208 2864 3262 de
2912 3207 3127 3266 mundo.
3160 3207 3334 3277 potuit
3372 3207 3631 3262 sollicitus
3657 3222 3783 3262 esse
3809 3207 3870 3261 de

2279 3299 2528 3353 Christo?
2551 3298 2680 3364 Quis
2705 3297 2829 3351 dum
2861 3298 3022 3351 lucris
3059 3297 3252 3353 domus
3277 3313 3388 3353 suae
3425 3299 3693 3367 providet,
3725 3298 3868 3353 utili-

2283 3390 2483 3444 tatibus
2513 3387 2764 3443 Ecclesite
2794 3388 2967 3458 potuit
2995 3388 3312 3458 providere?
3353 3387 3505 3443 Unde
3537 3390 3614 3443 ait
3639 3390 3868 3459 Aposto-

2280 3479 2363 3532 lus
2394 3496 2406 3531 :
2441 3477 2541 3543 Qui
2569 3479 2682 3532 sine
2706 3493 2869 3532 uxore
2907 3490 3003 3542 est,
3032 3479 3284 3532 sollicitus
3329 3489 3406 3533 est
3442 3495 3557 3551 quis
3600 3489 3727 3534 sunt
3765 3479 3869 3534 Do-

2278 3570 2425 3635 mini,
2457 3568 2709 3642 quomodo
2736 3568 2938 3639 placeat
2966 3568 3110 3634 Deo;
3138 3570 3223 3641 qui
3251 3579 3420 3624 autem
3448 3587 3565 3624 cum
3589 3586 3758 3626 uxore
3778 3581 3869 3635 est,

2276 3662 2527 3716 sollicitus
2555 3670 2633 3714 est
2659 3675 2773 3732 qua:
2810 3669 2928 3715 sunt
2971 3660 3173 3722 mundi,
3206 3660 3459 3733 quomodo
3491 3662 3696 3732 placeat
3720 3664 3869 3718 uxori

2281 3750 2335 3821 (1
2359 3749 2477 3805 Cor.
2509 3750 2628 3821 vn).
2655 3749 2814 3819 Ergo,
2847 3749 3062 3816 fratres,
3086 3751 3265 3807 videte
3290 3767 3359 3807 ne
3379 3752 3534 3807 vinea
3559 3763 3740 3809 vestra
3766 3770 3870 3809 non

2280 3857 2429 3907 uvas,
2457 3841 2547 3896 sed
2570 3842 2753 3912 spinas
2779 3841 2958 3905 faciat,
2984 3857 3052 3896 ne
3073 3841 3339 3897 Vindemia
3362 3850 3539 3904 vestra
3558 3859 3667 3899 non
3683 3845 3870 3899 vinum

2279 3931 2488 3995 all'erat,
2522 3931 2616 3985 sed
2645 3938 2876 3987 acetum.
2909 3930 3161 4000 Quisquis
3188 3932 3329 3987 enim
3366 3932 3691 3988 vindemiam
3720 3934 3869 4002 legit,

2278 4028 2334 4075 et
2362 4016 2687 4092 pauperibus
2717 4036 2826 4076 non
2855 4021 3097 4090 largitur,
3128 4022 3216 4076 ille
3252 4032 3463 4078 acetum
3505 4024 3736 4092 colligit,
3764 4040 3873 4080 non

2279 4104 2483 4166 vinum.
2534 4110 2787 4182 Quisquis
2835 4127 3037 4167 messes
3083 4113 3360 4181 recondit,
3406 4122 3463 4168 et
3509 4114 3873 4183 indigentibus

2280 4218 2388 4257 non
2432 4202 2718 4268 ministrat,
2753 4202 2854 4258 iste
2891 4217 2997 4257 non
3044 4202 3309 4257 alimonia:
3356 4201 3559 4259 fructus
3604 4205 3873 4274 reposuit,

2278 4291 2375 4348 sed
2405 4293 2629 4348 tribulos
2656 4293 2893 4347 avaritire
2920 4293 3293 4362 congregavit;
3324 4307 3446 4347 nam
3476 4300 3772 4364 propterea
3798 4295 3875 4348 ait

2277 4382 2552 4454 Scriptura
2580 4385 2648 4439 de
2670 4393 2812 4438 terra
2834 4392 3017 4439 nostra
3047 4401 3060 4437 :
3086 4382 3279 4454 Spinas
3302 4391 3353 4438 et
3373 4383 3586 4439 tribulos
3606 4385 3874 4456 germinu-

2279 4478 2351 4533 bit
2374 4477 2463 4533 tibi
2491 4477 2644 4551 (Gen.
2672 4476 2772 4548 ιιι).

1891 4589 2161 4651 SERMO
2203 4590 2557 4652 LXXVIII.

1578 4691 1656 4746 De
1684 4689 1849 4746 natali
1878 4700 2194 4757 sanctorum,
2227 4692 2487 4764 praecipue
2518 4690 2578 4749 S.
2610 4688 2876 4763 Cypriani.

2028 4780 2420 4836 ADMONITIO.

658 4879 846 4935 Exstat
871 4878 960 4934 hic
986 4889 1198 4948 quoque
1223 4890 1400 4948 sermo
1430 4874 1482 4928 in
1513 4874 2083 4948 codiceAmhrosiano
2109 4881 2297 4929 sancto
2318 4873 2553 4948 maxime
2575 4873 2881 4948 inscriptus,
2905 4880 3067 4948 atque
3092 4891 3124 4928 τι
3152 4873 3443 4948 Muratorio
3463 4874 3641 4930 editus
3665 4894 3680 4929 :
3706 4893 3872 4948 quem

582 4951 887 5020 discrepare
909 4964 940 5003 a
969 4942 1219 5003 sermone
1248 4946 1447 5001 tributo
1476 4954 1661 5000 sancto
1691 4944 1988 5013 Augustino
2015 4945 2068 4997 in
2090 4958 2286 4998 comm.
2321 4944 2539 5067 glurim.
2572 4942 2795 5015 martyr.
2826 4943 2978 4997 Rom.
3004 4942 3185 5009 Br:v.,
3210 4946 3252 4997 si
3284 4953 3570 5013 utrumque
3594 4942 3874 5012 conferas,

587 5020 745 5067 ulane
773 5034 1084 5067 connnsces.
1119 5015 1354 5067 Uternne
1384 5031 1413 5067 a
1444 5015 1697 5067 Maurinis
1725 5015 1777 5067 in
1806 5014 2103 5067 annendice
2130 5028 2291 5067 serm.
2368 5054 2380 5067 .
2408 5014 2630 5067 August.
2661 5015 2975 5067 collocatur.
3005 5012 3194 5067 Leonis
3219 5015 3426 5067 nomine
3451 5018 3509 5067 in
3536 5019 3743 5067 alienat
3762 5022 3874 5067 edi-

587 5020 745 5089 plane
760 5014 1084 5088 cognosces.
1119 5015 1354 5089 Uterque
1384 5031 1413 5069 a
1444 5015 1777 5089 Haurinisin
1806 5014 2103 5089 appendice
2129 5028 2291 5089 scrin.

2408 5014 2630 5081 August.
2661 5004 2975 5069 collocatur.
3005 5004 3194 5067 Leonis
3219 5015 3426 5068 nomine
3451 5004 3509 5069 in
3536 5019 3743 5081 aliquot
3762 5004 3877 5072 edi;

589 5081 1220 5166 tionibusantiquisidem
1245 5081 1421 5141 sermo
1449 5086 1617 5140 editus
1647 5081 1989 5166 {uia-necnon
2021 5085 2076 5137 in
2119 5081 2435 5166 [familiaria
2464 5083 2855 5166 Pauliﬁiacqpi
2881 5085 3121 5166 editionis
3148 5083 3581 5166 gap.
3614 5081 3787 5155 I696,
3818 5096 3878 5144 ut

586 5173 614 5211 a
648 5152 1413 5212 llalleriniis"animadversum
1461 5164 1544 5210 est
1585 5152 1718 5209 tom.
1762 5153 1784 5207 l
1824 5170 1950 5224 app.
1983 5154 2157 5209 sancti
2194 5152 2409 5224 Leonis,
2438 5167 2560 5224 pag.
2593 5152 2697 5207 ’587
2732 5153 2860 5224 edit.
2896 5153 3082 5208 Venet.
3103 5170 3201 5224 _an.
3234 5152 3389 5208 1755.
3427 5156 3494 5209 At
3522 5156 3575 5210 hi
3605 5173 3722 5212 non
3754 5152 3879 5214 esse

585 5227 754 5282 Leoni
776 5226 1112 5282 tribuendum
1133 5227 1461 5298 judicarunt.
1492 5225 1677 5294 Itaque
1703 5239 1829 5279 cum
1862 5222 1981 5279 non
2022 5231 2232 5279 tantum
2268 5224 2321 5278 in
2365 5222 2743 5291 Ambrosiano,
2768 5223 2865 5278 sed
2896 5224 3059 5278 etiam
3098 5222 3153 5278 in
3181 5224 3570 5285 Casinensibus
3588 5228 3879 5284 codicibus

662 5395 686 5456 ξι
716 5381 851 5456 god.
878 5381 947 5456 QQ
972 5382 1028 5456 S_.
1060 5382 1248 5456 Qrucis
1274 5384 1325 5439 in
1351 5384 1487 5456 .Ie_r.,
1514 5384 1820 5456 colligimus.

658 5454 686 5492 1³
717 5452 855 5508 Cod.
885 5451 953 5506 90
980 5452 1039 5507 S.
1066 5452 1255 5508 Crucis
1298 5456 1351 5508 in
1396 5452 1530 5519 Jer.,
1575 5451 1671 5509 hoc
1715 5464 1811 5519 est,
1842 5471 1957 5509 cum
1995 5454 2169 5511 Judaei

588 5525 854 5579 debuerint
900 5523 1224 5577 Salvatorem
1256 5524 1539 5595 devotione
1575 5526 1851 5595 suscipere,
1899 5526 2169 5595 spinarum

585 5612 701 5651 eum
729 5602 1098 5663 coronaverunt
1124 5594 1379 5663 passione.
1404 5595 1537 5648 Cod.
1561 5610 1694 5648 vero
1715 5594 1783 5646 99
1805 5592 1935 5648 item
1956 5592 2011 5648 S.
2036 5593 2171 5649 Cru-

585 5668 669 5723 cis
694 5667 744 5718 in
773 5662 1067 5718 Jerusalem
1103 5662 1131 5715 :'
1148 5664 1242 5716 hoc
1267 5673 1363 5724 est,
1386 5680 1503 5717 cum
1528 5663 1702 5718 Judaei
1727 5665 2052 5718 Salvatorem
2079 5664 2170 5717 de-

592 5738 790 5790 buerint
822 5747 926 5789 tota
950 5734 1054 5802 [ide
1081 5733 1441 5799 devotioneque
1472 5736 1747 5801 suscipere,
1773 5736 2032 5799 spinarum
2054 5750 2169 5787 eum

2199 5390 2250 5453 Β
2272 5395 2646 5461 coronaverunt
2685 5386 2948 5461 passione,
2985 5402 3101 5461 qua:
3127 5402 3318 5441 corona
3351 5387 3575 5461 quidem,
3612 5398 3880 5461 quantum

2274 5457 2331 5530 in
2351 5456 2550 5511 Iudicis
2573 5466 2668 5521 est,
2696 5466 2808 5510 erat
2834 5457 3149 5530 injuriarum
3171 5456 3506 5530 contumelia,
3534 5456 3803 5530 quantum
3822 5463 3882 5514 in

2277 5525 2502 5597 Domino
2529 5536 2642 5597 erat
2661 5542 2855 5580 corona
2875 5524 3135 5580 uirtutum.
3159 5524 3519 5597 Compungunt
3536 5524 3679 5581 enim
3694 5528 3884 5585 λειάσὶ

2275 5595 2578 5677 Dominum,
2606 5596 2727 5677 dum
2744 5605 3052 5677 “coronant;
3091 5595 3460 5669 compungunt,
3489 5598 3614 5651 dum
3649 5602 3885 5677 erud/5-

2276 5676 2419 5737 guut.
2458 5665 2607 5721 Unde
2632 5666 2709 5719 ait
2737 5664 3041 5736 Scriptura,
3068 5675 3175 5723 etc.
