4054 6194
219 367 250 417 Γ
241 369 320 421 νὸυ

1557 359 1788 414 SER-MO
1828 358 2070 415 LXXVII.

3365 367 3470 424 090

216 482 316 533 106
345 479 435 533 l'nI.
471 479 532 530 I9
561 495 592 532 a
623 487 793 543 tergo,
824 485 878 531 et
907 477 1004 529 I17
1035 474 1124 530 fol.
1155 475 1222 528 6i
1252 493 1279 528 a
1312 485 1483 545 tergo,
1517 493 1710 530 nomen
1741 476 1916 531 sancti
1942 475 2154 530 Maximi
2186 491 2294 545 prte
2336 492 2395 531 se
2435 477 2588 539 ferat,
2622 478 2745 533 huic
2773 478 2997 542 auctori,
3035 496 3136 532 non
3175 490 3349 534 autem
3381 497 3474 539 aut

215 550 656 620 Augustino,'aut
689 547 957 620 Leoni_,‘ut
983 549 1034 600 in
1065 547 1337 620 codicibus
1367 546 1620 620 Laurent.
1652 563 1668 620 i
1694 545 1849 620 Plut.
1869 545 2225 620 x1v_pag._51,
2251 546 2423 620 Vatic.
2450 548 2605 620 1267.
2631 548 2880 620 BasiI.S.
2908 547 3048 602 Petri
3084 550 3202 614 105,
3229 552 3471 620 legimus,

212 615 331 674 esse
360 618 754 689 attrihucmlum
784 617 1122 689 arbitramur.
1156 615 1286 668 Illud
1317 617 1804 689 animadvertimus,
1838 617 1892 670 in
1917 615 2001 671 his
2034 615 2305 673 codicibus
2346 617 2554 672 titulum
2583 619 2846 673 sermonis
2873 635 2991 674 esse
3019 615 3323 689 hujusmodi
3357 643 3368 676 :
3400 615 3475 678 ns

215 690 320 745 SS.
349 686 711 742 Innocentibus
728 703 745 751 ;
770 686 832 738 de
860 687 1033 739 natale
1060 697 1354 740 sanctorum
1387 685 1765 740 Innocentium.

217 802 794 884 ﬁsgéacuxnsuruu.
824 831 893 840 —-
917 798 1305 884 Lf‘artyres‘uon
1332 813 1498 878 ρωπίᾳ,
1521 797 1612 884 sed
1639 814 1796 878 causa
1825 800 1874 859 Α
1899 813 2006 866 qua
2035 798 2334 855 offeruntur
2357 801 2568 870 hostim,
2603 803 2656 858 in
2697 820 2800 874 qua
2832 807 3086 863 Dominus
3113 819 3192 864 est
3217 813 3471 867 sacerdos

266 868 719 942 ﬁrstiﬁcatJiecte
739 886 889 942 super
908 869 1350 942 altareyjustorum
1379 868 1567 942 animm
1597 869 1792 942 requie-

284 936 444 1004 scunt,
476 941 598 1012 quia
624 938 714 992 sub
745 936 910 1012 altare
943 936 1357 1012 Dentiui_corpus
1386 936 1624 1012 offertur.
1649 936 1795 1012 Inter

281 1005 498 1064 cwteros‘
519 1010 611 1062 sub
635 1025 728 1060 ara
778 1007 868 1060 Dei
900 1017 1109 1060 sanctus
1138 1005 1425 1076 Cyprianus
1452 1007 1667 1068 assistit,
1689 1006 1794 1076 qui

281 1079 532 1149 martyrio
560 1080 855 1149 perfunctus
880 1079 936 1131 in
962 1076 1250 1130 sacerdotio
1277 1092 1386 1145 pra:
1417 1078 1614 1129 cwteris
1643 1075 1793 1146 plura

285 1150 608 1220 conscripsit.

283 1259 740 1327 Quotiescunque,
779 1259 991 1324 li'atres,
1028 1264 1333 1312 sanctorum
1367 1265 1390 1293 ι
1419 1255 1668 1326 martytia
1699 1270 1790 1310 ce-

215 1352 504 1414 lebramus,
535 1350 700 1405 toties
721 1349 903 1403 laudes
928 1348 1223 1403 Salvatoris
1245 1346 1271 1386 δ
1294 1348 1547 1414 dicimus;
1577 1356 1633 1402 et
1659 1363 1797 1416 quo-

213 1444 314 1497 ties
361 1459 546 1497 eorum
576 1441 863 1497 asserimus
890 1441 1214 1509 passionem,
1246 1441 1407 1495 toties
1445 1440 1640 1495 Christi
1679 1439 1795 1508 glo-

214 1536 348 1588 riam
378 1532 744 1603 przedicamus.
791 1531 906 1586 Non
945 1531 1086 1584 enim
1133 1531 1453 1601 suspicimus
1479 1530 1622 1601 quod
1652 1531 1793 1599 passi

212 1633 357 1689 sunt,
388 1623 480 1679 sed
509 1631 732 1694 propter
760 1637 917 1690 quem
941 1621 1079 1690 passi
1110 1629 1236 1674 sunt
1259 1620 1602 1674 admiramur.
1632 1619 1796 1686 Igitur

214 1732 319 1769 non
352 1730 507 1784 poma
537 1715 591 1768 in
619 1713 795 1779 laude,
826 1713 919 1767 sed
950 1711 1079 1767 ﬁdes
1112 1723 1132 1749 ο
1161 1711 1211 1766 in
1241 1713 1465 1766 honore.
1493 1711 1793 1779 Magniﬁca-

214 1824 332 1861 mus
378 1821 506 1875 ergo
551 1814 812 1877 martyres
843 1805 865 1839 ά
900 1820 1006 1858 non
1035 1805 1157 1874 quia
1199 1805 1448 1872 gravibus
1481 1803 1795 1870 subjacuere

211 1897 504 1967 suppliciis,
536 1896 628 1951 sed
657 1896 779 1966 quia
815 1896 1031 1962 justitiua
1059 1911 1218 1949 causa
1268 1895 1453 1948 eadem
1495 1894 1794 1946 toleravere

212 1989 492 2058 supplicia.
524 1987 654 2041 Nam
686 1987 942 2057 plurimos
971 1986 1350 2041 sceleratorum
1374 1983 1585 2053 pejores
1609 1998 1793 2053 poenas

212 2080 439 2133 vidimus
482 2093 600 2132 esse
649 2092 953 2148 perpessos,
983 2076 1074 2130 sed
1118 2075 1245 2129 nihil
1283 2076 1361 2129 eis
1394 2083 1637 2144 prosunt,
1667 2074 1790 2142 quia

1893 892 2032 946 sicut
2059 893 2315 962 scriptum
2345 901 2428 947 est
2451 912 2463 946 :
2492 894 2564 947 Tu
2593 913 2646 949 es
2670 898 2910 952 sacerdos
2937 901 2988 952 in
3020 910 3264 955 aeternum
3285 919 3470 956 secun-

1894 985 2014 1041 dum
2041 988 2271 1042 ordinem
2299 987 2670 1043 Melchisedech
2692 990 2861 1060 (Psat.
2885 993 3014 1060 cxx).
3040 993 3205 1050 Recte
3225 1011 3352 1063 ergo
3373 997 3473 1051 sub

1893 1094 1988 1133 ara
2024 1087 2289 1150 martyres
2317 1080 2667 1141 collocantur,
2698 1083 2822 1150 quia
2851 1099 3014 1152 super
3049 1100 3196 1138 aram
3228 1087 3472 1141 Christus

1893 1171 2203 1241 imponitur.
2235 1171 2402 1226 Recte
2439 1173 2538 1226 sub
2567 1173 2734 1228 altare
2758 1173 3023 1242 iustorum
3052 1177 3239 1232 animae
3261 1181 3472 1248 requie-

1893 1269 2070 1328 scunt,
2099 1262 2221 1330 quia
2251 1278 2412 1331 super
2436 1263 2604 1338 altare
2627 1263 2835 1319 Domini
2859 1282 3052 1336 corpus
3072 1267 3312 1323 offertur.
3331 1271 3346 1302 ¹
3366 1270 3474 1324 Nec

1894 1354 2162 1407 immerito
2191 1353 2296 1406 illic
2324 1369 2422 1422 pro
2455 1351 2469 1390 ί
2497 1353 2656 1422 justis
2681 1354 2914 1410 vindicta
2940 1358 3212 1424 sanguinis
3240 1360 3474 1428 postula-

1895 1451 2001 1509 tur,
2030 1444 2120 1498 ubi
2146 1444 2303 1498 etiam
2330 1459 2428 1511 pro
2457 1445 2832 1513 peccatoribus
2852 1446 3048 1502 Christi
3071 1451 3284 1517 sanguis
3306 1450 3476 1505 eliun-

1893 1537 2056 1592 ditur.
2087 1537 2481 1591 Convenienter
2508 1537 2686 1605 igitur,
2716 1546 2771 1592 et
2795 1540 2946 1607 quasi
2969 1556 3066 1609 pro
3086 1543 3316 1609 quodam
3345 1560 3474 1599 con—

1893 1629 2062 1684 sortio
2090 1629 2162 1683 ibi
2189 1629 2512 1700 martyribus
2549 1630 2821 1699 sepultura
2849 1631 3063 1686 decreta
3088 1640 3190 1700 est,
3216 1635 3303 1689 ubi
3331 1652 3475 1691 ηιοη

1895 1721 2106 1775 Domini
2133 1721 2372 1790 quotidie
2401 1722 2726 1790 celebratur,
2767 1724 2902 1779 sicut
2940 1725 3052 1793 ipse
3081 1727 3156 1780 ait
3187 1745 3200 1780 :
3235 1727 3460 1791 Quoties-

1893 1827 2088 1883 cunque
2142 1813 2250 1866 htec
2292 1814 2553 1883 feceritis,
2593 1822 2808 1867 mortem
2857 1832 3022 1869 meam
3078 1820 3471 1884 annuntiabitis,

1895 1903 2056 1956 donec
2079 1905 2279 1956 veniam
2303 1901 2356 1973 (Ι
2377 1903 2495 1956 Cor.
2527 1902 2623 1972 χι).
2649 1903 2867 1960 Scilicet
2895 1914 2954 1960 ut
2975 1907 3066 1974 qui
3091 1918 3308 1978 propter
3331 1926 3474 1966 mor-

1896 2001 2004 2048 tem
2047 1993 2161 2062 ejus
2205 1994 2403 2048 mortui
2435 1993 2667 2062 fuerunt,
2714 1998 3034 2051 sacramenti
3067 1998 3181 2067 ejus
3223 2004 3475 2071 mysterio

1894 2084 2192 2153 quiescant.
2241 2083 2356 2138 Non
2409 2084 2701 2152 immerito,
2733 2086 2970 2155 inquam,
3013 2090 3158 2143 velut
3203 2095 3475 2150 consortio

212 2182 474 2242 martyres
494 2186 651 2224 causa
674 2168 950 2238 justiﬁcat,
976 2178 999 2206 ε
1023 2167 1314 2222 sceleratos
1341 2165 1667 2221 conscientia
1694 2181 1788 2218 sua
1825 2169 1866 2228 Β
1891 2175 2124 2244 quodam
2157 2174 2171 2226 ί
2220 2175 2327 2230 illic
2371 2177 2537 2231 occisi
2585 2185 2669 2231 εει
2715 2179 2945 2231 tumulus
2992 2182 3338 2246 constitutus,
3384 2184 3473 2238 ubi

169 2319 176 2326 _
211 2266 452 2315 danmat.
495 2261 715 2316 Summo
758 2260 918 2327 igitur
947 2268 1001 2312 et
1029 2260 1295 2329 pnecipuo
1325 2259 1442 2312 loco
1477 2265 1696 2326 propter
1725 2257 1787 2307 li-

211 2353 330 2404 dem
358 2351 582 2406 habendi
602 2359 726 2405 sunt
749 2350 888 2404 beati
913 2359 1192 2421 martyres.
1217 2349 1402 2404 Videte
1431 2356 1607 2402 autem
1630 2363 1788 2416 quem

215 2443 233 2478 ί
267 2443 428 2496 iidem
477 2444 650 2498 locum
699 2442 842 2512 apud
893 2443 1136 2496 homines
1173 2450 1496 2507 mereantur,
1529 2441 1616 2512 qui
1649 2440 1791 2510 apud

211 2535 380 2588 Deum
409 2534 582 2589 locum
614 2542 639 2580 ε
668 2534 766 2589 sub
795 2534 960 2587 altare
990 2541 1316 2588 meruerunt.
1351 2533 1488 2587 Dicit
1519 2534 1662 2588 enim
1699 2548 1788 2586 sa-

209 2645 294 2681 cra
346 2626 619 2697 Scriptura
653 2646 666 2680 :
703 2627 822 2680 I’idi
846 2625 872 2663 δ
897 2627 1072 2680 subtus
1101 2643 1246 2680 aram
1291 2624 1400 2679 Dei‘
1423 2627 1623 2679 animas
1650 2627 1787 2679 occi-

209 2735 384 2770 sarum
406 2727 613 2788 propter
634 2718 834 2772 verbum
855 2716 971 2782 Dei,
993 2725 1042 2771 et
1062 2727 1268 2788 propter
1291 2716 1634 2770 testimonium
1656 2715 1792 2788 quod

209 2806 485 2866 habebant.
532 2816 581 2861 et
622 2807 966 2861 clamauerunt
997 2807 1179 2877 (Apoc.
1209 2806 1306 2877 v1),
1338 2815 1392 2860 et
1426 2807 1648 2874 reliqua.
1683 2805 1790 2860 Sub

210 2915 324 2958 mw,
355 2897 546 2966 inquit,
577 2897 674 2952 Dei
702 2899 904 2952 animas
933 2899 1236 2952 occisorum.
1269 2896 1407 2964 Quid
1431 2898 1789 2963 reverentius,

212 2988 337 3054 qud
385 2988 750 3044 honorabilius
787 2989 891 3043 dici
927 2996 1126 3058 potest,
1170 2989 1331 3058 600
1358 3003 1516 3056 quam
1559 2989 1658 3042 sub
1701 2989 1790 3043 illa

212 3097 299 3134 ara
333 3082 673 3151 requiescere
702 3081 754 3135 in
781 3096 885 3152 qua
917 3081 1024 3135 Deo
1047 3078 1363 3135 sacriﬁcium
1392 3080 1712 3144 celebratur,
1736 3081 1790 3136 in

282 3223 308 3250 ι
351 3211 484 3266 Cod.
515 3211 774 3266 Vallicell.
805 3210 852 3265 A
880 3209 966 3278 10,
1005 3217 1299 3264 sanctorum
1334 3218 1618 3281 martyrum
1657 3210 1793 3264 cele-

213 3285 423 3338 bramus
451 3283 605 3334 diem.

282 3354 306 3391 δ
344 3351 514 3406 Codd.
550 3351 664 3404 Vat.
692 3350 826 3404 1267
853 3360 909 3406 et
935 3350 1123 3405 VaIIic.
1157 3350 1199 3404 A
1232 3349 1316 3415 10,
1338 3351 1601 3404 edicimus.

286 3436 307 3458 ε
344 3421 476 3475 Cod.
507 3422 563 3474 8.
598 3421 739 3475 Petri
771 3420 871 3474 105
899 3423 958 3486 (ἒ,
987 3422 1076 3475 sed
1102 3421 1231 3490 fides
1260 3432 1337 3474 est
1363 3422 1419 3474 in
1448 3421 1670 3474 homine.

282 3491 306 3529 ἀ
345 3491 474 3546 Cod.
507 3490 767 3546 Vallicell.
800 3493 845 3544 Α
875 3490 960 3555 10,
991 3490 1390 3562 Magniﬁcamus
1427 3507 1546 3561 ergo
1593 3498 1791 3562 marty-

215 3579 310 3622 res.
362 3562 452 3615 sed
487 3564 741 3631 prtecipue
766 3562 882 3616 illos
917 3564 1000 3632 qui
1042 3559 1282 3632 nascente
1309 3559 1511 3615 Christo
1533 3561 1795 3632 adreyna

1893 2265 2178 2320 occisionis
2207 2266 2487 2321 dominica:
2521 2268 2759 2322 membra
2789 2259 3077 2337 ponuntur,
3111 2278 3170 2324 ut
3193 2288 3328 2340 quos
3351 2290 3474 2328 cum

1893 2356 2108 2411 Christo
2129 2356 2287 2412 unius
2313 2357 2578 2426 passionis
2597 2373 2756 2413 causa
2779 2358 3112 2425 devinxerat,
3136 2361 3291 2417 unius
3312 2364 3473 2418 etiam

1896 2449 1998 2502 loci
2025 2448 2212 2518 religio
2240 2448 2517 2518 copularet
2543 2447 2590 2503 ι.
2617 2449 2865 2519 Legimus
2899 2451 3182 2522 plerosque
3205 2454 3472 2523 iustorum

1895 2537 2122 2592 Abrahze
2149 2539 2352 2594 sinibus
2379 2538 2630 2604 refoveri,
2657 2541 2942 2597 nonnullos
2978 2529 3210 2612 paradisi
3247 2546 3474 2601 alumni.

1896 2637 2007 2683 tate
2040 2627 2057 2668 ι
2090 2630 2296 2694 lactari)
2331 2645 2488 2684 nemo
2530 2637 2706 2685 tamen
2757 2632 2946 2686 melius
2984 2642 3179 2702 praeter
3214 2645 3475 2706 martyres

1896 2720 2121 2784 meruit;
2153 2721 2254 2774 hoc
2280 2728 2362 2776 est
2392 2731 2429 2756 ω
2458 2721 2813 2790 requiescere,
2842 2724 2929 2778 ubi
2958 2732 3012 2778 et
3039 2725 3211 2780 hostia
3231 2726 3475 2782 Christus

1895 2819 1978 2864 est
2005 2819 2060 2864 et
2087 2811 2356 2866 sacerdos.
2389 2809 2607 2867 Scilicet
2627 2818 2685 2867 ut
2711 2821 2766 2867 et
2792 2814 3221 2884 propitiationem
3243 2815 3310 2871 de
3325 2818 3475 2872 ohla-

1897 2900 2046 2954 tione
2082 2900 2270 2954 hostiae
2307 2910 2726 2971 consequantur,
2754 2911 2811 2958 et
2837 2903 3262 2960 benedictionem
3291 2915 3318 2942 τι
3348 2923 3474 2976 per-

1898 2991 2330 3061 functionemque
2369 2993 2664 3049 sacerdotis
2688 3003 2714 3030 ο
2744 2995 3031 3064 excipiant.
3071 2996 3216 3052 Inter
3251 3006 3476 3052 «cteros

1895 3081 2057 3152 igitur
2085 3093 2350 3156 martyres
2375 3099 2512 3154 quos
2539 3084 2638 3140 sub
2679 3099 2770 3140 ara
2800 3085 2896 3141 Dei
2925 3095 2951 3136 Ρ
2985 3087 3278 3143 consistere
3315 3089 3473 3159 θοι

1897 3213 2226 3276 requiescere.

1966 3290 1991 3316 ιι
2022 3281 2157 3360 God.
2191 3281 2322 3360 Vat._
2347 3280 2480 3360 1‘267
2508 3290 2564 3336 et
2590 3281 2647 3335 8.
2679 3281 2823 3336 Petri
2851 3282 2951 3335 106
2973 3283 3032 3348 C,
3065 3285 3476 3360 functiouemqne

1901 3352 2180 3405 sacerdotis
2215 3353 2493 3421 accipiant.
2677 3395 2679 3397 .

1970 3431 1994 3457 ο
2023 3421 2158 3476 Cod.
2186 3421 2462 3485 Laurent.,
2493 3421 2767 3490 accipiant.

1970 3502 1997 3540 ιι
2025 3491 2080 3545 In
2111 3491 2266 3546 codd.
2302 3490 2552 3545 Laurent.
2586 3507 2711 3545 mox
2731 3493 2844 3546 citt.
2878 3495 3017 3546 nulla
3062 3493 3119 3546 lit
3167 3495 3367 3550 mentio
3408 3496 3473 3549 de

1897 3560 1954 3615 8.
1987 3561 2274 3632 Cypriane,
2303 3561 2396 3614 sed
2425 3563 2582 3614 ambo
2607 3577 2908 3615 sermonem
2940 3563 3232 3617 adnectunt
3261 3575 3474 3617 sancto-

233 3618 759 3703 terpetuw'feliciiatis
789 3618 1138 3703 pervenerunt.
1163 3630 1296 3703 Cod.
1325 3639 1502 3703 autem
1533 3618 1791 3683 Vallit-"ell.
1824 3618 1868 3681 C
1899 3618 2440 3703 rilllt'l'nnocenliutn,
2475 3640 2533 3703 ut
2576 3633 2816 3699 sequitur
2849 3651 2860 3684 :
2896 3632 3188 3686 Consistere
3223 3636 3474 3703 pra'dica-

237 3705 254 3753 ι
283 3699 316 3754 5
349 3701 640 3754 concordat
686 3702 736 3756 in
781 3699 1017 3770 reliquis,
1050 3701 1143 3754 sed
1179 3701 1351 3754 solum
1381 3699 1528 3754 addit
1558 3710 1795 3752 nascente

217 3773 446 3832 Christo,
469 3774 520 3823 in
547 3772 657 3838 ipso
687 3772 919 3832 e.rordio,
951 3771 1144 3825 deinde
1171 3773 1332 3824 videte
1360 3779 1547 3835 autent,
1580 3782 1685 3825 etc.

287 3854 310 3878 ο
347 3841 484 3895 Cod.
523 3841 642 3894 Vat.
676 3841 830 3901 1265,
859 3842 1114 3894 scrlestos.

290 3913 307 3946 τ
344 3911 481 3964 Cod.
515 3911 571 3963 8.
607 3911 748 3965 I’etri
785 3910 942 3963 1050
967 3911 1165 3963 omittit
1192 3909 1366 3964 iidem.

286 3994 310 4029 ς
335 3981 472 4034 Cod.
505 3981 764 4035 Vallicell.
793 3981 834 4034 Α
872 3982 953 4048 Ill,
983 3980 1072 4033 sub
1103 3982 1312 4034 altario.

287 4051 310 4089 δ
343 4049 514 4104 Codd.
567 4052 622 4106 S.
674 4048 814 4104 Petri
865 4049 964 4104 105
1011 4050 1050 4104 C
1101 4059 1155 4103 et
1203 4051 1324 4104 Vat.
1375 4049 1526 4108 H67,
1571 4050 1662 4101 sub
1703 4066 1796 4102 ara

219 4121 333 4184 Dei,
363 4130 500 4187 etc.,
530 4129 578 4174 et
606 4122 916 4174 clamabant.
949 4121 1080 4174 Cod.
1113 4120 1369 4174 Vallicell.
1401 4118 1447 4172 A
1474 4119 1557 4182 10,
1591 4118 1682 4172 sub
1721 4120 1801 4170 al-

219 4203 327 4245 tare
369 4191 486 4244 Dei.
519 4190 661 4244 Idem
688 4191 810 4246 cod.
844 4191 1027 4245 Vallic.
1061 4190 1101 4242 Β
1131 4189 1183 4254 5,
1215 4199 1263 4243 et
1290 4188 1581 4242 clamabant
1611 4205 1626 4241 :
1667 4188 1797 4240 Vino

219 4265 355 4325 dica,
393 4261 629 4324 Domine,
665 4262 966 4331 sanguinem
1010 4269 1262 4325 nostrum,
1293 4261 1379 4331 qui
1412 4276 1504 4330 pro
1533 4269 1580 4312 te
1608 4258 1799 4327 effusus

218 4341 291 4383 (sl
318 4350 474 4400 super
499 4341 708 4384 (errant.
734 4332 839 4384 Sub
871 4348 985 4394 ara,
1016 4339 1120 4400 e_tc.

296 4402 309 4438 ί
343 4397 514 4456 Codd.
543 4401 658 4453 Vat.
694 4400 828 4453 1267
857 4409 909 4453 et
944 4400 1000 4454 S.
1034 4398 1179 4454 Petri
1216 4398 1318 4456 105
1363 4397 1426 4466 C,
1468 4398 1598 4468 justi
1635 4398 1801 4451 vindi-

220 4483 357 4524 ctam
380 4472 650 4541 sanguinis
680 4471 958 4541 postulant.

293 4545 308 4591 i
349 4538 550 4596 CodI-i
587 4541 642 4594 S.
675 4538 858 4594 Crucis
886 4540 1077 4594 Minor.
1107 4539 1158 4593 in
1183 4538 1460 4604 I.aurent.,
1489 4538 1594 4592 illic
1621 4539 1801 4591 occisis

219 4621 268 4663 et
298 4612 520 4664 tumulus
568 4612 910 4671 constituitur,
951 4609 1054 4672 ubi,
1102 4617 1204 4663 etc.
1251 4610 1380 4662 Item
1419 4609 1538 4663 cod.
1571 4624 1586 4661 ι
1619 4607 1798 4671 Laur.;

221 4678 356 4734 Cod.
402 4696 530 4734 vero
570 4680 625 4734 S.
659 4679 800 4734 Petri
842 4678 945 4731 502
980 4679 1042 4745 C,
1089 4677 1210 4732 Non
1257 4681 1530 4743 immerito,
1574 4678 1799 4746 inquam,

223 4752 538 4804 consortium
565 4751 819 4821 quoddam
847 4749 952 4803 illis
981 4751 1162 4804 occisis
1197 4758 1248 4802 et
1289 4749 1507 4802 tumulus
1537 4748 1804 4800 constitui-

224 4830 326 4880 tur,
363 4829 472 4874 etc.

297 4889 319 4926 ⁸
348 4889 483 4944 Cod.
515 4889 773 4944 VaIIicelI.
803 4889 861 4942 Β.
897 4886 929 4940 5
957 4897 1076 4957 post
1100 4903 1285 4941 vocem
1314 4887 1574 4957 copularet
1590 4884 1760 4957 habet
1787 4902 1800 4937 :

222 4961 298 5040 sic
327 4959 560 5041 Christus
589 4963 660 5012 ait
686 4976 703 5014 :
729 4959 908 5048 'Pater,
933 4955 1054 5048 volo.
1082 4967 1135 5010 ut
1164 4959 1247 5010 ubi
1275 4955 1532 5048 ego—sunt,
1559 4955 1627 5048 ibi
1661 4956 1728 5048 s‘it
1757 4964 1804 5048 et
1836 4988 1884 5048 υ

225 5031 462 5099 minister
509 5047 668 5083 meus.
722 5029 958 5099 Legimus
1001 5024 1444 5098 plerosquefelc.
1493 5025 1627 5081 Cod.
1680 5024 1797 5078 Vat.

231 5098 390 5169 I267,
419 5098 655 5169 Legimus
683 5098 838 5153 enim.

304 5166 321 5206 ¹
357 5164 577 5223 Cedis.
612 5168 752 5224 Petri
784 5167 884 5222 103i
910 5166 971 5233 C,
1003 5168 1188 5221 (celari.
1232 5164 1400 5220 Nemo
1431 5175 1598 5218 tamen
1626 5165 1804 5218 melius

223 5246 420 5319 printer
467 5249 715 5309 martyres
763 5240 946 5293 meruit
995 5238 1065 5291 ibi
1113 5237 1441 5306 requiescere,
1484 5235 1568 5301 ubi
1613 5246 1661 5288 et
1707 5234 1802 5286 ho-

222 5325 349 5412 m:
535 5377 567 5430 1
587 5377 640 5431 8.
668 5368 854 5433 Crucis
877 5377 1069 5431 minor.
1095 5385 1149 5432 et
1177 5393 1189 5430 ι
1222 5374 1495 5439 Laurent.,
1519 5375 1612 5428 hoc
1636 5383 1711 5427 est
1737 5373 1806 5428 ibi

301 5497 320 5528 ¹
352 5495 481 5561 Quis
513 5497 638 5550 hinc
673 5512 778 5549 non
808 5495 1092 5564 perSpiciat
1131 5502 1322 5564 testem
1360 5505 1482 5564 esse
1497 5489 1809 5564 _M_axi_mum

223 5559 426 5619 divinae
455 5565 755 5620 traditionis
782 5559 901 5634 quae
930 5559 1012 5618 est
1040 5565 1107 5617 de
1148 5563 1316 5616 Μίδεω
1351 5559 1610 5614 sacriﬁcio
1638 5561 1812 5634 deque

228 5635 365 5689 rcaii
403 5634 596 5689 Christi
643 5635 697 5688 in
746 5629 1095 5688 Eucharistia',
1123 5641 1462 5685 sacramento
1496 5629 1812 5696 pnesentia?

227 5711 356 5769 Quo
379 5721 538 5774 porro
560 5720 719 5760 sensu
740 5706 796 5758 8.
821 5704 1010 5758 doctor
1030 5713 1078 5756 cl
1103 5703 1299 5756 elI'uudi
1326 5701 1643 5774 sanguinein
1659 5698 1814 5774 Chri-

223 5768 299 5829 sti
329 5768 586 5834 itialtari.
617 5785 673 5830 ct
699 5775 936 5828 lllcnlbl'tt
957 5774 1151 5827 Christi
1186 5772 1336 5825 altari
1368 5769 1566 5832 imponi
1594 5768 1811 5833 dixerit,

1897 3719 2009 3754 mus
2035 3703 2196 3774 etiam
2219 3700 2388 3754 beatos
2423 3702 2540 3754 illos
2567 3703 2792 3770 infantes
2822 3703 3082 3768 lactentes,
3107 3706 3190 3774 qui
3213 3700 3305 3774 pro
3328 3705 3472 3757 Chri-

1897 3781 1976 3825 sto
2007 3771 2261 3839 primitias
2302 3781 2585 3840 martyrum
2624 3789 2727 3824 non
2757 3774 3048 3843 _l_oquendo,
3087 3771 3173 3826 sed
3214 3771 3474 3827 moriendo

1899 3843 2118 3912 confessi
2148 3858 2365 3895 coronas
2400 3850 2711 3913 meruerunt.
2748 3840 2926 3913 Neqtte
2962 3845 3096 3896 enim
3140 3843 3475 3897 dubitandum

1897 3921 1971 3984 est
1999 3929 2083 3964 1‘08
2112 3913 2165 3963 in
2193 3912 2454 3984 martyrio_
2473 3928 2580 3984 pra:
2617 3914 2813 3984 caeteris
2840 3912 3076 3984 ca'orare,
3099 3914 3183 3983 qui
3213 3915 3263 3966 in
3290 3924 3478 3984 marty-

1899 3983 1976 4053 rio
2004 3989 2390 4053 prtgcesserunt.
2416 3980 2617 4053 Dicitur
2643 3998 2763 4053 ergo
2789 3983 2892 4036 illis
2921 3980 3193 4036 vindictam
3223 3980 3477 4053 postulan-

1899 4051 2052 4103 tibus.
2074 4051 2206 4122 Cod.
2233 4060 2409 4103 autem
2434 4050 2602 4122 Vatic.
2630 4050 2790 4122 1267,
2813 4055 3088 4106 consistere
3106 4050 3477 4122 pra’dicamns;

1898 4123 2053 4174 etiam
2077 4119 2246 4172 beatos
2275 4122 2389 4172 illos
2411 4120 2591 4173 choros
2620 4121 2895 4188 infantium
2925 4119 3218 4175 laetantium
3241 4125 3476 4188 dicimus,

1935 4193 1982 4243 ui
2029 4207 2122 4259 pro
2166 4189 2367 4242 Christo
2412 4190 2657 4258 primitim
2705 4201 2988 4260 martyrum
3029 4193 3173 4260 facti,
3219 4209 3332 4245 eum
3375 4210 3478 4245 non

1921 4260 2174 4330 aquenda,
2203 4259 2588 4330 scdmorien‘do
2624 4259 2864 4330 confessi,
2908 4259 3124 4313 coronas
3165 4274 3479 4315 meruerunt.

1903 4328 2082 4400 Neque
2111 4331 2245 4382 enim
2276 4328 2612 4400 dubitandum
2657 4345 2742 4381 eos
2787 4329 2842 4382 in
2889 4331 3137 4398 martyrio
3181 4330 3331 4398 plura
3371 4349 3478 4399 pra:

1901 4397 2099 4454 steteris
2146 4415 2381 4462 exorare,
2423 4397 2506 4469 qui
2554 4399 2801 4469 martyrio
2841 4397 3057 4469 ca'teros
3089 4397 3475 4469 pratcesserunt.

1903 4470 2106 4524 Dicitur
2142 4486 2263 4538 ergo
2304 4469 2407 4521 illis
2448 4468 2723 4521 vindictam
2760 4468 3134 4536 postulantibus
3164 4477 3276 4537 post
3304 4469 3481 4522 datum

1901 4557 2107 4604 munus,
2139 4549 2192 4591 ut
2221 4541 2482 4610 quiescant
2509 4548 2659 4610 atque
2683 4541 3003 4610 sustineant,
3033 4539 3192 4592 donec
3221 4539 3472 4608 complea-

1905 4622 1986 4664 tur
2006 4606 2266 4668 numerns,
2297 4619 2401 4662 etc.
2428 4606 2644 4662 Cod.
2681 4607 2823 4660 Petri
2849 4607 2948 4662 105
2967 4609 3027 4672 Ο,
3059 4606 3342 4663 consistere
3354 4627 3480 4676 prtr.

1905 4681 2136 4732 dicamus
2163 4680 2317 4731 etiam
2350 4677 2520 4730 beatos
2560 4679 2676 4730 illos
2719 4679 2944 4745 infantes
2979 4680 3242 4743 lactentes,
3275 4679 3360 4746 qui
3388 4696 3481 4746 pro

1905 4749 2108 4801 Christo
2136 4750 2378 4814 primitia:
2407 4756 2690 4816 martyrum
2713 4763 2812 4800 non
2844 4748 3112 4816 loquendo,
3145 4749 3236 4801 sed
3261 4749 3481 4800 morien-

1907 4819 1972 4872 do
1993 4819 2213 4888 confessi
2233 4826 2375 4888 sunt,
2396 4815 2616 4870 coronas
2642 4815 2948 4888 meruerunt.
2977 4815 3154 4886 Neque
3179 4817 3314 4870 enim
3336 4816 3483 4869 dubi.

1909 4887 2121 4941 tandum
2151 4898 2225 4939 est
2253 4903 2340 4939 eos
2360 4887 2414 4938 in
2441 4887 2689 4954 martyrio
2717 4887 2866 4954 plura
2895 4903 3002 4954 prce
3030 4888 3226 4940 caueris
3245 4902 3480 4950 exorare,

1907 4960 1991 5029 qui
2021 4957 2282 5029 martyrio
2330 4972 2438 5029 prce
2472 4956 2707 5029 _cwtet_i_s_
2725 4967 3108 5029 prazcesseruut.
3162 4955 3218 5009 In
3268 4957 3484 5029 reliquis

1908 5023 2197 5082 conlormis
2236 5023 2336 5080 est
2363 5025 2536 5078 Vatic.
2572 5023 2731 5077 19.67.
2770 5023 2826 5077 In
2867 5035 3111 5092 utroque,
3157 5032 3215 5078 ut
3262 5023 3484 5094 quisque

1909 5098 2075 5159 videt,
2103 5097 2168 5150 de
2195 5105 2381 5150 sancto
2415 5094 2681 5165 Cypriano
2704 5094 2876 5165 Δ1111111.
2914 5094 3005 5146 His
3038 5095 3171 5148 adde
3213 5095 3486 5150 codicibus

1911 5113 2075 5159 νιιιοῑ,
2103 5113 2168 5150 0e
2195 5113 2381 5150 81111010
2415 5113 2456 5149 ιλ
2482 5113 2681 5165 'prtano
2720 5113 2868 5148 DIIIII.
2914 5113 3005 5146 IIIS
3038 5113 3171 5148 8000
3213 5113 3485 5150 COGICIDIIS

1911 5167 2124 5222 codices
2160 5165 2416 5220 Valliccll.
2450 5113 2492 5217 λ
2524 5165 2588 5218 10
2622 5173 2676 5218 et
2704 5162 2746 5216 B
2774 5163 2826 5224 5,
2867 5164 2917 5217 in
2948 5165 3140 5232 quibus
3168 5180 3235 5219 ne
3263 5166 3485 5218 verbum

1911 5237 2126 5306 quidem
2155 5235 2222 5306 die
2259 5234 2316 5306 8.
2357 5235 2640 5306 Cypriane.
2678 5233 2811 5288 Cod.
2842 5241 3019 5288 autem
3044 5234 3084 5286 B
3109 5232 3142 5286 5
3163 5234 3486 5290 conformiur

1911 5303 1994 5362 est
2025 5307 2146 5362 cod.
2177 5305 2232 5360 8.
2266 5303 2428 5360 Petri.

1913 5501 2071 5541 nemo
2094 5491 2178 5539 est
2199 5479 2618 5537 orthodoxorum
2645 5479 2732 5547 qui
2759 5477 2979 5533 nesciat.
3013 5478 3194 5548 Itaque
3223 5495 3329 5532 non
3357 5494 3488 5546 opus

1916 5565 1972 5610 ut
2002 5557 2053 5609 in
2084 5555 2146 5607 iis
2175 5551 2748 5620 explicandisoperam
2791 5563 2910 5620 esse
2929 5549 3368 5620 consuumnlznn
3395 5566 3488 5620 pu-

1916 5635 2044 5680 tem.
2074 5617 2270 5677 Confer
2299 5630 2428 5674 tom.
2483 5619 2523 5671 II
2565 5617 2743 5687 Operis
2773 5635 2785 5669 :
2821 5617 2970 5688 delia
3010 5617 3300 5686 I’erpe'tnitd
3336 5619 3398 5669 de
3437 5619 3488 5688 lr__t

1916 5697 2005 5766 foi,
2045 5704 2174 5756 etc.,
2217 5691 2457 5766 touchant
2495 5685 2865 5766 t’euc/tqristie;
2896 5687 2985 5740 lib.
3018 5702 3273 5766 ursth‘qq
3303 5703 3420 5755 cap.
3457 5685 3487 5736 8

1914 5755 2086 5833 seqq.
2112 5755 2232 5832 pag.
2261 5761 2362 5815 507
2391 5777 2564 5827 scqq.,
2597 5758 2721 5812 edit.
2752 5756 2914 5810 Paris.
2945 5773 3029 5810 an.
3071 5755 3218 5808 I672.
