4054 6194
557 344 653 400 69!

1769 338 1824 392 S.
1869 334 2110 390 MAXIM!
2151 334 2603 392 TAURINENSIS

3721 329 3833 384 ωε

558 454 925 526 praedicamus,
957 452 1120 508 etiam
1150 451 1336 504 beatus
1360 447 1658 519 Cyprianus
1681 447 1902 509 assistit,
1925 454 1984 500 ut
2009 461 2144 500 cun-
2170 457 2215 511 Α
2247 449 2503 517 quoniam
2540 456 2762 518 propter
2795 461 2894 502 nos
2933 452 3227 516 martyrum
3279 441 3513 499 vindicta
3559 439 3824 495 dilfertur.

556 555 765 599 ciorum
793 541 1077 596 vindictam
1107 539 1352 594 facundia
1373 539 1620 594 uberiore
1643 538 2002 608 prosequitur.
2026 536 2131 592 Ne-

557 649 660 703 que
688 633 830 688 enim
857 630 1204 686 dubitandum
1227 638 1308 684 est
1329 645 1451 684 eum
1477 629 1533 683 in
1560 628 1819 700 martyrio
1848 627 2000 697 plura
2021 641 2131 696 pne

556 723 764 779 caeteris
790 735 1036 785 exorare,
1066 720 1156 789 qui
1187 721 1240 774 in
1269 718 1573 775 sacerdotio
1605 733 1717 788 prte
1744 716 1954 772 caeteris
1979 716 2133 785 plura

555 813 891 882 conscripsit.
933 810 1000 864 Et
1030 811 1152 865 licet
1187 825 1308 864 cum
1337 809 1584 865 omnibus
1611 807 1804 862 stolam
1844 803 2134 875 splendida:

555 903 1000 959 remunerationis
1046 901 1334 971 acceperit,
1361 909 1540 954 tamen
1570 897 1795 953 fortasse
1821 896 2000 966 eloqui
2027 893 2132 949 mis

555 1009 653 1048 nus
682 1001 877 1059 cessat,
907 1007 1014 1062 quo
1043 993 1162 1063 plus
1189 1007 1248 1047 se
1291 990 1534 1058 intelligit
1575 988 1892 1058 promereri.
1933 986 2136 1042 Dicitur

555 1097 684 1153 ergo
713 1085 816 1139 illis
843 1084 1126 1139 vindictam
1157 1082 1549 1152 postulantibus
1571 1088 1693 1150 post
1715 1080 1897 1134 datum
1921 1091 2133 1144 munus,

556 1185 614 1231 nt
640 1178 922 1246 quiescant
959 1185 1120 1246 atque
1162 1177 1479 1241 sumineant,
1519 1174 1692 1229 donec
1721 1173 2006 1242 impleatur
2031 1187 2136 1224 nu-

555 1276 740 1324 merus
774 1284 1179 1337 conservorum,
1211 1275 1268 1324 et
1305 1267 1529 1336 reliqua.
1568 1266 1773 1322 Videtis
1808 1267 1970 1336 502
2005 1276 2136 1332 ergo

2235 540 2370 596 Dum
2418 542 2561 596 enim
2607 556 2707 596 nos
2747 541 3106 606 retardamus,
3143 539 3336 594 horum
3373 535 3591 604 sanguis
3629 535 3827 589 inultus

2238 640 2342 687 est.
2381 630 2488 686 Sed
2529 630 2635 686 hoc
2673 630 2895 698 contigit
2922 639 3104 684 nostra
3132 627 3357 693 desidia,
3380 626 3473 696 qui
3513 642 3643 690 non,
3686 627 3826 680 sicut

2239 721 2457 792 dignum
2480 729 2582 786 est,
2612 721 2858 789 religiose
2878 720 3124 786 vivimus,
3146 719 3239 788 qui
3267 733 3374 773 non
3402 717 3510 787 pie,
3536 716 3675 772 sicut
3694 731 3819 771 con-

2242 812 2408 880 gruit,
2431 825 2734 881 Operamur.
2769 809 2900 865 Nam
2934 810 2980 865 si
3006 811 3271 864 bonorum
3296 823 3518 879 operum
3559 806 3626 861 ad
3657 805 3824 861 Deum

2236 901 2442 970 justitia
2470 911 2654 956 nostra
2683 899 3027 970 praecederet,
3064 897 3177 968 jam
3211 911 3594 953 conservorum
3633 910 3823 949 nume-

2237 1005 2331 1046 rus
2373 992 2466 1060 qui
2513 1000 2884 1060 exspectatur,
2931 998 3076 1044 esset
3108 989 3392 1058 impletus.
3447 987 3589 1041 Nulli
3642 997 3824 1040 autem

2236 1085 2456 1140 dubium
2483 1092 2567 1140 est
2593 1085 2879 1138 vindictam
2909 1091 3030 1152 post
3057 1081 3316 1152 judicium
3340 1088 3607 1152 martyres
3633 1094 3820 1149 perce-

2236 1184 2443 1246 pturos,
2473 1176 2565 1243 qui
2592 1175 2755 1231 etiam
2782 1182 2904 1246 post
2939 1173 3199 1244 judicium
3241 1172 3477 1243 praemiis
3511 1170 3824 1227 ctelestibus

2238 1266 2591 1321 honorantur.

1883 1379 2149 1440 SERMO
2191 1381 2488 1442 LXXIX.

1895 1477 1972 1532 De
2008 1479 2069 1533 S.
2106 1477 2419 1533 ΜαεΙιαὺωἰδ
2453 1479 2499 1533 1.

1997 1563 2386 1620 ADMONlTlO.

625 1659 702 1715 De
739 1659 837 1716 SS.
867 1647 1185 1715 Machabteis
1212 1675 1242 1713 a
1271 1668 1459 1713 sancto
1488 1657 1719 1712 Maximo
1748 1656 2084 1726 conscriptos
2108 1653 2312 1722 primus
2341 1653 2578 1726 otnnium
2621 1655 2690 1711 cl.
2723 1653 3062 1726 lituratoritrs,
3094 1671 3230 1726 quos
3257 1653 3538 1726 incediee
3583 1645 3816 1710 Ambro-

555 1733 708 1786 siano
755 1731 906 1801 legit,
960 1731 1123 1784 hosce
1170 1741 1448 1801 sermones
1492 1728 1730 1796 vulgavit
1757 1728 1909 1801 duos.

1989 1724 2173 1778 osdem
2221 1738 2320 1778 nos
2367 1723 2420 1776 in

2473 1733 2703 1792 Quatuor
2748 1723 3129 1792 Casinensibus
3173 1724 3446 1780 codicibus
3495 1725 3822 1791 inquirendo

555 1791 912 1870 comperimus
956 1807 1142 1854 sancto
1186 1798 1423 1870 Maximo
1465 1791 1799 1870 nuncupatos
1823 1811 1850 1870 ςΔ
1885 1796 1957 1870 in-
1984 1793 2109 1870 cod.
2156 1793 2277 1855 100,
2429 1791 2530 1846 142
2575 1793 2664 1849 fol.
2699 1791 2769 1847 75
2806 1810 2836 1849 a
2888 1804 3065 1870 tergo,
3091 1796 3158 1870 in
3206 1794 3310 1870 Mj
3357 1793 3452 1848 fol.
3487 1795 3589 1870 il'l
3631 1810 3662 1848 a
3706 1805 3814 1849 ter-

593 1887 624 1923 o
649 1868 762 1935 {et
810 1868 949 1931 M8;
999 1885 1062 1922 ac

1106 1875 1363 1935 praeterea
1412 1868 1464 1921 in
1512 1864 1883 1919 Laurentianis
1928 1864 2137 1935 duobus
2167 1903 2186 1935 ,

2234 1879 2283 1916 tv
2331 1861 2471 1934 But.
2518 1879 2621 1934 xxi,
2666 1873 2721 1918 et
2757 1879 2844 1918 CIX
2899 1861 3006 1920 m1
3053 1866 3183 1919 bibl.
3224 1865 3350 1919 olim
3396 1864 3530 1920 eccl.
3579 1874 3818 1934 metrop.

584 1930 792 1993 l‘lorent.
824 1930 1000 1991 Alium
1029 1937 1094 1991 de
1107 1930 1438 1992 'Macbabmis
1465 1950 1768 1991 sermonem
1814 1941 2002 1988 sancto
2031 1930 2198 1986 Leoni
2227 1933 2541 1986 attributum
2575 1933 2847 1990 Balleriuii
2877 1935 2929 1989 in
2953 1935 3244 2006 appendice
3270 1950 3432 1989 serm.
3473 1935 3648 1989 sancti
3678 1930 3810 1990 Leir

555 2009 638 2062 uis
666 2008 986 2062 retulerunt.

557 2103 946 2156 Ancustss'rmt.
979 2132 1052 2142 —
1083 2098 1199 2152 Una
1234 2102 1288 2151 in
1328 2095 1641 2150 Machabwis
1668 2096 1821 2164 ﬁdes,
1861 2092 2128 2166 multiplex
2160 2095 2208 2154 B
2232 2101 2390 2148 cutor
2411 2093 2440 2132 δ
2459 2109 2488 2148 a
2509 2095 2766 2165 primiore
2793 2103 2941 2160 natu,
2967 2104 3027 2152 ut
3055 2096 3107 2150 in
3131 2104 3396 2166 prtecepta
3416 2110 3513 2151 sua
3540 2095 3818 2152 seniorum

623 2172 677 2224 in
718 2170 942 2248 singutis
975 2170 1162 2248 claruit
1197 2167 1472 2248 fortitudo,
1513 2163 1881 2248 quamam-unt
1907 2163 2130 2248 praelia-2

623 2256 681 2295 re
721 2233 864 2311 gesta
908 2233 1238 2311 describenda
1371 2233 1654 2311 _Ma_a:_imu_s
1695 2235 1918 2311 laudat):
1953 2233 2132 2287 laudat

624 2304 818 2382 quoque
841 2309 1132 2364 earumdem
1154 2308 1334 2362 matris
1363 2304 1656 2360 Felicitatis
1684 2304 2059 2376 fortitudinem.

625 2461 764 2529 Quid
793 2460 1043 2531 primum,
1075 2459 1356 2524 carissimi,
1396 2459 1462 2513 de
1501 2456 1818 2512 Machabteis
1858 2456 2129 2523 fratribus,

553 2568 782 2623 quorum
812 2550 970 2606 hodie
998 2550 1188 2603 natalis
1215 2559 1318 2614 est,
1349 2547 1631 2617 aggrediar
1654 2547 1985 2616 praedicare?
2014 2545 2133 2613 Quo

555 2655 644 2700 tne
668 2651 691 2678 ἰ
715 2642 767 2695 lu
797 2640 978 2694 laudes
1007 2655 1194 2694 eorum
1223 2652 1471 2694 sermone
1491 2637 1880 2702 circumferam,
1903 2652 2131 2708 quorum

557 2733 690 2788 milii
729 2733 957 2804 insignia
1015 2731 1206 2785 merita
1259 2745 1360 2784 nec
1401 2729 1670 2800 explicare
1732 2729 1984 2798 possibile
2027 2737 2130 2794 est,

563 2825 588 2863 ιι
621 2839 719 2878 nec
759 2824 912 2893 sequi
944 2819 1259 2892 probabile?
1303 2818 1372 2874 Ut
1394 2819 1535 2874 enim
1585 2833 1690 2873 una
1723 2815 2054 2887 resplenduit
2082 2818 2136 2871 in

563 2914 816 2970 omnibus
839 2913 989 2977 fides,
1009 2913 1079 2966 ita
1097 2911 1375 2980 multiplex
1391 2909 1579 2964 claruit
1601 2909 1652 2962 in
1674 2909 1892 2975 singulis
1915 2906 2131 2962 fortitu-

557 3008 649 3060 do.
678 3005 814 3060 Vere
842 3003 1191 3064 venerabiles,
1221 3013 1245 3042 ο
1278 3011 1438 3070 atque
1475 3016 1570 3056 ore
1599 3000 1836 3054 omnium
1863 3000 2134 3056 celebran-

556 3095 610 3150 di
640 3095 857 3162 fratres,
883 3093 1022 3164 apud
1051 3109 1187 3162 quos
1216 3093 1269 3151 in
1308 3092 1485 3147 verbis
1531 3091 1816 3156 confessio,
1861 3099 1915 3147 et
1953 3093 2136 3146 trium-

556 3187 692 3255 phus
733 3193 817 3240 est
854 3185 908 3239 in
936 3185 1151 3238 virtute.
1183 3183 1249 3237 lli
1279 3183 1458 3252 igitur,
1487 3183 1612 3237 dum
1642 3183 1839 3238 illicitis
1882 3184 2048 3252 vesci,
2079 3194 2134 3240 et

555 3275 950 3332 communicare
983 3275 1285 3345 prohibitis,
1315 3282 1458 3329 metu
1490 3274 1638 3343 regio
1664 3284 1718 3329 et
1740 3283 2130 3330 tormentorum

555 3368 847 3424 acerbitate
873 3375 1155 3436 coguntur,
1184 3382 1286 3420 una
1316 3366 1414 3421 sibi
1451 3362 1476 3403 ἀ
1505 3381 1692 3422 omnes
1733 3366 1993 3424 moriendi
2033 3383 2130 3424 vo-

2233 2184 2496 2254 supplieio
2524 2185 2964 2254 subsequentium
2987 2186 3194 2240 animos
3215 2186 3514 2250 inclinaret.
3541 2184 3649 2241 Sed
3671 2185 3817 2256 quod

2234 2276 2429 2346 impius
2457 2284 2861 2346 argumentatur
2886 2277 2951 2332 ad
2975 2285 3198 2343 metum,
3229 2276 3482 2333 fratribus
3511 2277 3726 2348 proﬁcit
3746 2278 3815 2334 ad
3856 2303 3866 2314 -

2233 2370 2558 2440 exctnplum.
2573 2370 2730 2441 603
2747 2369 2995 2440 intelligit
3017 2370 3377 2440 unusquisque
3398 2385 3583 2425 eorum
3611 2369 3628 2408 ί
3655 2386 3815 2440 posse

2233 2476 2296 2517 ea
2326 2469 2381 2516 et
2402 2461 2602 2516 debere
2631 2475 2690 2516 se
2718 2461 2955 2528 vincere,
2987 2476 3106 2530 qua:
3135 2463 3316 2531 vigore
3353 2476 3621 2531 germana:
3658 2478 3813 2518 men-

2232 2553 2301 2606 tis
2342 2559 2396 2606 et
2442 2549 2676 2604 fraterna
2719 2547 2931 2605 fuerant
2966 2551 3226 2620 religione
3278 2551 3507 2608 calcata.
3543 2549 3650 2606 Sed
3679 2550 3811 2620 quid

2233 2643 2570 2712 potissimum
2599 2628 2667 2696 de
2695 2637 2989 2696 venerabili
3016 2655 3204 2696 eorum
3233 2649 3405 2696 matre
3431 2641 3699 2696 sermonis
3722 2657 3811 2696 no-

2233 2733 2328 2788 stri
2372 2730 2717 2788 mediocritas
2746 2737 3123 2802 prosequetur,
3153 2733 3240 2788 cui
3277 2731 3344 2787 de
3372 2741 3480 2786 tam
3512 2735 3815 2789 numerosis

2234 2823 2521 2878 orbitatem
2551 2822 2781 2876 luctibus
2809 2822 3000 2892 gaudia
3028 2823 3206 2878 votiva
3233 2832 3545 2888 nascuntur,
3581 2837 3703 2892 quae
3732 2831 3816 2878 tot

2233 2913 2477 2967 funerum
2504 2912 2793 2967 exsultavit
2822 2913 2835 2963 i
2877 2913 3180 2979 tormentis,
3205 2921 3339 2983 quot
3374 2913 3688 2984 pignoribus
3716 2915 3813 2969 la:-

2234 3002 2488 3056 tabatur?
2516 3000 2540 3039 ιι
2575 3001 2697 3072 Egit
2723 3003 2879 3057 beata
2901 3003 3152 3058 Felicitas
3172 3004 3438 3072 geminam
3458 3004 3812 3074 quodammo-

2232 3093 2303 3148 do
2333 3101 2555 3148 matrem
2581 3110 2594 3158 ;
2632 3109 2754 3147 nam
2783 3109 2918 3163 quos
2946 3095 3063 3164 lege
3090 3109 3350 3164 corporea
3377 3096 3628 3165 pneseuti
3656 3094 3810 3150 fude-

2233 3192 2317 3237 rat
2345 3185 2489 3248 vitae,
2516 3182 2828 3240 fortitudine
2846 3186 3062 3254 spiritus
3090 3185 3362 3256 perpetuis
3387 3186 3597 3242 sarculis
3619 3197 3810 3257 partu-

2232 3275 2374 3328 rivit.
2407 3274 2538 3341 Quis
2577 3292 2682 3330 non
2732 3277 3034 3331 mortalium
3065 3278 3321 3346 miretur,
3353 3278 3544 3334 fratres
3577 3277 3621 3343 ι,
3652 3279 3815 3348 cujus

2235 3381 2340 3422 non
2385 3367 2766 3424 contretniscat
2807 3365 3048 3436 allectus,
3083 3368 3210 3426 totis
3247 3377 3471 3424 matrem
3514 3369 3814 3440 trepidasse

554 3459 759 3514 luntate
803 3459 1112 3526 succedunt,
1162 3458 1286 3530 quia
1333 3461 1580 3516 omnibus
1608 3468 1723 3515 erat
1764 3469 1885 3532 post
1921 3461 2125 3516 obitum
2156 3460 2197 3519 C
2231 3459 2543 3527 visceribus,
2570 3476 2637 3516 ne
2657 3461 2778 3530 quis
2806 3460 3037 3518 filiorum
3057 3477 3278 3518 suorum
3303 3463 3358 3517 in
3386 3471 3498 3518 tam
3525 3461 3813 3531 magnifico

553 3565 676 3622 spes
705 3567 809 3607 una
853 3552 1079 3607 nvendi.
1107 3549 1276 3617 Quam
1318 3551 1564 3620 specioso
1589 3557 1770 3604 autem
1792 3549 1994 3620 judicio
2022 3551 2132 3606 lau-

552 3644 822 3712 dabilique
870 3643 1170 3700 constantia
1213 3643 1460 3712 porciuas
1507 3657 1714 3708 carnes,
1763 3641 1884 3713 quae
1925 3645 2128 3700 ctelcsti

553 3739 681 3791 tunc
729 3733 1018 3790 interdicta
1072 3734 1410 3790 habebantur
1460 3733 1765 3799 immundae,
1818 3737 2131 3805 contingere

553 3825 986 3897 perhorrescunt,
1031 3843 1261 3896 quorum
1291 3827 1507 3884 devotio
1534 3838 1557 3866 θ
1615 3827 1684 3882 ad
1722 3829 2044 3884 imtnaculati
2073 3845 2131 3884 se

553 3914 686 3982 Agni
710 3917 1046 3985 prmparabat
1073 3917 1388 3970 adventum!
1422 3917 1723 3986 Rapiuntur
1749 3933 1878 3986 ergo
1900 3918 2126 3972 fortissi-

552 4005 624 4059 mi
648 4005 896 4074 juvenes,
938 4005 1003 4058 ad
1035 4005 1212 4074 iniqua
1258 4015 1312 4060 et
1355 4005 1522 4060 vetita
1558 4006 1723 4061 variis
1766 4007 2128 4062 membrorum

553 4093 878 4148 cruciatibus
919 4093 1285 4163 impelluntur.
1317 4092 1614 4148 Persistunt
1652 4104 1833 4150 tamen
1881 4095 2128 4165 viriliter,

552 4196 651 4238 nec
691 4180 858 4237 furori
897 4183 916 4220 ί
952 4183 1232 4254 tyrannico
1261 4183 1494 4250 cedunt;
1527 4193 1586 4238 ut
1622 4185 2006 4254 omnipotentis
2035 4185 2128 4240 Dei

551 4273 950 4343 dispensatione
970 4275 1216 4339 mirabili,
1243 4290 1380 4345 quos
1409 4277 1588 4330 carnis
1615 4277 1894 4346 generatio
1927 4286 2132 4348 tempo-

550 4365 690 4421 rales
737 4366 1103 4436 mortalesque
1139 4366 1384 4422 ediderat
1412 4367 1624 4434 fratres,
1653 4378 1885 4424 teternos
1930 4370 2129 4425 faceret

550 4472 706 4526 ptena
736 4471 1042 4525 germanos.
1069 4455 1200 4525 Quis
1241 4472 1429 4511 revera
1467 4473 1577 4512 non
1619 4467 1732 4513 tota
1773 4459 2128 4516 admiratione

549 4547 826 4617 suscipiat,
869 4545 1013 4614 quod
1057 4560 1155 4615 pro
1201 4545 1524 4600 auctoritate
1563 4545 1757 4601 divinm
1804 4547 1936 4617 legis
1975 4549 2129 4618 pueri

549 4637 866 4708 sapientiam
913 4636 1220 4706 praeferunt,
1275 4635 1644 4692 adolescentes
1697 4646 1962 4694 tormenta
2018 4656 2126 4695 non

550 4736 819 4795 metuunt,
848 4737 872 4774 ις
900 4726 1125 4796 juvenes
1169 4736 1226 4781 et
1267 4742 1490 4782 munera
1519 4729 1686 4796 regia,
1719 4737 1775 4784 et
1805 4730 1928 4785 vitae
1956 4731 2124 4802 ipsius

2231 3553 2482 3608 conflictu
2513 3562 2605 3608 aut
2634 3554 2866 3618 timeret,
2903 3561 2996 3609 aut
3028 3569 3135 3608 non
3165 3563 3465 3610 mereretur
3490 3553 3698 3610 occidi?
3726 3556 3813 3608 At-

2229 3660 2336 3714 que
2377 3647 2516 3701 inter
2545 3645 2632 3700 illa
2659 3654 3062 3716 peremptorum
3100 3643 3286 3700 funera
3315 3645 3660 3716 parvulorum
3704 3661 3813 3699 ma-

2230 3745 2384 3790 terno
2410 3736 2465 3790 in
2494 3743 2712 3805 pectore
2755 3751 2864 3791 non
2901 3735 3074 3790 solum
3118 3735 3294 3789 nullus
3323 3735 3550 3789 tristitia:
3578 3735 3814 3801 gemitus

2229 3823 2350 3890 fuit,
2377 3823 2469 3878 sed
2491 3824 2630 3877 ultra
2659 3822 2900 3878 feminea:
2918 3823 3138 3894 pietatis
3161 3821 3411 3879 affectum
3431 3822 3719 3877 exsultavit
3738 3821 3816 3876 de

2229 3929 2415 3968 eorum
2443 3915 2667 3968 victoria
2694 3922 2868 3968 mater
2889 3913 3167 3979 mirabilis,
3193 3928 3330 3982 quos
3357 3927 3417 3967 se
3440 3912 3668 3974 sciebat,
3699 3928 3809 3967 non

2229 4004 2405 4058 minus
2443 4002 2545 4057 ﬁde
2575 4004 2804 4058 nutrisse
2827 4017 2992 4072 quam
3028 4003 3185 4058 lacte.
3216 4002 3426 4056 Transit
3465 4015 3596 4070 ergo
3625 4001 3812 4054 nativi-

2230 4096 2356 4150 tatis
2385 4093 2520 4150 ordo
2550 4095 2603 4148 in
2633 4095 2876 4149 ordinem
2905 4094 3188 4164 passionis,
3219 4103 3280 4148 ut
3319 4092 3611 4161 justissima
3645 4091 3813 4162 ωδ

2227 4186 2465 4257 martyrii
2497 4185 2698 4252 regula,
2731 4185 2945 4240 tramite
2971 4201 3080 4254 quo
3108 4199 3205 4247 eos
3231 4183 3463 4240 mundus
3501 4192 3815 4254 acceperat,

2226 4280 2720 4333 transmitterentur
2746 4276 2814 4331 ad
2852 4277 3066 4333 caelum.
3106 4274 3151 4330 Ο
3190 4289 3389 4332 novum
3426 4275 3647 4346 pietatis
3685 4274 3812 4329 alie.

2228 4371 2408 4425 etum!
2459 4377 2776 4439 torquentur
2805 4369 2916 4431 filii,
2951 4377 3007 4424 et
3045 4377 3220 4424 mater
3243 4367 3496 4434 exsultat,
3527 4376 3691 4436 atque
3734 4367 3814 4422 ita

2227 4478 2287 4517 se
2328 4461 2382 4514 in
2410 4469 2701 4530 conspectu
2749 4460 2956 4514 Domini
2986 4473 3166 4514 veram
3194 4468 3421 4513 matrem
3452 4457 3681 4514 credith
3704 4472 3811 4527 ap-

2227 4549 2574 4620 probandam,
2605 4551 2652 4605 si
2674 4550 2814 4605 inter
2840 4559 2948 4604 tam
2972 4549 3179 4605 funesta
3207 4549 3472 4619 supplicia
3501 4562 3815 4603 numerosae

2229 4640 2432 4703 sobolis
2458 4657 2588 4706 sua),
2621 4640 2814 4695 inflexo
2843 4650 3063 4710 pectore
3107 4651 3163 4695 et
3193 4640 3351 4696 siccis
3380 4640 3574 4707 oculis,
3601 4639 3811 4693 astitis-

2231 4742 2333 4788 set.
2362 4732 2474 4788 lmo
2501 4732 2603 4787 sibi
2639 4733 2751 4802 ipsa
2781 4732 3104 4801 congaudet,
3134 4733 3276 4802 quod
3301 4732 3637 4788 alacritatem
3663 4747 3811 4787 ineti-

549 4817 908 4873 blandimeuta
937 4824 1288 4872 contemnunt
1305 4815 1331 4868 t
1357 4815 1549 4887 Incipit
1575 4831 1706 4887 ergo
1731 4819 1924 4874 artifex
1951 4836 2128 4891 perse-
2156 4819 2208 4879 D
2232 4825 2301 4880 tis
2327 4839 2439 4880 sua:
2457 4823 2568 4879 suis
2592 4823 2646 4878 in
2674 4823 2988 4893 pignoribus
3010 4822 3365 4891 recognoscit,
3383 4830 3438 4878 et
3458 4821 3607 4892 quod
3631 4821 3684 4877 ei
3713 4820 3814 4877 tali

621 4987 644 5010 ει
675 4973 872 5031 Omnes
894 4975 1005 5029 citt.
1029 4973 1189 5030 codd.
1214 4973 1642 5029 omittuntvoces
1661 4975 1716 5029 in
1745 4975 1923 5031 laudes
1947 4993 2122 5031 eorum

549 5059 797 5098 sermone.

625 5111 651 5150 δ
681 5112 854 5167 Codd.
879 5111 982 5166 174
1009 5111 1174 5168 Αεᾱῆ.
1206 5111 1341 5169 eccl.
1371 5112 1543 5180 Flor.,
1564 5122 1622 5169 et
1648 5112 1851 5180 Casin.,
1882 5130 1975 5169 nec
2002 5117 2127 5170 reti-

525 5196 662 5235 -rere
690 5181 971 5236 probabile.

625 5264 648 5323 ἦ
677 5250 812 5323 God.
844 5268 896 5306 tv
946 5250 1082 5306 Plut.
1115 5269 1186 5306 xx
1216 5251 1374 5307 Laur.
1404 5268 1524 5323 pag.
1558 5251 1627 5305 87
1655 5268 1686 5306 a
1714 5260 1884 5320 tergo,
1917 5263 1972 5308 et
1999 5255 2119 5308 cod.

552 5320 656 5374 174
698 5322 812 5382 eit.,
853 5330 1003 5386 atque
1046 5325 1239 5377 honore
1276 5325 1415 5377 omni
1452 5320 1764 5386 celebrandi,
1810 5332 1916 5378 etc.
1949 5323 2120 5378 Codd.

553 5391 728 5514 Sabsin.
761 5390 880 5457 £00,
909 5388 1012 5442 “2
1032 5401 1086 5445 et
1114 5391 1236 5457 147,
1261 5403 1412 5461 atque
1436 5395 1664 5448 omnium
1691 5391 1982 5447 celebrandi
2011 5393 2128 5447 lau-

590 5478 606 5514 t
641 5476 720 5514 us.

590 5476 720 5514 tuus.

625 5529 652 5568 ἀ
682 5529 852 5584 Codd.
881 5529 1061 5585 Casin.
1093 5529 1345 5584 omittunt
1374 5549 1572 5586 omnes.

517 5630 526 5638 -
564 5669 572 5672 Α
626 5610 650 5637 ε
679 5598 823 5672 Idem
855 5599 974 5655 cod.
1003 5598 1212 5672 CtLSlIL,
1240 5600 1309 5652 ad
1349 5603 1733 5655 immaculatum
1774 5619 1829 5656 se
1867 5618 2128 5672 pra'para-

555 5669 678 5725 bant
703 5670 1012 5724 adventum!
1061 5667 1348 5741 Rapittntur
1388 5672 1656 5739 fortissimi
1687 5667 1923 5741 juvenes,
1968 5667 2016 5726 et
2059 5673 2128 5726 ad

555 5743 728 5813 iniqua
758 5751 807 5799 et
845 5742 996 5797 rctita
1027 5739 1181 5795 variis
1209 5737 1475 5794 verborum
1503 5737 1814 5796 cruciatibus
1849 5742 2125 5815 impellun-

2225 4987 2326 5040 tur,
2351 4985 2456 5032 etc.

2301 5045 2321 5085 ί
2355 5044 2491 5117 Qod.
2521 5044 2643 5117 1η,
2674 5063 2770 5117 nec
2793 5047 2957 5117 furori
2988 5046 3194 5116 tyranni
3225 5046 3526 5100 concedunt.

2301 5126 2326 5187 is
2355 5114 2532 5187 godd.
2564 5115 2768 5187 Casin.,
2786 5114 3249 5187 juvenes'munere,
3279 5125 3387 5171 etc.

2301 5183 2328 5221 ¹ι
2359 5183 2521 5255 fidem
2543 5185 2702 5255 codd.
2733 5183 2934 5251 Ctisin.,
2957 5203 2988 5238 a
3010 5187 3180 5255 priore
3201 5193 3344 5240 nato.

2305 5255 2321 5326 ξ
2357 5254 2526 5326 ςοᾲᾁ.
2557 5253 2762 5326 (iusim,
2795 5273 2849 5326 se
2872 5253 3022 5326 posse
3042 5272 3103 5309 ea
3130 5255 3332 5321 debere,
3361 5270 3449 5308 seu
3478 5255 3696 5326 vincere,

2303 5323 2317 5375 i
2355 5323 2528 5397 Codd.
2561 5324 2663 5377 174
2695 5335 2752 5380 et
2775 5323 2979 5393 Casin.,
3008 5340 3122 5397 qua:
3148 5334 3223 5380 tot
3257 5326 3494 5397 furimus
3531 5324 3814 5379 exsultavit

2231 5395 2521 5464 triumphis,
2551 5403 2692 5464 quot,
2722 5403 2828 5450 etc.

2305 5463 2530 5536 KCodd.
2558 5463 2764 5536 Casin.,
2795 5463 2918 5536 Egit
2945 5465 3092 5519 beata
3120 5463 3312 5535 {mina
3331 5463 3540 5536 gemina
3565 5463 3814 5536 quodam-

2230 5534 2592 5615 modontater,
2622 5543 2678 5586 ut
2704 5535 2758 5588 in
2786 5534 2884 5588 hac
2910 5534 3267 5615 momentanea
3280 5535 3399 5615 ﬁnita
3429 5534 3567 5615 ﬁtios
3603 5535 3815 5615 antistes

2229 5613 2327 5667 ret,
2349 5613 2398 5657 et
2423 5605 2478 5656 in
2499 5615 2693 5658 aeterna
2712 5621 2797 5659 eos
2821 5604 3103 5675 susciperet
3127 5604 3241 5658 sine
3267 5602 3373 5674 fine
3395 5601 3639 5660 victuros.
3667 5601 3814 5659 Nar

2229 5689 2374 5745 quos,
2400 5683 2504 5728 etc.

2314 5742 2326 5781 ¹
2361 5742 2529 5800 [idem
2557 5742 2713 5799 codd.
2741 5741 2946 5811 desim,
2970 5745 3157 5815 fratres
3186 5743 3454 5798 rarissimi.
