4054 6194
329 290 438 345 693

1682 298 1914 355 SERMO
1950 301 2150 357 LXXX.

3477 331 3579 385 θυι

327 408 502 509 morte
526 401 848 509 punniit‘tere
875 406 1097 509 contigit
1135 403 1288 509 ﬁlios,
1319 415 1376 460 ut
1417 407 1550 509 nihil
1571 408 1670 466 sibi
1708 410 1776 466 de
1813 412 1892 509 eis
1923 420 1967 476 Α
2002 417 2270 473 transiret.
2318 429 2344 458 ι
2379 420 2488 478 Nec
2528 428 2926 499 requirendum,
2972 430 3186 504 fratres,
3225 452 3330 506 qua
3361 443 3571 509 μουεεί-

323 490 626 546 vindicaret
671 492 927 549 infernus.
958 494 1060 550 Sed
1089 505 1212 566 post
1252 497 1364 553 haec
1407 500 1587 553 omnia
1615 503 1900 571 stupenda,

321 582 534 644 mulier,
560 583 749 638 eadem
773 600 878 654 qua
918 587 1007 640 lilii
1045 588 1380 644 conlessione
1405 589 1675 658 defuncta,
1711 609 1898 648 secura

2009 523 2153 562 mum
2182 526 2338 580 poma
2367 513 2810 582 gloriosissimum
2840 521 3092 578 clauserit
3119 526 3289 594 diem;
3321 546 3442 586 cum
3462 549 3582 588 om-

2004 599 2092 653 nia
2117 617 2234 669 qua:
2255 602 2551 661 audivimus
2575 610 2833 678 supplicia
2864 612 3114 682 ﬁliorum,
3137 627 3378 676 materna
3408 635 3576 680 torse-

316 672 666 772 subsequitur
686 689 822 783 quos
851 683 959 783 tam
987 677 1179 783 devota
1209 680 1482 747 pra‘misit.
1513 681 1900 738 Justissimum-
1999 687 2109 742 rint
2131 691 2356 755 viscera,
2381 702 2436 749 et
2459 695 2574 751 sola
2613 672 2789 756 aerius
2826 705 3053 759 senserit
3078 672 3570 783 quidquid—singuli

317 775 429 828 que
457 762 508 815 in
537 772 829 832 conspectu
861 765 1069 821 Domini
1100 767 1216 835 fuit,
1247 779 1305 824 ut
1336 781 1416 826 tot
1442 780 1897 846 martyrum'ma-

317 858 406 906 ter
430 851 497 907 de
524 852 628 910 hoc
653 854 855 911 mundo
893 873 1001 912 non
1041 859 1158 915 sine
1201 863 1443 933 martyrii
1487 866 1898 922 consecratione

1997 779 2350 848 pertulerunt.

1653 982 1921 1044 SERMO
1959 984 2223 1046 LXXX.

1661 1105 1736 1160 De
1779 1106 2095 1162 Machabwis
2137 1107 2222 1162 11.

1742 1215 2128 1274 ADMONITIO.

380 1299 541 1370 ξοδ
570 1297 687 1370 Non

728 1299 781 1386 is
809 1298 1189 1386 Casinepsibus
1217 1305 1389 1386 modo.
1403 1306 1675 1386 codicibus
1711 1317 2107 1386 quatuor-mor;
2151 1311 2399 1386 laudatis,
2425 1316 2563 1386 etin
2587 1319 2953 1386 iAmbrosiano
2981 1325 3246 1379 secundus
3275 1324 3360 1380 hic
3386 1342 3565 1386 sermo

305 1367 393 1462 de.
407 1367 943 1462 saneto
971 1371 1204 1462 Masimp
1232 1375 1519 1462 inscriptus
1536 1367 1758 1462 legitur,
1783 1378 1878 1432 sed
1902 1379 2062 1462 etiam
2091 1381 2141 1462 iu
2171 1382 2345 1438 Vatic.

303 1453 394 1490 mo
415 1440 582 1493 sancti
606 1439 828 1494 Maximi
855 1443 1078 1513 episcOpi
1101 1443 1330 1499 calendis
1350 1439 1568 1518 Augusti
1595 1439 1890 1502 sanctorum
1921 1439 2355 1507 Hac/iabworum.

302 1571 698 1650 Anpuusu'ruu.
728 1609 801 1650 -ς
824 1574 903 1630 De
921 1579 1226 1650 (eternitatis
1253 1581 1419 1650 gloria
1441 1597 1648 1635 securos
1671 1580 1885 1634 Macha-

375 1643 536 1720 ba'os,
568 1647 732 1720 ferro,
753 1647 999 1720 ﬂammis,
1022 1643 1281 1720 uariisque
1303 1652 1568 1720 suppliciis
1595 1653 1880 1714 cruciatos;

375 1731 470 1768 nec
500 1717 760 1788 finstantis
798 1717 980 1788 matris
1022 1717 1237 1788 inclinat
1277 1717 1504 1788 affectio,
1535 1737 1626 1774 nec
1664 1730 1880 1775 matrem

1986 1583 2329 1653 perﬁdorum.
2390 1586 2408 1626 τ
2439 1588 2630 1657 Agitur
2667 1592 2827 1660 igitur
2853 1608 2972 1649 cum
3014 1598 3093 1652 eis
3123 1581 3301 1665 ferro,
3335 1599 3560 1658 flammis

1985 1675 2255 1744 variisque
2297 1678 2590 1747 suppliciis.
2623 1677 2761 1737 Huic
2785 1697 2948 1750 caput
2969 1693 3091 1739 cute
3119 1687 3352 1743 nudatur
3373 1729 3387 1755 ,
3433 1691 3559 1749 huic

374 1765 1880 1867 nisainsa;pagg};"magiaeggg"v;;;"g,3;:;;,};:
1913 1770 1958 1828 Β
1983 1765 2162 1867 lingua
2181 1767 2531 1867 praeciditur;
2573 1768 2782 1867 frigitur
2819 1771 2930 1838 ille,
2957 1776 3201 1830 manibus
3227 1778 3558 1848 pedibusque

368 1855 519 1908 sima:
543 1854 768 1908 mulieris
793 1854 1210 1926 incomparabilis
1231 1858 1379 1928 ﬁdes.

369 1943 548 1997 Unum
577 1957 696 1997 esse
724 1943 969 2012 spiritum
997 1941 1133 2009 Novi
1179 1960 1243 2000 ac
1273 1944 1485 2000 Veteris
1529 1945 1877 2012 Testamenti,

1985 1863 2279 1909 truncatas.
2299 1855 2405 1910 Sed
2431 1857 2572 1911 inter
2593 1866 2698 1912 tam
2719 1857 2958 1916 funestas
2980 1867 3343 1933 torquentium
3367 1885 3558 1924 manus

1983 1958 2083 1997 nec
2112 1942 2249 1998 ﬁlios
2292 1944 2543 2001 instantis
2571 1949 2759 2003 matris
2787 1949 3010 2005 inclinat
3035 1951 3267 2017 affectio,
3298 1972 3398 2011 nec
3441 1973 3556 2012 ma-

295 2034 466 2089 etiam
491 2032 518 2072 b
543 2032 969 2088 Machabzeorum
998 2035 1408 2102 magnanimitas
1439 2034 1677 2106 ﬁdesque
1704 2035 1883 2091 decla—
1981 2041 2115 2089 trem
2140 2035 2461 2090 morientum
2491 2038 2686 2108 frangit
2711 2041 2866 2096 turba
2895 2049 3162 2098 natorum.
3196 2046 3369 2114 Atque
3398 2047 3470 2100 ita
3499 2048 3552 2102 in

295 2135 406 2191 rat,
427 2125 516 2195 qui
544 2124 611 2180 de
638 2125 956 2202 a;ternitatis
983 2124 1172 2192 gloria,
1201 2124 1312 2180 Deo
1333 2127 1699 2195 promittente,
1725 2142 1880 2182 secu-

291 2217 363 2283 ri,
409 2216 613 2270 cruenti
655 2216 797 2284 regis
825 2215 1083 2270 saavitiam
1111 2216 1200 2286 pia
1236 2224 1412 2272 morte
1449 2218 1712 2272 vicerunt.
1744 2217 1876 2272 Nam

291 2306 581 2360 Dominum
608 2313 850 2360 nostrum
871 2302 1054 2361 Jesum
1073 2303 1363 2372 Christum,
1383 2321 1540 2374 quem
1566 2307 1875 2362 testimonio

291 2397 573 2465 Evangelii
598 2397 772 2451 omnis
799 2411 936 2466 pene
977 2396 1045 2451 de
1083 2396 1220 2452 coelo
1242 2396 1414 2451 credit
1437 2395 1644 2451 venisse
1664 2397 1875 2465 gentili-

286 2498 397 2550 tas,
431 2487 756 2542 nasciturum
804 2487 857 2541 in
903 2487 1059 2542 terris
1103 2502 1222 2542 esse
1268 2486 1336 2541 de
1376 2486 1582 2555 virgine
1622 2487 1872 2543 universa

283 2577 492 2632 dudum
531 2593 629 2648 per
666 2578 839 2646 legem
886 2587 1047 2648 atque
1073 2579 1370 2648 prophetas
1397 2574 1577 2633 Iudaea
1607 2578 1867 2632 discebat.

288 2669 352 2723 Et
389 2669 513 2724 inde
545 2683 591 2736 ε’,
618 2668 901 2731 carissimi,
932 2667 1077 2738 quod
1105 2668 1395 2724 Machabtni
1424 2669 1616 2724 fratres
1643 2685 1742 2740 pro
1785 2687 1871 2723 re-

283 2763 530 2817 verentia
562 2761 690 2830 legis
719 2769 953 2831 paterme
992 2768 1118 2815 ante
1155 2776 1213 2815 se
1241 2761 1580 2831 passionibus
1617 2761 1871 2816 subdide—

282 2861 413 2907 runt
441 2867 604 2921 quam
632 2851 763 2921 legis
791 2851 1047 2906 Dominus
1076 2859 1370 2920 pateretur.
1387 2849 1533 2917 Inde,
1554 2852 1700 2921 quod
1721 2851 1867 2923 prius

284 2946 650 3013 despexerunt
683 2951 912 2998 mortem
940 2958 1101 3012 quam
1129 2940 1155 2980 ἀ
1192 2958 1290 3014 per
1315 2942 1588 2998 Christum
1619 2945 1866 3000 vincere-

285 3043 372 3087 tur
415 3033 672 3088 infernus.
721 3032 870 3099 lnde,
899 3033 1044 3102 quod
1071 3042 1228 3088 antea
1271 3049 1370 3103 pro
1397 3033 1604 3088 honore
1634 3034 1865 3090 Redem-

1976 2128 2245 2194 germanis
2289 2130 2489 2197 pueris,
2538 2139 2594 2184 et
2641 2131 2864 2188 muliere
2908 2134 3186 2188 senissima
3227 2137 3413 2190 eadem
3451 2153 3552 2205 pro

1975 2217 2092 2285 lege
2121 2218 2215 2271 Dei
2243 2216 2391 2273 fuere
2418 2227 2543 2274 vota
2571 2222 2866 2286 moriendi,
2899 2232 2958 2278 ut
2985 2233 3040 2278 et
3079 2225 3190 2295 ipsa
3219 2227 3462 2281 videatur
3490 2227 3550 2279 fl-

1974 2309 2075 2362 lios
2102 2309 2291 2379 spiritu
2321 2311 2486 2378 magis
2513 2313 2762 2379 genuisse
2788 2327 2947 2381 quam
2996 2329 3180 2383 carne,
3208 2323 3264 2370 et
3307 2316 3381 2370 illi
3407 2318 3549 2372 testi-
3627 2325 3632 2332 '

1973 2410 2187 2453 mentur
2214 2414 2320 2452 non
2350 2406 2457 2453 tam
2486 2400 2639 2455 lactis
2665 2402 3020 2458 substantiam
3049 2402 3115 2458 de
3143 2412 3313 2460 matre
3340 2405 3549 2462 suxisse

1971 2502 2130 2557 quam
2161 2486 2301 2542 ﬁdei.
2328 2487 2458 2554 Quis
2485 2505 2593 2544 non
2615 2491 2941 2560 perﬁdorum
2963 2493 3302 2564 ﬁdeliumque
3325 2496 3548 2552 miretur

1970 2576 2118 2646 quod
2159 2578 2438 2634 seuissima
2485 2580 2678 2634 mulier
2718 2588 2798 2636 tot
2837 2580 3074 2637 dulcium
3115 2584 3394 2652 pignorum
3439 2605 3546 2641 non

1968 2671 2320 2738 congemiscit
2347 2671 2660 2727 interitum?
2689 2671 2820 2739 Quis
2865 2689 2971 2728 non
3011 2675 3355 2745 Obstupescat
3401 2678 3544 2746 quod

1967 2757 2035 2812 de
2055 2767 2165 2812 tam
2183 2759 2485 2815 crudelibus
2507 2760 2732 2816 ﬁliorum
2762 2764 3035 2834 suppliciis
3065 2765 3254 2820 furenti
3281 2767 3392 2836 regi
3423 2768 3540 2823 lazta

1966 2857 2140 2904 mater
2169 2860 2194 2897 8
2237 2851 2474 2920 insultat,
2504 2853 2751 2922 illiusque
2774 2855 2954 2924 potius
2981 2865 3290 2925 persecutor
3318 2872 3542 2927 magna-

1966 2941 2212 2997 nimitate
2242 2950 2541 3012 torquetur,
2570 2959 2730 3014 quem
2759 2943 2783 2980 ⁸³
2815 2945 3160 3000 meditatione
3189 2947 3347 3016 impia
3392 2949 3541 3017 cogi-

1964 3032 2114 3087 tabat
2141 3041 2234 3086 aut
2262 3034 2699 3102 prmvaricalione
2727 3035 2988 3103 polluere,
3003 3044 3108 3090 'aut
3135 3037 3364 3092 orbitate
3392 3038 3542 3092 dam-

284 3125 459 3193 ptoris
498 3123 776 3193 proprium
815 3124 1076 3178 dederunt
1119 3124 1458 3192 sanguinem,
1497 3139 1660 3192 quam
1705 3141 1859 3178 suum
1890 3134 1933 3195 C
1966 3126 2137 3181 nare?
2161 3122 2295 3176 Nam
2319 3124 2463 3191 quod
2490 3139 2650 3193 supra
2682 3139 2843 3179 omne
2868 3125 3183 3180 miraculum
3213 3133 3316 3190 est,
3341 3127 3540 3194 juniori

283 3231 382 3286 pro
413 3216 496 3270 eis
523 3230 770 3270 cruorem
801 3214 1132 3284 Redemptor
1157 3213 1474 3268 eﬁ'underet.
1507 3213 1636 3279 Quis
1684 3223 1862 3268 autem

282 3307 495 3361 dubitet
540 3316 649 3359 tam
691 3305 970 3360 innumera
1015 3303 1197 3358 mundi
1246 3303 1524 3374 praesentis
1573 3303 1715 3358 mala
1760 3317 1860 3358 nec

282 3399 435 3454 adire
464 3413 580 3465 eos,
603 3413 705 3452 nec
743 3397 976 3452 tolerare
1003 3396 1269 3465 potuisse,
1292 3394 1392 3448 nisi
1423 3393 1528 3448 ﬁde
1555 3394 1862 3464 plenissima

281 3492 348 3547 de
393 3491 554 3548 bonis
584 3489 745 3546 futuri
772 3490 953 3546 saeculi
995 3489 1387 3545 credidissent?
1428 3487 1617 3555 Nemo,
1649 3487 1858 3554 fratres,

281 3599 445 3639 nemo
477 3594 760 3656 tyrannum
789 3585 1012 3653 spernit,
1036 3584 1142 3638 nisi
1159 3583 1250 3654 qui
1270 3599 1363 3653 spe
1382 3582 1607 3652 legitimi
1631 3583 1864 3652 impera—

281 3677 415 3730 toris
446 3677 693 3744 erigitur;
725 3691 884 3730 nemo
929 3684 1160 3730 mortem
1197 3674 1411 3745 praefert
1438 3675 1578 3739 vitae,
1623 3674 1725 3728 nisi
1769 3675 1860 3743 qui

280 3766 449 3820 vitam
477 3766 647 3820 credit
689 3781 808 3821 esse
835 3775 959 3836 post
986 3775 1248 3832 mortem;
1277 3781 1436 3821 nemo
1467 3773 1734 3821 tormenta
1761 3782 1858 3820 vo-

278 3855 394 3910 lens
421 3857 739 3925 perpetitur,
772 3856 875 3909 nisi
905 3856 994 3924 qui
1024 3863 1204 3924 sperat
1223 3856 1441 3924 prazmia
1467 3863 1592 3925 post
1619 3862 1860 3910 tormen-

278 3955 352 4001 ta.
380 3946 550 4016 Igitur
575 3961 695 4001 cum
725 3947 1018 4002 Antiochus
1046 3946 1099 4000 in
1135 3962 1319 4000 servos
1349 3947 1442 4000 Dei
1463 3945 1732 4000 eﬁ'mnata
1759 3962 1860 4000 sa:-

279 4037 419 4092 viret
465 4038 694 4104 insania,
739 4046 944 4108 septem
985 4052 1358 4105 germanorum
1402 4038 1855 4108 religiosissimum

277 4130 502 4182 chorum
525 4128 593 4182 ad
614 4143 768 4182 suum
783 4127 933 4197 jubet
954 4128 1188 4182 tribunal
1207 4143 1326 4184 cum
1347 4129 1510 4198 606
1537 4135 1711 4182 matre
1732 4144 1858 4197 per-

277 4219 422 4286 duci,
453 4226 511 4272 ut
533 4227 627 4273 aut
662 4218 755 4272 illa
793 4226 902 4272 tam
943 4233 1244 4273 numerosa:
1275 4217 1443 4287 prolis
1467 4217 1699 4273 cruciata
1727 4233 1855 4286 sup-

279 4308 453 4378 pliciis
487 4309 811 4376 vinceretur,
856 4316 949 4362 aut
977 4309 1022 4363 si
1051 4322 1212 4377 quem
1240 4307 1380 4362 forte
1409 4323 1477 4362 ex
1504 4308 1686 4377 pueris
1727 4323 1856 4377 pro-

277 4400 426 4468 prius
459 4414 566 4454 non
597 4398 878 4454 terruisset
907 4399 1172 4462 interitus,
1215 4413 1360 4453 mors
1402 4399 1636 4452 fraterna
1669 4399 1854 4452 turba-

1968 3211 2076 3265 tilio
2104 3219 2294 3278 mater,
2325 3227 2483 3281 quem
2514 3229 2545 3266 a
2571 3228 2696 3281 rege
2724 3224 3034 3283 susceperat
3059 3216 3440 3285 inclinandum,
3463 3218 3540 3275 sic

1967 3301 2043 3355 ait
2077 3319 2089 3354 :
2121 3300 2270 3367 Peto,
2311 3303 2411 3372 fili,
2450 3300 2466 3339 ί
2499 3313 2554 3355 ut
2589 3303 2872 3374 condignas
2913 3304 3160 3375 fratribus
3203 3308 3302 3359 tuis
3328 3307 3538 3376 effectus

1963 3392 2214 3462 suscipias
2241 3402 2477 3460 mortem,
2499 3400 2555 3445 ut
2582 3394 2636 3448 in
2660 3393 2754 3448 illa
2779 3395 3136 3449 misericordia
3170 3397 3261 3450 Dei
3282 3414 3394 3452 cum
3423 3400 3536 3469 fra-

1963 3481 2124 3537 tribus
2164 3484 2264 3537 tuis
2293 3493 2341 3538 te
2368 3485 2612 3554 recipiam
2643 3483 2707 3556 (ll
2729 3485 2868 3540 Hac.
2899 3486 3013 3555 vn).
3047 3486 3182 3541 Vere
3219 3487 3538 3556 gloriosissi-

1963 3586 2063 3625 mae
2095 3571 2336 3627 mulieris
2374 3573 2804 3642 incomparabilis
2833 3572 3003 3630 ﬁdes!
3053 3575 3208 3630 Astat
3235 3577 3288 3634 in
3317 3592 3534 3647 conspe.

1960 3672 2048 3718 ctu
2073 3665 2216 3732 regis
2240 3679 2426 3719 secura
2454 3665 2523 3720 de
2547 3669 2791 3730 mortuis,
2822 3668 2982 3737 607
3015 3667 3218 3738 trepida
3246 3667 3313 3724 de
3345 3669 3532 3724 viven-

1960 3759 2034 3807 te.
2064 3751 2282 3808 Sciebat
2300 3755 2443 3807 enim
2470 3755 2612 3810 hunc
2630 3771 2688 3810 se
2717 3756 2887 3810 solum
2920 3756 3082 3812 ﬁlium
3113 3758 3458 3828 perdituram,
3487 3761 3538 3816 si

1958 3842 2104 3900 solus
2132 3846 2397 3901 timuisset
2424 3846 2620 3902 occidi.
2653 3847 2756 3902 Sed
2789 3865 2895 3902 non
2924 3849 3155 3917 degener
3178 3851 3408 3920 juvenis,
3439 3853 3529 3919 qui

1956 3937 2180 3991 fratrum
2200 3951 2399 4005 agones
2422 3938 2688 4007 patienter
2715 3949 3018 4009 aspexerat,
3051 3948 3274 3994 matrem
3305 3941 3532 3996 libenter

1955 4031 2174 4096 audivit,
2199 4039 2254 4086 et
2275 4038 2614 4099 torquentem
2642 4035 2824 4096 regem
2856 4049 2961 4086 non
2989 4033 3160 4086 solum
3191 4048 3296 4087 non
3321 4035 3524 4096 metuit,

1956 4123 2052 4178 sed
2091 4121 2248 4191 digna
2278 4122 2446 4175 ferum
2476 4123 2843 4190 increpatione
2867 4123 3111 4189 castigat.
3154 4123 3221 4176 Et
3249 4124 3405 4188 bene,
3434 4140 3526 4179 ca-

1954 4214 2169 4278 rissimi,
2192 4212 2448 4266 mirabilis
2468 4209 2682 4274 femina,
2706 4220 2854 4266 certa
2883 4211 2949 4265 de
2977 4211 3206 4267 ﬁliorum
3237 4215 3524 4283 triumpho,

1953 4313 2100 4362 certa
2130 4305 2197 4360 de
2221 4303 2574 4359 retributione
2601 4302 2830 4368 caelesti,
2864 4302 3152 4356 insultabat
3178 4303 3312 4370 regi,
3343 4304 3522 4357 exsul-

1951 4395 2101 4450 tabat
2127 4394 2180 4448 in
2211 4392 2455 4457 Domino,
2477 4406 2593 4460 qua:
2613 4406 2669 4446 se
2700 4400 2825 4446 tunc
2848 4391 3016 4460 magis
3039 4391 3291 4446 credebat
3317 4392 3526 4446 beatius

275 4496 376 4542 ret.
399 4487 506 4543 Sed
530 4489 728 4544 erravit
749 4489 1248 4555 insanus,virtutem
1271 4489 1544 4556 religionis
1567 4487 1843 4556 ignorans,
1874 4496 1925 4556 ι)
1954 4490 1968 4539 1
2003 4486 2290 4558 parturire,
2319 4500 2443 4540 cum
2463 4482 2670 4538 videret
2690 4482 2826 4537 ﬁlios
2848 4498 2974 4538 suos
2998 4482 3230 4551 gloriosa
3260 4482 3326 4536 ad
3356 4481 3524 4536 Deum

277 4579 329 4632 in
354 4595 462 4649 qua
494 4589 518 4617 ε
547 4588 630 4636 est
659 4580 747 4634 illa
774 4581 860 4635 vel
888 4581 1118 4634 maxime
1147 4581 1336 4649 pietas,
1368 4579 1534 4634 Deum
1575 4579 1844 4644 fratribus,

275 4674 446 4729 Deum
493 4674 630 4739 ﬁliis,
673 4673 842 4729 Deum
887 4675 1182 4744 pnetulisse
1221 4673 1552 4743 parentibus.
1585 4670 1847 4741 Praecepit

274 4774 403 4833 ergo
431 4779 524 4820 eos
549 4775 736 4820 contra
780 4766 993 4819 decreta
1024 4765 1260 4822 eaiestia
1290 4765 1610 4819 manducare
1651 4778 1846 4820 carnes

275 4855 536 4922 porcinas,
568 4854 939 4909 recusantibus
960 4855 1174 4908 adhibet
1199 4854 1408 4908 diversa
1430 4868 1623 4921 genera
1655 4868 1844 4922 pmna-

272 4959 408 5000 rum.
433 4943 537 4999 Sed
561 4945 806 5000 nesciunt
825 4944 986 5000 corda
1013 4944 1244 4999 ﬁdelium
1267 4944 1628 4999 voluntatibus
1647 4945 1842 5000 cedere

342 5155 365 5182 ⁸
395 5145 525 5200 Cod.
557 5146 588 5200 4
617 5146 798 5208 Laur.,
835 5144 945 5198 Nec
992 5143 1342 5215 requirendus,
1387 5147 1596 5214 fratres,
1637 5145 1723 5214 qui
1750 5161 1842 5215 po-

271 5217 518 5287 tissimum
540 5234 716 5287 poenas
745 5213 1142 5287 gloriosissimas
1163 5213 1404 5287 clauserit
1425 5215 1560 5287 dies,
1577 5213 1710 5287 cum,
1732 5213 1836 5268 etc.

341 5237 518 5270 διπιηηι
576 5237 714 5271 (unus
745 5237 1142 5287 σιοηοδτδδιηιιιδ
1163 5237 1403 5268 ιἨιιικρηι
1425 5237 1552 5280 (ΙΠἮ,
1577 5237 1710 5277 rum,
1732 5237 1835 5268 CIC.

341 5286 366 5322 ι’
403 5237 572 5340 Co:HK
603 5303 653 5341 tv
700 5286 882 5348 Laur.,
918 5284 1098 5338 Casin.
1143 5291 1198 5339 et
1232 5284 1374 5351 Vat.,
1419 5283 1835 5339 Maclzabworum

269 5356 489 5424 fratrum
515 5357 940 5424 magnanimitas,
965 5362 1070 5408 etc.

346 5434 368 5460 ε
396 5423 564 5477 Codd.
599 5422 649 5486 λι,
681 5424 802 5487 174,
832 5433 884 5478 et
915 5423 1116 5487 Casin.,
1152 5422 1217 5475 Et
1265 5424 1386 5478 inde
1420 5431 1514 5486 est,
1557 5423 1830 5477 carissimi.

337 5490 366 5530 δ
395 5493 564 5548 Codd.
597 5494 719 5548 Vat.
747 5502 802 5548 et
841 5493 1044 5558 Casin.,
1075 5511 1105 5547 α
1133 5492 1336 5548 Christo
1362 5495 1647 5548 vinceretur
1672 5494 1835 5564 infer-

340 5643 367 5704 τ
392 5630 562 5704 Codd.
590 5631 794 5704 Casin.,
819 5633 872 5704 in
901 5649 1000 5704 qua
1027 5632 1120 5686 illa
1159 5644 1253 5704 est,
1285 5634 1381 5697 vel,
1411 5641 1514 5688 etc.

347 5699 368 5739 ί
392 5701 549 5758 Iidem
569 5703 726 5760 codd.
754 5699 931 5758 Casin'.
966 5702 1148 5772 legunt
1179 5721 1190 5756 :
1223 5703 1402 5771 Agitur
1432 5704 1601 5774 itaque
1624 5718 1737 5755 cum
1761 5702 1836 5756 eis

1951 4587 2127 4633 morte
2152 4576 2470 4648 prmcedere.
2504 4574 2571 4629 Et
2595 4575 2855 4645 supplicia
2895 4575 3059 4646 603
3084 4575 3295 4644 quidem
3346 4574 3524 4628 multi-

1948 4668 2183 4738 plicabat
2221 4666 2518 4721 Antiochus
2544 4684 2556 4718 :
2587 4665 2684 4720 sed
2715 4663 2886 4719 ﬁdelis
2907 4680 3039 4718 anus
3067 4679 3164 4733 pro
3193 4664 3280 4717 illa
3309 4671 3520 4732 tempo-

1945 4759 2138 4813 ralium
2175 4772 2451 4827 pcunarum
2494 4756 2830 4810 multitudine
2860 4755 3296 4824 triumphantium
3328 4770 3523 4824 parvu-

1943 4850 2117 4904 lorum
2159 4848 2377 4918 pnemia
2419 4848 2733 4902 numerabat
2775 4855 2992 4903 :eterna.
3024 4854 3146 4916 post
3171 4861 3396 4914 quorum
3428 4863 3515 4901 oc-

1943 4955 2129 4998 casum
2157 4938 2296 4994 inter
2324 4936 2631 4993 dulcissima
2669 4953 2896 5007 corpora
2924 4936 3227 4992 desiderato
3252 4937 3366 5006 ipsa
3397 4937 3516 4992 obi-

1942 5146 2099 5215 ferro,
2145 5145 2388 5214 ﬂammis,
2417 5143 2668 5215 variisque
2695 5141 2979 5215 suppliciis.
3017 5142 3060 5194 11
3069 5144 3148 5215 uie
3176 5155 3333 5215 caput
3357 5145 3518 5198 denu-

1939 5212 2112 5277 datur,
2137 5212 2253 5268 huic
2276 5217 2451 5284 lingua
2471 5214 2785 5281 praciditur,
2812 5212 3019 5282 frigitur
3038 5213 3144 5280 ille,
3173 5213 3405 5268 manibus
3435 5216 3517 5268 llic

1937 5284 2247 5352 pedibusque
2275 5293 2558 5344 truncatur,
2589 5291 2694 5336 etc.

2012 5364 2036 5398 ε
2064 5351 2196 5410 Cod.
2228 5370 2278 5407 IV
2310 5353 2491 5418 Laur.,
2523 5352 2714 5422 furenti
2749 5353 2856 5421 regi
2884 5351 3004 5405 lwta
3043 5362 3206 5408 mater
3232 5355 3507 5410 insultans.

1940 5431 2237 5574 ῗιῗβοιιᾴ.
2270 5492 2391 5545 Vat.
2435 5490 2566 5544 6451
2610 5499 2668 5545 et
2713 5489 2916 5557 Casin.,
2961 5507 3108 5562 quem
3159 5491 3506 5562 persecutione

1936 5572 2116 5630 impia.
2147 5572 2252 5616 etc.

2019 5631 2030 5708 ἓ
2066 5629 2198 5712 90d.-
2223 5628 2513 5712 earnm
2539 5630 2775 5712 digner.
2811 5703 2822 5712 .

2015 5699 2029 5751 ἱ
2067 5699 2200 5755 Cod.
2235 5698 2352 5755 Vat.
2384 5697 2544 5766 655i,
2570 5697 2846 5767 p'arturiri.
