4054 6194
424 5622 445 5660 ἡ

537 336 638 394 695

1729 347 1784 402 8.
1827 347 2067 408 MAXIM]
2108 348 2557 405 TAURINENSIS

3685 353 3788 408 69G

532 462 588 507 tu
641 465 697 509 et
733 457 954 525 optabili
1001 456 1099 512 ille
1145 422 1400 515 decubuit
1429 462 1468 511 ‘.
1501 459 1684 528 Neque
1713 458 1835 513 ullis
1865 459 2106 513 terreba-
2135 471 2178 529 Α
2207 461 2426 531 pidabat
2471 460 2664 525 occidi,
2716 458 2835 530 quin
2882 461 2952 516 ad
3000 461 3144 517 illam
3192 461 3476 516 festinabat
3504 461 3686 528 vitam,
3715 466 3783 522 λιι

529 557 618 599 tur
646 546 736 600 illa
775 549 1069 618 suppliciis.
1100 565 1217 619 quae
1245 551 1423 605 omnia
1447 549 1557 619 jam
1595 559 1983 604 tormentorum
2008 564 2102 618 ge-

529 651 657 692 nera
687 639 885 694 vicerat
911 641 965 695 in
1008 643 1294 697 visceribus
1323 641 1574 697 ﬁliorum.
1609 641 1792 712 Neque
1821 643 1965 695 enim
1993 649 2107 696 tre—

2206 572 2366 625 quam
2395 572 2489 610 sua
2519 565 2740 611 noverat
2765 557 2987 626 pignora
3017 556 3362 627 praemisisse.

1853 729 2120 791 SERMO
2163 727 2457 790 LXXXI.

1343 827 1416 881 De
1445 827 1550 882 SS.
1590 825 1900 898 martyribus
1926 826 2242 891 Alexandro,
2276 824 2535 896 Mai-tyrio
2563 835 2611 878 et
2641 824 2874 880 Sisinnio
2917 824 2966 878 1.

1967 913 2354 969 ADMONITIO.

595 997 1153 1078 Auctoritatecodicis
1194 1003 1530 1078 Ambrosiani
1570 1013 1758 1060 sancto
1795 1004 2027 1078 Maximo
2067 1017 2345 1078 sermones
2379 1003 2447 1078 _de
2462 1005 2694 1078 junctis
2721 1003 3031 1075 martyribus
3059 1005 3390 1078 Alexandro,
3429 1005 3702 1078 yartyrio
3731 1022 3781 1062 et

525 1069 758 1149 :‘iisinnio
787 1073 973 1128 tribuit
1021 1072 1359 1138 Muratorius,
1389 1075 1480 1142 qui
1527 1083 1840 1143 sequuntur,
1888 1075 2044 1129 duos.
2095 1073 2204 1128 Hos
2232 1071 2426 1126 deinde
2454 1071 2763 1128 Gallandius
2803 1069 2934 1128 tein.
2978 1091 3030 1128 ιχ
3059 1073 3196 1129 Bibl.
3228 1084 3396 1130 veter.
3429 1069 3650 1132 Patru'm
3680 1095 3776 1149 pn-

525 1139 756 1196 lilicavit.

522 1232 906 1287 Ancuunan.
940 1263 1011 1274 -
1047 1231 1131 1287 De
1179 1235 1348 1288 causis
1398 1235 1460 1288 ob
1507 1250 1634 1302 quas
1680 1233 1787 1288 SS.
1843 1241 2094 1302 martyres

589 1303 902 1374 Alexander,
953 1302 1258 1374 Martyrins,
1303 1314 1460 1374 atque
1508 1302 1772 1357 Sisinnins
1818 1304 1955 1357 omni
1998 1303 2091 1354 de-

588 1372 1106 1443 beantuveneralione
1133 1373 1252 1434 coli,
1299 1372 1458 1443 deque
1504 1389 1678 1426 eorum
1705 1374 1945 1443 passione
1969 1388 2093 1424 san-

587 1451 697 1494 ctus
723 1440 986 1494 Maximus
1013 1443 1271 1512 praponit.

585 1598 718 1653 Cum
770 1608 958 1655 omnes
1005 1602 1194 1655 beatos
1242 1612 1502 1673 martyres
1542 1619 1678 1674 quos
1731 1605 1882 1659 nobis
1931 1605 2092 1658 tradit

523 1691 805 1758 ‘nttiquitas
844 1691 1251 1746 honoriﬁcentia
1296 1693 1456 1760 digna
1498 1695 1774 1762 miremur,
1824 1696 2092 1765 praecipue

554 1794 694 1834 tmen
724 1788 940 1835 sanctos
960 1781 1340 1846 Alexandrum,
1358 1783 1667 1854 Martyrium
1701 1794 1756 1838 et
1777 1784 2091 1847 Sisinnium.

517 1869 606 1936 qui
638 1871 970 1939 temporibus
1011 1873 1206 1925 nostris
1227 1873 1369 1940 passi
1399 1882 1543 1938 sunt,
1571 1874 1828 1928 debemus
1857 1883 1968 1928 tota
1998 1891 2092 1930 ve-

517 1959 794 2014 neratione
821 1962 1111 2031 suscipere.
1139 1962 1327 2016 Nescio
1349 1979 1455 2032 quo
1485 1964 1627 2018 enim
1653 1976 1809 2033 pacto
1831 1966 2090 2035 majorem

516 2049 660 2104 circa
689 2064 782 2105 eos
821 2051 1080 2106 habemus
1110 2052 1378 2116 affectum,
1410 2070 1545 2124 quos
1577 2057 1904 2110 conscientia
1941 2058 2093 2111 novit

518 2141 753 2209 propria,
797 2157 954 2210 quam
983 2159 1117 2212 quos
1146 2144 1304 2198 docet
1330 2145 1573 2199 historia.
1605 2145 1729 2200 lllos
1755 2147 1897 2201 enim
1925 2149 2091 2202 exsti-

516 2231 644 2286 tisse
686 2241 949 2304 martyres
991 2234 1241 2295 leetione.
1288 2235 1419 2289 istos
1448 2236 1727 2290 oculorum
1755 2238 2090 2307 contempla-

516 2325 660 2378 tione
682 2326 1073 2394 cognoscimus.
1099 2325 1314 2381 lllorum
1347 2328 1623 2397 passiones
1651 2329 1789 2382 fama
1812 2329 2090 2385 nuntiante

515 2413 892 2480 condiscimus,
918 2416 1140 2470 istorum
1162 2418 1420 2486 supplicia
1445 2419 1622 2472 vultus
1639 2420 1949 2474 testimonio
1960 2435 2092 2475 con-

516 2505 763 2560 tincmus.
795 2503 1051 2573 Majorem
1081 2520 1210 2574 ergo
1241 2507 1491 2562 aﬂ‘ectum
1519 2510 1589 2562 ibi
1619 2509 1810 2575 debeo,
1843 2511 1933 2564 ubi
1967 2526 2090 2568 cre-

513 2595 790 2651 dulitatem
821 2612 994 2650 meam
1025 2599 1272 2652 hortatur
1299 2601 1502 2670 opinio.
1536 2600 1812 2670 Majorem,
1849 2603 2084 2671 inquam,

512 2686 760 2742 allectum
790 2687 898 2742 illic
935 2687 1127 2756 debeo,
1158 2689 1248 2743 ubi
1279 2703 1376 2759 per
1407 2705 1468 2745 ea
1495 2705 1614 2760 qua:
1643 2691 1768 2750 vidi.
1795 2692 2091 2762 compellor

511 2777 756 2832 devotius
794 2777 1018 2833 credere
1047 2781 1209 2834 etiam
1240 2781 1327 2834 illa
1359 2797 1478 2850 qua:
1505 2798 1611 2836 non
1654 2782 1777 2836 vidi.
1809 2782 1941 2836 Nam
1965 2799 2086 2839 cum

511 2866 691 2920 audita
729 2867 999 2938 aliquanta
1029 2871 1157 2924 mihi
1199 2871 1546 2940 impossibilia
1589 2873 1917 2936 viderentur,
1949 2875 2087 2944 ccepi

510 2969 572 3007 ea
604 2955 824 3010 credere
852 2958 1092 3025 potuisse
1121 2957 1256 3027 ﬁeri,
1281 2960 1404 3013 dum
1435 2961 1626 3014 similia
1657 2963 1792 3016 facta
1815 2975 1934 3018 esse
1956 2979 2086 3018 con-

509 3044 680 3115 spexi.
715 3044 782 3098 Et
808 3046 928 3100 ideo
959 3048 1214 3117 temporis
1241 3051 1408 3103 nostri
1437 3051 1615 3120 passio
1644 3052 1747 3107 hcc
1768 3053 1922 3107 nobis
1948 3069 2084 3122 prte-

508 3135 663 3199 stitit,
695 3144 754 3189 ut
779 3145 1100 3205 praesentem
1138 3138 1386 3195 conferre
1407 3142 1633 3208 gratiam
1673 3150 1728 3196 et
1757 3143 1912 3198 tidem
1942 3159 2081 3214 pras-

510 3225 718 3280 teritam
749 3224 1106 3282 confirmaret.
1140 3228 1487 3300 Supradictos
1516 3233 1676 3300 igitur
1722 3221 1910 3288 beatos
1937 3235 2082 3289 viros

509 3322 620 3368 tota
666 3314 924 3372 debemus
971 3321 1317 3375 veneratione
1355 3323 1647 3391 suscipere,
1698 3324 1927 3392 primum
1956 3325 2081 3394 quia

505 3404 622 3459 dies
651 3405 770 3461 vita:
800 3416 994 3462 nostra:
1021 3409 1260 3478 pretioso
1289 3412 1548 3479 sanguine
1576 3427 1676 3466 suo
1705 3412 1974 3467 illustrare
2000 3412 2082 3467 di-

505 3498 648 3574 gnati
694 3509 848 3565 sunt;
901 3500 1113 3567 deinde,
1154 3503 1296 3571 quod
1325 3504 1731 3572 prmrogativam
1761 3504 1913 3558 nobis
1940 3503 2081 3573 apud

505 3586 670 3643 Deum
700 3605 805 3645 non
836 3592 1110 3646 minimam
1150 3593 1514 3661 contulerunt,
1544 3593 1888 3649 ostendentes
1909 3594 2082 3663 qualis

503 3690 649 3736 esset
694 3690 851 3737 mtate
895 3693 1079 3738 nostra
1125 3685 1178 3738 in
1219 3684 1536 3739 Christianis
1574 3685 1724 3749 ﬁdes,
1755 3684 1824 3738 de
1852 3699 2078 3753 quorum

503 3774 778 3826 cotisortio
799 3775 1030 3828 existere
1053 3783 1318 3845 martyres
1331 3785 1684 3831 mererentur.
1710 3775 1914 3843 Tertio,
1935 3775 2080 3845 quod

504 3860 662 3915 iidem
695 3869 798 3914 tam
825 3873 1023 3917 sanctze
1049 3868 1470 3920 conversationis
1498 3867 1712 3929 fuerint,
1742 3876 1799 3920 tzt
1824 3882 2078 3921 coronam

504 3951 740 4019 martyrii
775 3959 1016 4019 tempore
1045 3954 1194 4022 pacis
1221 3954 1540 4009 invenerint.
1571 3954 1704 4008 Cum
1735 3957 1878 4010 enim
1904 3958 2079 4014 nullus

504 4053 598 4092 rex
637 4048 948 4109 persecutor
982 4051 1214 4110 urgeret,
1263 4044 1440 4099 nullus
1482 4045 1772 4114 sacrilegus
1821 4055 2079 4118 tyrannus

505 4131 790 4196 insisteret,
815 4133 940 4187 fecit
969 4149 1062 4189 eos
1088 4135 1427 4190 confessores
1453 4151 1558 4191 non
1581 4137 1791 4206 publica
1823 4154 2075 4207 persecu-

2201 1231 2298 1296 tio,
2328 1229 2424 1284 sed
2447 1229 2748 1286 Christiana
2769 1231 3003 1286 devotio.
3025 1231 3158 1286 Nam
3179 1247 3300 1287 cum
3322 1233 3374 1287 in
3405 1231 3663 1288 Anaunim
3685 1250 3774 1289 re-

2197 1322 2358 1388 gione
2403 1321 2620 1390 proprio
2666 1331 2881 1390 sumptu
2918 1320 3214 1376 Ecclesiam
3252 1331 3622 1379 construentes
3658 1324 3774 1393 ejus

2198 1418 2384 1466 sancto
2412 1409 2603 1464 altario
2624 1410 2994 1479 praesiderent,
3015 1410 3275 1480 siquidem
3299 1427 3436 1466 unus
3463 1428 3532 1466 ex
3556 1413 3638 1466 his
3657 1413 3772 1467 dia-

2197 1507 2456 1569 conatus,
2488 1499 2596 1554 duo
2636 1499 2920 1553 clericatus
2955 1498 3130 1554 ofﬁcio
3168 1499 3534 1568 fungerentur,
3563 1512 3620 1555 et
3655 1501 3772 1569 ejus

2194 1590 2428 1657 regionis
2475 1588 2752 1653 homines,
2801 1588 2941 1657 apud
2987 1603 3122 1657 quos
3169 1589 3528 1644 Christianum
3573 1606 3769 1644 nomen

2192 1681 2464 1750 cognitum
2487 1690 2645 1735 antea
2674 1695 2781 1733 non
2813 1678 3018 1744 fuisset,
3049 1688 3264 1734 assueto
3291 1680 3595 1748 sacrilegio,
3624 1681 3774 1749 quod

2191 1773 2417 1828 lustrum
2459 1770 2675 1837 dicunt,
2716 1771 2834 1825 loca
2872 1771 3070 1825 vellent
3113 1771 3359 1825 universa
3398 1772 3659 1841 polluere,
3707 1788 3772 1827 ac

2190 1863 2363 1918 sancti
2390 1861 2490 1917 viri
2514 1869 2803 1931 arguerent
2830 1876 2948 1928 eos,
2975 1875 3294 1930 erroresque
3321 1877 3507 1915 eorum
3535 1861 3770 1916 manife-

2189 1960 2396 2009 stanter
2441 1951 2748 2006 rationabili
2796 1951 3147 2018 castigatione
3193 1952 3593 2016 convincerent,
3643 1961 3774 2008 tunc

2191 2043 2268 2099 illi
2296 2042 2547 2098 inebriati
2589 2042 2710 2112 plus
2739 2041 2922 2096 furore
2963 2056 3123 2110 quam
3153 2041 3278 2096 vino
3308 2051 3605 2112 rapuerunt
3651 2057 3770 2107 eos,

2189 2144 2246 2190 et
2271 2133 2420 2191 caede
2445 2129 2810 2189 crudelissima
2838 2133 3164 2200 sauciarunt,
3212 2132 3286 2187 ita
3325 2141 3383 2187 ut
3409 2148 3545 2188 unus
3573 2149 3640 2188 ex
3687 2135 3774 2189 his

2188 2233 2314 2295 post
2357 2225 2524 2279 multa
2552 2224 2812 2294 supplicia
2840 2223 3126 2278 semivivus
3158 2231 3496 2293 exspectaret
3524 2239 3588 2279 ac
3614 2222 3782 2302 vide:

2189 2322 2274 2368 ret
2291 2328 2403 2368 sua:
2423 2313 2609 2368 mortis
2630 2314 2861 2377 exitum;
2886 2327 3008 2367 nam
3030 2313 3297 2368 destructa
3327 2311 3580 2368 Ecclesize
3606 2314 3772 2368 fabri-

2189 2418 2252 2459 ca
2275 2418 2460 2474 pyram
2480 2403 2546 2457 de
2566 2402 2683 2472 ejus
2707 2402 2944 2456 trabibus
2964 2409 3357 2470 construentes,
3372 2401 3598 2457 ﬂammis
3611 2401 3768 2459 beata

2189 2507 2417 2563 corpora
2445 2490 2799 2546 tradiderunt.
2829 2489 2969 2544 Vere
3010 2490 3169 2545 beata
3209 2507 3457 2560 corpora,
3499 2506 3618 2561 quae
3656 2507 3770 2549 non

2189 2584 2256 2640 ad
2284 2598 2500 2654 pmnam
2533 2582 2660 2638 idoli
2687 2581 2929 2637 funestus
2957 2582 3092 2651 ignis
3119 2584 3428 2654 assumpsit,
3459 2584 3554 2639 sed
3586 2583 3653 2638 ad
3680 2601 3769 2640 res

2188 2677 2367 2745 quiem
2394 2674 2677 2730 dominica:
2704 2674 2895 2729 domus
2921 2675 3084 2745 609
3112 2682 3299 2732 sancta
3345 2675 3553 2730 ﬂamma
3579 2692 3768 2732 susce-

2188 2769 2285 2838 pit.
2325 2766 2519 2821 Sancta
2547 2767 2706 2836 plane
2749 2767 2979 2832 ﬂamma,
3009 2781 3128 2836 qua:
3155 2767 3277 2823 ideo
3299 2768 3534 2838 suscepit
3563 2776 3768 2839 marty-

2187 2876 2294 2926 res,
2328 2875 2436 2914 non
2465 2865 2522 2913 ut
2568 2874 2665 2913 eos
2692 2858 2854 2913 noxio
2883 2858 3075 2912 ardore
3101 2868 3462 2925 consumeret,
3491 2861 3585 2915 sed
3616 2870 3673 2915 ut
3701 2862 3771 2918 ab

2187 2951 2270 3006 his
2299 2966 2487 3005 manus
2509 2951 2793 3018 sacrilegas
2820 2950 3146 3022 prohiberet.
3175 2949 3288 3006 Tali
3317 2961 3493 3007 autem
3519 2953 3774 3012 incendio

2187 3040 2466 3095 beatorum
2514 3048 2824 3095 consecrata
2871 3050 3000 3096 sunt
3051 3041 3289 3109 viscera,
3343 3059 3450 3098 non
3505 3053 3770 3100 cremata.

2187 3131 2454 3187 Convenit
2477 3132 2602 3187 huic
2622 3133 2880 3201 passioni,
2903 3133 3044 3202 quod
3067 3135 3142 3188 ait
3170 3134 3454 3204 Apostolus
3479 3155 3491 3189 :
3523 3135 3645 3206 Ipse
3672 3155 3772 3191 an-

2187 3233 2288 3278 tem
2308 3226 2479 3278 salvus
2505 3226 2621 3292 erit,
2649 3225 2724 3278 sic
2751 3233 2922 3278 tamen
2949 3227 3095 3295 quasi
3124 3243 3215 3296 per
3245 3227 3410 3296 ignem
3433 3225 3488 3295 (Ι
3509 3226 3628 3282 Car.
3661 3230 3768 3295 In).

2187 3313 2332 3370 Salvi
2355 3316 2497 3370 enim
2542 3316 2626 3371 isti
2656 3316 2780 3371 facti
2809 3325 2956 3384 sunt,
2985 3316 3110 3371 dum
3132 3318 3447 3372 venerabilis
3466 3316 3762 3373 confessio-

2187 3405 2270 3459 nis
2315 3413 2440 3459 sunt
2483 3405 2729 3460 incendio
2758 3407 3105 3461 concremati.
3137 3406 3300 3477 610
3326 3405 3449 3463 Hatc
3491 3421 3619 3477 ergo
3648 3417 3769 3465 tota

2185 3509 2345 3550 causa
2372 3495 2635 3565 passionis
2662 3503 2763 3560 est,
2800 3493 3011 3560 fratres,
3042 3506 3264 3568 propter
3289 3513 3449 3567 quam
3477 3499 3638 3553 morti
3666 3501 3767 3555 ad~

2184 3585 2312 3640 dicti
2337 3586 2505 3640 sancti
2537 3585 2635 3640 viri
2658 3587 2834 3641 cursui
2862 3586 3062 3640 similes
3088 3601 3205 3641 esse
3233 3595 3457 3642 caeteros
3486 3587 3767 3642 hortaren-

2186 3683 2275 3730 tur
2305 3694 2317 3728 :
2351 3690 2474 3730 nam
2501 3675 2806 3730 exhortatio
2835 3675 3047 3730 illorum
3085 3675 3138 3730 in
3167 3682 3374 3730 tantum
3422 3675 3670 3746 profecit,
3705 3685 3766 3730 ut

2187 3765 2289 3819 illis
2335 3779 2366 3819 e
2393 3765 2588 3820 sacculo
2627 3765 3001 3820 recedentibus
3020 3764 3177 3820 -ﬁdes
3205 3780 3390 3819 eorum
3419 3765 3650 3834 regionis
3680 3765 3767 3834 ip-

2186 3855 2296 3908 sius
2341 3853 2458 3909 loca
2486 3849 2734 3910 universa
2761 3855 3075 3925 pervaserit.
3103 3853 3181 3908 lta
3209 3854 3470 3918 Christus,
3511 3854 3600 3908 ubi
3633 3863 3766 3909 tunc

2180 3947 2232 4000 in
2260 3948 2429 4002 tribus
2460 3948 2783 4018 martyribus
2807 3947 3236 4017 persecutionem
3265 3963 3451 4018 passus
3480 3955 3582 4012 est,
3615 3962 3764 4001 nunc

2179 4039 2286 4093 iilic
2314 4039 2551 4108 plurimis
2575 4037 2998 4094 Christianorum
3039 4038 3268 4094 exsultet
3296 4039 3348 4093 in
3376 4038 3610 4109 populis.

1811 4231 2078 4296 SERMO
2121 4237 2440 4301 LXXXII.

1689 4334 1764 4389 De
1789 4337 1969 4390 iisdem
2001 4339 2106 4396 SS.
2138 4343 2446 4414 martyribus
2473 4342 2562 4399 11.

500 4422 885 4505 Αιιίδωιεκχρξι.
926 4458 998 4505 _-—
1041 4426 1262 4505 δαΐζειοδ
1309 4426 1668 4505 ίΑιείεαιεςίνξιηι
1697 4470 1735 4505 ._
1759 4426 2071 4505 Martyrium
2100 4435 2144 4492 D
2172 4449 2293 4487 nam
2342 4436 2481 4504 rapti
2507 4442 2650 4503 sunt,
2681 4434 2825 4504 quod
2871 4435 3275 4505 increparentur
3310 4432 3580 4502 sacrilegi,
3605 4435 3760 4501 quod

566 4504 726 4566 atque
738 4495 1024 4566 Sisinninm
1047 4497 1164 4566 fecit
1187 4504 1434 4564 martyres
1447 4496 1685 4566 religiosa
1701 4495 1919 4564 devotio,
1936 4500 2071 4566 quod

564 4580 666 4617 non
692 4564 1066 4636 dissimularint
1094 4565 1322 4618 homines
1349 4567 1508 4618 lustro
1536 4564 1886 4636 superstitioso
1919 4564 2070 4622 dedi-

566 4643 662 4695 tos,
696 4633 786 4687 sed
807 4635 1008 4686 eosdem
1036 4644 1330 4687 constanter
1382 4633 1718 4705 inere‘parint.
1764 4636 2069 4705 Exemplum

566 4713 859 4758 sanctorum
910 4705 1130 4758 virorum
1170 4706 1443 4758 imitemur.
1480 4703 1618 4757 Nam
1665 4708 1708 4759 si
1731 4703 1954 4761 ridentes
1977 4710 2070 4761 hoc

564 4783 806 4837 tacemus,
831 4791 945 4827 reas
965 4790 1059 4827 nos
1099 4775 1524 4830 dissimulationis
1554 4791 1764 4830 assensu
1793 4779 2068 4832 conniven-

566 4845 733 4916 tiaqne
756 4846 1046 4898 statuimus.

568 4973 703 5026 Ante
753 4974 868 5029 dies
909 4989 1031 5029 cum
1061 4983 1368 5030 sanctorum
1415 4975 1720 5042 Alexandri,
1752 4976 1986 5048 Martyrii
2015 4986 2071 5032 et

494 5061 710 5114 Sisinnii
750 5063 981 5119 natalem
1007 5066 1347 5120 festivissime
1372 5080 1701 5129 curaremus,
1730 5065 1837 5121 hoc
1879 5067 2064 5136 praeci-

492 5166 598 5220 pue
624 5151 678 5206 in
699 5167 883 5206 eorum
915 5157 1160 5224 passione
1182 5156 1529 5221 laudavimus,
1561 5155 1706 5223 quod
1743 5156 1868 5210 dum
1895 5159 2062 5212 sacri-

492 5243 624 5310 legis
644 5241 918 5311 resistunt,
941 5260 1059 5300 esse
1080 5255 1343 5319 martyres
1363 5253 1692 5311 meruerunt,
1725 5253 1778 5300 et
1800 5247 1926 5302 dum
1965 5263 2062 5303 eo-

490 5350 609 5388 rum
658 5335 1120 5403 superstitionibus
1155 5339 1552 5406 contradicunt,
1591 5339 1822 5408 palmam
1845 5338 2065 5408 justitize

490 5433 615 5478 sunt
640 5422 840 5493 adepti.
867 5425 980 5480 Non
1009 5427 1149 5481 enim
1179 5445 1244 5484 ea
1271 5445 1430 5485 causa
1460 5430 1620 5484 morti
1642 5429 1836 5485 addicti
1857 5437 1982 5486 sunt
2001 5431 2067 5486 ab

491 5516 574 5570 his
602 5516 691 5586 qui
719 5515 1003 5571 Christiani
1025 5529 1220 5583 essent,
1245 5521 1338 5575 sed
1363 5531 1645 5592 prapterea
1665 5525 1841 5592 magis
1863 5525 1927 5578 ad
1949 5540 2066 5593 pa:-

564 5658 578 5688 ¹
621 5653 717 5711 llic
741 5655 933 5724 desinit
974 5671 1150 5710 sermo
1173 5655 1321 5724 juxta
1353 5664 1560 5711 textum
1604 5658 1806 5712 codicis
1835 5658 2062 5712 Ambro-

491 5727 646 5787 siani.
673 5725 764 5784 scd
808 5723 964 5780 ﬁnem
996 5725 1148 5781 nobis
1193 5733 1446 5794 pmstant
1474 5726 1631 5780 ambo
1670 5727 1882 5782 codices
1913 5726 2049 5783 Lau-

2171 4524 2460 4582 Christiani
2488 4527 2774 4596 devotique
2800 4541 2906 4581 non
2928 4534 3127 4580 essent.
3157 4523 3310 4578 Pacis
3335 4538 3463 4592 ergo
3484 4532 3757 4594 tempore,

2170 4634 2276 4688 quo
2307 4620 2482 4674 nullus
2520 4635 2615 4674 rex
2641 4624 2956 4689 persecutor
2999 4623 3171 4684 urget,
3201 4623 3420 4670 sanctos
3440 4629 3572 4669 vero
3599 4631 3757 4668 mar-

2169 4719 2316 4782 tyres
2340 4709 2463 4765 fecit
2481 4727 2589 4766 non
2609 4709 2819 4779 publica
2841 4708 3163 4778 persecutio,
3187 4705 3280 4760 sed
3308 4706 3557 4774 religiosa
3587 4705 3760 4759 devo-

2169 4802 2264 4855 tio.
2297 4799 2412 4855 Non
2447 4801 2589 4854 enim
2625 4800 2918 4857 timuerunt
2955 4799 3138 4851 salutis
3174 4797 3405 4866 propria:
3449 4795 3630 4849 subire
3661 4795 3760 4849 di-

2168 4891 2420 4954 scrimen,
2435 4890 2562 4945 dum
2581 4890 2738 4945 saluti
2748 4890 2968 4960 cupiunt
2982 4888 3264 4958 providere
3286 4887 3597 4941 multorum.
3611 4884 3757 4945 Nam

2169 4995 2291 5035 cum
2337 4980 2704 5050 perspicerent
2756 4979 2810 5034 in
2855 4979 3076 5046 regione
3117 4991 3214 5031 sua
3242 4976 3470 5045 gentiles
3497 4975 3759 5030 homines

2169 5063 2384 5126 asSueto
2412 5072 2713 5140 sacrilegio,
2737 5071 2880 5140 quod
2908 5072 3132 5127 lustrum
3172 5078 3365 5125 vocant
3391 5069 3615 5123 funestis
3633 5069 3758 5122 cir-

2168 5158 2491 5217 cuitionibus
2540 5162 2658 5218 loca
2703 5163 2950 5218 universa
2996 5162 3254 5232 polluere,
3321 5167 3376 5213 et
3426 5159 3760 5214 innocentes

2166 5266 2408 5320 quosque
2432 5252 2519 5306 vel
2567 5252 2832 5318 absentes,
2877 5253 2921 5306 si
2946 5267 3052 5307 non
3081 5250 3409 5307 conscientia
3438 5248 3523 5302 vel
3548 5249 3758 5302 conni-

2166 5343 2344 5398 ventia
2373 5344 2669 5410 maculare;
2703 5345 2932 5400 maculat
2959 5345 3101 5399 enim
3122 5343 3462 5399 conniventia
3482 5356 3606 5396 eum
3628 5342 3754 5410 qui,

2168 5451 2289 5490 cum
2317 5436 2733 5492 contradicendo
2760 5438 3046 5508 prohibere
3073 5438 3246 5507 potuit
3271 5452 3340 5492 ne
3369 5435 3539 5501 ﬁeret,
3565 5444 3623 5490 ut
3645 5433 3756 5489 ﬁe-

2168 5533 2252 5581 ret
2271 5528 2422 5596 quasi
2441 5527 2822 5584 dissimulando
2837 5529 3100 5600 permisit.
3127 5528 3259 5584 Cum
3281 5527 3439 5598 igitur
3460 5526 3576 5582 hac
3598 5523 3756 5582 beati

2172 5661 2419 5730 rentiani,
2451 5661 2739 5719 Vaticanus
2767 5661 2923 5728 6451,
2954 5671 3009 5717 et
3043 5661 3381 5717 Casinenscs.
