4054 6194
317 321 421 375 6!)?

1673 318 1901 375 SERMO
1940 319 2213 375 LXXXIII.

3477 326 3580 379 693

317 436 413 488 viri
444 440 747 496 cernerent,
773 432 1183 503 increpaverunt
1228 447 1323 488 eos
1352 440 1681 497 constanter,
1715 432 1888 488 lideli-
1916 441 1959 494 Α
1994 444 2078 488 tur
2098 433 2381 488 sanctitate
2409 433 2582 496 multi,
2608 433 2679 487 ita
2713 435 2869 489 unius
2895 436 3178 505 sacrilegio
3204 437 3414 506 plurimi
3460 440 3579 507 pul-

314 536 402 578 Inr
429 523 800 593 objurgarunt,
828 532 883 577 et
911 525 1014 578 hoc
1038 523 1403 593 praestiterunt
1428 532 1486 577 ut
1522 524 1595 577 ibi
1638 533 1900 595 martyres

312 612 528 676 fierent,
581 621 636 667 et
660 622 1031 682 persecutores
1071 629 1198 669 suos
1237 612 1573 669 Christianos
1598 614 1894 670 efficerent.

313 702 478 771 Ergo,
532 701 749 771 fratres,
796 703 921 771 quia
972 704 1231 758 habemus
1277 704 1601 773 exemplum,
1633 705 1901 761 imitemur

312 800 534 847 sanctos
563 792 728 857 viros,
761 792 808 847 si
837 809 943 847 non
990 794 1254 863 passionis
1298 796 1577 866 martyrio,
1623 796 1708 849 vel
1754 804 1900 850 certe

312 882 736 937 Christianitatis
762 883 961 939 officio.
993 883 1061 938 Et
1088 886 1213 953 quia
1266 885 1565 940 audivimus
1610 886 1836 941 lustrum
1865 901 1897 940 a

315 974 588 1029 nonnullis
615 975 888 1044 sacrilegis
914 976 1053 1030 mitti
1083 976 1259 1031 solere
1286 976 1538 1046 exemplo
1568 985 1896 1042 sanctorum,

310 1067 660 1134 objurgemus
688 1068 899 1137 impios,
923 1069 1243 1136 castigemus
1262 1078 1534 1133 errantes;
1559 1069 1734 1138 portio
1756 1069 1898 1124 enim

311 1156 553 1227 martyrii
583 1164 666 1210 est
694 1155 884 1211 fecisse
912 1157 1056 1227 quod
1083 1166 1367 1230 martyres.
1419 1158 1703 1223 Cancrum,
1747 1160 1789 1214 si
1819 1158 1900 1213 vi-

309 1246 501 1300 dentes
526 1248 629 1302 hoc
659 1253 916 1313 tacemus,
975 1250 1195 1304 silentes
1241 1258 1295 1304 et
1338 1251 1589 1319 patimur,
1636 1266 1761 1305 reos
1799 1265 1899 1305 nos

308 1340 616 1400 statuimus,
648 1339 693 1393 si
732 1354 840 1393 non
895 1341 1211 1409 operatione
1239 1341 1491 1405 sceleris,
1524 1348 1759 1395 attamen
1789 1341 1900 1396 dis-

309 1429 673 1483 simulationis
698 1444 941 1485 assensu.
971 1430 1125 1495 Nam,
1167 1432 1303 1486 sicut
1349 1432 1567 1486 obviare
1605 1432 1898 1501 sacrilegiis

309 1519 775 1574 contradicentem
795 1520 1073 1588 justificat,
1102 1521 1177 1575 ita
1202 1522 1536 1577 dissimulare
1563 1538 1681 1591 qua:
1702 1522 1898 1577 videris

308 1609 548 1663 maculat
575 1610 914 1664 reticentem.
959 1610 1147 1664 Solent
1172 1611 1313 1664 enim
1338 1612 1580 1681 plerique
1608 1612 1791 1665 miseri
1815 1612 1897 1666 di-

308 1715 439 1754 cere
464 1718 478 1751 :
510 1700 721 1766 Nescio,
754 1716 861 1754 non
885 1700 1039 1769 jussi,
1066 1717 1227 1756 causa
1249 1717 1367 1755 mea
1394 1718 1499 1756 non
1530 1710 1629 1766 est,
1663 1718 1767 1756 non
1810 1716 1897 1756 me

2002 523 2239 578 luuntur.
2273 522 2339 576 Et
2361 522 2480 576 ideo
2507 524 2723 589 malum,
2756 525 2900 595 quod
2934 525 3059 580 licet
3080 526 3147 581 ab
3172 527 3365 593 altero,
3410 537 3463 583 te
3494 538 3577 582 ta-

2000 628 2124 667 men
2170 614 2374 668 sciente
2420 615 2792 683 committitur,
2824 617 2993 683 tangit
3020 625 3092 682 te,
3121 618 3247 672 dum
3297 627 3387 673 tua
3441 635 3578 675 con-

2000 707 2220 762 scientia
2242 715 2457 760 tenetur
2483 707 2763 762 inclusum.
2788 708 2977 763 Nescio
2999 718 3195 775 autem,
3220 709 3429 775 fratres,
3450 711 3577 780 quid

2000 797 2129 851 illud
2156 798 2244 860 sit,
2276 796 2421 865 quod
2442 797 2538 852 Dei
2564 806 2829 869 praecepta
2860 808 2967 853 tam
2993 800 3389 855 dissimulanter
3416 816 3575 856 exse-

1999 889 2231 957 quimur,
2255 889 2344 957 qui
2373 888 2518 957 quod
2563 890 2832 959 principes
2859 890 3035 945 saeculi
3081 891 3356 959 iusserint,
3388 906 3578 945 omnes

1998 979 2226 1034 sollicite
2246 978 2560 1043 obaudiunt,
2589 995 2778 1034 omnes
2805 995 2992 1034 eorum
3018 981 3304 1047 vigilanter
3318 980 3465 1049 jussa
3487 996 3577 1035 cu-

1998 1068 2253 1123 stodiunt.
2279 1068 2421 1123 Deus
2439 1070 2701 1138 praecipit,
2734 1078 2790 1123 et
2809 1069 2874 1123 ad
2912 1069 3027 1138 ejus
3070 1078 3335 1140 praecepta
3375 1070 3575 1125 dormi-

1998 1174 2135 1212 mus.
2160 1158 2383 1224 Quoties
2426 1160 2700 1214 mandavit
2727 1159 2866 1213 idem
2896 1158 3036 1215 Deus
3062 1160 3326 1215 idolorum
3354 1160 3573 1215 sacrile-

1998 1248 2084 1316 gia
2105 1248 2449 1313 destruenda,
2480 1258 2535 1303 et
2564 1264 2834 1317 nunquam
2860 1249 2929 1303 ad
2958 1250 3100 1304 hanc
3126 1258 3332 1318 partem
3361 1249 3573 1304 solliciti

1997 1354 2119 1393 esse
2138 1339 2422 1395 volumus?
2442 1338 2669 1409 Semper
2697 1340 3165 1403 dissimulavimus,
3195 1355 3406 1409 semper
3432 1354 3575 1408 spre-

1999 1430 2190 1484 vimus.
2232 1428 2427 1486 Postea
2466 1447 2565 1487 nos
2594 1430 2875 1485 admonuit
2916 1431 3195 1501 imperiale
3225 1437 3575 1499 praeceptum.

1998 1519 2188 1575 Videte
2210 1528 2412 1589 quanta
2457 1521 2765 1576 Divinitatis
2790 1522 2859 1574 sit
2879 1520 3159 1589 derogatio
3188 1521 3301 1574 hanc
3328 1520 3574 1573 humana:

1997 1612 2280 1680 potestatis
2309 1611 2558 1680 adjectio.
2588 1612 2695 1666 Aut
2719 1612 2848 1681 quid
2868 1611 2935 1665 de
2982 1611 3137 1665 nobis
3158 1609 3452 1677 judicatur,
3480 1608 3574 1677 qui

1996 1718 2157 1770 quam
2186 1703 2438 1772 religiose
2476 1703 2660 1758 vivere
2690 1718 2797 1757 non
2827 1701 3113 1756 devotione
3167 1699 3429 1767 cogimur,
3476 1697 3572 1752 sed

308 1791 502 1859 tangit.
552 1788 657 1844 Sed
686 1792 818 1854 haec,
847 1799 907 1845 ut
931 1791 1062 1855 dixi,
1106 1791 1341 1859 loquitur
1370 1792 1532 1845 miser
1559 1793 1783 1861 quisque
1810 1792 1896 1846 vel
1931 1807 1972 1865 Β
2000 1801 2222 1847 terrore.
2248 1791 2524 1862 Principes
2564 1792 2779 1862 quidem
2803 1800 2911 1845 tam
2936 1790 3061 1845 boni
3091 1788 3378 1843 Christiani
3425 1788 3573 1856 leges

307 1881 583 1950 trepidus;
615 1889 774 1948 negat
795 1881 1014 1936 enimse
1037 1882 1257 1949 jussisse
1284 1879 1419 1944 fieri,
1468 1883 1560 1950 qui
1604 1882 1773 1935 noluit
1806 1880 1894 1949 ju-

304 1971 443 2025 bere
470 1987 539 2025 ne
567 1969 735 2026 fieret.
768 1971 899 2025 Nam
930 1972 1113 2040 utique
1143 1972 1339 2025 malum
1392 1971 1535 2041 quod
1564 1971 1631 2025 de
1660 1986 1884 2026 consue-

307 2060 500 2115 tudine
526 2061 691 2126 venit,
707 2076 829 2115 cum
859 2076 964 2116 non
993 2068 1326 2126 coerceatur,
1352 2060 1673 2115 admittitur.
1692 2060 1886 2125 Causa,

304 2149 506 2218 inquit,
537 2166 657 2205 mea
686 2166 795 2205 non
815 2160 914 2205 est.
940 2150 1161 2206 Falleris
1188 2157 1242 2205 et
1263 2152 1477 2218 ignoras
1503 2169 1515 2204 :
1558 2152 1733 2206 nescis
1761 2152 1887 2219 quia

296 2239 408 2292 Dei
440 2255 601 2294 causa
652 2250 970 2296 cunctorum
1020 2248 1122 2309 est,
1151 2247 1205 2295 et
1232 2240 1377 2309 quod
1406 2241 1472 2295 ab
1503 2256 1610 2294 uno
1635 2250 1888 2310 peccatur

300 2330 360 2383 in
393 2331 632 2400 pluribus
656 2332 969 2386 vindicatur.
1022 2331 1175 2396 Nam,
1206 2332 1345 2386 sicut
1366 2332 1522 2386 unius
1551 2331 1888 2386 sanctiﬁwn-

2000 1899 2097 1953 pro
2124 1884 2383 1951 religione
2411 1884 2772 1954 promulgant,
2819 1883 2912 1939 sed
2939 1898 3030 1938 eas
3068 1888 3409 1936 exsecutores
3461 1894 3569 1933 non

1997 1982 2222 2028 exerunt
2244 1983 2631 2043 competenter.
2655 1973 2722 2027 Et
2746 1973 2865 2029 ideo
2886 1981 3049 2027 exuto
3070 1987 3100 2024 a
3123 1971 3278 2039 culpa
3307 1968 3567 2038 principe,

1996 2070 2283 2117 exsecutor
2308 2070 2551 2117 remanet
2581 2064 2634 2117 in
2663 2071 2837 2131 reatu,
2867 2064 2979 2131 qui,
3008 2061 3052 2115 si
3072 2061 3415 2116 acrimoniam
3438 2059 3569 2126 legis

1994 2161 2232 2221 exercet,
2285 2162 2339 2207 et
2382 2154 2497 2222 ipse
2548 2161 2771 2223 peccato
2818 2152 3131 2216 absolvitur,
3169 2157 3226 2204 et
3276 2164 3375 2219 pro
3397 2147 3566 2202 salute

1992 2244 2282 2299 multorum
2310 2252 2510 2298 acterna
2530 2243 2780 2299 mercede
2802 2243 3099 2298 donabitur.

1604 2425 1871 2486 SERMO
1914 2426 2268 2489 LXXXIII.

995 2525 1063 2582 In
1090 2529 1253 2582 natali
1283 2527 1389 2584 SS.
1419 2527 1838 2583 Machabworum
1865 2539 1915 2583 et
1944 2532 2004 2586 S.
2038 2531 2249 2586 Eusebii
2284 2530 2617 2587 Vercellemis
2638 2530 2889 2600 episcopi.

1714 2620 2107 2677 ADMONITIO.

381 2709 533 2793 611
568 2707 706 2762 Nihil
735 2718 1009 2793 estcausae
1030 2725 1125 2764 cur
1142 2710 1282 2764 hunc
1301 2726 1603 2793 sermonem
1634 2720 1828 2793 sancto
1860 2711 2093 2793 Maximo
2114 2728 2219 2793 non
2242 2720 2662 2793 esse‘acceptum
2682 2708 3022 2793 referendum
3044 2714 3246 2793 putem:
3269 2704 3401 2793 'I‘am
3424 2706 3563 2793 enim

292 2790 387 2834 est
401 2776 716 2833 orationeac
736 2780 872 2849 stle
894 2788 1209 2833 cmterurum
1229 2782 1396 2835 sancti
1426 2782 1677 2835 antistitis
1692 2797 1998 2836 sermonum
2019 2782 2221 2848 similis,
2247 2789 2306 2836 ut
2326 2782 2397 2836 nil
2419 2776 2710 2836 desiderari
2733 2781 2953 2836 similius
2981 2776 3139 2848 posse
3150 2777 3422 2849 videatur.
3445 2776 3562 2849 Quo

294 2848 476 2920 magis
503 2850 556 2920 in
586 2845 846 2903 sententia
876 2849 1183 2920 confirmor,
1217 2850 1360 2920 quod
1390 2851 1530 2905 hunc
1556 2852 1681 2905 item
1711 2867 1846 2913 cum,
1861 2854 2196 2907 sermonibus
2210 2845 2336 2905 aliis
2356 2852 2568 2905 Maximi
2610 2853 2661 2904 in
2692 2850 2858 2905 veteri
2880 2845 3063 2904 codice
3093 2847 3428 2920 bibliothecae
3455 2845 3562 2900 Me~

294 2916 470 2995 diceat:
493 2918 866 2995 _Laurentiau:e
886 2935 1032 2995 num2
1059 2936 1075 2973 ι
1106 2916 1250 2995 Plut;
1270 2937 1354 2973 xiv
1381 2934 1501 2989 pag.
1525 2920 1639 2995 ⁸144
1669 2923 1931 2995 integrum
1954 2922 2195 2975 exhiberi
2216 2936 2429 2975 cernam
2459 2920 3061 2995 pneferenteniMaximi
3080 2917 3321 2995 ejusdem
3343 2931 3562 2995 nomen.

296 2986 463 3059 l_lunc
490 2988 663 3057 ipsum
688 3005 988 3043 sermonem
1020 2986 1575 3059 interpolator—nescio
1605 2992 1725 3059 quis
1745 2986 1988 3045 veterum
2020 2986 2488 3046 monumentorum
2518 3006 2677 3045 ausus
2697 2998 2780 3044 est
2826 2991 2875 3043 in
2926 2997 3102 3058 partes
3120 2986 3562 3059 discerperetur—

290 3055 480 3125 deque
509 3055 785 3112 sermones
822 3059 888 3112 de
916 3067 1102 3112 sancto

1179 3060 1363 3113 usebio
1392 3076 1489 3114 suo
1520 3054 1781 3114 arbitratu
1812 3060 2047 3115 conflare
2090 3062 2244 3125 duos,
2275 3076 2412 3129 quos
2441 3063 2580 3116 inter
2610 3054 2959 3114 Maximianus
3008 3058 3176 3113 edidit
3221 3054 3562 3119 Muratorius,

290 3139 544 3195 quosque
572 3142 671 3194 ego
694 3128 877 3183 censui
900 3128 953 3182 in
983 3129 1330 3198 appendicem
1360 3137 1601 3183 nostram
1630 3130 1781 3198 rejici
1811 3140 2089 3200 oportere.

290 3244 687 3297 Aucuumwu.
711 3275 781 3284 —
803 3240 929 3305 Quae
981 3243 1272 3312 specialiter
1320 3240 1656 3305 Machabmis,
1691 3251 1739 3294 ct
1767 3258 1880 3312 qua:
1910 3244 1957 3307 (ζ
1988 3249 2155 3295 tutem
2184 3255 2283 3295 nec
2316 3242 2473 3295 mina:
2501 3242 2683 3296 mundi
2713 3258 2742 3296 a
2772 3243 2883 3298 Deo
2912 3259 3010 3297 suo
3038 3250 3314 3311 revocant,
3345 3258 3445 3298 nec
3473 3256 3559 3297 re-

375 3315 521 3365 beato
571 3312 790 3365 Eusebio
847 3313 1019 3382 fuerit,
1052 3329 1207 3365 causa
1247 3312 1494 3364 certandi.
1542 3312 1879 3382 Singulorum

371 3384 692 3451 martyrium,
718 3380 947 3452 beatique
978 3381 1182 3435 Eusebii
1213 3383 1387 3449 passio
1414 3380 1735 3452 describitur.
1755 3380 1878 3434 Non

370 3450 540 3522 impar
567 3450 934 3532 estnEuscbius,
967 3453 1071 3521 qui,
1105 3452 1323 3531 perﬁdia
1351 3453 1619 3532 confutata
1647 3450 1873 3505 Ariano-

373 3521 503 3585 rum,
535 3523 603 3574 ad
638 3521 797 3575 Deum
822 3532 935 3588 post
964 3531 1215 3575 tormenta
1244 3521 1497 3591 migravit.

371 3612 450 3664 Ad
478 3611 846 3665 celebritatem
890 3610 1171 3679 pneseutis
1212 3610 1337 3674 diei,
1374 3609 1565 3663 fratres
1593 3611 1874 3678 carissimi,

284 3702 443 3755 mimi
470 3718 564 3755 nos
590 3718 711 3756 cum
743 3702 1019 3756 alacritate
1045 3717 1366 3756 concurrere
1389 3702 1606 3757 devotio
1653 3704 1877 3771 geminae

284 3808 397 3846 nos
419 3793 719 3846 festivitatis
748 3794 955 3855 invitat,
981 3786 1140 3861 quam
1174 3810 1269 3848 nos
1292 3794 1492 3848 habere
1537 3795 1874 3851 manifestum

281 3892 378 3935 est
402 3882 469 3935 de
493 3881 915 3937 Macbabteorum
941 3883 1209 3952 triumpho
1235 3892 1289 3939 et
1316 3885 1539 3939 victoria
1594 3884 1874 3942 confesso-

281 3971 369 4025 ris
400 3969 488 4039 (11
516 3970 691 4025 Maeli.
719 3972 834 4041 vn).
866 3972 961 4027 Est
986 3988 1218 4043 namque
1246 3974 1400 4028 nobis
1449 3990 1611 4044 super
1662 3976 1876 4032 Macha-

282 4060 443 4113 basos
470 4060 717 4128 gaudium
743 4062 991 4129 generale
1011 4078 1129 4115 cum
1181 4063 1410 4130 caeteris,
1443 4074 1497 4117 et
1536 4080 1632 4133 per
1657 4066 1874 4120 beatum

279 4150 581 4205 Eusebium
598 4153 904 4208 domestica:
923 4155 1295 4222 gratulationis
1313 4156 1545 4224 propria,
1571 4156 1877 4225 peculiaris-

279 4258 399 4313 que
447 4244 626 4298 laetitia
656 4252 773 4311 est;
802 4254 857 4299 et
886 4246 1007 4300 licet
1029 4246 1254 4300 diversis
1285 4248 1633 4316 temporibus,
1655 4248 1869 4304 diverso

280 4334 477 4403 utique
498 4349 668 4403 agone
695 4335 1052 4404 conﬂixerint,
1083 4354 1221 4391 unus
1244 4346 1419 4392 tamen
1448 4339 1500 4392 in
1530 4340 1633 4392 illis
1655 4340 1871 4410 spiritus

278 4423 582 4478 dimicavit.
627 4424 757 4490 Quis
805 4427 945 4479 enim
988 4426 1195 4481 dubitet
1222 4443 1386 4480 unum
1417 4427 1469 4481 in
1500 4428 1602 4481 illis
1629 4444 1867 4498 sensum,

281 4530 323 4567 υ
352 4529 454 4566 .am
505 4524 763 4581 mentem,
792 4532 953 4570 unum
980 4515 1143 4570 fuisse
1171 4517 1443 4585 Spiritum,
1490 4534 1611 4571 cum
1654 4518 1729 4571 illi
1770 4534 1868 4587 pro

1980 3335 2066 3401 gia
2124 3334 2487 3388 blandimenta
2527 3334 2810 3388 seducunt.
2865 3333 3053 3403 Itaque
3098 3336 3302 3403 primus
3337 3349 3404 3389 ex
3458 3334 3561 3386 illis

1981 3422 2175 3477 divinae
2219 3424 2571 3493 dispositione
2623 3424 2845 3492 justitim
2892 3424 3196 3493 palaestram
3250 3424 3560 3478 certaminis

1980 3517 2212 3570 caelestis
2251 3516 2563 3584 ingreditur,
2605 3525 2663 3571 ut
2705 3517 2798 3585 qui
2836 3525 2995 3572 aetate
3036 3519 3267 3586 praeiret,
3308 3516 3557 3585 passione

1977 3604 2324 3675 praecederet,
2340 3606 2662 3661 etnascendi
2679 3607 2811 3661 ordo
2836 3616 3043 3661 teneret
3063 3608 3114 3661 in
3138 3606 3389 3661 fratribus
3409 3608 3557 3661 ordi-

1978 3709 2101 3747 nem
2148 3695 2525 3765 triumphandi.
2559 3696 2657 3752 Hic
2696 3697 2857 3764 igitur
2884 3700 3045 3769 612
3074 3698 3357 3769 primaevus
3386 3714 3417 3752 e
3448 3700 3555 3752 fra-

1978 3786 2145 3841 tribus
2166 3788 2435 3856 sartagine
2455 3804 2712 3843 succensa
2744 3787 2860 3857 frigi
2886 3790 3105 3858 jubetur
3120 3806 3150 3843 a
3180 3804 3327 3858 rege,
3349 3789 3444 3844 sed
3470 3806 3555 3845 rc—

1975 3873 2261 3945 frigeratur
2288 3894 2317 3931 a
2340 3878 2485 3945 Deo;
2510 3880 2755 3934 manibus
2782 3882 3110 3952 pedibusque
3140 3890 3436 3949 truncatur,
3458 3879 3554 3936 sed

1975 3969 2204 4022 multum
2232 3968 2299 4022 de
2319 3970 2401 4023 sui
2427 3970 2789 4037 integratione
2817 3987 3058 4040 securus,
3103 3971 3245 4042 quod
3274 3987 3371 4041 pro
3415 3972 3555 4028 illius

1975 4059 2090 4113 haec
2135 4074 2195 4114 se
2242 4069 2467 4114 noverat
2518 4060 2640 4128 lege
2687 4063 2816 4131 pati,
2852 4079 3018 4132 penes
3056 4078 3215 4133 quem
3242 4062 3415 4116 solum
3435 4077 3555 4117 esse

1973 4150 2226 4204 credebat
2278 4150 2544 4205 formandi
2598 4153 2993 4222 reparandique
3038 4154 3280 4223 corporis
3316 4162 3554 4223 potesta-

1973 4247 2081 4293 tem
2107 4257 2119 4292 :
2152 4240 2221 4295 ob
2249 4240 2353 4295 hoc
2380 4240 2631 4294 nimirum
2682 4241 3002 4296 fortissimus
3024 4240 3237 4308 juvenis
3266 4250 3382 4295 toto
3428 4258 3551 4295 cor-

1972 4344 2105 4399 pore
2126 4329 2488 4397 membrisque
2516 4330 2836 4393 conciditur,
2870 4339 2928 4384 ut
2976 4328 3217 4383 advertat
3265 4338 3550 4398 praestante

1972 4422 2083 4477 Deo
2111 4430 2191 4476 tot
2218 4437 2276 4476 se
2322 4423 2577 4493 martyria
2625 4423 2825 4477 habere
2854 4429 2987 4493 quot
3023 4421 3281 4475 membra.
3307 4419 3550 4474 Privatur

1972 4513 2107 4567 alius
2136 4513 2335 4580 lingua,
2366 4512 2501 4568 alius
2521 4513 2712 4583 capitis
2732 4522 2855 4568 cute
2892 4513 3142 4578 nudatur,
3174 4518 3231 4565 ut
3271 4524 3548 4581 poenarum

280 4605 502 4659 Domini
530 4606 647 4673 lege
667 4607 775 4660 sint
802 4608 967 4675 passi,
996 4607 1081 4661 hic
1108 4622 1205 4675 pro
1234 4608 1351 4675 ipso
1399 4608 1623 4662 Domino
1679 4618 1866 4677 protu-
1898 4615 1946 4673 ι)
1970 4605 2253 4661 diversitas
2300 4607 2612 4661 varietatem
2656 4606 2900 4675 gigneret
2938 4605 3299 4676 pmmiorum.
3348 4601 3548 4655 Fremit

281 4696 413 4748 lerit
438 4697 772 4764 passionem?
794 4697 1109 4766 Diligentius
1137 4713 1279 4751 nunc
1308 4698 1667 4763 intendamus,
1698 4699 1865 4751 caris-

277 4786 429 4847 simi,
457 4802 573 4855 qum
601 4788 906 4868 specialiter
934 4787 1266 4853 Machabzeis,
1292 4804 1407 4857 qua!
1429 4787 1589 4841 beato
1635 4787 1865 4844 Eusebio

279 4878 450 4931 fuerit
476 4894 633 4933 causa
662 4881 920 4935 certandi.
945 4881 1109 4950 Igitur
1129 4898 1248 4937 cum
1277 4882 1415 4952 apud
1445 4891 1653 4936 vetusta
1674 4884 1865 4938 saecula

280 4969 342 5022 in
365 4984 552 5025 servos
577 4971 670 5025 Dei
700 4971 974 5026 diabolicae
1000 4972 1211 5026 invidiae
1241 4971 1443 5028 facibus
1462 4974 1732 5040 gentilitas
1777 4989 1867 5029 ac-

278 5075 450 5114 censa
497 5060 746 5129 ferveret,
796 5071 851 5117 et
907 5063 1153 5118 Antiochi
1194 5066 1460 5134 pnecipue
1480 5063 1866 5119 ferocissimum

278 5162 477 5222 pectus
504 5155 667 5223 impia
710 5155 984 5225 suppleret
1013 5157 1239 5215 insania.
1289 5155 1623 5210 Mzicbabmos
1652 5156 1868 5224 fratres,

279 5256 581 5312 eorumque
629 5244 1082 5313 reiigiosissimam
1127 5253 1352 5299 matrem
1393 5254 1575 5314 raptos
1604 5245 1672 5299 ad
1704 5246 1867 5302 ferale

276 5334 440 5401 jubet
485 5336 717 5390 tribunal
771 5336 978 5398 adduci,
1037 5344 1299 5405 quatenus
1345 5352 1440 5391 eos
1478 5345 1623 5391 uietu
1654 5339 1864 5405 mortis,

284 5432 499 5478 terrore
546 5440 848 5494 pmnarum,
893 5426 1253 5481 oblationibus
1280 5442 1583 5492 munerum,
1627 5427 1680 5480 in
1710 5442 1864 5481 suum

280 5514 514 5569 transire
541 5517 791 5571 suaderet
832 5533 1091 5573 errorem.
1140 5519 1207 5573 At
1246 5518 1645 5574 devotissimam
1668 5516 1863 5587 juven-

356 5700 381 5726 ⁸
416 5687 557 5744 Edit.
583 5689 860 5761 Muralor.,
892 5710 999 5750 rex.

1967 4712 2095 4765 ergo
2157 4697 2209 4749 in
2267 4713 2481 4751 omnem
2556 4699 2813 4751 smvitiam
2879 4706 3186 4751 sanctorum
3264 4691 3547 4747 virtutibus

1966 4788 2287 4842 exacerbata
2342 4788 2652 4842 crudelitas.
2700 4788 3023 4843 Lassescunt
3073 4786 3278 4840 lanistae
3324 4798 3544 4851 manus,

1966 4879 2174 4933 cruenti
2206 4880 2487 4935 tabescunt
2519 4881 2680 4945 oculi,
2712 4890 2873 4948 atque
2902 4881 3016 4948 ipsa
3041 4878 3149 4947 jam
3180 4877 3280 4931 sibi
3302 4875 3547 4946 impietas

1964 4970 2256 5039 erubescit,
2281 4987 2650 5042 conversoque
2678 4972 2865 5026 ordine
2914 4970 3220 5039 quuestiouis
3240 4968 3403 5036 gemit
3433 4975 3545 5021 tor-

1968 5072 2071 5127 tor,
2105 5072 2158 5118 et
2189 5066 2377 5119 tortori
2407 5081 2505 5119 suo
2535 5075 2705 5120 tortus
2732 5065 2972 5118 insultat.
3006 5062 3168 5117 Czesis
3208 5062 3391 5131 itaque
3446 5074 3546 5129 per

1969 5156 2081 5209 lucc
2110 5157 2497 5226 prostratisque
2527 5166 2551 5192 ³
2584 5171 2677 5210 sex
2708 5154 2978 5215 fratribus,
3027 5153 3302 5222 septimus,
3346 5149 3437 5219 qui
3488 5154 3546 5202 et

1961 5243 2144 5313 junior
2163 5246 2550 5300 examinandus
2574 5245 2831 5313 ingeritur
2854 5262 2865 5296 :
2898 5260 3057 5312 quem
3079 5259 3171 5297 rex
3196 5241 3282 5295 ille
3306 5237 3543 5310 tyranni-

1966 5351 2060 5390 cus
2088 5345 2169 5390 tot
2196 5352 2261 5392 ac
2308 5338 2500 5392 talibus
2540 5337 2787 5406 expensis
2817 5334 3008 5391 frustra
3038 5334 3309 5405 suppliciis
3338 5331 3541 5386 mollis-

1964 5429 2098 5483 sima
2127 5430 2312 5484 nititur
2330 5430 2659 5485 allocutione
2706 5429 2957 5483 mulcere.
2990 5426 3258 5481 Promittit
3280 5438 3428 5493 opes,
3460 5421 3541 5476 of-

1965 5519 2068 5574 fert
2096 5521 2352 5590 honores,
2380 5538 2610 5593 suasque
2639 5522 2857 5593 insuper
2877 5521 3136 5577 amicitias
3164 5519 3464 5592 pollicetur,
3492 5516 3538 5571 si
