4054 6194
454 323 554 380 699

1666 300 1720 356 S.
1764 294 2006 353 MAXIM!
2043 291 2489 348 TAUIIINENSIS

3589 273 3688 327 70D

456 441 626 513 possit
671 453 702 492 a
741 450 906 507 puero
933 433 1218 502 impetrare
1243 423 1540 496 perﬁdiam.
1572 418 1678 474 Sed
1703 412 2026 471 constantis-
2051 413 2102 472 Α
2127 417 2411 487 diendique
2437 415 2675 478 satietas,
2703 426 2803 466 nec
2828 403 3256 513 beatissimorum
3286 399 3696 512 tamendlacha-

458 499 622 589 simus
637 499 946 585 adoIescens
968 499 1170 591 regem,
1194 529 1250 574 et
1269 519 1408 586 regis
1426 515 1565 570 dona
1593 509 1914 580 despiciens,
1929 520 2025 575 pa-
2126 512 2360 566 meorum
2389 507 2601 563 silentio
2620 515 2702 561 est
2720 503 3086 576 praetereunda
3113 501 3370 565 victoria;
3397 499 3522 568 quia
3552 508 3607 553 et
3625 504 3697 572 ip-

461 622 694 676 radisum
739 613 1066 684 cogitatione
1107 608 1475 668 deambulans,
1529 610 1583 656 et
1627 599 1819 655 caslum
1847 602 2028 650 mente
2127 618 2215 657 sos
2242 602 2329 656 hic
2357 599 2494 656 idem
2521 600 2636 656 dies
2661 607 2875 668 ereptos
2919 598 3115 652 szeculo
3142 611 3338 665 magno
3365 611 3486 653 cum
3515 598 3697 653 trium-

465 722 800 780 percurrens,
823 702 1083 772 supplicia
1103 699 1203 754 sibi
1221 696 1428 752 censuit
1455 689 1820 748 commodiora
1867 699 2029 754 quam

2176 695 2236 746 ho
2265 691 2554 746 transmisit
2585 690 2652 744 ad
2679 691 2892 746 caelum.
2917 688 2981 742 Et
2999 689 3243 757 quamvis
3267 688 3464 744 chorus
3491 689 3580 744 ille
3601 690 3702 744 for-

467 812 710 863 munera,
739 794 1004 863 elegitque
1032 790 1166 844 mori
1196 803 1292 858 pro
1319 787 1430 840 Deo
1475 798 1637 852 quam
1689 781 1871 833 vivere
1908 791 2030 830 cum

2176 785 2368 839 ssimus
2415 781 2481 836 ad
2529 781 2695 835 Deum
2743 795 2896 835 suum
2928 780 3068 834 inter
3111 786 3380 834 tormenta
3411 781 3701 847 transierit,

469 895 730 958 tyranno;
760 898 858 938 nec
883 896 1013 938 sane
1035 884 1282 949 p0terant
1304 890 1425 930 eum
1462 872 1607 939 regia
1633 869 1888 924 inclinare
1902 880 2036 958 pro-

471 955 651 1041 missa,
681 989 840 1043 quem
881 971 1113 1026 fraterna
1143 976 1407 1023 tormenta
1457 978 1564 1018 non
1593 960 1872 1016 ﬂexerant.
1901 955 2036 1019 Imo,

473 1076 532 1122 ut
555 1067 729 1120 exitus
754 1063 954 1126 docuit,
988 1059 1322 1114 ﬁdelissimus
1351 1069 1484 1125 puer
1522 1053 1575 1106 in
1601 1066 1664 1106 ea
1692 1049 1860 1116 magis
1888 1054 2041 1116 parte

474 1157 757 1212 videbatur
783 1151 1043 1221 torqueri,
1092 1147 1236 1218 quod
1267 1145 1470 1200 tardius
1500 1141 1866 1210 torquebatur.
1899 1137 2044 1191 Inter

477 1249 578 1303 ista
625 1255 801 1302 mater
843 1243 1055 1312 egregia
1085 1241 1153 1295 de
1181 1238 1504 1294 cruciatibus
1545 1234 1771 1288 ﬁliorum
1791 1230 2045 1285 divinitus

479 1339 732 1408 iuSpirata
762 1334 1042 1403 gaudebat,
1072 1338 1218 1386 certa
1249 1337 1330 1382 tot
1348 1342 1408 1382 se
1433 1323 1791 1380 decorandam
1833 1319 2048 1374 coronis

479 1435 611 1496 quot
664 1425 848 1479 funera
899 1422 1210 1492 pertulisset
1251 1420 1303 1472 in
1354 1415 1494 1471 ﬁliis.
1537 1413 1669 1480 Quis
1692 1413 1806 1466 habe
1826 1409 2049 1464 audiens

481 1533 588 1572 non
618 1517 877 1570 miretur?
899 1514 979 1568 Ob
1008 1514 1267 1567 honorem
1300 1509 1392 1563 Dei
1441 1516 1686 1562 materno
1737 1505 1790 1559 in
1830 1509 2050 1573 pectore

481 1608 742 1676 genuinus
766 1605 989 1675 tepescit
1009 1603 1249 1668 aﬁ‘ectus,
1281 1600 1384 1654 ﬁde
1403 1607 1595 1654 natura
1641 1604 1944 1666 superatur,
1997 1603 2054 1648 et

2135 889 2241 929 non
2271 882 2449 928 tamen
2478 873 2647 941 impar
2664 877 2744 926 est
2770 869 3048 933 Eusebius,
3077 871 3168 939 qui
3190 870 3460 926 confutata
3486 872 3702 942 perﬁdia

2137 966 2204 1020 ad
2232 964 2476 1020 eumdem
2516 964 2681 1018 Deum
2724 963 2864 1018 victa
2905 970 3021 1032 post
3054 971 3319 1017 tormenta
3347 963 3612 1031 migravit.
3640 963 3705 1018 Et

2140 1066 2199 1113 ut
2224 1055 2555 1112 manifestius
2582 1055 2920 1109 advertamus
2943 1053 3158 1108 Eusebii
3185 1053 3349 1124 615
3399 1054 3704 1109 interiorem

2141 1166 2248 1205 non
2293 1149 2454 1204 fuisse
2500 1149 2796 1212 victoriam,
2848 1147 2922 1200 illi
2951 1147 3118 1201 veteri
3148 1162 3244 1215 pro
3272 1147 3388 1214 lege
3415 1154 3706 1208 certarunt,

2141 1241 2232 1296 hic
2259 1255 2400 1294 novo
2425 1253 2522 1308 pro
2551 1236 2839 1305 Evangelio
2883 1236 3146 1290 militavit.
3177 1235 3257 1290 llli
3285 1251 3384 1306 pro
3433 1236 3712 1305 praeceptis

2145 1332 2360 1402 quidem
2378 1331 2474 1385 Dei
2493 1329 2805 1398 subjacuere
2825 1328 3126 1398 suppliciis;
3150 1327 3406 1383 Eusebius
3426 1334 3602 1382 autent
3615 1344 3716 1397 pro

2148 1423 2370 1477 Deitatis
2399 1421 2562 1491 ipsius
2588 1420 2813 1474 veritate
2839 1418 3095 1473 conﬁixit.
3128 1417 3459 1473 Restiterunt
3505 1417 3578 1472 illi
3609 1419 3718 1472 An—

2150 1513 2330 1568 tiocho
2349 1512 2479 1580 regi,
2507 1525 2572 1565 ne
2598 1511 2795 1566 illicitis
2823 1517 2948 1564 tunc
2968 1509 3216 1565 carnibus
3237 1517 3606 1575 vescerentur;
3630 1509 3721 1563 ob-

2150 1605 2286 1660 stitit
2315 1604 2414 1657 iste
2440 1601 2673 1666 diabolo,
2704 1616 2771 1656 ne
2798 1601 3032 1656 haeretici
3055 1601 3317 1656 sermonis
3346 1599 3606 1655 fermento
3626 1615 3722 1670 pa-

483 1714 583 1754 δυο
608 1697 1008 1752 1ηιιιῖϐνῗονιῖοι·
1027 1711 1161 1750 εθιυ
1183 1695 1343 1749 docet
1374 1693 1510 1746 “"03
1536 1690 1696 1762 613
1717 1703 1899 1744 amare
1926 1701 2056 1756 sui"
2154 1711 2277 1750 nem
2302 1694 2456 1750 nobis
2483 1692 2804 1747 dominicum
2826 1692 3136 1746 macularet.
3159 1691 3500 1746 Exsultemus
3521 1692 3726 1760 itaque,

485 1790 666 1860 plicia.
717 1787 1010 1842 Praemissis
1056 1787 1221 1853 igitur
1265 1783 1330 1838 ad
1369 1782 1538 1836 Deum
1583 1780 1913 1850 pignoribus,
1943 1779 2057 1848 ipsa

2176 1785 2371 1850 'ratres,
2401 1785 2512 1839 Deo
2556 1791 2742 1838 nostro
2786 1790 3006 1851 agentes
3052 1782 3294 1851 gratiam,
3326 1783 3449 1852 quia
3496 1784 3596 1837 sub
3627 1783 3730 1838 hac

489 1879 652 1934 etiam
696 1884 880 1947 spreto
907 1876 1107 1931 mundo
1131 1874 1513 1943 gloriosissima
1542 1880 1718 1926 morte
1740 1868 2058 1924 succumbit.

491 1965 558 2020 Et
592 1965 806 2033 dignum
855 1979 1040 2020 revera
1091 1970 1208 2017 erat
1254 1971 1312 2018 ut
1349 1969 1521 2016 mater
1567 1969 1861 2030 martyrum
1894 1959 2062 2012 vitam

493 2055 749 2125 martyrio
777 2053 1104 2108 terminaret.
1138 2054 1156 2085 ¹

564 2147 692 2202 Post
731 2147 850 2215 ista,
893 2145 1243 2206 dileCtissimi,
1293 2157 1673 2204 recenseamus
1718 2155 1860 2196 nunc
1905 2148 2067 2210 prout

495 2253 796 2309 possumus,
843 2253 962 2308 qua;
1001 2238 1339 2292 beatissimus
1381 2243 1535 2305 pater
1579 2245 1765 2290 noster
1807 2231 2069 2288 Eusebius

497 2347 596 2402 pro
627 2331 748 2385 lidei
777 2330 1090 2385 defensione
1111 2329 1410 2400 pertulerit,
1446 2336 1502 2381 ut
1527 2327 1872 2382 advertamus
1899 2341 2071 2395 quan-

499 2431 586 2477 tus
605 2439 726 2476 eum
751 2423 920 2486 labor,
945 2436 1130 2490 qumve
1153 2421 1341 2474 merita
1371 2419 1438 2473 ad
1460 2428 1662 2473 tantam
1683 2419 1821 2474 hanc
1863 2415 2072 2472 confes-

500 2514 667 2570 sionis
694 2513 917 2580 gloriam
947 2519 1326 2581 provexerunt.
1360 2511 1457 2566 ilic
1486 2512 1662 2580 igitur,
1687 2513 1748 2565 ut
1774 2509 1964 2565 relatio
1985 2524 2074 2578 pa-

502 2612 654 2659 terna
679 2619 776 2657 nos
796 2603 1027 2667 instruit,
1055 2603 1156 2656 hac
1183 2612 1363 2656 nostra
1386 2612 1574 2671 raptus
1602 2617 1667 2657 ex
1691 2602 1822 2656 urbe
1847 2599 2075 2672 Scytho-

502 2693 666 2765 polim
706 2692 934 2755 ducitur,
992 2692 1171 2760 ibique
1219 2692 1562 2747 trucidandus
1591 2691 1817 2746 traditur
1842 2691 2073 2746 Arianis.

505 2785 621 2840 Non
662 2793 744 2840 est
798 2784 1145 2852 incognitum,
1188 2783 1399 2848 fratres,
1440 2792 1692 2855 quantam
1722 2786 1890 2856 possit
1918 2801 2075 2839 exer-

505 2889 630 2929 cere
677 2875 968 2943 nequitiam
1018 2874 1234 2931 inimico
1274 2875 1524 2930 smviendi
1552 2877 1808 2944 permissa
1835 2875 2074 2929 libertas.

507 2966 528 2995 ⁸
559 2963 688 3017 Nam
712 2972 768 3018 ut
809 2964 1117 3034 passionum
1147 2963 1262 3032 ejus
1288 2965 1567 3033 sequentia
1607 2965 1972 3029 decurramus,
1997 2964 2081 3018 di-

508 3054 647 3108 citur
667 3061 789 3124 post
813 3053 959 3107 illum
980 3053 1126 3108 velut
1149 3053 1519 3123 propheticum
1538 3054 1802 3110 scalarum
1830 3062 2078 3122 tractum,

510 3145 618 3199 tale
671 3145 746 3198 illi
790 3145 858 3199 ab
886 3145 1098 3199 Ariauis
1126 3145 1442 3214 supplicium
1475 3147 1823 3202 constitutum
1852 3162 1994 3213 esse,
2025 3154 2083 3200 ut
2109 3130 2154 3192 C

512 3236 563 3290 in
587 3235 950 3305 superioribus
969 3236 1157 3292 domus
1177 3237 1532 3292 arctissimum
1559 3237 1608 3293 ei
1636 3237 1934 3293 cubiculum
1956 3253 2087 3307 prm-

513 3334 784 3394 pararent,
818 3333 927 3380 tam
953 3326 1134 3395 breve,
1158 3334 1265 3382 tam
1287 3327 1488 3383 humile
1509 3336 1725 3399 tamque
1751 3327 2083 3398 depressum,

514 3422 572 3470 ut
618 3432 726 3470 non
781 3425 891 3470 tam
945 3427 1167 3488 caperet
1209 3419 1479 3473 hominem
1517 3435 1678 3489 quam
1709 3429 2002 3489 torqueret,
2033 3430 2089 3475 ct

515 3506 800 3577 hospitium
822 3508 1075 3564 Arianum
1097 3517 1241 3566 esset
1267 3511 1438 3581 magis
1465 3527 1622 3582 paena
1646 3527 1806 3580 quam
1852 3514 2083 3583 requies.

517 3599 716 3653 Ferunt
766 3599 912 3654 enim
957 3600 1094 3656 adeo
1139 3609 1419 3670 angustum
1475 3601 1605 3658 illud
1648 3601 1831 3672 fuisse,
1862 3605 1995 3662 utin
2023 3619 2090 3659 eo

521 3679 725 3761 martyr
762 3690 948 3760 jacens
979 3708 1086 3747 non
1134 3702 1318 3763 posset
1345 3694 1532 3764 pedem
1561 3695 1914 3765 pnetenderc,
1944 3705 2092 3752 stans

521 3797 627 3834 non
649 3783 850 3837 valeret
876 3791 1036 3854 caput
1063 3785 1292 3853 erigere,
1339 3787 1432 3841 sed
1459 3798 1603 3842 esset
1631 3804 1844 3858 semper
1879 3799 2095 3844 contra-

519 3882 656 3937 ctus,
699 3874 926 3928 inclinus
971 3883 1026 3928 ct
1054 3876 1286 3940 humilis,
1327 3885 1382 3930 et
1408 3877 1538 3930 nihil
1567 3878 1710 3933 aliud
1749 3887 1946 3946 pnnter
1975 3877 2095 3932 ﬁdei

521 3966 766 4033 spiritum
796 3967 1018 4018 liberum
1051 3979 1262 4033 gerens.
1297 3965 1606 4035 Torpebaut
1651 3966 1862 4035 quidem
1894 3984 1999 4022 uno
2043 3969 2095 4021 in

525 4055 646 4108 loco
665 4054 779 4123 ejus
806 4053 965 4110 deﬁxi
991 4056 1172 4125 pedes,
1203 4054 1296 4110 sed
1326 4055 1630 4126 paradisum
1679 4053 1799 4110 ﬁdei
1828 4056 2098 4124 gressibus

525 4144 855 4210 ambulabat,
880 4144 1094 4215 jacebat
1121 4145 1174 4199 in
1195 4161 1262 4200 co
1289 4145 1599 4215 depressum
1627 4154 1806 4216 caput,
1834 4145 1926 4200 sed
1952 4145 2102 4200 Chri-

526 4245 638 4292 stus
664 4237 714 4291 in
739 4251 804 4292 eo
834 4245 994 4308 caput
1022 4238 1276 4307 erigebat.
1311 4237 1434 4293 llaec
1463 4237 1624 4306 igitur
1663 4238 1851 4293 beatus
1898 4247 2102 4310 martyr

529 4325 582 4380 in
636 4325 1005 4382 haereticorum
1061 4329 1365 4397 patiebatur
1409 4327 1660 4398 hospitio,
1694 4343 1799 4383 non
1828 4329 1968 4397 quod
2000 4330 2100 4383 ista

529 4416 852 4472 deberentur
878 4419 1119 4488 martyri,
1149 4419 1240 4473 sed
1293 4419 1436 4489 quod
1483 4419 1604 4474 talis
1649 4420 1720 4474 sit
1765 4419 2100 4489 hospitalitas

531 4509 747 4577 Ariana,
778 4519 838 4564 ut
863 4510 978 4579 ejus
1006 4511 1364 4565 habitaculum
1395 4527 1552 4581 penna
1597 4513 1666 4566 sit
1693 4513 1939 4576 carceris,
1992 4527 2098 4565 non

531 4601 876 4656 humanitatis
920 4601 1227 4670 hospitium.
1255 4600 1320 4655 Et
1364 4617 1666 4672 quanquam
1694 4603 1762 4658 de
1793 4604 2056 4658 suavitate
2078 4603 2100 4635 ⁸

531 4701 799 4761 gestorum
852 4689 968 4761 ejus
1012 4691 1155 4747 nulla
1203 4693 1274 4748 sit
1324 4691 1552 4748 invicem
1580 4693 1736 4748 nobis
1763 4692 1975 4748 dicendi
2003 4709 2098 4746 au-

2161 1874 2438 1944 praeseutis
2464 1872 2569 1928 diei
2597 1871 2884 1926 devotione
2909 1871 3118 1940 gemina
3149 1870 3435 1926 festivitate
3463 1871 3733 1934 ketamur,

2163 1962 2378 2020 Eusebii
2403 1962 2599 2031 quippe
2620 1959 2969 2029 suscipientes
2990 1961 3330 2031 triumphum,
3360 1969 3415 2015 et
3436 1961 3738 2016 victricium

2165 2054 2588 2110 Macltabceorum
2615 2059 2882 2107 tormenta
2907 2051 3178 2106 mirantes.
3213 2050 3290 2104 An
3328 2066 3432 2106 non
3463 2051 3744 2106 mirabiles

2169 2145 2478 2212 Machabzei,
2508 2159 2644 2214 quos
2675 2143 2966 2197 nativitatis
2992 2157 3100 2197 suae
3121 2142 3486 2212 passiOuisque
3513 2158 3739 2198 consor-

2170 2239 2264 2300 tio,
2296 2247 2351 2293 et
2378 2235 2517 2305 apud
2545 2234 2793 2289 szeculum
2823 2233 2984 2288 fuisse
3012 2231 3219 2297 fratres,
3249 2241 3305 2287 et
3331 2233 3383 2286 in
3405 2232 3541 2287 (mlo
3591 2233 3741 2285 vides

2171 2343 2291 2385 mus
2317 2344 2436 2385 esse
2462 2342 2767 2396 germanos,
2815 2325 2907 2396 qui
2927 2324 3272 2396 pinguissimo
3301 2325 3528 2393 egregize
3555 2322 3740 2376 matris

2172 2422 2239 2477 ab
2263 2422 2428 2476 ubere
2455 2428 2508 2474 et
2546 2419 2898 2473 substantiam
2927 2415 3157 2480 vivendi,
3199 2424 3252 2471 et
3275 2414 3519 2471 vincendi
3549 2429 3745 2470 suxere

2174 2513 2445 2568 virtutem.
2473 2510 2529 2565 In
2560 2519 2762 2564 tantam
2792 2509 2933 2563 enim
2961 2507 3342 2578 perfectionem
3372 2509 3511 2562 lacte
3530 2515 3584 2561 et
3629 2523 3742 2562 ser-

2174 2619 2336 2659 mone
2363 2603 2644 2657 adolevere
2675 2609 2935 2663 materno,
2966 2607 3025 2654 ut
3054 2599 3414 2669 inseparabilis
3442 2608 3583 2654 esset
3607 2608 3664 2653 et
3690 2599 3743 2652 in

2173 2695 2338 2751 corde
2357 2709 2540 2749 eorum
2571 2691 2852 2762 sapientia,
2883 2700 2938 2746 et
2964 2691 3014 2744 in
3037 2705 3260 2760 corpore
3291 2689 3562 2744 fortitudo.
3587 2689 3744 2744 Deni-

2177 2800 2282 2855 que
2334 2784 2628 2839 Antiochus
2669 2782 2987 2837 Iectissimos
3027 2780 3252 2850 juvenes
3298 2780 3398 2834 ﬁde
3426 2781 3659 2850 propria,
3692 2777 3747 2834 et

2179 2884 2418 2932 materna
2448 2873 2823 2929 adhortatione
2847 2881 3172 2937 constantes,
3199 2880 3304 2926 uta
3332 2873 3631 2927 reverentia
3654 2889 3751 2942 pa-

2182 2976 2346 3023 ternm
2375 2966 2506 3035 legis
2535 2973 2821 3030 averteret,
2849 2980 2959 3017 non
2985 2963 3258 3018 acerrimis
3287 2971 3489 3018 terrere
3542 2963 3750 3032 suppli-

2183 3059 2300 3124 ciis,
2354 3073 2461 3112 non
2505 3056 2711 3125 magnis
2753 3057 2930 3125 potuit
2975 3069 3198 3110 avocare
3225 3055 3519 3125 promissis.
3551 3055 3753 3110 Tantus

2185 3151 2326 3206 enim
2349 3150 2402 3204 in
2432 3147 2682 3203 membris
2703 3164 2888 3202 eorum
2917 3147 3087 3216 vigor,
3117 3155 3296 3201 tantus
3325 3146 3378 3200 in
3407 3155 3627 3216 pectore
3651 3147 3754 3216 spi-

2185 3243 2338 3304 ritus,
2371 3248 2518 3294 tanta
2545 3248 2661 3294 erat
2689 3239 2741 3293 in
2772 3238 3120 3307 responsione
3145 3237 3404 3300 doctrina,
3435 3244 3495 3290 ut
3523 3245 3579 3291 et
3605 3252 3754 3306 Sper-

2177 3319 2363 3390 ‘nendo
2386 3346 2590 3403 pmnas,
2615 3338 2668 3384 et
2688 3327 3012 3384 confutando
3042 3326 3317 3398 perﬁdiam
3361 3328 3507 3396 impii
3536 3328 3674 3395 regis
3702 3336 3756 3382 ct

2187 3437 2446 3483 terrorem
2497 3425 2772 3478 vincerent
2817 3430 2873 3476 et
2917 3421 3171 3477 furorem.
3220 3421 3552 3476 Venerabilis
3579 3430 3758 3474 autem

2188 3525 2359 3571 mater
2384 3513 2718 3570 confessione
2745 3512 2896 3582 parili
2923 3520 2977 3567 ct
3003 3511 3266 3568 consimili
3287 3520 3460 3566 morte
3487 3510 3757 3576 defuncta,

2190 3608 2363 3662 laetior
2385 3605 2451 3660 ad
2472 3606 2692 3676 pignora
2721 3619 2817 3660 sua
2841 3603 2908 3657 de
2935 3603 3039 3659 hoc
3059 3602 3255 3658 sarculo
3274 3599 3514 3672 profecta
3563 3602 3759 3670 migra-

2190 3701 2285 3754 vit.
2316 3699 2426 3754 Nec
2452 3697 2644 3752 mirutn
2673 3697 2717 3752 si
2744 3695 2998 3751 sazvitiatn
3021 3695 3162 3762 regis
3182 3695 3236 3748 in
3273 3694 3615 3762 semetipsam
3643 3708 3760 3746 ma-

2191 3791 2514 3860 gnanimiter
2557 3789 2796 3858 pertulit,
2823 3803 2942 3857 qua:
2971 3795 3078 3841 tam
3106 3785 3316 3841 fortiter
3361 3793 3479 3841 eam'
3510 3786 3679 3856 potuit
3708 3795 3761 3840 et

2195 3883 2247 3936 in
2281 3880 2401 3937 ﬁliis
2428 3881 2712 3936 sustinere.
2740 3879 2879 3934 Vere
2917 3881 3070 3934 beata
3102 3879 3309 3944 mulier,
3341 3887 3503 3948 atque
3527 3879 3763 3933 omnium

2195 3971 2569 4043 prosequenda
2594 3971 2890 4041 pneconiis,
2918 3984 3076 4038 quam
3105 3985 3204 4040 pro
3236 3969 3338 4024 ﬁde
3366 3969 3458 4023 Dei
3483 3969 3588 4035 sui,
3619 3979 3675 4022 et
3713 3969 3766 4021 in

2198 4065 2478 4134 occasibus
2533 4062 2762 4118 ﬁliorum
2814 4063 2956 4116 nulla
3001 4061 3176 4116 carnis
3217 4058 3371 4128 fregit
3395 4060 3625 4124 atl‘ectio,
3655 4067 3710 4114 et
3736 4075 3766 4114 a

2199 4156 2480 4212 tormentis
2508 4155 2709 4226 proprii
2731 4154 2973 4224 corporis
3003 4169 3100 4208 nec
3117 4168 3277 4209 sexus
3299 4168 3553 4207 revocare
3573 4153 3764 4221 potuit,

2202 4263 2301 4302 nec
2320 4256 2554 4303 senecta.
2579 4245 2704 4301 Haec
2723 4259 2851 4314 ergo
2870 4255 3012 4310 sunt,
3035 4243 3321 4312 carissimi,
3342 4243 3447 4298 diei
3473 4242 3630 4310 hujus
3649 4257 3770 4311 gau~

2199 4342 2284 4396 dia
2335 4342 2511 4396 votiva
2563 4338 2814 4393 ﬁdelium.
2848 4337 2972 4393 llaec
3015 4351 3230 4407 semper
3276 4336 3432 4391 beato
3461 4335 3690 4389 Eusebio
3719 4343 3771 4390 et

2204 4430 2598 4499 gloriosissimis
2625 4429 2938 4484 Macbabmis
2966 4427 3313 4482 exhibeamus
3333 4427 3609 4494 obsequia,
3638 4441 3772 4494 quos

2208 4521 2262 4574 in
2305 4529 2561 4575 mternum
2610 4533 2830 4588 regnum
2860 4526 3069 4587 tempus
3113 4517 3325 4585 quidem
3353 4516 3641 4581 diversum,
3681 4513 3776 4569 sed

2207 4611 2338 4667 ﬁdes
2359 4611 2546 4668 eadem
2575 4620 2630 4666 et
2656 4611 2770 4668 dies
2796 4625 2901 4665 una
2925 4609 3188 4680 provexit.

1827 4782 2096 4843 SERMO
2137 4783 2485 4844 LXXXIV.

1379 4877 1457 4935 De
1484 4878 1590 4936 SS.
1612 4879 1922 4952 martyribus
1950 4881 2157 4949 Cantia,
2184 4879 2442 4935 Cantiano
2475 4887 2525 4934 et
2563 4876 2898 4934 Cantianilla.

1976 4955 2363 5028 ΑωίοΝιτιο.

567 5131 579 5143 θ
607 5064 766 5133 615
795 5061 1472 5143 Ριιξιςρεξςξδίι,ξίιιιιειξοινίιιιῐιζ
1499 5072 1554 5143 et
1578 5062 1954 5143 Benedictiuos
1981 5066 2274 5143 monachos
2294 5079 2481 5143 congr.
2510 5063 2568 5118 ε.
2590 5063 2759 5143 Mauri
2779 5064 2842 5143 _in
2866 5063 3072 5143 judicio
3106 5063 3264 5143 hujus
3289 5065 3552 5143 sermonis
3591 5065 3783 5143 claris-

537 5133 708 5205 simus
755 5134 1038 5188 cardinalis
1081 5133 1359 5205 B_aronius,
1385 5133 1560 5205 quiin
1604 5135 1746 5205 notis
1789 5135 1855 5187 ad
1895 5133 2328 5205 Martyrologium
2354 5133 2676 5205 Romanum.
2703 5135 2793 5189 ubi
2821 5150 2853 5188 v
2884 5150 3010 5189 non.
3044 5133 3210 5203 April.
3233 5136 3549 5199 memoriam
3579 5137 3690 5202 agit
3716 5135 3786 5188 de

537 5201 741 5256 sanctis
768 5205 1088 5272 martyribus
1107 5201 1622 5268 Ravennatensibus,
1647 5203 1807 5259 docet
1825 5201 2071 5258 sanetum
2097 5201 2383 5279 Maiimum
2413 5203 2536 5272 ejus.
2555 5215 2830 5260 auctorem
2857 5220 2976 5260 esse
2997 5201 3413 5273 agnoscendum.
3439 5205 3573 5259 Cmn
3603 5201 3786 5258 autem

614 5333 632 5364 ³
663 5329 835 5405 Editio
862 5330 1075 5401 Venet.,
1105 5348 1225 5405 pag.
1250 5333 1373 5403 156,
1395 5335 1546 5405 juxta
1567 5337 1693 5392 edit.
1725 5336 1908 5392 Patav.
1933 5338 2109 5394 Anec—

542 5399 682 5478 (10L,
710 5401 964 5478 illurator.
997 5399 1129 5456 tom.
1161 5403 1244 5478 IV,
1300 5399 1422 5473 pag.
1465 5405 1554 5471 85,
1612 5407 1683 5461 ita
1726 5411 2104 5478 prosequitur:

544 5470 672 5528 Post
709 5471 831 5538 ista,
870 5473 1078 5548 fratres,
1111 5475 1243 5548 quod
1287 5470 1336 5548 et
1365 5470 1504 5548 meus
1542 5470 1854 5548 concupiscit
1881 5470 2103 5544 animus,

543 5549 674 5607 etc.,
717 5555 834 5610 qua:
872 5541 1046 5595 omnia
1094 5541 1283 5610 desunt
1308 5543 1360 5596 in
1391 5546 1482 5598 cit.
1509 5545 1628 5600 cod.
1663 5541 1910 5602 Laurent.
1944 5541 2109 5610 usque

543 5610 612 5735 :th
625 5608 917 5736 gila'verba
942 5628 956 5665 :
987 5626 1019 5665 a
1047 5608 1224 5680 quibus
1245 5614 1580 5682 separabatur
1611 5615 1892 5684 Eusebius;
1941 5608 2109 5673 inclu-

557 5699 561 5703 ’
594 5697 621 5735 v
656 5719 674 5736 .

542 5696 674 5737 SIVC.

2287 5342 2308 5373 ³
2339 5339 2516 5410 Usque
2545 5342 2751 5414 adth
2774 5343 2937 5398 verba
2961 5361 2975 5396 :
3006 5345 3246 5398 swriendi
3273 5347 3523 5414 permissa
3549 5348 3786 5412 libertus,

2214 5415 2506 5488 concordat
2530 5412 2698 5466 codex
2720 5415 3200 5482 cumeditionibus,
3230 5412 3323 5470 sed
3344 5431 3462 5485 qua:
3489 5429 3791 5488 sequuntur

2213 5481 2391 5536 omnia
2419 5482 2590 5536 aliena
2617 5489 2759 5536 sunt.

2285 5548 2307 5639 ξ
2336 5548 2401 5602 Et
2423 5568 2712 5639 quanquam
2733 5551 2794 5608 de
2821 5555 3090 5639 suavitate,
3117 5566 3224 5639 etc.
3253 5554 3390 5639 ρξεςῖ
3417 5566 3471 5612 et
3491 5560 3790 5639 superiora

2213 5629 2503 5701 occurrunt
2532 5621 2942 5701 insemonibus
2963 5624 2998 5679 ὅ
3025 5634 3080 5680 et
3105 5623 3139 5679 ι
3166 5625 3235 5681 de
3263 5625 3317 5680 S.
3607 5631 3660 5683 in
3693 5648 3794 5701 ap.

2217 5687 2494 5757 pendiccm
2524 5691 2725 5746 relatis.
