  <div class='ocr_page' id='page_1' title='image "/cluster/home/n/w/nwhite01/storage/ocr_20150623/57/hvd.32044054758669/366.png"; bbox 0 0 4054 6194; ppageno 0'>
   <div class='ocr_carea' id='block_1_1' title="bbox 340 344 432 400">
    <p class='ocr_par' dir='ltr' id='par_1_1' title="bbox 340 344 432 400">
     <span class='ocr_line' id='line_1_1' title="bbox 340 344 432 400; baseline 0 -1"><span class='ocrx_word' id='word_1_1' title='bbox 340 344 432 400; x_wconf 88' lang='lat' dir='ltr'><strong>70l</strong></span> 
     </span>
    </p>
   </div>
   <div class='ocr_carea' id='block_1_2' title="bbox 1710 354 2223 416">
    <p class='ocr_par' dir='ltr' id='par_1_2' title="bbox 1710 354 2223 416">
     <span class='ocr_line' id='line_1_2' title="bbox 1710 354 2223 416; baseline 0.01 -6"><span class='ocrx_word' id='word_1_2' title='bbox 1710 354 1938 413; x_wconf 78' lang='lat' dir='ltr'><strong>SERMO</strong></span> <span class='ocrx_word' id='word_1_3' title='bbox 1974 356 2223 416; x_wconf 71' lang='lat' dir='ltr'><strong>LXXXV.</strong></span> 
     </span>
    </p>
   </div>
   <div class='ocr_carea' id='block_1_3' title="bbox 3505 385 3612 441">
    <p class='ocr_par' dir='ltr' id='par_1_3' title="bbox 3505 385 3612 441">
     <span class='ocr_line' id='line_1_3' title="bbox 3505 385 3612 441; baseline 0.019 -3"><span class='ocrx_word' id='word_1_4' title='bbox 3505 385 3612 441; x_wconf 69' lang='lat'><strong>70:3</strong></span> 
     </span>
    </p>
   </div>
   <div class='ocr_carea' id='block_1_4' title="bbox 337 457 3613 563">
    <p class='ocr_par' dir='ltr' id='par_1_4' title="bbox 337 457 3613 563">
     <span class='ocr_line' id='line_1_4' title="bbox 337 457 3613 563; baseline 0.003 0"><span class='ocrx_word' id='word_1_5' title='bbox 337 457 799 563; x_wconf 62' lang='lat' dir='ltr'><strong>F.11‘..‘33‘i‘.‘.‘.¥l£2!‘.‘</strong></span> <span class='ocrx_word' id='word_1_6' title='bbox 829 459 1376 563; x_wconf 58' lang='lat' dir='ltr'><strong>Y:°.tattsc::s.s§s</strong></span> <span class='ocrx_word' id='word_1_7' title='bbox 1403 466 1990 563; x_wconf 56' lang='grc' dir='ltr'><strong>ιειεξεεῆίξεξοφςρὲῑςίξὲς</strong></span> <span class='ocrx_word' id='word_1_8' title='bbox 2015 469 2200 563; x_wconf 61' lang='grc' dir='ltr'><strong>ςςνςίε</strong></span> <span class='ocrx_word' id='word_1_9' title='bbox 2221 477 2273 530; x_wconf 71' lang='lat' dir='ltr'><strong>in</strong></span> <span class='ocrx_word' id='word_1_10' title='bbox 2293 477 2595 563; x_wconf 66' lang='grc' dir='ltr'><strong>ιετυεηιοηε</strong></span> <span class='ocrx_word' id='word_1_11' title='bbox 2622 484 2690 541; x_wconf 70' lang='lat' dir='ltr'><strong>vo</strong></span> <span class='ocrx_word' id='word_1_12' title='bbox 2717 496 2774 544; x_wconf 74' lang='grc' dir='ltr'><strong>ει</strong></span> <span class='ocrx_word' id='word_1_13' title='bbox 2801 489 2886 563; x_wconf 66' lang='lat'><strong>99.</strong></span> <span class='ocrx_word' id='word_1_14' title='bbox 2919 501 2972 547; x_wconf 78' lang='grc' dir='ltr'><strong>οι</strong></span> <span class='ocrx_word' id='word_1_15' title='bbox 2993 493 3112 563; x_wconf 64' lang='grc' dir='ltr'><strong>θρα.</strong></span> <span class='ocrx_word' id='word_1_16' title='bbox 3144 494 3502 563; x_wconf 59' lang='lat' dir='ltr'><strong>Sangam-usas</strong></span> <span class='ocrx_word' id='word_1_17' title='bbox 3525 517 3613 556; x_wconf 71' lang='lat' dir='ltr'><strong>ao-</strong></span> 
     </span>
    </p>
   </div>
   <div class='ocr_carea' id='block_1_5' title="bbox 337 526 3609 623">
    <p class='ocr_par' dir='ltr' id='par_1_5' title="bbox 337 526 3609 623">
     <span class='ocr_line' id='line_1_5' title="bbox 337 526 3609 623; baseline 0.013 -43"><span class='ocrx_word' id='word_1_18' title='bbox 337 527 530 623; x_wconf 57' lang='lat' dir='ltr'><strong>Ecdanlt</strong></span> <span class='ocrx_word' id='word_1_19' title='bbox 547 526 816 608; x_wconf 62' lang='lat' dir='ltr'><strong>suifragia,</strong></span> <span class='ocrx_word' id='word_1_20' title='bbox 841 533 1102 623; x_wconf 49' lang='lat' dir='ltr'><strong>catinius</strong></span> <span class='ocrx_word' id='word_1_21' title='bbox 1139 535 1311 588; x_wconf 91' lang='lat' dir='ltr'><strong>eidem</strong></span> <span class='ocrx_word' id='word_1_22' title='bbox 1341 535 1397 590; x_wconf 87' lang='lat' dir='ltr'><strong>S.</strong></span> <span class='ocrx_word' id='word_1_23' title='bbox 1422 526 1646 623; x_wconf 61' lang='lat' dir='ltr'><strong>antistiti</strong></span> <span class='ocrx_word' id='word_1_24' title='bbox 1673 537 1991 623; x_wconf 64' lang='lat' dir='ltr'><strong>:l‘auritiettsi</strong></span> <span class='ocrx_word' id='word_1_25' title='bbox 2023 526 3609 623; x_wconf 55' lang='grc' dir='ltr'><strong>οοιιίὲῇ’ἐῶίᾶἨί’ἶῖὶὲιῖᾦῆιῖἔῆιῖιῖἧίῖιὶιῗέῗῗῗ</strong></span> 
     </span>
    </p>
   </div>
   <div class='ocr_carea' id='block_1_6' title="bbox 335 595 3608 694">
    <p class='ocr_par' dir='ltr' id='par_1_6' title="bbox 335 595 3608 694">
     <span class='ocr_line' id='line_1_6' title="bbox 335 595 3608 694; baseline 0.012 -46"><span class='ocrx_word' id='word_1_26' title='bbox 335 595 845 694; x_wconf 46' lang='lat' dir='ltr'><strong>gglnfarisiﬁnsem</strong></span> <span class='ocrx_word' id='word_1_27' title='bbox 872 598 1247 694; x_wconf 44' lang='lat' dir='ltr'><strong>G&#39;illotii‘npm.</strong></span> <span class='ocrx_word' id='word_1_28' title='bbox 1281 621 1444 694; x_wconf 75' lang='lat' dir='ltr'><strong>serm;</strong></span> <span class='ocrx_word' id='word_1_29' title='bbox 1478 607 1850 694; x_wconf 54' lang='lat' dir='ltr'><strong>75,:Ambrosio</strong></span> <span class='ocrx_word' id='word_1_30' title='bbox 1874 595 2211 694; x_wconf 46' lang='lat' dir='ltr'><strong>asserentes:</strong></span> <span class='ocrx_word' id='word_1_31' title='bbox 2245 595 2482 678; x_wconf 47' lang='lat' dir='ltr'><strong>{Eii};</strong></span> 
     </span>
    </p>
   </div>
   <div class='ocr_carea' id='block_1_7' title="bbox 334 662 3606 762">
    <p class='ocr_par' dir='ltr' id='par_1_7' title="bbox 334 662 3606 762">
     <span class='ocr_line' id='line_1_7' title="bbox 334 662 3606 762; baseline 0.014 -45"><span class='ocrx_word' id='word_1_32' title='bbox 334 662 404 762; x_wconf 54' lang='grc' dir='ltr'><strong>ξφ</strong></span> <span class='ocrx_word' id='word_1_33' title='bbox 430 682 607 762; x_wconf 40' lang='lat' dir='ltr'><strong>serra}</strong></span> <span class='ocrx_word' id='word_1_34' title='bbox 627 666 856 762; x_wconf 46' lang='lat' dir='ltr'><strong>79‘.est_&#39;:&#39;</strong></span> <span class='ocrx_word' id='word_1_35' title='bbox 894 668 959 723; x_wconf 84' lang='lat' dir='ltr'><strong>In</strong></span> <span class='ocrx_word' id='word_1_36' title='bbox 1009 674 1183 762; x_wconf 51' lang='lat' dir='ltr'><strong>nutrite</strong></span> <span class='ocrx_word' id='word_1_37' title='bbox 1212 684 1505 756; x_wconf 68' lang='lat' dir='ltr'><strong>sanctorum</strong></span> <span class='ocrx_word' id='word_1_38' title='bbox 1537 676 1939 762; x_wconf 38' lang='lat' dir='ltr'><strong>Contingat-um;</strong></span> <span class='ocrx_word' id='word_1_39' title='bbox 1982 662 2126 762; x_wconf 47' lang='lat' dir='ltr'><strong>ill—.90</strong></span> <span class='ocrx_word' id='word_1_40' title='bbox 2503 662 3606 762; x_wconf 51' lang='grc' dir='ltr'><strong>ἶῈὲἶῆιῶξεῖ</strong></span> 
     </span>
    </p>
   </div>
   <div class='ocr_carea' id='block_1_8' title="bbox 334 735 3433 815">
    <p class='ocr_par' dir='ltr' id='par_1_8' title="bbox 334 735 3433 815">
     <span class='ocr_line' id='line_1_8' title="bbox 363 735 3410 760; baseline 0.005 -14"><span class='ocrx_word' id='word_1_41' title='bbox 363 736 374 746; x_wconf 79' lang='grc' dir='ltr'><strong>ο</strong></span> <span class='ocrx_word' id='word_1_42' title='bbox 455 735 469 747; x_wconf 71' lang='grc' dir='ltr'><strong>ο</strong></span> <span class='ocrx_word' id='word_1_43' title='bbox 708 738 720 750; x_wconf 79' lang='grc' dir='ltr'><strong>ο</strong></span> <span class='ocrx_word' id='word_1_44' title='bbox 802 740 812 750; x_wconf 79' lang='grc' dir='ltr'>ι</span> <span class='ocrx_word' id='word_1_45' title='bbox 1029 742 1038 752; x_wconf 87' lang='grc'><strong>.</strong></span> <span class='ocrx_word' id='word_1_46' title='bbox 1068 743 1078 752; x_wconf 92' lang='grc'><strong>.</strong></span> <span class='ocrx_word' id='word_1_47' title='bbox 1440 746 1450 756; x_wconf 91' lang='grc'><strong>.</strong></span> <span class='ocrx_word' id='word_1_48' title='bbox 1923 735 1933 740; x_wconf 92' lang='lat'>&#39;</span> <span class='ocrx_word' id='word_1_49' title='bbox 2168 735 2174 738; x_wconf 88' lang='lat'>&#39;</span> <span class='ocrx_word' id='word_1_50' title='bbox 2195 735 2236 740; x_wconf 68' lang='grc' dir='ltr'><strong>ν’</strong></span> <span class='ocrx_word' id='word_1_51' title='bbox 2255 735 2280 742; x_wconf 76' lang='grc' dir='ltr'>ν</span> <span class='ocrx_word' id='word_1_52' title='bbox 2307 735 2380 744; x_wconf 71' lang='grc' dir='ltr'><strong>νν-</strong></span> <span class='ocrx_word' id='word_1_53' title='bbox 2395 735 2469 746; x_wconf 78' lang='grc' dir='ltr'><strong>υ·-</strong></span> <span class='ocrx_word' id='word_1_54' title='bbox 2506 735 2569 748; x_wconf 67' lang='lat' dir='ltr'><strong>av</strong></span> <span class='ocrx_word' id='word_1_55' title='bbox 2596 737 2608 749; x_wconf 78' lang='grc' dir='ltr'>ι</span> <span class='ocrx_word' id='word_1_56' title='bbox 2640 735 2718 751; x_wconf 79' lang='grc' dir='ltr'><strong>υν</strong></span> <span class='ocrx_word' id='word_1_57' title='bbox 2747 735 2915 754; x_wconf 63' lang='lat' dir='ltr'><strong>csum&quot;?</strong></span> <span class='ocrx_word' id='word_1_58' title='bbox 2944 735 3239 760; x_wconf 69' lang='grc' dir='ltr'><strong>ωυιιιυιιιιιι</strong></span> <span class='ocrx_word' id='word_1_59' title='bbox 3260 735 3410 760; x_wconf 75' lang='grc' dir='ltr'><strong>υαιιυ</strong></span> 
     </span>
     <span class='ocr_line' id='line_1_9' title="bbox 334 735 3433 815; baseline 0.013 -29"><span class='ocrx_word' id='word_1_60' title='bbox 334 743 468 789; x_wconf 76' lang='lat' dir='ltr'><strong>nam</strong></span> <span class='ocrx_word' id='word_1_61' title='bbox 492 745 540 789; x_wconf 84' lang='lat' dir='ltr'><strong>et</strong></span> <span class='ocrx_word' id='word_1_62' title='bbox 567 735 930 803; x_wconf 72' lang='lat' dir='ltr'><strong>Cantiamtlae;</strong></span> <span class='ocrx_word' id='word_1_63' title='bbox 952 757 1041 810; x_wconf 80' lang='lat' dir='ltr'><strong>qui</strong></span> <span class='ocrx_word' id='word_1_64' title='bbox 1067 743 1205 796; x_wconf 79' lang='lat' dir='ltr'><strong>Idem</strong></span> <span class='ocrx_word' id='word_1_65' title='bbox 1235 754 1412 798; x_wconf 76' lang='lat' dir='ltr'><strong>exstat</strong></span> <span class='ocrx_word' id='word_1_66' title='bbox 1438 762 1490 798; x_wconf 80' lang='lat' dir='ltr'><strong>tn</strong></span> <span class='ocrx_word' id='word_1_67' title='bbox 1515 746 1700 801; x_wconf 79' lang='lat' dir='ltr'><strong>codice</strong></span> <span class='ocrx_word' id='word_1_68' title='bbox 1725 745 2058 815; x_wconf 86' lang='lat' dir='ltr'><strong>Sangallensi</strong></span> <span class='ocrx_word' id='word_1_69' title='bbox 2089 768 2252 810; x_wconf 90' lang='lat' dir='ltr'><strong>serm.</strong></span> <span class='ocrx_word' id='word_1_70' title='bbox 2279 758 2366 814; x_wconf 82' lang='grc'><strong>15.</strong></span> <span class='ocrx_word' id='word_1_71' title='bbox 3417 750 3433 776; x_wconf 80' lang='grc'><strong>’</strong></span> 
     </span>
    </p>
   </div>
   <div class='ocr_carea' id='block_1_9' title="bbox 332 844 1992 924">
    <p class='ocr_par' dir='ltr' id='par_1_9' title="bbox 332 844 1992 924">
     <span class='ocr_line' id='line_1_10' title="bbox 332 844 1992 924; baseline 0.005 -27"><span class='ocrx_word' id='word_1_72' title='bbox 332 844 721 897; x_wconf 69' lang='lat' dir='ltr'><strong>Ancunnu&#39;ruit.</strong></span> <span class='ocrx_word' id='word_1_73' title='bbox 755 875 825 884; x_wconf 99' lang='lat'>—</span> <span class='ocrx_word' id='word_1_74' title='bbox 854 845 952 924; x_wconf 59' lang='lat' dir='ltr'><strong>ilia</strong></span> <span class='ocrx_word' id='word_1_75' title='bbox 981 864 1012 900; x_wconf 76' lang='grc' dir='ltr'><em>α</em></span> <span class='ocrx_word' id='word_1_76' title='bbox 1059 846 1259 924; x_wconf 78' lang='lat' dir='ltr'><strong>Christo</strong></span> <span class='ocrx_word' id='word_1_77' title='bbox 1289 859 1584 924; x_wconf 70' lang='lat' dir='ltr'><strong>concessum</strong></span> <span class='ocrx_word' id='word_1_78' title='bbox 1625 861 1717 917; x_wconf 81' lang='lat' dir='ltr'><strong>est,</strong></span> <span class='ocrx_word' id='word_1_79' title='bbox 1751 863 1802 906; x_wconf 86' lang='lat' dir='ltr'><strong>ut</strong></span> <span class='ocrx_word' id='word_1_80' title='bbox 1833 854 1919 924; x_wconf 84' lang='lat' dir='ltr'><strong>qui</strong></span> <span class='ocrx_word' id='word_1_81' title='bbox 1947 859 1992 914; x_wconf 81' lang='grc' dir='ltr'><strong>Α</strong></span> 
     </span>
    </p>
   </div>
   <div class='ocr_carea' id='block_1_10' title="bbox 402 918 1918 990">
    <p class='ocr_par' dir='ltr' id='par_1_10' title="bbox 402 918 1918 990">
     <span class='ocr_line' id='line_1_11' title="bbox 402 918 1918 990; baseline 0.007 -23"><span class='ocrx_word' id='word_1_82' title='bbox 402 923 553 967; x_wconf 75' lang='lat' dir='ltr'><strong>erant</strong></span> <span class='ocrx_word' id='word_1_83' title='bbox 589 918 1038 990; x_wconf 67' lang='lat' dir='ltr'><strong>consanguinitate</strong></span> <span class='ocrx_word' id='word_1_84' title='bbox 1065 921 1274 987; x_wconf 74' lang='lat' dir='ltr'><strong>fratres.</strong></span> <span class='ocrx_word' id='word_1_85' title='bbox 1307 922 1490 990; x_wconf 84' lang='lat' dir='ltr'><strong>fierent</strong></span> <span class='ocrx_word' id='word_1_86' title='bbox 1517 924 1674 975; x_wconf 83' lang='lat' dir='ltr'><strong>etiam</strong></span> <span class='ocrx_word' id='word_1_87' title='bbox 1720 918 1918 977; x_wconf 65' lang='lat' dir='ltr'><strong>uincti-</strong></span> 
     </span>
    </p>
   </div>
   <div class='ocr_carea' id='block_1_11' title="bbox 404 984 1520 1059">
    <p class='ocr_par' dir='ltr' id='par_1_11' title="bbox 404 984 1520 1059">
     <span class='ocr_line' id='line_1_12' title="bbox 404 984 1520 1059; baseline 0.008 -24"><span class='ocrx_word' id='word_1_88' title='bbox 404 993 508 1036; x_wconf 82' lang='lat' dir='ltr'><strong>tate</strong></span> <span class='ocrx_word' id='word_1_89' title='bbox 525 984 800 1053; x_wconf 26' lang='lat' dir='ltr'><strong>germani.’</strong></span> <span class='ocrx_word' id='word_1_90' title='bbox 817 984 1052 1040; x_wconf 77' lang='lat' dir='ltr'><strong>Historia</strong></span> <span class='ocrx_word' id='word_1_91' title='bbox 1066 984 1317 1059; x_wconf 72' lang='lat' dir='ltr'><strong>martyrii</strong></span> <span class='ocrx_word' id='word_1_92' title='bbox 1329 1007 1520 1044; x_wconf 84' lang='lat' dir='ltr'><strong>eorum.</strong></span> 
     </span>
    </p>
   </div>
   <div class='ocr_carea' id='block_1_12' title="bbox 402 1113 1916 1184">
    <p class='ocr_par' dir='ltr' id='par_1_12' title="bbox 402 1113 1916 1184">
     <span class='ocr_line' id='line_1_13' title="bbox 402 1113 1916 1184; baseline 0.008 -17"><span class='ocrx_word' id='word_1_93' title='bbox 402 1113 577 1169; x_wconf 80' lang='lat' dir='ltr'><strong>Hodie</strong></span> <span class='ocrx_word' id='word_1_94' title='bbox 607 1114 1036 1171; x_wconf 74' lang='lat' dir='ltr'><strong>beatissimorum</strong></span> <span class='ocrx_word' id='word_1_95' title='bbox 1059 1117 1233 1184; x_wconf 91' lang='lat' dir='ltr'><strong>Canti,</strong></span> <span class='ocrx_word' id='word_1_96' title='bbox 1259 1119 1505 1176; x_wconf 88' lang='lat' dir='ltr'><strong>Cantiani</strong></span> <span class='ocrx_word' id='word_1_97' title='bbox 1540 1131 1594 1177; x_wconf 90' lang='lat' dir='ltr'><strong>et</strong></span> <span class='ocrx_word' id='word_1_98' title='bbox 1621 1122 1916 1179; x_wconf 87' lang='lat' dir='ltr'><strong>Cautianil-</strong></span> 
     </span>
    </p>
   </div>
   <div class='ocr_carea' id='block_1_13' title="bbox 330 1206 1916 1288">
    <p class='ocr_par' dir='ltr' id='par_1_13' title="bbox 330 1206 1916 1288">
     <span class='ocr_line' id='line_1_14' title="bbox 330 1206 1916 1288; baseline 0.009 -29"><span class='ocrx_word' id='word_1_99' title='bbox 330 1206 397 1260; x_wconf 74' lang='lat' dir='ltr'><strong>la:</strong></span> <span class='ocrx_word' id='word_1_100' title='bbox 426 1207 624 1261; x_wconf 86' lang='lat' dir='ltr'><strong>natalis</strong></span> <span class='ocrx_word' id='word_1_101' title='bbox 652 1216 754 1262; x_wconf 90' lang='lat' dir='ltr'><strong>est.</strong></span> <span class='ocrx_word' id='word_1_102' title='bbox 787 1207 956 1274; x_wconf 87' lang='lat' dir='ltr'><strong>Quam</strong></span> <span class='ocrx_word' id='word_1_103' title='bbox 1002 1209 1141 1266; x_wconf 91' lang='lat' dir='ltr'><strong>bene</strong></span> <span class='ocrx_word' id='word_1_104' title='bbox 1185 1219 1240 1266; x_wconf 92' lang='lat' dir='ltr'><strong>et</strong></span> <span class='ocrx_word' id='word_1_105' title='bbox 1260 1211 1496 1280; x_wconf 86' lang='lat' dir='ltr'><strong>jucunde</strong></span> <span class='ocrx_word' id='word_1_106' title='bbox 1519 1223 1628 1270; x_wconf 89' lang='lat' dir='ltr'><strong>tres</strong></span> <span class='ocrx_word' id='word_1_107' title='bbox 1654 1225 1916 1288; x_wconf 76' lang='lat' dir='ltr'><strong>martyres</strong></span> 
     </span>
    </p>
   </div>
   <div class='ocr_carea' id='block_1_14' title="bbox 327 1299 1914 1373">
    <p class='ocr_par' dir='ltr' id='par_1_14' title="bbox 327 1299 1914 1373">
     <span class='ocr_line' id='line_1_15' title="bbox 327 1299 1914 1373; baseline 0.008 -22"><span class='ocrx_word' id='word_1_108' title='bbox 327 1301 438 1353; x_wconf 79' lang='lat' dir='ltr'><strong>uno</strong></span> <span class='ocrx_word' id='word_1_109' title='bbox 464 1314 605 1368; x_wconf 92' lang='lat' dir='ltr'><strong>pene</strong></span> <span class='ocrx_word' id='word_1_110' title='bbox 623 1299 889 1356; x_wconf 91' lang='lat' dir='ltr'><strong>vocabulo</strong></span> <span class='ocrx_word' id='word_1_111' title='bbox 911 1314 1308 1373; x_wconf 89' lang='lat' dir='ltr'><strong>nuncupantur.</strong></span> <span class='ocrx_word' id='word_1_112' title='bbox 1331 1305 1442 1361; x_wconf 87' lang='lat' dir='ltr'><strong>Nec</strong></span> <span class='ocrx_word' id='word_1_113' title='bbox 1486 1309 1679 1362; x_wconf 90' lang='lat' dir='ltr'><strong>mirum</strong></span> <span class='ocrx_word' id='word_1_114' title='bbox 1711 1319 1736 1346; x_wconf 75' lang='grc' dir='ltr'>ιι</span> <span class='ocrx_word' id='word_1_115' title='bbox 1766 1311 1812 1364; x_wconf 89' lang='lat' dir='ltr'><strong>si</strong></span> <span class='ocrx_word' id='word_1_116' title='bbox 1840 1311 1914 1366; x_wconf 89' lang='lat' dir='ltr'><strong>si-</strong></span> 
     </span>
    </p>
   </div>
   <div class='ocr_carea' id='block_1_15' title="bbox 325 1391 1912 1469">
    <p class='ocr_par' dir='ltr' id='par_1_15' title="bbox 325 1391 1912 1469">
     <span class='ocr_line' id='line_1_16' title="bbox 325 1391 1912 1469; baseline 0.01 -26"><span class='ocrx_word' id='word_1_117' title='bbox 325 1391 486 1447; x_wconf 84' lang='lat' dir='ltr'><strong>miles</strong></span> <span class='ocrx_word' id='word_1_118' title='bbox 512 1400 640 1446; x_wconf 93' lang='lat' dir='ltr'><strong>sunt</strong></span> <span class='ocrx_word' id='word_1_119' title='bbox 666 1393 883 1448; x_wconf 87' lang='lat' dir='ltr'><strong>nomine</strong></span> <span class='ocrx_word' id='word_1_120' title='bbox 911 1396 999 1463; x_wconf 87' lang='lat' dir='ltr'><strong>qui</strong></span> <span class='ocrx_word' id='word_1_121' title='bbox 1029 1406 1152 1451; x_wconf 92' lang='lat' dir='ltr'><strong>sunt</strong></span> <span class='ocrx_word' id='word_1_122' title='bbox 1177 1398 1379 1454; x_wconf 84' lang='lat' dir='ltr'><strong>similes</strong></span> <span class='ocrx_word' id='word_1_123' title='bbox 1405 1402 1675 1469; x_wconf 90' lang='lat' dir='ltr'><strong>passione,</strong></span> <span class='ocrx_word' id='word_1_124' title='bbox 1707 1405 1751 1458; x_wconf 89' lang='lat' dir='ltr'><strong>si</strong></span> <span class='ocrx_word' id='word_1_125' title='bbox 1807 1421 1912 1460; x_wconf 90' lang='lat' dir='ltr'><strong>una</strong></span> 
     </span>
    </p>
   </div>
   <div class='ocr_carea' id='block_1_16' title="bbox 322 1481 1909 1563">
    <p class='ocr_par' dir='ltr' id='par_1_16' title="bbox 322 1481 1909 1563">
     <span class='ocr_line' id='line_1_17' title="bbox 322 1481 1909 1563; baseline 0.009 -28"><span class='ocrx_word' id='word_1_126' title='bbox 322 1490 410 1537; x_wconf 91' lang='lat' dir='ltr'><strong>cst</strong></span> <span class='ocrx_word' id='word_1_127' title='bbox 439 1481 545 1538; x_wconf 88' lang='lat' dir='ltr'><strong>illis</strong></span> <span class='ocrx_word' id='word_1_128' title='bbox 572 1481 714 1551; x_wconf 92' lang='lat' dir='ltr'><strong>apud</strong></span> <span class='ocrx_word' id='word_1_129' title='bbox 741 1485 986 1540; x_wconf 84' lang='lat' dir='ltr'><strong>homines</strong></span> <span class='ocrx_word' id='word_1_130' title='bbox 1006 1487 1318 1558; x_wconf 79' lang='lat' dir='ltr'><strong>appellatio,</strong></span> <span class='ocrx_word' id='word_1_131' title='bbox 1347 1492 1540 1560; x_wconf 77' lang='lat' dir='ltr'><strong>quibus</strong></span> <span class='ocrx_word' id='word_1_132' title='bbox 1562 1494 1702 1563; x_wconf 90' lang='lat' dir='ltr'><strong>apud</strong></span> <span class='ocrx_word' id='word_1_133' title='bbox 1744 1495 1909 1550; x_wconf 89' lang='lat' dir='ltr'><strong>Deum</strong></span> 
     </span>
    </p>
   </div>
   <div class='ocr_carea' id='block_1_17' title="bbox 321 1574 1906 1654">
    <p class='ocr_par' dir='ltr' id='par_1_17' title="bbox 321 1574 1906 1654">
     <span class='ocr_line' id='line_1_18' title="bbox 321 1574 1906 1654; baseline 0.01 -28"><span class='ocrx_word' id='word_1_134' title='bbox 321 1587 428 1626; x_wconf 90' lang='lat' dir='ltr'><strong>una</strong></span> <span class='ocrx_word' id='word_1_135' title='bbox 456 1581 540 1627; x_wconf 90' lang='lat' dir='ltr'><strong>est</strong></span> <span class='ocrx_word' id='word_1_136' title='bbox 561 1575 791 1628; x_wconf 88' lang='lat' dir='ltr'><strong>vocatio.</strong></span> <span class='ocrx_word' id='word_1_137' title='bbox 825 1574 851 1612; x_wconf 71' lang='grc' dir='ltr'><strong>ι’</strong></span> <span class='ocrx_word' id='word_1_138' title='bbox 882 1575 1064 1631; x_wconf 88' lang='lat' dir='ltr'><strong>Uniter</strong></span> <span class='ocrx_word' id='word_1_139' title='bbox 1092 1579 1235 1633; x_wconf 84' lang='lat' dir='ltr'><strong>enim</strong></span> <span class='ocrx_word' id='word_1_140' title='bbox 1265 1583 1440 1636; x_wconf 89' lang='lat' dir='ltr'><strong>vocati</strong></span> <span class='ocrx_word' id='word_1_141' title='bbox 1461 1592 1586 1638; x_wconf 88' lang='lat' dir='ltr'><strong>sunt</strong></span> <span class='ocrx_word' id='word_1_142' title='bbox 1613 1585 1906 1654; x_wconf 88' lang='lat' dir='ltr'><strong>aDomino,</strong></span> 
     </span>
    </p>
   </div>
   <div class='ocr_carea' id='block_1_18' title="bbox 319 1663 1910 1746">
    <p class='ocr_par' dir='ltr' id='par_1_18' title="bbox 319 1663 1910 1746">
     <span class='ocr_line' id='line_1_19' title="bbox 319 1663 1910 1746; baseline 0.013 -31"><span class='ocrx_word' id='word_1_143' title='bbox 319 1679 433 1716; x_wconf 91' lang='lat' dir='ltr'><strong>non</strong></span> <span class='ocrx_word' id='word_1_144' title='bbox 464 1663 785 1732; x_wconf 90' lang='lat' dir='ltr'><strong>interposito</strong></span> <span class='ocrx_word' id='word_1_145' title='bbox 815 1673 1058 1735; x_wconf 86' lang='lat' dir='ltr'><strong>tempore</strong></span> <span class='ocrx_word' id='word_1_146' title='bbox 1083 1670 1262 1739; x_wconf 85' lang='lat' dir='ltr'><strong>aliter,</strong></span> <span class='ocrx_word' id='word_1_147' title='bbox 1309 1682 1365 1727; x_wconf 92' lang='lat' dir='ltr'><strong>et</strong></span> <span class='ocrx_word' id='word_1_148' title='bbox 1418 1674 1575 1730; x_wconf 83' lang='lat' dir='ltr'><strong>aliter</strong></span> <span class='ocrx_word' id='word_1_149' title='bbox 1620 1679 1782 1746; x_wconf 83' lang='lat' dir='ltr'><strong>passi,</strong></span> <span class='ocrx_word' id='word_1_150' title='bbox 1815 1680 1910 1735; x_wconf 90' lang='lat' dir='ltr'><strong>sed</strong></span> 
     </span>
    </p>
   </div>
   <div class='ocr_carea' id='block_1_19' title="bbox 319 1753 1906 1836">
    <p class='ocr_par' dir='ltr' id='par_1_19' title="bbox 319 1753 1906 1836">
     <span class='ocr_line' id='line_1_20' title="bbox 319 1753 1906 1836; baseline 0.012 -31"><span class='ocrx_word' id='word_1_151' title='bbox 319 1767 513 1807; x_wconf 75' lang='lat' dir='ltr'><strong>omnes</strong></span> <span class='ocrx_word' id='word_1_152' title='bbox 561 1753 751 1808; x_wconf 89' lang='lat' dir='ltr'><strong>eodem</strong></span> <span class='ocrx_word' id='word_1_153' title='bbox 798 1755 907 1810; x_wconf 89' lang='lat' dir='ltr'><strong>ictu</strong></span> <span class='ocrx_word' id='word_1_154' title='bbox 959 1759 1162 1826; x_wconf 86' lang='lat' dir='ltr'><strong>pariter</strong></span> <span class='ocrx_word' id='word_1_155' title='bbox 1207 1763 1520 1833; x_wconf 84' lang='lat' dir='ltr'><strong>martyrium</strong></span> <span class='ocrx_word' id='word_1_156' title='bbox 1552 1768 1906 1836; x_wconf 89' lang='lat' dir='ltr'><strong>pertulerunt.</strong></span> 
     </span>
    </p>
   </div>
   <div class='ocr_carea' id='block_1_20' title="bbox 316 1841 1912 1921">
    <p class='ocr_par' dir='ltr' id='par_1_20' title="bbox 316 1841 1912 1921">
     <span class='ocr_line' id='line_1_21' title="bbox 316 1841 1912 1921; baseline 0.013 -26"><span class='ocrx_word' id='word_1_157' title='bbox 316 1841 477 1909; x_wconf 87' lang='lat' dir='ltr'><strong>Quod</strong></span> <span class='ocrx_word' id='word_1_158' title='bbox 497 1843 713 1913; x_wconf 88' lang='lat' dir='ltr'><strong>quidem</strong></span> <span class='ocrx_word' id='word_1_159' title='bbox 743 1846 846 1901; x_wconf 91' lang='lat' dir='ltr'><strong>illis</strong></span> <span class='ocrx_word' id='word_1_160' title='bbox 888 1857 909 1885; x_wconf 75' lang='grc' dir='ltr'><em>ε</em></span> <span class='ocrx_word' id='word_1_161' title='bbox 944 1851 1220 1918; x_wconf 86' lang='lat' dir='ltr'><strong>parentiva</strong></span> <span class='ocrx_word' id='word_1_162' title='bbox 1250 1853 1480 1921; x_wconf 87' lang='lat' dir='ltr'><strong>quadam</strong></span> <span class='ocrx_word' id='word_1_163' title='bbox 1525 1872 1556 1910; x_wconf 90' lang='lat' dir='ltr'><strong>a</strong></span> <span class='ocrx_word' id='word_1_164' title='bbox 1586 1855 1800 1914; x_wconf 87' lang='lat' dir='ltr'><strong>Christo</strong></span> <span class='ocrx_word' id='word_1_165' title='bbox 1829 1860 1912 1915; x_wconf 82' lang='lat' dir='ltr'><strong>af-</strong></span> 
     </span>
    </p>
   </div>
   <div class='ocr_carea' id='block_1_21' title="bbox 315 1933 1908 2018">
    <p class='ocr_par' dir='ltr' id='par_1_21' title="bbox 315 1933 1908 2018">
     <span class='ocr_line' id='line_1_22' title="bbox 315 1933 1908 2018; baseline 0.012 -33"><span class='ocrx_word' id='word_1_166' title='bbox 315 1933 556 1987; x_wconf 85' lang='lat' dir='ltr'><strong>fectione</strong></span> <span class='ocrx_word' id='word_1_167' title='bbox 582 1949 897 1990; x_wconf 89' lang='lat' dir='ltr'><strong>concessum</strong></span> <span class='ocrx_word' id='word_1_168' title='bbox 940 1945 1040 2004; x_wconf 90' lang='lat' dir='ltr'><strong>est,</strong></span> <span class='ocrx_word' id='word_1_169' title='bbox 1095 1949 1152 1993; x_wconf 91' lang='lat' dir='ltr'><strong>ut</strong></span> <span class='ocrx_word' id='word_1_170' title='bbox 1176 1953 1536 2011; x_wconf 87' lang='lat' dir='ltr'><strong>congruerent</strong></span> <span class='ocrx_word' id='word_1_171' title='bbox 1587 1948 1790 2004; x_wconf 89' lang='lat' dir='ltr'><strong>meritis</strong></span> <span class='ocrx_word' id='word_1_172' title='bbox 1814 1951 1908 2018; x_wconf 91' lang='lat' dir='ltr'><strong>qui</strong></span> 
     </span>
    </p>
   </div>
   <div class='ocr_carea' id='block_1_22' title="bbox 313 2025 1907 2107">
    <p class='ocr_par' dir='ltr' id='par_1_22' title="bbox 313 2025 1907 2107">
     <span class='ocr_line' id='line_1_23' title="bbox 313 2025 1907 2107; baseline 0.013 -32"><span class='ocrx_word' id='word_1_173' title='bbox 313 2025 597 2096; x_wconf 80' lang='lat' dir='ltr'><strong>vocabulis</strong></span> <span class='ocrx_word' id='word_1_174' title='bbox 619 2026 1045 2096; x_wconf 78' lang='lat' dir='ltr'><strong>concordabant;</strong></span> <span class='ocrx_word' id='word_1_175' title='bbox 1071 2037 1125 2084; x_wconf 93' lang='lat' dir='ltr'><strong>et</strong></span> <span class='ocrx_word' id='word_1_176' title='bbox 1152 2031 1242 2098; x_wconf 90' lang='lat' dir='ltr'><strong>qui</strong></span> <span class='ocrx_word' id='word_1_177' title='bbox 1264 2042 1418 2086; x_wconf 89' lang='lat' dir='ltr'><strong>erant</strong></span> <span class='ocrx_word' id='word_1_178' title='bbox 1445 2039 1907 2107; x_wconf 86' lang='lat' dir='ltr'><strong>consanguinitate</strong></span> 
     </span>
    </p>
   </div>
   <div class='ocr_carea' id='block_1_23' title="bbox 313 2114 1900 2200">
    <p class='ocr_par' dir='ltr' id='par_1_23' title="bbox 313 2114 1900 2200">
     <span class='ocr_line' id='line_1_24' title="bbox 313 2114 1900 2200; baseline 0.013 -35"><span class='ocrx_word' id='word_1_179' title='bbox 313 2114 530 2180; x_wconf 80' lang='lat' dir='ltr'><strong>fr‘atres,</strong></span> <span class='ocrx_word' id='word_1_180' title='bbox 565 2117 756 2172; x_wconf 89' lang='lat' dir='ltr'><strong>liereut</strong></span> <span class='ocrx_word' id='word_1_181' title='bbox 783 2120 947 2174; x_wconf 88' lang='lat' dir='ltr'><strong>etiam</strong></span> <span class='ocrx_word' id='word_1_182' title='bbox 977 2123 1259 2179; x_wconf 87' lang='lat' dir='ltr'><strong>sanctitate</strong></span> <span class='ocrx_word' id='word_1_183' title='bbox 1286 2127 1560 2194; x_wconf 84' lang='lat' dir='ltr'><strong>germani;</strong></span> <span class='ocrx_word' id='word_1_184' title='bbox 1592 2137 1646 2183; x_wconf 90' lang='lat' dir='ltr'><strong>et</strong></span> <span class='ocrx_word' id='word_1_185' title='bbox 1675 2145 1900 2200; x_wconf 88' lang='lat' dir='ltr'><strong>quorum</strong></span> 
     </span>
    </p>
   </div>
   <div class='ocr_carea' id='block_1_24' title="bbox 2023 865 3605 953">
    <p class='ocr_par' dir='ltr' id='par_1_24' title="bbox 2023 865 3605 953">
     <span class='ocr_line' id='line_1_25' title="bbox 2023 865 3605 953; baseline 0.022 -37"><span class='ocrx_word' id='word_1_186' title='bbox 2023 865 2281 936; x_wconf 82' lang='lat' dir='ltr'><strong>quadriga</strong></span> <span class='ocrx_word' id='word_1_187' title='bbox 2328 871 2465 926; x_wconf 88' lang='lat' dir='ltr'><strong>sicut</strong></span> <span class='ocrx_word' id='word_1_188' title='bbox 2494 875 2640 930; x_wconf 89' lang='lat' dir='ltr'><strong>illum</strong></span> <span class='ocrx_word' id='word_1_189' title='bbox 2671 884 2848 934; x_wconf 79' lang='lat' dir='ltr'><strong>evexit</strong></span> <span class='ocrx_word' id='word_1_190' title='bbox 2876 884 2941 935; x_wconf 86' lang='lat' dir='ltr'><strong>ad</strong></span> <span class='ocrx_word' id='word_1_191' title='bbox 2991 887 3248 953; x_wconf 87' lang='lat' dir='ltr'><strong>requiem,</strong></span> <span class='ocrx_word' id='word_1_192' title='bbox 3284 889 3359 942; x_wconf 90' lang='lat' dir='ltr'><strong>ita</strong></span> <span class='ocrx_word' id='word_1_193' title='bbox 3412 899 3468 944; x_wconf 90' lang='lat' dir='ltr'><strong>et</strong></span> <span class='ocrx_word' id='word_1_194' title='bbox 3504 891 3605 950; x_wconf 84' lang='lat' dir='ltr'><strong>hos</strong></span> 
     </span>
    </p>
   </div>
   <div class='ocr_carea' id='block_1_25' title="bbox 2018 960 3603 1050">
    <p class='ocr_par' dir='ltr' id='par_1_25' title="bbox 2018 960 3603 1050">
     <span class='ocr_line' id='line_1_26' title="bbox 2018 960 3603 1050; baseline 0.018 -41"><span class='ocrx_word' id='word_1_195' title='bbox 2018 960 2252 1024; x_wconf 87' lang='lat' dir='ltr'><strong>portavit</strong></span> <span class='ocrx_word' id='word_1_196' title='bbox 2291 961 2358 1016; x_wconf 91' lang='lat' dir='ltr'><strong>ad</strong></span> <span class='ocrx_word' id='word_1_197' title='bbox 2385 964 2632 1032; x_wconf 81' lang='lat' dir='ltr'><strong>gloriam.</strong></span> <span class='ocrx_word' id='word_1_198' title='bbox 2682 968 2749 1023; x_wconf 87' lang='lat' dir='ltr'><strong>Et</strong></span> <span class='ocrx_word' id='word_1_199' title='bbox 2769 973 3011 1041; x_wconf 87' lang='lat' dir='ltr'><strong>quamvis</strong></span> <span class='ocrx_word' id='word_1_200' title='bbox 3042 976 3129 1030; x_wconf 90' lang='lat' dir='ltr'><strong>illa</strong></span> <span class='ocrx_word' id='word_1_201' title='bbox 3159 979 3314 1046; x_wconf 86' lang='lat' dir='ltr'><strong>ignea</strong></span> <span class='ocrx_word' id='word_1_202' title='bbox 3343 982 3603 1050; x_wconf 80' lang='lat' dir='ltr'><strong>quadriga</strong></span> 
     </span>
    </p>
   </div>
   <div class='ocr_carea' id='block_1_26' title="bbox 2015 1047 3601 1140">
    <p class='ocr_par' dir='ltr' id='par_1_26' title="bbox 2015 1047 3601 1140">
     <span class='ocr_line' id='line_1_27' title="bbox 2015 1047 3601 1140; baseline 0.016 -39"><span class='ocrx_word' id='word_1_203' title='bbox 2015 1047 2195 1116; x_wconf 81' lang='lat' dir='ltr'><strong>fuerit,</strong></span> <span class='ocrx_word' id='word_1_204' title='bbox 2226 1051 2337 1107; x_wconf 70' lang='lat' dir='ltr'><strong>iure</strong></span> <span class='ocrx_word' id='word_1_205' title='bbox 2369 1062 2544 1110; x_wconf 89' lang='lat' dir='ltr'><strong>tamen</strong></span> <span class='ocrx_word' id='word_1_206' title='bbox 2575 1057 2795 1115; x_wconf 88' lang='lat' dir='ltr'><strong>inferior</strong></span> <span class='ocrx_word' id='word_1_207' title='bbox 2823 1079 2928 1118; x_wconf 90' lang='lat' dir='ltr'><strong>non</strong></span> <span class='ocrx_word' id='word_1_208' title='bbox 2961 1065 3204 1122; x_wconf 86' lang='lat' dir='ltr'><strong>habenda</strong></span> <span class='ocrx_word' id='word_1_209' title='bbox 3231 1078 3330 1135; x_wconf 87' lang='lat' dir='ltr'><strong>est,</strong></span> <span class='ocrx_word' id='word_1_210' title='bbox 3362 1047 3485 1140; x_wconf 77' lang='lat' dir='ltr'><strong>quia</strong></span> <span class='ocrx_word' id='word_1_211' title='bbox 3513 1047 3601 1127; x_wconf 73' lang='lat' dir='ltr'><strong>ilia</strong></span> 
     </span>
    </p>
   </div>
   <div class='ocr_carea' id='block_1_27' title="bbox 2015 1146 3600 1231">
    <p class='ocr_par' dir='ltr' id='par_1_27' title="bbox 2015 1146 3600 1231">
     <span class='ocr_line' id='line_1_28' title="bbox 2015 1146 3600 1231; baseline 0.016 -38"><span class='ocrx_word' id='word_1_212' title='bbox 2015 1156 2178 1194; x_wconf 90' lang='lat' dir='ltr'><strong>unum</strong></span> <span class='ocrx_word' id='word_1_213' title='bbox 2207 1146 2434 1210; x_wconf 80' lang='lat' dir='ltr'><strong>gestavit</strong></span> <span class='ocrx_word' id='word_1_214' title='bbox 2461 1149 2802 1218; x_wconf 82' lang='lat' dir='ltr'><strong>pmphetam,</strong></span> <span class='ocrx_word' id='word_1_215' title='bbox 2835 1154 2947 1210; x_wconf 61' lang='lat' dir='ltr'><strong>lucc</strong></span> <span class='ocrx_word' id='word_1_216' title='bbox 2998 1165 3107 1211; x_wconf 88' lang='lat' dir='ltr'><strong>tres</strong></span> <span class='ocrx_word' id='word_1_217' title='bbox 3163 1170 3426 1231; x_wconf 79' lang='lat' dir='ltr'><strong>martyres</strong></span> <span class='ocrx_word' id='word_1_218' title='bbox 3477 1179 3600 1217; x_wconf 90' lang='lat' dir='ltr'><strong>sus-</strong></span> 
     </span>
    </p>
   </div>
   <div class='ocr_carea' id='block_1_28' title="bbox 2014 1234 3599 1322">
    <p class='ocr_par' dir='ltr' id='par_1_28' title="bbox 2014 1234 3599 1322">
     <span class='ocr_line' id='line_1_29' title="bbox 2014 1234 3599 1322; baseline 0.015 -38"><span class='ocrx_word' id='word_1_219' title='bbox 2014 1234 2257 1288; x_wconf 83' lang='lat' dir='ltr'><strong>tentavit.</strong></span> <span class='ocrx_word' id='word_1_220' title='bbox 2289 1234 2397 1290; x_wconf 86' lang='lat' dir='ltr'><strong>Sed</strong></span> <span class='ocrx_word' id='word_1_221' title='bbox 2424 1238 2567 1294; x_wconf 91' lang='lat' dir='ltr'><strong>dicet</strong></span> <span class='ocrx_word' id='word_1_222' title='bbox 2586 1241 2779 1311; x_wconf 86' lang='lat' dir='ltr'><strong>aliquis</strong></span> <span class='ocrx_word' id='word_1_223' title='bbox 2805 1261 2818 1296; x_wconf 88' lang='lat'><strong>:</strong></span> <span class='ocrx_word' id='word_1_224' title='bbox 2843 1245 3128 1312; x_wconf 81' lang='lat' dir='ltr'><strong>gloriosius</strong></span> <span class='ocrx_word' id='word_1_225' title='bbox 3150 1259 3230 1303; x_wconf 91' lang='lat' dir='ltr'><strong>est</strong></span> <span class='ocrx_word' id='word_1_226' title='bbox 3251 1252 3444 1317; x_wconf 82' lang='lat' dir='ltr'><strong>gestari</strong></span> <span class='ocrx_word' id='word_1_227' title='bbox 3467 1269 3599 1322; x_wconf 90' lang='lat' dir='ltr'><strong>qua-</strong></span> 
     </span>
    </p>
   </div>
   <div class='ocr_carea' id='block_1_29' title="bbox 2012 1321 3599 1408">
    <p class='ocr_par' dir='ltr' id='par_1_29' title="bbox 2012 1321 3599 1408">
     <span class='ocr_line' id='line_1_30' title="bbox 2012 1321 3599 1408; baseline 0.014 -33"><span class='ocrx_word' id='word_1_228' title='bbox 2012 1321 2162 1392; x_wconf 87' lang='lat' dir='ltr'><strong>driga</strong></span> <span class='ocrx_word' id='word_1_229' title='bbox 2212 1325 2362 1393; x_wconf 85' lang='lat' dir='ltr'><strong>ignea</strong></span> <span class='ocrx_word' id='word_1_230' title='bbox 2414 1344 2573 1398; x_wconf 90' lang='lat' dir='ltr'><strong>quam</strong></span> <span class='ocrx_word' id='word_1_231' title='bbox 2625 1340 2856 1388; x_wconf 88' lang='lat' dir='ltr'><strong>terrena.</strong></span> <span class='ocrx_word' id='word_1_232' title='bbox 2899 1333 2923 1373; x_wconf 70' lang='grc' dir='ltr'><em>δ</em></span> <span class='ocrx_word' id='word_1_233' title='bbox 2958 1336 3072 1390; x_wconf 87' lang='lat' dir='ltr'><strong>Non</strong></span> <span class='ocrx_word' id='word_1_234' title='bbox 3103 1338 3206 1393; x_wconf 90' lang='lat' dir='ltr'><strong>hoc</strong></span> <span class='ocrx_word' id='word_1_235' title='bbox 3246 1339 3405 1408; x_wconf 84' lang='lat' dir='ltr'><strong>plane</strong></span> <span class='ocrx_word' id='word_1_236' title='bbox 3433 1321 3599 1397; x_wconf 85' lang='lat' dir='ltr'><strong>defuit</strong></span> 
     </span>
    </p>
   </div>
   <div class='ocr_carea' id='block_1_30' title="bbox 2011 1417 3599 1502">
    <p class='ocr_par' dir='ltr' id='par_1_30' title="bbox 2011 1417 3599 1502">
     <span class='ocr_line' id='line_1_31' title="bbox 2011 1417 3599 1502; baseline 0.011 -31"><span class='ocrx_word' id='word_1_237' title='bbox 2011 1417 2214 1473; x_wconf 88' lang='lat' dir='ltr'><strong>sanctis</strong></span> <span class='ocrx_word' id='word_1_238' title='bbox 2236 1420 2364 1476; x_wconf 92' lang='lat' dir='ltr'><strong>viris</strong></span> <span class='ocrx_word' id='word_1_239' title='bbox 2391 1439 2403 1472; x_wconf 84' lang='lat'><strong>:</strong></span> <span class='ocrx_word' id='word_1_240' title='bbox 2430 1437 2573 1488; x_wconf 91' lang='lat' dir='ltr'><strong>nam,</strong></span> <span class='ocrx_word' id='word_1_241' title='bbox 2597 1426 2736 1480; x_wconf 88' lang='lat' dir='ltr'><strong>sicut</strong></span> <span class='ocrx_word' id='word_1_242' title='bbox 2764 1426 2930 1482; x_wconf 84' lang='lat' dir='ltr'><strong>Eliam</strong></span> <span class='ocrx_word' id='word_1_243' title='bbox 2955 1431 3108 1500; x_wconf 82' lang='lat' dir='ltr'><strong>ignea</strong></span> <span class='ocrx_word' id='word_1_244' title='bbox 3133 1432 3387 1500; x_wconf 80' lang='lat' dir='ltr'><strong>quadriga</strong></span> <span class='ocrx_word' id='word_1_245' title='bbox 3414 1443 3599 1502; x_wconf 83' lang='lat' dir='ltr'><strong>porta-</strong></span> 
     </span>
    </p>
   </div>
   <div class='ocr_carea' id='block_1_31' title="bbox 2009 1507 3594 1591">
    <p class='ocr_par' dir='ltr' id='par_1_31' title="bbox 2009 1507 3594 1591">
     <span class='ocr_line' id='line_1_32' title="bbox 2009 1507 3594 1591; baseline 0.009 -30"><span class='ocrx_word' id='word_1_246' title='bbox 2009 1507 2122 1574; x_wconf 85' lang='lat' dir='ltr'><strong>bat,</strong></span> <span class='ocrx_word' id='word_1_247' title='bbox 2155 1509 2225 1564; x_wconf 77' lang='grc' dir='ltr'><strong>ἰιτι</strong></span> <span class='ocrx_word' id='word_1_248' title='bbox 2251 1520 2305 1566; x_wconf 89' lang='lat' dir='ltr'><strong>ct</strong></span> <span class='ocrx_word' id='word_1_249' title='bbox 2328 1522 2589 1584; x_wconf 86' lang='lat' dir='ltr'><strong>martyres</strong></span> <span class='ocrx_word' id='word_1_250' title='bbox 2619 1515 2748 1572; x_wconf 81' lang='lat' dir='ltr'><strong>fides</strong></span> <span class='ocrx_word' id='word_1_251' title='bbox 2772 1519 2924 1585; x_wconf 86' lang='lat' dir='ltr'><strong>ignea</strong></span> <span class='ocrx_word' id='word_1_252' title='bbox 2950 1520 3062 1588; x_wconf 88' lang='lat' dir='ltr'><strong>jam</strong></span> <span class='ocrx_word' id='word_1_253' title='bbox 3094 1520 3316 1577; x_wconf 86' lang='lat' dir='ltr'><strong>ferebat.</strong></span> <span class='ocrx_word' id='word_1_254' title='bbox 3343 1523 3594 1591; x_wconf 84' lang='lat' dir='ltr'><strong>Ferebat,</strong></span> 
     </span>
    </p>
   </div>
   <div class='ocr_carea' id='block_1_32' title="bbox 2011 1597 3595 1680">
    <p class='ocr_par' dir='ltr' id='par_1_32' title="bbox 2011 1597 3595 1680">
     <span class='ocr_line' id='line_1_33' title="bbox 2011 1597 3595 1680; baseline 0.009 -29"><span class='ocrx_word' id='word_1_255' title='bbox 2011 1597 2247 1666; x_wconf 90' lang='lat' dir='ltr'><strong>inquam,</strong></span> <span class='ocrx_word' id='word_1_256' title='bbox 2306 1601 2427 1658; x_wconf 89' lang='lat' dir='ltr'><strong>illos</strong></span> <span class='ocrx_word' id='word_1_257' title='bbox 2450 1601 2718 1675; x_wconf 85' lang='lat' dir='ltr'><strong>Christus,</strong></span> <span class='ocrx_word' id='word_1_258' title='bbox 2749 1608 2840 1677; x_wconf 84' lang='lat' dir='ltr'><strong>qui</strong></span> <span class='ocrx_word' id='word_1_259' title='bbox 2872 1608 3049 1661; x_wconf 84' lang='lat' dir='ltr'><strong>lumen</strong></span> <span class='ocrx_word' id='word_1_260' title='bbox 3078 1618 3179 1670; x_wconf 87' lang='lat' dir='ltr'><strong>est,</strong></span> <span class='ocrx_word' id='word_1_261' title='bbox 3213 1612 3302 1678; x_wconf 91' lang='lat' dir='ltr'><strong>qui</strong></span> <span class='ocrx_word' id='word_1_262' title='bbox 3333 1612 3468 1678; x_wconf 79' lang='lat' dir='ltr'><strong>ignis</strong></span> <span class='ocrx_word' id='word_1_263' title='bbox 3491 1621 3595 1680; x_wconf 90' lang='lat' dir='ltr'><strong>est,</strong></span> 
     </span>
    </p>
   </div>
   <div class='ocr_carea' id='block_1_33' title="bbox 2010 1689 3594 1789">
    <p class='ocr_par' dir='ltr' id='par_1_33' title="bbox 2010 1689 3594 1789">
     <span class='ocr_line' id='line_1_34' title="bbox 2010 1689 3594 1789; baseline 0.008 -46"><span class='ocrx_word' id='word_1_264' title='bbox 2010 1689 2076 1743; x_wconf 87' lang='lat' dir='ltr'><strong>de</strong></span> <span class='ocrx_word' id='word_1_265' title='bbox 2106 1706 2212 1758; x_wconf 91' lang='lat' dir='ltr'><strong>quo</strong></span> <span class='ocrx_word' id='word_1_266' title='bbox 2231 1692 2488 1762; x_wconf 87' lang='lat' dir='ltr'><strong>scriptum</strong></span> <span class='ocrx_word' id='word_1_267' title='bbox 2510 1704 2592 1750; x_wconf 88' lang='lat' dir='ltr'><strong>est</strong></span> <span class='ocrx_word' id='word_1_268' title='bbox 2615 1714 2628 1748; x_wconf 89' lang='lat'><strong>:</strong></span> <span class='ocrx_word' id='word_1_269' title='bbox 2660 1695 2912 1752; x_wconf 79' lang='lat' dir='ltr'><strong>Dominus</strong></span> <span class='ocrx_word' id='word_1_270' title='bbox 2934 1709 3108 1789; x_wconf 58' lang='lat' dir='ltr'><strong>ueste.)-</strong></span> <span class='ocrx_word' id='word_1_271' title='bbox 3134 1702 3270 1771; x_wconf 80' lang='lat' dir='ltr'><strong>ignis</strong></span> <span class='ocrx_word' id='word_1_272' title='bbox 3291 1718 3594 1756; x_wconf 73' lang='lat' dir='ltr'><strong>consumens</strong></span> 
     </span>
    </p>
   </div>
   <div class='ocr_carea' id='block_1_34' title="bbox 2009 1779 3593 1860">
    <p class='ocr_par' dir='ltr' id='par_1_34' title="bbox 2009 1779 3593 1860">
     <span class='ocr_line' id='line_1_35' title="bbox 2009 1779 3593 1860; baseline 0.009 -28"><span class='ocrx_word' id='word_1_273' title='bbox 2009 1789 2084 1833; x_wconf 78' lang='lat' dir='ltr'><strong>est</strong></span> <span class='ocrx_word' id='word_1_274' title='bbox 2107 1779 2282 1851; x_wconf 85' lang='lat' dir='ltr'><strong>(Deut.</strong></span> <span class='ocrx_word' id='word_1_275' title='bbox 2309 1783 2398 1850; x_wconf 80' lang='lat' dir='ltr'><strong>tv).</strong></span> <span class='ocrx_word' id='word_1_276' title='bbox 2439 1782 2578 1852; x_wconf 86' lang='lat' dir='ltr'><strong>Ergo</strong></span> <span class='ocrx_word' id='word_1_277' title='bbox 2601 1800 2722 1840; x_wconf 92' lang='lat' dir='ltr'><strong>cum</strong></span> <span class='ocrx_word' id='word_1_278' title='bbox 2771 1788 2960 1842; x_wconf 89' lang='lat' dir='ltr'><strong>beatos</strong></span> <span class='ocrx_word' id='word_1_279' title='bbox 2987 1779 3278 1856; x_wconf 58' lang='lat' dir='ltr'><strong>de&#39;quibus</strong></span> <span class='ocrx_word' id='word_1_280' title='bbox 3325 1791 3593 1860; x_wconf 89' lang='lat' dir='ltr'><strong>loquimur</strong></span> 
     </span>
    </p>
   </div>
   <div class='ocr_carea' id='block_1_35' title="bbox 2008 1879 3591 1949">
    <p class='ocr_par' dir='ltr' id='par_1_35' title="bbox 2008 1879 3591 1949">
     <span class='ocr_line' id='line_1_36' title="bbox 2008 1879 3591 1949; baseline 0.007 -23"><span class='ocrx_word' id='word_1_281' title='bbox 2008 1883 2324 1942; x_wconf 86' lang='lat' dir='ltr'><strong>persecutor</strong></span> <span class='ocrx_word' id='word_1_282' title='bbox 2372 1885 2607 1944; x_wconf 86' lang='lat' dir='ltr'><strong>urgeret,</strong></span> <span class='ocrx_word' id='word_1_283' title='bbox 2659 1879 2960 1933; x_wconf 81' lang='lat' dir='ltr'><strong>vehiculum</strong></span> <span class='ocrx_word' id='word_1_284' title='bbox 3005 1883 3447 1937; x_wconf 84' lang='lat' dir='ltr'><strong>conscenderunt.</strong></span> <span class='ocrx_word' id='word_1_285' title='bbox 3477 1883 3591 1949; x_wconf 82' lang='lat' dir='ltr'><strong>Qua</strong></span> 
     </span>
    </p>
   </div>
   <div class='ocr_carea' id='block_1_36' title="bbox 2012 1964 3592 2040">
    <p class='ocr_par' dir='ltr' id='par_1_36' title="bbox 2012 1964 3592 2040">
     <span class='ocr_line' id='line_1_37' title="bbox 2012 1964 3592 2040; baseline 0.005 -22"><span class='ocrx_word' id='word_1_286' title='bbox 2012 1965 2210 2040; x_wconf 84' lang='lat' dir='ltr'><strong>causa?</strong></span> <span class='ocrx_word' id='word_1_287' title='bbox 2237 1973 2297 2018; x_wconf 92' lang='lat' dir='ltr'><strong>ut</strong></span> <span class='ocrx_word' id='word_1_288' title='bbox 2326 1964 2604 2034; x_wconf 84' lang='lat' dir='ltr'><strong>fugerent?</strong></span> <span class='ocrx_word' id='word_1_289' title='bbox 2625 1967 2780 2023; x_wconf 89' lang='lat' dir='ltr'><strong>absit.</strong></span> <span class='ocrx_word' id='word_1_290' title='bbox 2812 1970 2928 2023; x_wconf 83' lang='lat' dir='ltr'><strong>Non</strong></span> <span class='ocrx_word' id='word_1_291' title='bbox 2959 1979 3016 2024; x_wconf 89' lang='lat' dir='ltr'><strong>ut</strong></span> <span class='ocrx_word' id='word_1_292' title='bbox 3047 1970 3311 2040; x_wconf 83' lang='lat' dir='ltr'><strong>fugerent,</strong></span> <span class='ocrx_word' id='word_1_293' title='bbox 3333 1973 3424 2026; x_wconf 88' lang='lat' dir='ltr'><strong>sed</strong></span> <span class='ocrx_word' id='word_1_294' title='bbox 3449 1981 3505 2026; x_wconf 92' lang='lat' dir='ltr'><strong>ut</strong></span> <span class='ocrx_word' id='word_1_295' title='bbox 3525 1971 3592 2026; x_wconf 92' lang='lat' dir='ltr'><strong>ad</strong></span> 
     </span>
    </p>
   </div>
   <div class='ocr_carea' id='block_1_37' title="bbox 2008 2037 3590 2127">
    <p class='ocr_par' dir='ltr' id='par_1_37' title="bbox 2008 2037 3590 2127">
     <span class='ocr_line' id='line_1_38' title="bbox 2008 2037 3590 2127; baseline 0.004 -17"><span class='ocrx_word' id='word_1_296' title='bbox 2008 2037 2321 2126; x_wconf 79' lang='lat' dir='ltr'><strong>martyrium</strong></span> <span class='ocrx_word' id='word_1_297' title='bbox 2353 2057 2511 2112; x_wconf 89' lang='lat' dir='ltr'><strong>citius</strong></span> <span class='ocrx_word' id='word_1_298' title='bbox 2538 2061 2915 2127; x_wconf 86' lang='lat' dir='ltr'><strong>pervenirent;</strong></span> <span class='ocrx_word' id='word_1_299' title='bbox 2950 2076 3053 2114; x_wconf 91' lang='lat' dir='ltr'><strong>non</strong></span> <span class='ocrx_word' id='word_1_300' title='bbox 3085 2037 3143 2115; x_wconf 81' lang='lat' dir='ltr'><strong>ut</strong></span> <span class='ocrx_word' id='word_1_301' title='bbox 3173 2063 3462 2126; x_wconf 88' lang='lat' dir='ltr'><strong>latitarent,</strong></span> <span class='ocrx_word' id='word_1_302' title='bbox 3495 2062 3590 2116; x_wconf 90' lang='lat' dir='ltr'><strong>sed</strong></span> 
     </span>
    </p>
   </div>
   <div class='ocr_carea' id='block_1_38' title="bbox 2007 2147 3588 2208">
    <p class='ocr_par' dir='ltr' id='par_1_38' title="bbox 2007 2147 3588 2208">
     <span class='ocr_line' id='line_1_39' title="bbox 2007 2147 3588 2208; baseline 0.006 -9"><span class='ocrx_word' id='word_1_303' title='bbox 2007 2155 2066 2200; x_wconf 89' lang='lat' dir='ltr'><strong>ut</strong></span> <span class='ocrx_word' id='word_1_304' title='bbox 2111 2147 2447 2203; x_wconf 91' lang='lat' dir='ltr'><strong>Christianos</strong></span> <span class='ocrx_word' id='word_1_305' title='bbox 2473 2163 2533 2203; x_wconf 92' lang='lat' dir='ltr'><strong>se</strong></span> <span class='ocrx_word' id='word_1_306' title='bbox 2559 2152 2767 2206; x_wconf 90' lang='lat' dir='ltr'><strong>cunctis</strong></span> <span class='ocrx_word' id='word_1_307' title='bbox 2817 2155 3212 2208; x_wconf 84' lang='lat' dir='ltr'><strong>transeuntibus</strong></span> <span class='ocrx_word' id='word_1_308' title='bbox 3257 2153 3588 2208; x_wconf 76' lang='lat' dir='ltr'><strong>manifestius</strong></span> 
     </span>
    </p>
   </div>
   <div class='ocr_carea' id='block_1_39' title="bbox 311 2209 1899 2311">
    <p class='ocr_par' dir='ltr' id='par_1_39' title="bbox 311 2209 1899 2291">
     <span class='ocr_line' id='line_1_40' title="bbox 311 2209 1899 2291; baseline 0.015 -32"><span class='ocrx_word' id='word_1_309' title='bbox 311 2209 557 2262; x_wconf 85' lang='lat' dir='ltr'><strong>membra</strong></span> <span class='ocrx_word' id='word_1_310' title='bbox 593 2210 745 2265; x_wconf 91' lang='lat' dir='ltr'><strong>unius</strong></span> <span class='ocrx_word' id='word_1_311' title='bbox 772 2213 1015 2281; x_wconf 90' lang='lat' dir='ltr'><strong>corporis</strong></span> <span class='ocrx_word' id='word_1_312' title='bbox 1039 2216 1338 2272; x_wconf 88' lang='lat' dir='ltr'><strong>substantia</strong></span> <span class='ocrx_word' id='word_1_313' title='bbox 1366 2224 1672 2291; x_wconf 87' lang='lat' dir='ltr'><strong>vegetabat,</strong></span> <span class='ocrx_word' id='word_1_314' title='bbox 1714 2240 1899 2282; x_wconf 87' lang='lat' dir='ltr'><strong>eorum</strong></span> 
     </span>
    </p>
   </div>
   <div class='ocr_carea' id='block_1_40' title="bbox 2000 2209 3588 2311">
    <p class='ocr_par' dir='ltr' id='par_1_40' title="bbox 2006 2238 3588 2311">
     <span class='ocr_line' id='line_1_41' title="bbox 2006 2238 3588 2311; baseline 0.004 -20"><span class='ocrx_word' id='word_1_315' title='bbox 2006 2238 2387 2307; x_wconf 81' lang='lat' dir='ltr'><strong>approbarent.</strong></span> <span class='ocrx_word' id='word_1_316' title='bbox 2421 2238 2684 2293; x_wconf 63' lang='lat' dir='ltr'><strong>Caeterum</strong></span> <span class='ocrx_word' id='word_1_317' title='bbox 2709 2241 2969 2296; x_wconf 91' lang='lat' dir='ltr'><strong>occultius</strong></span> <span class='ocrx_word' id='word_1_318' title='bbox 2999 2242 3137 2295; x_wconf 89' lang='lat' dir='ltr'><strong>inter</strong></span> <span class='ocrx_word' id='word_1_319' title='bbox 3162 2244 3342 2311; x_wconf 90' lang='lat' dir='ltr'><strong>plures</strong></span> <span class='ocrx_word' id='word_1_320' title='bbox 3370 2243 3422 2296; x_wconf 91' lang='lat' dir='ltr'><strong>in</strong></span> <span class='ocrx_word' id='word_1_321' title='bbox 3452 2243 3588 2297; x_wconf 83' lang='lat' dir='ltr'><strong>civi-</strong></span> 
     </span>
    </p>
   </div>
   <div class='ocr_carea' id='block_1_41' title="bbox 309 2298 1903 2370">
    <p class='ocr_par' dir='ltr' id='par_1_41' title="bbox 309 2298 1903 2370">
     <span class='ocr_line' id='line_1_42' title="bbox 309 2298 1903 2370; baseline 0.013 -20"><span class='ocrx_word' id='word_1_322' title='bbox 309 2298 527 2354; x_wconf 78' lang='lat' dir='ltr'><strong>auimas</strong></span> <span class='ocrx_word' id='word_1_323' title='bbox 555 2299 791 2368; x_wconf 86' lang='lat' dir='ltr'><strong>ejusdem</strong></span> <span class='ocrx_word' id='word_1_324' title='bbox 822 2303 945 2358; x_wconf 88' lang='lat' dir='ltr'><strong>lidei</strong></span> <span class='ocrx_word' id='word_1_325' title='bbox 968 2306 1234 2362; x_wconf 78' lang='lat' dir='ltr'><strong>confessio</strong></span> <span class='ocrx_word' id='word_1_326' title='bbox 1264 2319 1569 2366; x_wconf 88' lang='lat' dir='ltr'><strong>coronaret.</strong></span> <span class='ocrx_word' id='word_1_327' title='bbox 1597 2312 1778 2368; x_wconf 83' lang='lat' dir='ltr'><strong>Refert</strong></span> <span class='ocrx_word' id='word_1_328' title='bbox 1807 2332 1903 2370; x_wconf 88' lang='lat' dir='ltr'><strong>au-</strong></span> 
     </span>
    </p>
   </div>
   <div class='ocr_carea' id='block_1_42' title="bbox 309 2391 1901 2477">
    <p class='ocr_par' dir='ltr' id='par_1_42' title="bbox 309 2391 1901 2477">
     <span class='ocr_line' id='line_1_43' title="bbox 309 2391 1901 2477; baseline 0.013 -34"><span class='ocrx_word' id='word_1_329' title='bbox 309 2397 427 2444; x_wconf 86' lang='lat' dir='ltr'><strong>tem</strong></span> <span class='ocrx_word' id='word_1_330' title='bbox 476 2391 540 2446; x_wconf 93' lang='lat' dir='ltr'><strong>de</strong></span> <span class='ocrx_word' id='word_1_331' title='bbox 568 2392 739 2449; x_wconf 87' lang='lat' dir='ltr'><strong>beatis</strong></span> <span class='ocrx_word' id='word_1_332' title='bbox 786 2397 1104 2464; x_wconf 90' lang='lat' dir='ltr'><strong>supradictis</strong></span> <span class='ocrx_word' id='word_1_333' title='bbox 1158 2399 1420 2465; x_wconf 88' lang='lat' dir='ltr'><strong>historia,</strong></span> <span class='ocrx_word' id='word_1_334' title='bbox 1473 2406 1615 2471; x_wconf 86' lang='lat' dir='ltr'><strong>quod</strong></span> <span class='ocrx_word' id='word_1_335' title='bbox 1657 2413 1901 2477; x_wconf 90' lang='lat' dir='ltr'><strong>tempore</strong></span> 
     </span>
    </p>
   </div>
   <div class='ocr_carea' id='block_1_43' title="bbox 307 2485 1900 2564">
    <p class='ocr_par' dir='ltr' id='par_1_43' title="bbox 307 2485 1900 2564">
     <span class='ocr_line' id='line_1_44' title="bbox 307 2485 1900 2564; baseline 0.013 -29"><span class='ocrx_word' id='word_1_336' title='bbox 307 2485 606 2553; x_wconf 76' lang='lat' dir='ltr'><strong>passiOnis,</strong></span> <span class='ocrx_word' id='word_1_337' title='bbox 635 2502 756 2540; x_wconf 93' lang='lat' dir='ltr'><strong>cum</strong></span> <span class='ocrx_word' id='word_1_338' title='bbox 803 2503 898 2544; x_wconf 91' lang='lat' dir='ltr'><strong>eos</strong></span> <span class='ocrx_word' id='word_1_339' title='bbox 949 2501 1260 2557; x_wconf 74' lang='lat' dir='ltr'><strong>persecutor</strong></span> <span class='ocrx_word' id='word_1_340' title='bbox 1313 2494 1626 2564; x_wconf 85' lang='lat' dir='ltr'><strong>inquireret,</strong></span> <span class='ocrx_word' id='word_1_341' title='bbox 1674 2515 1900 2556; x_wconf 85' lang='lat' dir='ltr'><strong>ascenso</strong></span> 
     </span>
    </p>
   </div>
   <div class='ocr_carea' id='block_1_44' title="bbox 308 2574 1899 2655">
    <p class='ocr_par' dir='ltr' id='par_1_44' title="bbox 308 2574 1899 2655">
     <span class='ocr_line' id='line_1_45' title="bbox 308 2574 1899 2655; baseline 0.014 -29"><span class='ocrx_word' id='word_1_342' title='bbox 308 2574 585 2639; x_wconf 80' lang='lat' dir='ltr'><strong>vehiculo,</strong></span> <span class='ocrx_word' id='word_1_343' title='bbox 631 2576 832 2646; x_wconf 89' lang='lat' dir='ltr'><strong>junctis</strong></span> <span class='ocrx_word' id='word_1_344' title='bbox 863 2582 1107 2636; x_wconf 84' lang='lat' dir='ltr'><strong>mulabus</strong></span> <span class='ocrx_word' id='word_1_345' title='bbox 1153 2599 1246 2638; x_wconf 90' lang='lat' dir='ltr'><strong>eos</strong></span> <span class='ocrx_word' id='word_1_346' title='bbox 1279 2586 1533 2641; x_wconf 89' lang='lat' dir='ltr'><strong>secedere</strong></span> <span class='ocrx_word' id='word_1_347' title='bbox 1562 2590 1811 2655; x_wconf 87' lang='lat' dir='ltr'><strong>voluisse,</strong></span> <span class='ocrx_word' id='word_1_348' title='bbox 1844 2607 1899 2648; x_wconf 86' lang='lat' dir='ltr'><strong>et</strong></span> 
     </span>
    </p>
   </div>
   <div class='ocr_carea' id='block_1_45' title="bbox 305 2666 1896 2744">
    <p class='ocr_par' dir='ltr' id='par_1_45' title="bbox 305 2666 1896 2744">
     <span class='ocr_line' id='line_1_46' title="bbox 305 2666 1896 2744; baseline 0.011 -26"><span class='ocrx_word' id='word_1_349' title='bbox 305 2680 438 2718; x_wconf 75' lang='lat' dir='ltr'><strong>cum</strong></span> <span class='ocrx_word' id='word_1_350' title='bbox 469 2680 574 2719; x_wconf 89' lang='lat' dir='ltr'><strong>non</strong></span> <span class='ocrx_word' id='word_1_351' title='bbox 597 2666 752 2735; x_wconf 88' lang='lat' dir='ltr'><strong>longe</strong></span> <span class='ocrx_word' id='word_1_352' title='bbox 781 2669 846 2722; x_wconf 87' lang='lat' dir='ltr'><strong>ab</strong></span> <span class='ocrx_word' id='word_1_353' title='bbox 879 2671 1023 2724; x_wconf 87' lang='lat' dir='ltr'><strong>urbis</strong></span> <span class='ocrx_word' id='word_1_354' title='bbox 1052 2672 1316 2728; x_wconf 71' lang='lat' dir='ltr'><strong>inmitibus</strong></span> <span class='ocrx_word' id='word_1_355' title='bbox 1343 2675 1447 2728; x_wconf 86' lang='lat' dir='ltr'><strong>iter</strong></span> <span class='ocrx_word' id='word_1_356' title='bbox 1467 2690 1706 2744; x_wconf 78' lang='lat' dir='ltr'><strong>agerent,</strong></span> <span class='ocrx_word' id='word_1_357' title='bbox 1735 2697 1896 2736; x_wconf 90' lang='lat' dir='ltr'><strong>unum</strong></span> 
     </span>
    </p>
   </div>
   <div class='ocr_carea' id='block_1_46' title="bbox 304 2756 1901 2839">
    <p class='ocr_par' dir='ltr' id='par_1_46' title="bbox 304 2756 1901 2839">
     <span class='ocr_line' id='line_1_47' title="bbox 304 2756 1901 2839; baseline 0.013 -29"><span class='ocrx_word' id='word_1_358' title='bbox 304 2756 512 2810; x_wconf 82' lang='lat' dir='ltr'><strong>animal</strong></span> <span class='ocrx_word' id='word_1_359' title='bbox 538 2758 604 2812; x_wconf 88' lang='lat' dir='ltr'><strong>de</strong></span> <span class='ocrx_word' id='word_1_360' title='bbox 631 2759 925 2828; x_wconf 89' lang='lat' dir='ltr'><strong>subjunctis</strong></span> <span class='ocrx_word' id='word_1_361' title='bbox 954 2764 1131 2818; x_wconf 86' lang='lat' dir='ltr'><strong>subito</strong></span> <span class='ocrx_word' id='word_1_362' title='bbox 1160 2767 1445 2831; x_wconf 86' lang='lat' dir='ltr'><strong>corruisse,</strong></span> <span class='ocrx_word' id='word_1_363' title='bbox 1478 2779 1639 2839; x_wconf 89' lang='lat' dir='ltr'><strong>atque</strong></span> <span class='ocrx_word' id='word_1_364' title='bbox 1680 2772 1751 2827; x_wconf 90' lang='lat' dir='ltr'><strong>ita</strong></span> <span class='ocrx_word' id='word_1_365' title='bbox 1781 2775 1901 2831; x_wconf 89' lang='lat' dir='ltr'><strong>illos</strong></span> 
     </span>
    </p>
   </div>
   <div class='ocr_carea' id='block_1_47' title="bbox 303 2852 1894 2932">
    <p class='ocr_par' dir='ltr' id='par_1_47' title="bbox 303 2852 1894 2932">
     <span class='ocr_line' id='line_1_48' title="bbox 303 2852 1894 2932; baseline 0.013 -32"><span class='ocrx_word' id='word_1_366' title='bbox 303 2864 341 2900; x_wconf 83' lang='lat' dir='ltr'><strong>a</strong></span> <span class='ocrx_word' id='word_1_367' title='bbox 402 2852 834 2917; x_wconf 87' lang='lat' dir='ltr'><strong>persecutoribus</strong></span> <span class='ocrx_word' id='word_1_368' title='bbox 883 2855 1300 2922; x_wconf 80' lang='lat' dir='ltr'><strong>comprehensos</strong></span> <span class='ocrx_word' id='word_1_369' title='bbox 1350 2867 1530 2915; x_wconf 90' lang='lat' dir='ltr'><strong>teutos</strong></span> <span class='ocrx_word' id='word_1_370' title='bbox 1565 2863 1630 2916; x_wconf 89' lang='lat' dir='ltr'><strong>ad</strong></span> <span class='ocrx_word' id='word_1_371' title='bbox 1661 2879 1894 2932; x_wconf 84' lang='lat' dir='ltr'><strong>poenam.</strong></span> 
     </span>
    </p>
   </div>
   <div class='ocr_carea' id='block_1_48' title="bbox 304 2938 1898 3018">
    <p class='ocr_par' dir='ltr' id='par_1_48' title="bbox 304 2938 1898 3018">
     <span class='ocr_line' id='line_1_49' title="bbox 304 2938 1898 3018; baseline 0.015 -28"><span class='ocrx_word' id='word_1_372' title='bbox 304 2939 466 3005; x_wconf 79' lang='lat' dir='ltr'><strong>Quod</strong></span> <span class='ocrx_word' id='word_1_373' title='bbox 497 2938 716 3007; x_wconf 83' lang='lat' dir='ltr'><strong>factum,</strong></span> <span class='ocrx_word' id='word_1_374' title='bbox 749 2959 908 3012; x_wconf 89' lang='lat' dir='ltr'><strong>quam</strong></span> <span class='ocrx_word' id='word_1_375' title='bbox 958 2946 1250 3018; x_wconf 79' lang='lat' dir='ltr'><strong>gloriosum</strong></span> <span class='ocrx_word' id='word_1_376' title='bbox 1306 2951 1394 3016; x_wconf 90' lang='lat' dir='ltr'><strong>sit,</strong></span> <span class='ocrx_word' id='word_1_377' title='bbox 1439 2961 1493 3006; x_wconf 92' lang='lat' dir='ltr'><strong>et</strong></span> <span class='ocrx_word' id='word_1_378' title='bbox 1522 2966 1575 3007; x_wconf 78' lang='lat' dir='ltr'><strong>‘a</strong></span> <span class='ocrx_word' id='word_1_379' title='bbox 1613 2954 1898 3015; x_wconf 81' lang='lat' dir='ltr'><strong>Divinitate</strong></span> 
     </span>
    </p>
   </div>
   <div class='ocr_carea' id='block_1_49' title="bbox 304 3031 1896 3110">
    <p class='ocr_par' dir='ltr' id='par_1_49' title="bbox 304 3031 1896 3110">
     <span class='ocr_line' id='line_1_50' title="bbox 304 3031 1896 3110; baseline 0.013 -26"><span class='ocrx_word' id='word_1_380' title='bbox 304 3031 650 3101; x_wconf 72' lang='lat' dir='ltr'><strong>dispositum,</strong></span> <span class='ocrx_word' id='word_1_381' title='bbox 706 3033 962 3090; x_wconf 91' lang='lat' dir='ltr'><strong>debemus</strong></span> <span class='ocrx_word' id='word_1_382' title='bbox 1016 3039 1314 3095; x_wconf 88' lang='lat' dir='ltr'><strong>advertere.</strong></span> <span class='ocrx_word' id='word_1_383' title='bbox 1371 3041 1524 3110; x_wconf 90' lang='lat' dir='ltr'><strong>Nam,</strong></span> <span class='ocrx_word' id='word_1_384' title='bbox 1576 3047 1713 3101; x_wconf 89' lang='lat' dir='ltr'><strong>sicut</strong></span> <span class='ocrx_word' id='word_1_385' title='bbox 1754 3048 1896 3108; x_wconf 85' lang='lat' dir='ltr'><strong>Elias</strong></span> 
     </span>
    </p>
   </div>
   <div class='ocr_carea' id='block_1_50' title="bbox 305 3126 1893 3206">
    <p class='ocr_par' dir='ltr' id='par_1_50' title="bbox 305 3126 1893 3206">
     <span class='ocr_line' id='line_1_51' title="bbox 305 3126 1893 3206; baseline 0.013 -30"><span class='ocrx_word' id='word_1_386' title='bbox 305 3140 470 3178; x_wconf 80' lang='lat' dir='ltr'><strong>curru</strong></span> <span class='ocrx_word' id='word_1_387' title='bbox 499 3126 752 3196; x_wconf 89' lang='lat' dir='ltr'><strong>applicito</strong></span> <span class='ocrx_word' id='word_1_388' title='bbox 773 3129 923 3196; x_wconf 88' lang='lat' dir='ltr'><strong>quasi</strong></span> <span class='ocrx_word' id='word_1_389' title='bbox 952 3131 1190 3185; x_wconf 88' lang='lat' dir='ltr'><strong>ascendit</strong></span> <span class='ocrx_word' id='word_1_390' title='bbox 1219 3131 1286 3186; x_wconf 88' lang='lat' dir='ltr'><strong>ad</strong></span> <span class='ocrx_word' id='word_1_391' title='bbox 1312 3135 1475 3206; x_wconf 77' lang='lat'><strong>616</strong></span> <span class='ocrx_word' id='word_1_392' title='bbox 1506 3137 1718 3203; x_wconf 80' lang='lat' dir='ltr'><strong>coelum,</strong></span> <span class='ocrx_word' id='word_1_393' title='bbox 1745 3143 1816 3196; x_wconf 89' lang='lat' dir='ltr'><strong>ita</strong></span> <span class='ocrx_word' id='word_1_394' title='bbox 1839 3151 1893 3196; x_wconf 93' lang='lat' dir='ltr'><strong>et</strong></span> 
     </span>
    </p>
   </div>
   <div class='ocr_carea' id='block_1_51' title="bbox 305 3215 1891 3300">
    <p class='ocr_par' dir='ltr' id='par_1_51' title="bbox 305 3215 1891 3300">
     <span class='ocr_line' id='line_1_52' title="bbox 305 3215 1891 3300; baseline 0.012 -29"><span class='ocrx_word' id='word_1_395' title='bbox 305 3215 395 3271; x_wconf 84' lang='lat' dir='ltr'><strong>isti</strong></span> <span class='ocrx_word' id='word_1_396' title='bbox 421 3218 670 3275; x_wconf 87' lang='lat' dir='ltr'><strong>vehiculo</strong></span> <span class='ocrx_word' id='word_1_397' title='bbox 699 3219 916 3277; x_wconf 87' lang='lat' dir='ltr'><strong>admoto</strong></span> <span class='ocrx_word' id='word_1_398' title='bbox 943 3221 1011 3276; x_wconf 92' lang='lat' dir='ltr'><strong>ad</strong></span> <span class='ocrx_word' id='word_1_399' title='bbox 1052 3225 1366 3296; x_wconf 86' lang='lat' dir='ltr'><strong>martyrium</strong></span> <span class='ocrx_word' id='word_1_400' title='bbox 1413 3241 1803 3300; x_wconf 89' lang='lat' dir='ltr'><strong>pervenerunt;</strong></span> <span class='ocrx_word' id='word_1_401' title='bbox 1836 3243 1891 3290; x_wconf 91' lang='lat' dir='ltr'><strong>et</strong></span> 
     </span>
    </p>
   </div>
   <div class='ocr_carea' id='block_1_52' title="bbox 2007 2322 3586 2405">
    <p class='ocr_par' dir='ltr' id='par_1_52' title="bbox 2007 2322 3586 2405">
     <span class='ocr_line' id='line_1_53' title="bbox 2007 2322 3586 2405; baseline 0.004 -23"><span class='ocrx_word' id='word_1_402' title='bbox 2007 2337 2116 2384; x_wconf 89' lang='lat' dir='ltr'><strong>tate</strong></span> <span class='ocrx_word' id='word_1_403' title='bbox 2143 2330 2311 2385; x_wconf 88' lang='lat' dir='ltr'><strong>latere</strong></span> <span class='ocrx_word' id='word_1_404' title='bbox 2335 2339 2644 2402; x_wconf 89' lang='lat' dir='ltr'><strong>potuerant,</strong></span> <span class='ocrx_word' id='word_1_405' title='bbox 2677 2333 2841 2388; x_wconf 89' lang='lat' dir='ltr'><strong>tutius</strong></span> <span class='ocrx_word' id='word_1_406' title='bbox 2869 2350 2966 2403; x_wconf 90' lang='lat' dir='ltr'><strong>per</strong></span> <span class='ocrx_word' id='word_1_407' title='bbox 2993 2322 3202 2390; x_wconf 43' lang='lat' dir='ltr'><strong>div-orsa</strong></span> <span class='ocrx_word' id='word_1_408' title='bbox 3236 2335 3426 2402; x_wconf 79' lang='lat' dir='ltr'><strong>singuli</strong></span> <span class='ocrx_word' id='word_1_409' title='bbox 3450 2334 3586 2405; x_wconf 65' lang='lat' dir='ltr'><strong>fugas</strong></span> 
     </span>
    </p>
   </div>
   <div class='ocr_carea' id='block_1_53' title="bbox 2003 2420 3584 2492">
    <p class='ocr_par' dir='ltr' id='par_1_53' title="bbox 2003 2420 3584 2492">
     <span class='ocr_line' id='line_1_54' title="bbox 2003 2420 3584 2492; baseline 0.003 -18"><span class='ocrx_word' id='word_1_410' title='bbox 2003 2420 2307 2490; x_wconf 64' lang='lat' dir='ltr'><strong>praesidium</strong></span> <span class='ocrx_word' id='word_1_411' title='bbox 2352 2423 2750 2478; x_wconf 88' lang='lat' dir='ltr'><strong>commendare.</strong></span> <span class='ocrx_word' id='word_1_412' title='bbox 2800 2423 2867 2477; x_wconf 83' lang='lat' dir='ltr'><strong>At</strong></span> <span class='ocrx_word' id='word_1_413' title='bbox 2897 2439 3042 2489; x_wconf 88' lang='lat' dir='ltr'><strong>vero,</strong></span> <span class='ocrx_word' id='word_1_414' title='bbox 3095 2424 3181 2477; x_wconf 91' lang='lat' dir='ltr'><strong>ubi</strong></span> <span class='ocrx_word' id='word_1_415' title='bbox 3211 2423 3330 2492; x_wconf 86' lang='lat' dir='ltr'><strong>quis</strong></span> <span class='ocrx_word' id='word_1_416' title='bbox 3354 2438 3584 2491; x_wconf 81' lang='lat' dir='ltr'><strong>congre-</strong></span> 
     </span>
    </p>
   </div>
   <div class='ocr_carea' id='block_1_54' title="bbox 2002 2514 3584 2585">
    <p class='ocr_par' dir='ltr' id='par_1_54' title="bbox 2002 2514 3584 2585">
     <span class='ocr_line' id='line_1_55' title="bbox 2002 2514 3584 2585; baseline 0.001 -19"><span class='ocrx_word' id='word_1_417' title='bbox 2002 2514 2218 2583; x_wconf 84' lang='lat' dir='ltr'><strong>gatione</strong></span> <span class='ocrx_word' id='word_1_418' title='bbox 2240 2514 2419 2568; x_wconf 88' lang='lat' dir='ltr'><strong>habita</strong></span> <span class='ocrx_word' id='word_1_419' title='bbox 2446 2515 2629 2569; x_wconf 88' lang='lat' dir='ltr'><strong>stratis</strong></span> <span class='ocrx_word' id='word_1_420' title='bbox 2647 2515 2908 2569; x_wconf 85' lang='lat' dir='ltr'><strong>vehiculis</strong></span> <span class='ocrx_word' id='word_1_421' title='bbox 2929 2525 3188 2585; x_wconf 85' lang='lat' dir='ltr'><strong>apparatu</strong></span> <span class='ocrx_word' id='word_1_422' title='bbox 3210 2516 3469 2583; x_wconf 87' lang='lat' dir='ltr'><strong>disposito</strong></span> <span class='ocrx_word' id='word_1_423' title='bbox 3491 2530 3584 2584; x_wconf 89' lang='lat' dir='ltr'><strong>per</strong></span> 
     </span>
    </p>
   </div>
   <div class='ocr_carea' id='block_1_55' title="bbox 2001 2603 3583 2674">
    <p class='ocr_par' dir='ltr' id='par_1_55' title="bbox 2001 2603 3583 2674">
     <span class='ocr_line' id='line_1_56' title="bbox 2001 2603 3583 2674; baseline 0 -16"><span class='ocrx_word' id='word_1_424' title='bbox 2001 2619 2251 2674; x_wconf 76' lang='lat' dir='ltr'><strong>aggerem</strong></span> <span class='ocrx_word' id='word_1_425' title='bbox 2305 2605 2573 2674; x_wconf 88' lang='lat' dir='ltr'><strong>publicum</strong></span> <span class='ocrx_word' id='word_1_426' title='bbox 2604 2606 2890 2673; x_wconf 86' lang='lat' dir='ltr'><strong>egreditur,</strong></span> <span class='ocrx_word' id='word_1_427' title='bbox 2942 2606 3048 2660; x_wconf 90' lang='lat' dir='ltr'><strong>illic</strong></span> <span class='ocrx_word' id='word_1_428' title='bbox 3073 2622 3178 2658; x_wconf 89' lang='lat' dir='ltr'><strong>non</strong></span> <span class='ocrx_word' id='word_1_429' title='bbox 3205 2605 3324 2674; x_wconf 77' lang='lat' dir='ltr'><strong>fuga</strong></span> <span class='ocrx_word' id='word_1_430' title='bbox 3361 2603 3583 2659; x_wconf 88' lang='lat' dir='ltr'><strong>dicenda</strong></span> 
     </span>
    </p>
   </div>
   <div class='ocr_carea' id='block_1_56' title="bbox 2004 2694 3584 2764">
    <p class='ocr_par' dir='ltr' id='par_1_56' title="bbox 2004 2694 3584 2764">
     <span class='ocr_line' id='line_1_57' title="bbox 2004 2694 3584 2764; baseline 0 -16"><span class='ocrx_word' id='word_1_431' title='bbox 2004 2701 2104 2759; x_wconf 90' lang='lat' dir='ltr'><strong>est,</strong></span> <span class='ocrx_word' id='word_1_432' title='bbox 2136 2694 2230 2749; x_wconf 89' lang='lat' dir='ltr'><strong>sed</strong></span> <span class='ocrx_word' id='word_1_433' title='bbox 2258 2694 2530 2764; x_wconf 83' lang='lat' dir='ltr'><strong>profectus</strong></span> <span class='ocrx_word' id='word_1_434' title='bbox 2559 2704 2661 2750; x_wconf 91' lang='lat' dir='ltr'><strong>est.</strong></span> <span class='ocrx_word' id='word_1_435' title='bbox 2692 2695 2876 2751; x_wconf 90' lang='lat' dir='ltr'><strong>Sancti</strong></span> <span class='ocrx_word' id='word_1_436' title='bbox 2906 2696 3046 2750; x_wconf 90' lang='lat' dir='ltr'><strong>enim</strong></span> <span class='ocrx_word' id='word_1_437' title='bbox 3078 2695 3176 2748; x_wconf 89' lang='lat' dir='ltr'><strong>viri</strong></span> <span class='ocrx_word' id='word_1_438' title='bbox 3200 2696 3301 2749; x_wconf 89' lang='lat' dir='ltr'><strong>hoc</strong></span> <span class='ocrx_word' id='word_1_439' title='bbox 3328 2694 3469 2748; x_wconf 83' lang='lat' dir='ltr'><strong>facto</strong></span> <span class='ocrx_word' id='word_1_440' title='bbox 3488 2710 3584 2748; x_wconf 79' lang='lat' dir='ltr'><strong>ve-</strong></span> 
     </span>
    </p>
   </div>
   <div class='ocr_carea' id='block_1_57' title="bbox 2003 2781 3582 2854">
    <p class='ocr_par' dir='ltr' id='par_1_57' title="bbox 2003 2781 3582 2854">
     <span class='ocr_line' id='line_1_58' title="bbox 2003 2781 3582 2854; baseline -0.001 -17"><span class='ocrx_word' id='word_1_441' title='bbox 2003 2783 2083 2838; x_wconf 90' lang='lat' dir='ltr'><strong>lut</strong></span> <span class='ocrx_word' id='word_1_442' title='bbox 2138 2785 2189 2839; x_wconf 92' lang='lat' dir='ltr'><strong>in</strong></span> <span class='ocrx_word' id='word_1_443' title='bbox 2236 2785 2542 2854; x_wconf 88' lang='lat' dir='ltr'><strong>triumphali</strong></span> <span class='ocrx_word' id='word_1_444' title='bbox 2589 2800 2750 2840; x_wconf 90' lang='lat' dir='ltr'><strong>curru</strong></span> <span class='ocrx_word' id='word_1_445' title='bbox 2794 2785 2955 2854; x_wconf 90' lang='lat' dir='ltr'><strong>positi</strong></span> <span class='ocrx_word' id='word_1_446' title='bbox 3010 2784 3472 2851; x_wconf 90' lang='lat' dir='ltr'><strong>contestabantur,</strong></span> <span class='ocrx_word' id='word_1_447' title='bbox 3501 2781 3582 2836; x_wconf 70' lang='lat' dir='ltr'><strong>df-</strong></span> 
     </span>
    </p>
   </div>
   <div class='ocr_carea' id='block_1_58' title="bbox 2001 2873 3580 2944">
    <p class='ocr_par' dir='ltr' id='par_1_58' title="bbox 2001 2873 3580 2944">
     <span class='ocr_line' id='line_1_59' title="bbox 2001 2873 3580 2944; baseline -0.002 -15"><span class='ocrx_word' id='word_1_448' title='bbox 2001 2880 2220 2929; x_wconf 85' lang='lat' dir='ltr'><strong>centes:</strong></span> <span class='ocrx_word' id='word_1_449' title='bbox 2253 2873 2394 2929; x_wconf 88' lang='lat' dir='ltr'><strong>Ecce</strong></span> <span class='ocrx_word' id='word_1_450' title='bbox 2439 2884 2771 2944; x_wconf 90' lang='lat' dir='ltr'><strong>persecutor,</strong></span> <span class='ocrx_word' id='word_1_451' title='bbox 2830 2890 2956 2930; x_wconf 89' lang='lat' dir='ltr'><strong>ecce</strong></span> <span class='ocrx_word' id='word_1_452' title='bbox 3001 2874 3406 2944; x_wconf 83' lang='lat' dir='ltr'><strong>proﬁciscimur,</strong></span> <span class='ocrx_word' id='word_1_453' title='bbox 3455 2887 3580 2927; x_wconf 85' lang='lat' dir='ltr'><strong>ecce</strong></span> 
     </span>
    </p>
   </div>
   <div class='ocr_carea' id='block_1_59' title="bbox 1984 2964 3580 3040">
    <p class='ocr_par' dir='ltr' id='par_1_59' title="bbox 1984 2964 3580 3040">
     <span class='ocr_line' id='line_1_60' title="bbox 1984 2964 3580 3040; baseline -0.003 -20"><span class='ocrx_word' id='word_1_454' title='bbox 1984 3034 1989 3040; x_wconf 29' lang='lat'><strong><em>.</em></strong></span> <span class='ocrx_word' id='word_1_455' title='bbox 2002 2965 2368 3036; x_wconf 69' lang='lat' dir='ltr'><strong>pmcedimus,</strong></span> <span class='ocrx_word' id='word_1_456' title='bbox 2391 2965 2517 3035; x_wconf 90' lang='lat' dir='ltr'><strong>quid</strong></span> <span class='ocrx_word' id='word_1_457' title='bbox 2543 2966 2780 3020; x_wconf 87' lang='lat' dir='ltr'><strong>resides?</strong></span> <span class='ocrx_word' id='word_1_458' title='bbox 2800 2965 2925 3035; x_wconf 82' lang='lat' dir='ltr'><strong>quid</strong></span> <span class='ocrx_word' id='word_1_459' title='bbox 2947 2965 3211 3020; x_wconf 89' lang='lat' dir='ltr'><strong>moraris?</strong></span> <span class='ocrx_word' id='word_1_460' title='bbox 3256 2964 3580 3031; x_wconf 86' lang='lat' dir='ltr'><strong>subsequere</strong></span> 
     </span>
    </p>
   </div>
   <div class='ocr_carea' id='block_1_60' title="bbox 2002 3053 3578 3127">
    <p class='ocr_par' dir='ltr' id='par_1_60' title="bbox 2002 3053 3578 3127">
     <span class='ocr_line' id='line_1_61' title="bbox 2002 3053 3578 3127; baseline -0.003 -15"><span class='ocrx_word' id='word_1_461' title='bbox 2002 3067 2186 3113; x_wconf 90' lang='lat' dir='ltr'><strong>nostra</strong></span> <span class='ocrx_word' id='word_1_462' title='bbox 2216 3059 2472 3127; x_wconf 87' lang='lat' dir='ltr'><strong>vestigia;</strong></span> <span class='ocrx_word' id='word_1_463' title='bbox 2500 3057 2751 3112; x_wconf 91' lang='lat' dir='ltr'><strong>nolumus</strong></span> <span class='ocrx_word' id='word_1_464' title='bbox 2781 3059 2922 3114; x_wconf 90' lang='lat' dir='ltr'><strong>enim</strong></span> <span class='ocrx_word' id='word_1_465' title='bbox 2950 3057 3118 3113; x_wconf 88' lang='lat' dir='ltr'><strong>videri</strong></span> <span class='ocrx_word' id='word_1_466' title='bbox 3164 3058 3315 3112; x_wconf 89' lang='lat' dir='ltr'><strong>inviti</strong></span> <span class='ocrx_word' id='word_1_467' title='bbox 3343 3055 3465 3110; x_wconf 91' lang='lat' dir='ltr'><strong>duci</strong></span> <span class='ocrx_word' id='word_1_468' title='bbox 3511 3053 3578 3109; x_wconf 87' lang='lat' dir='ltr'><strong>ad</strong></span> 
     </span>
    </p>
   </div>
   <div class='ocr_carea' id='block_1_61' title="bbox 2000 3145 3577 3222">
    <p class='ocr_par' dir='ltr' id='par_1_61' title="bbox 2000 3145 3577 3222">
     <span class='ocr_line' id='line_1_62' title="bbox 2000 3145 3577 3222; baseline -0.002 -18"><span class='ocrx_word' id='word_1_469' title='bbox 2000 3165 2212 3219; x_wconf 81' lang='lat' dir='ltr'><strong>pmnam</strong></span> <span class='ocrx_word' id='word_1_470' title='bbox 2246 3191 2262 3218; x_wconf 96' lang='lat'><strong>,</strong></span> <span class='ocrx_word' id='word_1_471' title='bbox 2319 3151 2411 3221; x_wconf 90' lang='lat' dir='ltr'><strong>qui</strong></span> <span class='ocrx_word' id='word_1_472' title='bbox 2475 3151 2780 3220; x_wconf 64' lang='lat' dir='ltr'><strong>praecedere</strong></span> <span class='ocrx_word' id='word_1_473' title='bbox 2839 3167 2941 3208; x_wconf 89' lang='lat' dir='ltr'><strong>nos</strong></span> <span class='ocrx_word' id='word_1_474' title='bbox 2998 3148 3312 3222; x_wconf 79' lang='lat' dir='ltr'><strong>proﬁtemur</strong></span> <span class='ocrx_word' id='word_1_475' title='bbox 3358 3148 3424 3202; x_wconf 92' lang='lat' dir='ltr'><strong>ad</strong></span> <span class='ocrx_word' id='word_1_476' title='bbox 3460 3145 3577 3216; x_wconf 83' lang='lat' dir='ltr'><strong>glo-</strong></span> 
     </span>
    </p>
   </div>
   <div class='ocr_carea' id='block_1_62' title="bbox 1997 3255 2152 3292">
    <p class='ocr_par' dir='ltr' id='par_1_62' title="bbox 1997 3255 2152 3292">
     <span class='ocr_line' id='line_1_63' title="bbox 1997 3255 2152 3292; baseline 0 0"><span class='ocrx_word' id='word_1_477' title='bbox 1997 3255 2152 3292; x_wconf 84' lang='lat' dir='ltr'><strong>nam.</strong></span> 
     </span>
    </p>
   </div>
   <div class='ocr_carea' id='block_1_63' title="bbox 1625 3387 2252 3455">
    <p class='ocr_par' dir='ltr' id='par_1_63' title="bbox 1625 3387 2252 3455">
     <span class='ocr_line' id='line_1_64' title="bbox 1625 3387 2252 3455; baseline 0.011 -7"><span class='ocrx_word' id='word_1_478' title='bbox 1625 3387 1892 3453; x_wconf 80' lang='lat' dir='ltr'><strong>SERMO</strong></span> <span class='ocrx_word' id='word_1_479' title='bbox 1935 3395 2252 3455; x_wconf 78' lang='lat' dir='ltr'><strong>LXXXV.</strong></span> 
     </span>
    </p>
   </div>
   <div class='ocr_carea' id='block_1_64' title="bbox 1405 3505 2484 3588">
    <p class='ocr_par' dir='ltr' id='par_1_64' title="bbox 1405 3505 2484 3588">
     <span class='ocr_line' id='line_1_65' title="bbox 1405 3505 2484 3588; baseline 0.009 -27"><span class='ocrx_word' id='word_1_480' title='bbox 1405 3505 1473 3562; x_wconf 85' lang='lat' dir='ltr'><strong>In</strong></span> <span class='ocrx_word' id='word_1_481' title='bbox 1511 3511 1676 3564; x_wconf 81' lang='lat' dir='ltr'><strong>natali</strong></span> <span class='ocrx_word' id='word_1_482' title='bbox 1704 3511 1765 3566; x_wconf 84' lang='lat' dir='ltr'><strong>S.</strong></span> <span class='ocrx_word' id='word_1_483' title='bbox 1800 3511 2051 3583; x_wconf 82' lang='lat' dir='ltr'><strong>Stephani</strong></span> <span class='ocrx_word' id='word_1_484' title='bbox 2072 3517 2484 3588; x_wconf 80' lang='lat' dir='ltr'><strong>protomartyris.</strong></span> 
     </span>
    </p>
   </div>
   <div class='ocr_carea' id='block_1_65' title="bbox 1738 3617 2128 3680">
    <p class='ocr_par' dir='ltr' id='par_1_65' title="bbox 1738 3617 2128 3680">
     <span class='ocr_line' id='line_1_66' title="bbox 1738 3617 2128 3680; baseline 0.013 -5"><span class='ocrx_word' id='word_1_485' title='bbox 1738 3617 2128 3680; x_wconf 77' lang='lat' dir='ltr'><strong>ADMONITIO.</strong></span> 
     </span>
    </p>
   </div>
   <div class='ocr_carea' id='block_1_66' title="bbox 376 3748 3569 3834">
    <p class='ocr_par' dir='ltr' id='par_1_66' title="bbox 376 3748 3569 3834">
     <span class='ocr_line' id='line_1_67' title="bbox 376 3748 3569 3834; baseline 0.001 -16"><span class='ocrx_word' id='word_1_486' title='bbox 376 3748 955 3834; x_wconf 53' lang='grc' dir='ltr'><strong>ΒΙΊηΝυηοῬῖίἮιιῐη</strong></span> <span class='ocrx_word' id='word_1_487' title='bbox 984 3753 1035 3834; x_wconf 64' lang='grc' dir='ltr'><strong>εξ]</strong></span> <span class='ocrx_word' id='word_1_488' title='bbox 1069 3753 1241 3834; x_wconf 56' lang='grc' dir='ltr'><strong>ἔας-ϐψ</strong></span> <span class='ocrx_word' id='word_1_489' title='bbox 1273 3755 1614 3834; x_wconf 67' lang='lat' dir='ltr'><strong>producimus</strong></span> <span class='ocrx_word' id='word_1_490' title='bbox 1637 3755 1777 3808; x_wconf 89' lang='lat' dir='ltr'><strong>hunc</strong></span> <span class='ocrx_word' id='word_1_491' title='bbox 1792 3770 2114 3834; x_wconf 66' lang='lat' dir='ltr'><strong>sermonem,</strong></span> <span class='ocrx_word' id='word_1_492' title='bbox 2139 3774 2298 3834; x_wconf 85' lang='lat' dir='ltr'><strong>quem</strong></span> <span class='ocrx_word' id='word_1_493' title='bbox 2325 3779 2390 3817; x_wconf 82' lang='lat' dir='ltr'><strong>ex</strong></span> <span class='ocrx_word' id='word_1_494' title='bbox 2416 3763 2603 3819; x_wconf 90' lang='lat' dir='ltr'><strong>codice</strong></span> <span class='ocrx_word' id='word_1_495' title='bbox 2632 3773 2940 3834; x_wconf 84' lang='lat' dir='ltr'><strong>pervetusto</strong></span> <span class='ocrx_word' id='word_1_496' title='bbox 2963 3766 3298 3820; x_wconf 72' lang='lat' dir='ltr'><strong>bibliotheem</strong></span> <span class='ocrx_word' id='word_1_497' title='bbox 3327 3765 3569 3821; x_wconf 81' lang='lat' dir='ltr'><strong>cmineu-</strong></span> 
     </span>
    </p>
   </div>
   <div class='ocr_carea' id='block_1_67' title="bbox 311 3819 3568 3901">
    <p class='ocr_par' dir='ltr' id='par_1_67' title="bbox 311 3819 3568 3901">
     <span class='ocr_line' id='line_1_68' title="bbox 311 3819 3568 3901; baseline 0.006 -30"><span class='ocrx_word' id='word_1_498' title='bbox 311 3820 509 3901; x_wconf 71' lang='lat' dir='ltr'><strong>tissimi</strong></span> <span class='ocrx_word' id='word_1_499' title='bbox 531 3819 800 3901; x_wconf 61' lang='grc' dir='ltr'><strong>ταξιρίέεί</strong></span> <span class='ocrx_word' id='word_1_500' title='bbox 821 3820 1031 3901; x_wconf 55' lang='grc' dir='ltr'><strong>ξεινθτὶἰ</strong></span> <span class='ocrx_word' id='word_1_501' title='bbox 1053 3823 1118 3876; x_wconf 90' lang='lat' dir='ltr'><strong>de</strong></span> <span class='ocrx_word' id='word_1_502' title='bbox 1138 3819 1330 3901; x_wconf 83' lang='lat' dir='ltr'><strong>Zelada</strong></span> <span class='ocrx_word' id='word_1_503' title='bbox 1355 3824 1964 3901; x_wconf 60' lang='lat' dir='ltr'><strong>exscripsimus.ipsum</strong></span> <span class='ocrx_word' id='word_1_504' title='bbox 1981 3828 2037 3880; x_wconf 92' lang='lat' dir='ltr'><strong>S.</strong></span> <span class='ocrx_word' id='word_1_505' title='bbox 2057 3819 2269 3884; x_wconf 65' lang='lat' dir='ltr'><strong>Maiimi</strong></span> <span class='ocrx_word' id='word_1_506' title='bbox 2284 3849 2477 3888; x_wconf 88' lang='lat' dir='ltr'><strong>nomen</strong></span> <span class='ocrx_word' id='word_1_507' title='bbox 2509 3835 2559 3888; x_wconf 91' lang='lat' dir='ltr'><strong>in</strong></span> <span class='ocrx_word' id='word_1_508' title='bbox 2583 3819 2757 3890; x_wconf 73' lang='lat' dir='ltr'><strong>fronte</strong></span> <span class='ocrx_word' id='word_1_509' title='bbox 2771 3819 2906 3892; x_wconf 82' lang='lat' dir='ltr'><strong>defe:</strong></span> <span class='ocrx_word' id='word_1_510' title='bbox 2921 3819 3568 3901; x_wconf 10' lang='lat' dir='ltr'><strong>t,ruecsubestdubitandi</strong></span> 
     </span>
    </p>
   </div>
   <div class='ocr_carea' id='block_1_68' title="bbox 299 3889 3566 3976">
    <p class='ocr_par' dir='ltr' id='par_1_68' title="bbox 299 3889 3566 3976">
     <span class='ocr_line' id='line_1_69' title="bbox 299 3889 3566 3976; baseline 0.005 -33"><span class='ocrx_word' id='word_1_511' title='bbox 299 3889 461 3976; x_wconf 66' lang='lat' dir='ltr'><strong>locus</strong></span> <span class='ocrx_word' id='word_1_512' title='bbox 480 3891 606 3958; x_wconf 87' lang='lat' dir='ltr'><strong>quin</strong></span> <span class='ocrx_word' id='word_1_513' title='bbox 632 3890 774 3945; x_wconf 91' lang='lat' dir='ltr'><strong>idem</strong></span> <span class='ocrx_word' id='word_1_514' title='bbox 791 3891 918 3972; x_wconf 73' lang='lat' dir='ltr'><strong>ejus</strong></span> <span class='ocrx_word' id='word_1_515' title='bbox 959 3905 1148 3948; x_wconf 84' lang='lat' dir='ltr'><strong>auctor</strong></span> <span class='ocrx_word' id='word_1_516' title='bbox 1186 3889 1638 3976; x_wconf 37' lang='lat' dir='ltr'><strong>e_xstiter_i.t,ncum</strong></span> <span class='ocrx_word' id='word_1_517' title='bbox 1682 3895 1781 3976; x_wconf 83' lang='lat' dir='ltr'><strong>ipsi</strong></span> <span class='ocrx_word' id='word_1_518' title='bbox 1815 3889 2028 3976; x_wconf 72' lang='lat' dir='ltr'><strong>annexa</strong></span> <span class='ocrx_word' id='word_1_519' title='bbox 2074 3901 2375 3976; x_wconf 77' lang='lat' dir='ltr'><strong>reperiatur</strong></span> <span class='ocrx_word' id='word_1_520' title='bbox 2403 3903 2620 3976; x_wconf 82' lang='lat' dir='ltr'><strong>humilia</strong></span> <span class='ocrx_word' id='word_1_521' title='bbox 2642 3889 2700 3960; x_wconf 89' lang='lat' dir='ltr'><strong>in</strong></span> <span class='ocrx_word' id='word_1_522' title='bbox 2743 3889 2907 3960; x_wconf 77' lang='lat' dir='ltr'><strong>natali</strong></span> <span class='ocrx_word' id='word_1_523' title='bbox 2932 3889 3181 3974; x_wconf 73' lang='lat' dir='ltr'><strong>ejusdem</strong></span> <span class='ocrx_word' id='word_1_524' title='bbox 3217 3889 3274 3959; x_wconf 79' lang='lat' dir='ltr'><strong>S.</strong></span> <span class='ocrx_word' id='word_1_525' title='bbox 3308 3889 3566 3976; x_wconf 82' lang='lat' dir='ltr'><strong>Stephani</strong></span> 
     </span>
    </p>
   </div>
   <div class='ocr_carea' id='block_1_69' title="bbox 298 3958 3568 4047">
    <p class='ocr_par' dir='ltr' id='par_1_69' title="bbox 298 3958 3568 4047">
     <span class='ocr_line' id='line_1_70' title="bbox 298 3958 3568 4047; baseline 0.006 -36"><span class='ocrx_word' id='word_1_526' title='bbox 298 3958 480 4040; x_wconf 70' lang='lat' dir='ltr'><strong>leviue</strong></span> <span class='ocrx_word' id='word_1_527' title='bbox 509 3970 563 4013; x_wconf 86' lang='lat' dir='ltr'><strong>et</strong></span> <span class='ocrx_word' id='word_1_528' title='bbox 586 3958 855 4047; x_wconf 53' lang='lat' dir='ltr'><strong>tuartyris‘,</strong></span> <span class='ocrx_word' id='word_1_529' title='bbox 883 3978 1042 4047; x_wconf 76' lang='lat' dir='ltr'><strong>quam</strong></span> <span class='ocrx_word' id='word_1_530' title='bbox 1085 3978 1190 4045; x_wconf 41' lang='lat' dir='ltr'><strong>suo.</strong></span> <span class='ocrx_word' id='word_1_531' title='bbox 1214 3964 1329 4047; x_wconf 74' lang='lat' dir='ltr'><strong>loco</strong></span> <span class='ocrx_word' id='word_1_532' title='bbox 1359 3958 1640 4018; x_wconf 84' lang='lat' dir='ltr'><strong>edidimus.</strong></span> <span class='ocrx_word' id='word_1_533' title='bbox 1687 3958 1804 4047; x_wconf 59' lang='lat' dir='ltr'><strong>{am</strong></span> <span class='ocrx_word' id='word_1_534' title='bbox 1842 3965 2076 4047; x_wconf 81' lang='lat' dir='ltr'><strong>diximus</strong></span> <span class='ocrx_word' id='word_1_535' title='bbox 2115 3958 2254 4026; x_wconf 69' lang='lat' dir='ltr'><strong>hanc</strong></span> <span class='ocrx_word' id='word_1_536' title='bbox 2299 3971 2459 4047; x_wconf 81' lang='lat' dir='ltr'><strong>fuisse</strong></span> <span class='ocrx_word' id='word_1_537' title='bbox 2486 3958 3310 4047; x_wconf 69' lang='lat' dir='ltr'><strong>inferioriszeviamanuensium</strong></span> <span class='ocrx_word' id='word_1_538' title='bbox 3346 3958 3568 4047; x_wconf 48' lang='lat' dir='ltr'><strong>im‘peri-</strong></span> 
     </span>
    </p>
   </div>
   <div class='ocr_carea' id='block_1_70' title="bbox 298 4029 3154 4111">
    <p class='ocr_par' dir='ltr' id='par_1_70' title="bbox 298 4029 3154 4111">
     <span class='ocr_line' id='line_1_71' title="bbox 298 4029 3154 4111; baseline 0.006 -29"><span class='ocrx_word' id='word_1_539' title='bbox 298 4029 467 4096; x_wconf 87' lang='lat' dir='ltr'><strong>tiam,</strong></span> <span class='ocrx_word' id='word_1_540' title='bbox 497 4037 556 4083; x_wconf 87' lang='lat' dir='ltr'><strong>ut</strong></span> <span class='ocrx_word' id='word_1_541' title='bbox 585 4030 667 4084; x_wconf 88' lang='lat' dir='ltr'><strong>vel</strong></span> <span class='ocrx_word' id='word_1_542' title='bbox 693 4029 759 4085; x_wconf 67' lang='lat' dir='ltr'><strong>ei:</strong></span> <span class='ocrx_word' id='word_1_543' title='bbox 787 4029 1027 4101; x_wconf 84' lang='lat' dir='ltr'><strong>pluribus</strong></span> <span class='ocrx_word' id='word_1_544' title='bbox 1055 4033 1388 4088; x_wconf 88' lang='lat' dir='ltr'><strong>orationibus</strong></span> <span class='ocrx_word' id='word_1_545' title='bbox 1413 4051 1570 4089; x_wconf 86' lang='lat' dir='ltr'><strong>unam</strong></span> <span class='ocrx_word' id='word_1_546' title='bbox 1601 4033 1950 4098; x_wconf 87' lang='lat' dir='ltr'><strong>confecerint,</strong></span> <span class='ocrx_word' id='word_1_547' title='bbox 1981 4038 2068 4092; x_wconf 91' lang='lat' dir='ltr'><strong>vel</strong></span> <span class='ocrx_word' id='word_1_548' title='bbox 2097 4055 2255 4094; x_wconf 90' lang='lat' dir='ltr'><strong>unam</strong></span> <span class='ocrx_word' id='word_1_549' title='bbox 2284 4042 2467 4111; x_wconf 90' lang='lat' dir='ltr'><strong>plures</strong></span> <span class='ocrx_word' id='word_1_550' title='bbox 2489 4044 2541 4098; x_wconf 92' lang='lat' dir='ltr'><strong>in</strong></span> <span class='ocrx_word' id='word_1_551' title='bbox 2571 4029 3154 4102; x_wconf 76' lang='lat' dir='ltr'><strong>lectionesdiviserint.</strong></span> 
     </span>
    </p>
   </div>
   <div class='ocr_carea' id='block_1_71' title="bbox 296 4202 3566 4284">
    <p class='ocr_par' dir='ltr' id='par_1_71' title="bbox 296 4202 3566 4284">
     <span class='ocr_line' id='line_1_72' title="bbox 296 4202 3566 4284; baseline 0.004 -23"><span class='ocrx_word' id='word_1_552' title='bbox 296 4206 816 4284; x_wconf 70' lang='lat' dir='ltr'><strong>Anouueuruu._—</strong></span> <span class='ocrx_word' id='word_1_553' title='bbox 857 4203 1012 4284; x_wconf 58' lang='grc' dir='ltr'><strong>ρετινηὶ</strong></span> <span class='ocrx_word' id='word_1_554' title='bbox 1066 4202 1322 4284; x_wconf 55' lang='grc' dir='ltr'><strong>Εείᾲεεςὶιξξ¹</strong></span> <span class='ocrx_word' id='word_1_555' title='bbox 1358 4203 1535 4284; x_wconf 62' lang='lat' dir='ltr'><strong>beatus</strong></span> <span class='ocrx_word' id='word_1_556' title='bbox 1581 4202 1955 4284; x_wconf 59' lang='lat' dir='ltr'><strong>StephanusC</strong></span> <span class='ocrx_word' id='word_1_557' title='bbox 1986 4205 2144 4264; x_wconf 90' lang='lat' dir='ltr'><strong>levita</strong></span> <span class='ocrx_word' id='word_1_558' title='bbox 2175 4213 2419 4283; x_wconf 90' lang='lat' dir='ltr'><strong>martyrii</strong></span> <span class='ocrx_word' id='word_1_559' title='bbox 2450 4212 2647 4267; x_wconf 90' lang='lat' dir='ltr'><strong>meruit</strong></span> <span class='ocrx_word' id='word_1_560' title='bbox 2687 4213 3066 4283; x_wconf 89' lang='lat' dir='ltr'><strong>principatum.</strong></span> <span class='ocrx_word' id='word_1_561' title='bbox 3108 4215 3165 4269; x_wconf 87' lang='lat' dir='ltr'><strong>In</strong></span> <span class='ocrx_word' id='word_1_562' title='bbox 3196 4217 3352 4284; x_wconf 90' lang='lat' dir='ltr'><strong>plebe</strong></span> <span class='ocrx_word' id='word_1_563' title='bbox 3391 4219 3566 4274; x_wconf 84' lang='lat' dir='ltr'><strong>adhuc</strong></span> 
     </span>
    </p>
   </div>
   <div class='ocr_carea' id='block_1_72' title="bbox 368 4273 3564 4415">
    <p class='ocr_par' dir='ltr' id='par_1_72' title="bbox 368 4273 3564 4415">
     <span class='ocr_line' id='line_1_73' title="bbox 368 4273 3564 4415; baseline 0.001 -53"><span class='ocrx_word' id='word_1_564' title='bbox 368 4273 1889 4415; x_wconf 41' lang='lat' dir='ltr'><strong>m‘i‘ezegozzgecgnzémﬁi&quot;ﬁstiii‘agrziﬁzﬁﬁgﬁ</strong></span> <span class='ocrx_word' id='word_1_565' title='bbox 1990 4307 2197 4376; x_wconf 88' lang='lat' dir='ltr'><strong>positus</strong></span> <span class='ocrx_word' id='word_1_566' title='bbox 2236 4273 2370 4370; x_wconf 70' lang='lat' dir='ltr'><strong>erat,</strong></span> <span class='ocrx_word' id='word_1_567' title='bbox 2426 4307 2522 4362; x_wconf 87' lang='lat' dir='ltr'><strong>sed</strong></span> <span class='ocrx_word' id='word_1_568' title='bbox 2566 4315 2672 4360; x_wconf 89' lang='lat' dir='ltr'><strong>tam</strong></span> <span class='ocrx_word' id='word_1_569' title='bbox 2703 4307 2990 4364; x_wconf 88' lang='lat' dir='ltr'><strong>virtutibus</strong></span> <span class='ocrx_word' id='word_1_570' title='bbox 3038 4309 3336 4376; x_wconf 86' lang='lat' dir='ltr'><strong>eminebat;</strong></span> <span class='ocrx_word' id='word_1_571' title='bbox 3377 4311 3564 4364; x_wconf 85' lang='lat' dir='ltr'><strong>humili</strong></span> 
     </span>
     <span class='ocr_line' id='line_1_74' title="bbox 891 4384 3447 4415; baseline 0 0"><span class='ocrx_word' id='word_1_572' title='bbox 891 4384 910 4410; x_wconf 63' lang='grc'><strong>9</strong></span> <span class='ocrx_word' id='word_1_573' title='bbox 2005 4413 2011 4415; x_wconf 34' lang='grc' dir='ltr'><em>Α</em></span> <span class='ocrx_word' id='word_1_574' title='bbox 2061 4399 2148 4415; x_wconf 27' lang='grc' dir='ltr'><strong>..ι</strong></span> <span class='ocrx_word' id='word_1_575' title='bbox 2199 4412 2242 4415; x_wconf 24' lang='grc' dir='ltr'><strong>,ξ</strong></span> <span class='ocrx_word' id='word_1_576' title='bbox 2317 4397 2400 4415; x_wconf 24' lang='grc' dir='ltr'><strong>...ι</strong></span> <span class='ocrx_word' id='word_1_577' title='bbox 2457 4400 2523 4415; x_wconf 33' lang='grc' dir='ltr'><strong>Α.1</strong></span> <span class='ocrx_word' id='word_1_578' title='bbox 2662 4398 2754 4415; x_wconf 28' lang='grc' dir='ltr'><strong>ιρι-</strong></span> <span class='ocrx_word' id='word_1_579' title='bbox 2853 4400 2885 4415; x_wconf 81' lang='grc' dir='ltr'><strong>ι·</strong></span> <span class='ocrx_word' id='word_1_580' title='bbox 2935 4404 2962 4415; x_wconf 35' lang='grc' dir='ltr'><strong>νη</strong></span> <span class='ocrx_word' id='word_1_581' title='bbox 3042 4399 3056 4415; x_wconf 83' lang='grc' dir='ltr'>ι</span> <span class='ocrx_word' id='word_1_582' title='bbox 3257 4406 3280 4415; x_wconf 84' lang='grc'><strong>--</strong></span> <span class='ocrx_word' id='word_1_583' title='bbox 3414 4402 3447 4415; x_wconf 79' lang='grc' dir='ltr'><strong>ι.</strong></span> 
     </span>
    </p>
   </div>
   <div class='ocr_carea' id='block_1_73' title="bbox 891 4384 910 4410">
    <p class='ocr_par' dir='ltr' id='par_1_73' title="bbox 891 4384 910 4410">
     <span class='ocr_line' id='line_1_75' title="bbox 891 4384 910 4410; baseline 0 0"><span class='ocrx_word' id='word_1_584' title='bbox 891 4384 910 4410; x_wconf 65' lang='grc' dir='ltr'>ἲ</span> 
     </span>
    </p>
   </div>
   <div class='ocr_carea' id='block_1_74' title="bbox 367 4427 567 4489">
    <p class='ocr_par' dir='ltr' id='par_1_74' title="bbox 367 4427 567 4489">
     <span class='ocr_line' id='line_1_76' title="bbox 367 4427 567 4489; baseline 0.02 -21"><span class='ocrx_word' id='word_1_585' title='bbox 367 4427 567 4489; x_wconf 68' lang='lat' dir='ltr'><strong>parum.</strong></span> 
     </span>
    </p>
   </div>
   <div class='ocr_carea' id='block_1_75' title="bbox 369 4567 1881 4628">
    <p class='ocr_par' dir='ltr' id='par_1_75' title="bbox 369 4567 1881 4628">
     <span class='ocr_line' id='line_1_77' title="bbox 369 4567 1881 4628; baseline -0.002 1"><span class='ocrx_word' id='word_1_586' title='bbox 369 4573 638 4628; x_wconf 78' lang='lat' dir='ltr'><strong>Hesterno</strong></span> <span class='ocrx_word' id='word_1_587' title='bbox 659 4571 744 4626; x_wconf 90' lang='lat' dir='ltr'><strong>die</strong></span> <span class='ocrx_word' id='word_1_588' title='bbox 771 4571 1006 4625; x_wconf 87' lang='lat' dir='ltr'><strong>natalem</strong></span> <span class='ocrx_word' id='word_1_589' title='bbox 1029 4569 1313 4624; x_wconf 86' lang='lat' dir='ltr'><strong>habuimus</strong></span> <span class='ocrx_word' id='word_1_590' title='bbox 1331 4567 1543 4623; x_wconf 90' lang='lat' dir='ltr'><strong>Domini</strong></span> <span class='ocrx_word' id='word_1_591' title='bbox 1563 4569 1881 4628; x_wconf 73' lang='lat' dir='ltr'><strong>Salvator-is.</strong></span> 
     </span>
    </p>
   </div>
   <div class='ocr_carea' id='block_1_76' title="bbox 294 4660 1884 4733">
    <p class='ocr_par' dir='ltr' id='par_1_76' title="bbox 294 4660 1884 4733">
     <span class='ocr_line' id='line_1_78' title="bbox 294 4660 1884 4733; baseline -0.002 -12"><span class='ocrx_word' id='word_1_592' title='bbox 294 4665 475 4721; x_wconf 83' lang='lat' dir='ltr'><strong>Hodie</strong></span> <span class='ocrx_word' id='word_1_593' title='bbox 502 4669 723 4719; x_wconf 70' lang='lat' dir='ltr'><strong>summm</strong></span> <span class='ocrx_word' id='word_1_594' title='bbox 749 4662 1054 4719; x_wconf 90' lang='lat' dir='ltr'><strong>devotionis</strong></span> <span class='ocrx_word' id='word_1_595' title='bbox 1072 4676 1390 4716; x_wconf 87' lang='lat' dir='ltr'><strong>veneramur</strong></span> <span class='ocrx_word' id='word_1_596' title='bbox 1409 4660 1464 4733; x_wconf 85' lang='lat' dir='ltr'><strong>S_.</strong></span> <span class='ocrx_word' id='word_1_597' title='bbox 1493 4664 1742 4733; x_wconf 87' lang='lat' dir='ltr'><strong>martyris</strong></span> <span class='ocrx_word' id='word_1_598' title='bbox 1762 4664 1884 4719; x_wconf 89' lang='lat' dir='ltr'><strong>Ste-</strong></span> 
     </span>
    </p>
   </div>
   <div class='ocr_carea' id='block_1_77' title="bbox 292 4751 1877 4828">
    <p class='ocr_par' dir='ltr' id='par_1_77' title="bbox 292 4751 1877 4828">
     <span class='ocr_line' id='line_1_79' title="bbox 292 4751 1877 4828; baseline -0.003 -18"><span class='ocrx_word' id='word_1_599' title='bbox 292 4758 458 4828; x_wconf 85' lang='lat' dir='ltr'><strong>phani</strong></span> <span class='ocrx_word' id='word_1_600' title='bbox 488 4756 815 4825; x_wconf 86' lang='lat' dir='ltr'><strong>passionem.</strong></span> <span class='ocrx_word' id='word_1_601' title='bbox 845 4751 1130 4818; x_wconf 87' lang='lat' dir='ltr'><strong>Hesterno,</strong></span> <span class='ocrx_word' id='word_1_602' title='bbox 1162 4766 1271 4820; x_wconf 90' lang='lat' dir='ltr'><strong>quo</strong></span> <span class='ocrx_word' id='word_1_603' title='bbox 1309 4751 1620 4806; x_wconf 88' lang='lat' dir='ltr'><strong>redimimur</strong></span> <span class='ocrx_word' id='word_1_604' title='bbox 1648 4752 1714 4805; x_wconf 88' lang='lat' dir='ltr'><strong>ad</strong></span> <span class='ocrx_word' id='word_1_605' title='bbox 1736 4769 1877 4821; x_wconf 75' lang='lat' dir='ltr'><strong>pne-</strong></span> 
     </span>
    </p>
   </div>
   <div class='ocr_carea' id='block_1_78' title="bbox 291 4842 1872 4914">
    <p class='ocr_par' dir='ltr' id='par_1_78' title="bbox 291 4842 1872 4914">
     <span class='ocr_line' id='line_1_80' title="bbox 291 4842 1872 4914; baseline -0.004 -12"><span class='ocrx_word' id='word_1_606' title='bbox 291 4848 496 4913; x_wconf 87' lang='lat' dir='ltr'><strong>mium;</strong></span> <span class='ocrx_word' id='word_1_607' title='bbox 544 4847 846 4908; x_wconf 89' lang='lat' dir='ltr'><strong>hodierno,</strong></span> <span class='ocrx_word' id='word_1_608' title='bbox 892 4859 998 4914; x_wconf 89' lang='lat' dir='ltr'><strong>quo</strong></span> <span class='ocrx_word' id='word_1_609' title='bbox 1044 4857 1403 4913; x_wconf 87' lang='lat' dir='ltr'><strong>provocamur</strong></span> <span class='ocrx_word' id='word_1_610' title='bbox 1429 4842 1496 4896; x_wconf 88' lang='lat' dir='ltr'><strong>ad</strong></span> <span class='ocrx_word' id='word_1_611' title='bbox 1548 4843 1872 4911; x_wconf 82' lang='lat' dir='ltr'><strong>exemplum.</strong></span> 
     </span>
    </p>
   </div>
   <div class='ocr_carea' id='block_1_79' title="bbox 291 4932 1877 5007">
    <p class='ocr_par' dir='ltr' id='par_1_79' title="bbox 291 4932 1877 5007">
     <span class='ocr_line' id='line_1_81' title="bbox 291 4932 1877 5007; baseline -0.003 -14"><span class='ocrx_word' id='word_1_612' title='bbox 291 4937 444 4993; x_wconf 87' lang='lat' dir='ltr'><strong>Bene</strong></span> <span class='ocrx_word' id='word_1_613' title='bbox 469 4952 598 5007; x_wconf 88' lang='lat' dir='ltr'><strong>ergo</strong></span> <span class='ocrx_word' id='word_1_614' title='bbox 621 4937 885 4992; x_wconf 58' lang='lat' dir='ltr'><strong>hesternae</strong></span> <span class='ocrx_word' id='word_1_615' title='bbox 913 4933 1269 4990; x_wconf 87' lang='lat' dir='ltr'><strong>solemnitatis</strong></span> <span class='ocrx_word' id='word_1_616' title='bbox 1315 4932 1578 4988; x_wconf 82' lang='lat' dir='ltr'><strong>festivitas</strong></span> <span class='ocrx_word' id='word_1_617' title='bbox 1606 4933 1877 4989; x_wconf 72' lang='lat' dir='ltr'><strong>hodiernae</strong></span> 
     </span>
    </p>
   </div>
   <div class='ocr_carea' id='block_1_80' title="bbox 289 5022 1873 5092">
    <p class='ocr_par' dir='ltr' id='par_1_80' title="bbox 289 5022 1873 5092">
     <span class='ocr_line' id='line_1_82' title="bbox 289 5022 1873 5092; baseline -0.006 -7"><span class='ocrx_word' id='word_1_618' title='bbox 289 5028 541 5085; x_wconf 84' lang='lat' dir='ltr'><strong>convicta</strong></span> <span class='ocrx_word' id='word_1_619' title='bbox 580 5036 681 5092; x_wconf 92' lang='lat' dir='ltr'><strong>est,</strong></span> <span class='ocrx_word' id='word_1_620' title='bbox 713 5036 773 5081; x_wconf 89' lang='lat' dir='ltr'><strong>ut</strong></span> <span class='ocrx_word' id='word_1_621' title='bbox 820 5025 910 5080; x_wconf 90' lang='lat' dir='ltr'><strong>illa</strong></span> <span class='ocrx_word' id='word_1_622' title='bbox 957 5022 1244 5079; x_wconf 83' lang='lat' dir='ltr'><strong>credentes</strong></span> <span class='ocrx_word' id='word_1_623' title='bbox 1289 5024 1544 5078; x_wconf 87' lang='lat' dir='ltr'><strong>eveheret</strong></span> <span class='ocrx_word' id='word_1_624' title='bbox 1571 5023 1641 5078; x_wconf 90' lang='lat' dir='ltr'><strong>ad</strong></span> <span class='ocrx_word' id='word_1_625' title='bbox 1670 5023 1873 5090; x_wconf 88' lang='lat' dir='ltr'><strong>vitam;</strong></span> 
     </span>
    </p>
   </div>
   <div class='ocr_carea' id='block_1_81' title="bbox 287 5113 1879 5186">
    <p class='ocr_par' dir='ltr' id='par_1_81' title="bbox 287 5113 1879 5186">
     <span class='ocr_line' id='line_1_83' title="bbox 287 5113 1879 5186; baseline -0.004 -9"><span class='ocrx_word' id='word_1_626' title='bbox 287 5124 410 5178; x_wconf 65' lang='lat' dir='ltr'><strong>haec</strong></span> <span class='ocrx_word' id='word_1_627' title='bbox 436 5117 751 5176; x_wconf 79' lang='lat' dir='ltr'><strong>conﬁtentes</strong></span> <span class='ocrx_word' id='word_1_628' title='bbox 779 5119 1001 5173; x_wconf 90' lang='lat' dir='ltr'><strong>duceret</strong></span> <span class='ocrx_word' id='word_1_629' title='bbox 1026 5115 1095 5171; x_wconf 89' lang='lat' dir='ltr'><strong>ad</strong></span> <span class='ocrx_word' id='word_1_630' title='bbox 1119 5130 1397 5172; x_wconf 86' lang='lat' dir='ltr'><strong>coronam.</strong></span> <span class='ocrx_word' id='word_1_631' title='bbox 1435 5113 1594 5170; x_wconf 90' lang='lat' dir='ltr'><strong>Omni</strong></span> <span class='ocrx_word' id='word_1_632' title='bbox 1621 5131 1751 5186; x_wconf 84' lang='lat' dir='ltr'><strong>ergo</strong></span> <span class='ocrx_word' id='word_1_633' title='bbox 1779 5115 1879 5171; x_wconf 85' lang='lat' dir='ltr'><strong>Ec-</strong></span> 
     </span>
    </p>
   </div>
   <div class='ocr_carea' id='block_1_82' title="bbox 286 5214 1873 5286">
    <p class='ocr_par' dir='ltr' id='par_1_82' title="bbox 286 5214 1873 5286">
     <span class='ocr_line' id='line_1_84' title="bbox 286 5214 1873 5286; baseline -0.004 -10"><span class='ocrx_word' id='word_1_634' title='bbox 286 5218 469 5276; x_wconf 67' lang='lat' dir='ltr'><strong>clesiae</strong></span> <span class='ocrx_word' id='word_1_635' title='bbox 495 5217 686 5272; x_wconf 87' lang='lat' dir='ltr'><strong>beatus</strong></span> <span class='ocrx_word' id='word_1_636' title='bbox 727 5216 1032 5286; x_wconf 81' lang='lat' dir='ltr'><strong>Stephanus</strong></span> <span class='ocrx_word' id='word_1_637' title='bbox 1059 5216 1222 5286; x_wconf 77' lang='lat'><strong>618</strong></span> <span class='ocrx_word' id='word_1_638' title='bbox 1251 5214 1405 5270; x_wconf 89' lang='lat' dir='ltr'><strong>datus</strong></span> <span class='ocrx_word' id='word_1_639' title='bbox 1451 5221 1535 5269; x_wconf 90' lang='lat' dir='ltr'><strong>est</strong></span> <span class='ocrx_word' id='word_1_640' title='bbox 1576 5215 1643 5268; x_wconf 89' lang='lat' dir='ltr'><strong>ad</strong></span> <span class='ocrx_word' id='word_1_641' title='bbox 1691 5214 1873 5284; x_wconf 83' lang='lat' dir='ltr'><strong>profe-</strong></span> 
     </span>
    </p>
   </div>
   <div class='ocr_carea' id='block_1_83' title="bbox 285 5308 1872 5374">
    <p class='ocr_par' dir='ltr' id='par_1_83' title="bbox 285 5308 1872 5374">
     <span class='ocr_line' id='line_1_85' title="bbox 285 5308 1872 5374; baseline -0.002 -9"><span class='ocrx_word' id='word_1_642' title='bbox 285 5320 458 5366; x_wconf 89' lang='lat' dir='ltr'><strong>ctum.</strong></span> <span class='ocrx_word' id='word_1_643' title='bbox 485 5309 672 5365; x_wconf 78' lang='lat' dir='ltr'><strong>Adhuc</strong></span> <span class='ocrx_word' id='word_1_644' title='bbox 709 5309 876 5366; x_wconf 76' lang='lat' dir='ltr'><strong>laic‘uS</strong></span> <span class='ocrx_word' id='word_1_645' title='bbox 911 5309 1142 5364; x_wconf 87' lang='lat' dir='ltr'><strong>diaconii</strong></span> <span class='ocrx_word' id='word_1_646' title='bbox 1189 5309 1387 5364; x_wconf 89' lang='lat' dir='ltr'><strong>meruit</strong></span> <span class='ocrx_word' id='word_1_647' title='bbox 1429 5308 1772 5374; x_wconf 89' lang='lat' dir='ltr'><strong>electionem,</strong></span> <span class='ocrx_word' id='word_1_648' title='bbox 1814 5315 1872 5365; x_wconf 90' lang='lat' dir='ltr'><strong>et</strong></span> 
     </span>
    </p>
   </div>
   <div class='ocr_carea' id='block_1_84' title="bbox 359 5528 1864 5617">
    <p class='ocr_par' dir='ltr' id='par_1_84' title="bbox 359 5528 1864 5617">
     <span class='ocr_line' id='line_1_86' title="bbox 359 5528 1864 5617; baseline -0.003 -27"><span class='ocrx_word' id='word_1_649' title='bbox 359 5531 494 5617; x_wconf 53' lang='lat' dir='ltr'><strong>{Ita</strong></span> <span class='ocrx_word' id='word_1_650' title='bbox 546 5533 796 5617; x_wconf 60' lang='lat' dir='ltr'><strong>supplent</strong></span> <span class='ocrx_word' id='word_1_651' title='bbox 822 5534 954 5617; x_wconf 80' lang='lat' dir='ltr'><strong>citt._</strong></span> <span class='ocrx_word' id='word_1_652' title='bbox 969 5533 1128 5589; x_wconf 86' lang='lat' dir='ltr'><strong>codd.</strong></span> <span class='ocrx_word' id='word_1_653' title='bbox 1179 5532 1236 5588; x_wconf 80' lang='lat' dir='ltr'><strong>S.</strong></span> <span class='ocrx_word' id='word_1_654' title='bbox 1267 5529 1454 5587; x_wconf 86' lang='lat' dir='ltr'><strong>Crucis</strong></span> <span class='ocrx_word' id='word_1_655' title='bbox 1499 5530 1553 5586; x_wconf 91' lang='lat' dir='ltr'><strong>in</strong></span> <span class='ocrx_word' id='word_1_656' title='bbox 1578 5528 1714 5597; x_wconf 80' lang='lat' dir='ltr'><strong>Jer.,</strong></span> <span class='ocrx_word' id='word_1_657' title='bbox 1744 5539 1801 5587; x_wconf 88' lang='lat' dir='ltr'><strong>et</strong></span> <span class='ocrx_word' id='word_1_658' title='bbox 1828 5546 1864 5586; x_wconf 72' lang='grc' dir='ltr'><strong>ι</strong></span> 
     </span>
    </p>
   </div>
   <div class='ocr_carea' id='block_1_85' title="bbox 282 5602 980 5661">
    <p class='ocr_par' dir='ltr' id='par_1_85' title="bbox 282 5602 980 5661">
     <span class='ocr_line' id='line_1_87' title="bbox 282 5602 980 5661; baseline -0.001 -3"><span class='ocrx_word' id='word_1_659' title='bbox 282 5602 432 5660; x_wconf 86' lang='lat' dir='ltr'><strong>Plut.</strong></span> <span class='ocrx_word' id='word_1_660' title='bbox 453 5620 542 5661; x_wconf 69' lang='lat' dir='ltr'><strong>xxv</strong></span> <span class='ocrx_word' id='word_1_661' title='bbox 565 5602 696 5660; x_wconf 86' lang='lat' dir='ltr'><strong>bibl.</strong></span> <span class='ocrx_word' id='word_1_662' title='bbox 726 5603 980 5660; x_wconf 84' lang='lat' dir='ltr'><strong>Laurent.</strong></span> 
     </span>
    </p>
   </div>
   <div class='ocr_carea' id='block_1_86' title="bbox 360 5665 1869 5740">
    <p class='ocr_par' dir='ltr' id='par_1_86' title="bbox 360 5665 1869 5740">
     <span class='ocr_line' id='line_1_88' title="bbox 360 5665 1869 5740; baseline -0.001 -11"><span class='ocrx_word' id='word_1_663' title='bbox 360 5675 386 5713; x_wconf 74' lang='grc' dir='ltr'>δ</span> <span class='ocrx_word' id='word_1_664' title='bbox 415 5673 558 5730; x_wconf 86' lang='lat' dir='ltr'><strong>Idem</strong></span> <span class='ocrx_word' id='word_1_665' title='bbox 605 5671 727 5733; x_wconf 82' lang='lat' dir='ltr'><strong>eod.</strong></span> <span class='ocrx_word' id='word_1_666' title='bbox 774 5689 808 5731; x_wconf 76' lang='grc' dir='ltr'><strong><em>ι</em></strong></span> <span class='ocrx_word' id='word_1_667' title='bbox 857 5665 1134 5740; x_wconf 79' lang='lat' dir='ltr'><strong>Laurent.,</strong></span> <span class='ocrx_word' id='word_1_668' title='bbox 1171 5671 1497 5727; x_wconf 81' lang='lat' dir='ltr'><strong>Unanimiter</strong></span> <span class='ocrx_word' id='word_1_669' title='bbox 1523 5672 1659 5726; x_wconf 77' lang='lat' dir='ltr'><strong>enim</strong></span> <span class='ocrx_word' id='word_1_670' title='bbox 1704 5673 1869 5728; x_wconf 75' lang='lat' dir='ltr'><strong>uocati</strong></span> 
     </span>
    </p>
   </div>
   <div class='ocr_carea' id='block_1_87' title="bbox 284 5753 427 5800">
    <p class='ocr_par' dir='ltr' id='par_1_87' title="bbox 284 5753 427 5800">
     <span class='ocr_line' id='line_1_89' title="bbox 284 5753 427 5800; baseline 0.021 -3"><span class='ocrx_word' id='word_1_671' title='bbox 284 5753 427 5800; x_wconf 73' lang='lat' dir='ltr'><strong>sunt.</strong></span> 
     </span>
    </p>
   </div>
   <div class='ocr_carea' id='block_1_88' title="bbox 1990 4397 3561 4470">
    <p class='ocr_par' dir='ltr' id='par_1_88' title="bbox 1990 4397 3561 4470">
     <span class='ocr_line' id='line_1_90' title="bbox 1990 4397 3561 4470; baseline 0.003 -18"><span class='ocrx_word' id='word_1_672' title='bbox 1990 4406 2106 4452; x_wconf 92' lang='lat' dir='ltr'><strong>crat</strong></span> <span class='ocrx_word' id='word_1_673' title='bbox 2135 4399 2276 4465; x_wconf 92' lang='lat' dir='ltr'><strong>loco,</strong></span> <span class='ocrx_word' id='word_1_674' title='bbox 2307 4397 2403 4452; x_wconf 87' lang='lat' dir='ltr'><strong>sed</strong></span> <span class='ocrx_word' id='word_1_675' title='bbox 2446 4400 2620 4454; x_wconf 89' lang='lat' dir='ltr'><strong>celsus</strong></span> <span class='ocrx_word' id='word_1_676' title='bbox 2662 4398 2797 4466; x_wconf 88' lang='lat' dir='ltr'><strong>lide;</strong></span> <span class='ocrx_word' id='word_1_677' title='bbox 2834 4399 3124 4470; x_wconf 86' lang='lat' dir='ltr'><strong>discipulus</strong></span> <span class='ocrx_word' id='word_1_678' title='bbox 3171 4406 3287 4454; x_wconf 83' lang='lat' dir='ltr'><strong>erat</strong></span> <span class='ocrx_word' id='word_1_679' title='bbox 3333 4402 3521 4457; x_wconf 91' lang='lat' dir='ltr'><strong>ordine</strong></span> <span class='ocrx_word' id='word_1_680' title='bbox 3545 4443 3561 4466; x_wconf 91' lang='lat'><strong>,</strong></span> 
     </span>
    </p>
   </div>
   <div class='ocr_carea' id='block_1_89' title="bbox 1988 4491 3562 4566">
    <p class='ocr_par' dir='ltr' id='par_1_89' title="bbox 1988 4491 3562 4566">
     <span class='ocr_line' id='line_1_91' title="bbox 1988 4491 3562 4566; baseline 0.004 -20"><span class='ocrx_word' id='word_1_681' title='bbox 1988 4492 2082 4546; x_wconf 90' lang='lat' dir='ltr'><strong>sed</strong></span> <span class='ocrx_word' id='word_1_682' title='bbox 2114 4491 2284 4548; x_wconf 84' lang='lat' dir='ltr'><strong>factus</strong></span> <span class='ocrx_word' id='word_1_683' title='bbox 2324 4503 2406 4548; x_wconf 88' lang='lat' dir='ltr'><strong>cst</strong></span> <span class='ocrx_word' id='word_1_684' title='bbox 2434 4496 2691 4563; x_wconf 90' lang='lat' dir='ltr'><strong>magister</strong></span> <span class='ocrx_word' id='word_1_685' title='bbox 2717 4496 2985 4566; x_wconf 83' lang='lat' dir='ltr'><strong>exemplo.</strong></span> <span class='ocrx_word' id='word_1_686' title='bbox 3031 4495 3298 4566; x_wconf 90' lang='lat' dir='ltr'><strong>Scriptum</strong></span> <span class='ocrx_word' id='word_1_687' title='bbox 3345 4505 3428 4552; x_wconf 90' lang='lat' dir='ltr'><strong>est</strong></span> <span class='ocrx_word' id='word_1_688' title='bbox 3474 4514 3562 4552; x_wconf 85' lang='lat' dir='ltr'><strong>au-</strong></span> 
     </span>
    </p>
   </div>
   <div class='ocr_carea' id='block_1_90' title="bbox 1987 4585 3560 4657">
    <p class='ocr_par' dir='ltr' id='par_1_90' title="bbox 1987 4585 3560 4657">
     <span class='ocr_line' id='line_1_92' title="bbox 1987 4585 3560 4657; baseline 0.003 -19"><span class='ocrx_word' id='word_1_689' title='bbox 1987 4592 2094 4638; x_wconf 88' lang='lat' dir='ltr'><strong>tem</strong></span> <span class='ocrx_word' id='word_1_690' title='bbox 2123 4585 2190 4639; x_wconf 90' lang='lat' dir='ltr'><strong>de</strong></span> <span class='ocrx_word' id='word_1_691' title='bbox 2218 4601 2284 4639; x_wconf 92' lang='lat' dir='ltr'><strong>eo</strong></span> <span class='ocrx_word' id='word_1_692' title='bbox 2315 4585 2365 4638; x_wconf 92' lang='lat' dir='ltr'><strong>in</strong></span> <span class='ocrx_word' id='word_1_693' title='bbox 2397 4585 2615 4640; x_wconf 79' lang='lat' dir='ltr'><strong>Actibus</strong></span> <span class='ocrx_word' id='word_1_694' title='bbox 2642 4587 3026 4657; x_wconf 90' lang='lat' dir='ltr'><strong>apostolorum,</strong></span> <span class='ocrx_word' id='word_1_695' title='bbox 3053 4587 3196 4657; x_wconf 90' lang='lat' dir='ltr'><strong>quod</strong></span> <span class='ocrx_word' id='word_1_696' title='bbox 3225 4588 3290 4642; x_wconf 86' lang='lat' dir='ltr'><strong>ad</strong></span> <span class='ocrx_word' id='word_1_697' title='bbox 3317 4588 3560 4642; x_wconf 91' lang='lat' dir='ltr'><strong>ministe-</strong></span> 
     </span>
    </p>
   </div>
   <div class='ocr_carea' id='block_1_91' title="bbox 1985 4673 3560 4746">
    <p class='ocr_par' dir='ltr' id='par_1_91' title="bbox 1985 4673 3560 4746">
     <span class='ocr_line' id='line_1_93' title="bbox 1985 4673 3560 4746; baseline 0.004 -19"><span class='ocrx_word' id='word_1_698' title='bbox 1985 4673 2121 4728; x_wconf 91' lang='lat' dir='ltr'><strong>rium</strong></span> <span class='ocrx_word' id='word_1_699' title='bbox 2156 4673 2433 4728; x_wconf 86' lang='lat' dir='ltr'><strong>viduarum</strong></span> <span class='ocrx_word' id='word_1_700' title='bbox 2478 4675 2547 4730; x_wconf 89' lang='lat' dir='ltr'><strong>sit</strong></span> <span class='ocrx_word' id='word_1_701' title='bbox 2593 4675 2660 4730; x_wconf 92' lang='lat' dir='ltr'><strong>ab</strong></span> <span class='ocrx_word' id='word_1_702' title='bbox 2701 4677 2958 4745; x_wconf 85' lang='lat' dir='ltr'><strong>apostolis</strong></span> <span class='ocrx_word' id='word_1_703' title='bbox 3003 4678 3305 4746; x_wconf 88' lang='lat' dir='ltr'><strong>deputatus.</strong></span> <span class='ocrx_word' id='word_1_704' title='bbox 3346 4676 3413 4730; x_wconf 84' lang='lat' dir='ltr'><strong>&#39;ln</strong></span> <span class='ocrx_word' id='word_1_705' title='bbox 3457 4677 3560 4734; x_wconf 86' lang='lat' dir='ltr'><strong>hoc</strong></span> 
     </span>
    </p>
   </div>
   <div class='ocr_carea' id='block_1_92' title="bbox 1982 4763 3558 4835">
    <p class='ocr_par' dir='ltr' id='par_1_92' title="bbox 1982 4763 3558 4835">
     <span class='ocr_line' id='line_1_94' title="bbox 1982 4763 3558 4835; baseline 0.003 -19"><span class='ocrx_word' id='word_1_706' title='bbox 1982 4771 2184 4825; x_wconf 86' lang='lat' dir='ltr'><strong>autem,</strong></span> <span class='ocrx_word' id='word_1_707' title='bbox 2218 4763 2359 4832; x_wconf 90' lang='lat' dir='ltr'><strong>quod</strong></span> <span class='ocrx_word' id='word_1_708' title='bbox 2387 4766 2708 4834; x_wconf 71' lang='lat' dir='ltr'><strong>prmpositus</strong></span> <span class='ocrx_word' id='word_1_709' title='bbox 2727 4775 2810 4820; x_wconf 87' lang='lat' dir='ltr'><strong>est</strong></span> <span class='ocrx_word' id='word_1_710' title='bbox 2835 4766 3150 4835; x_wconf 89' lang='lat' dir='ltr'><strong>ministerio,</strong></span> <span class='ocrx_word' id='word_1_711' title='bbox 3195 4767 3558 4821; x_wconf 87' lang='lat' dir='ltr'><strong>testimonium</strong></span> 
     </span>
    </p>
   </div>
   <div class='ocr_carea' id='block_1_93' title="bbox 1981 4854 3559 4924">
    <p class='ocr_par' dir='ltr' id='par_1_93' title="bbox 1981 4854 3559 4924">
     <span class='ocr_line' id='line_1_95' title="bbox 1981 4854 3559 4924; baseline 0.003 -17"><span class='ocrx_word' id='word_1_712' title='bbox 1981 4854 2178 4908; x_wconf 85' lang='lat' dir='ltr'><strong>meruit</strong></span> <span class='ocrx_word' id='word_1_713' title='bbox 2205 4854 2556 4909; x_wconf 70' lang='lat' dir='ltr'><strong>sanctissima:</strong></span> <span class='ocrx_word' id='word_1_714' title='bbox 2594 4855 2874 4912; x_wconf 85' lang='lat' dir='ltr'><strong>castitatis.</strong></span> <span class='ocrx_word' id='word_1_715' title='bbox 2909 4855 3104 4910; x_wconf 87' lang='lat' dir='ltr'><strong>Beatus</strong></span> <span class='ocrx_word' id='word_1_716' title='bbox 3136 4870 3264 4924; x_wconf 85' lang='lat' dir='ltr'><strong>ergo</strong></span> <span class='ocrx_word' id='word_1_717' title='bbox 3309 4857 3429 4922; x_wconf 89' lang='lat' dir='ltr'><strong>erit,</strong></span> <span class='ocrx_word' id='word_1_718' title='bbox 3457 4856 3559 4911; x_wconf 74' lang='lat' dir='ltr'><strong>fra~</strong></span> 
     </span>
    </p>
   </div>
   <div class='ocr_carea' id='block_1_94' title="bbox 1983 4945 3561 5016">
    <p class='ocr_par' dir='ltr' id='par_1_94' title="bbox 1983 4945 3561 5016">
     <span class='ocr_line' id='line_1_96' title="bbox 1983 4945 3561 5016; baseline 0.001 -12"><span class='ocrx_word' id='word_1_719' title='bbox 1983 4957 2092 5004; x_wconf 89' lang='lat' dir='ltr'><strong>tres</strong></span> <span class='ocrx_word' id='word_1_720' title='bbox 2119 4945 2406 5012; x_wconf 88' lang='lat' dir='ltr'><strong>carissimi,</strong></span> <span class='ocrx_word' id='word_1_721' title='bbox 2438 4946 2531 5016; x_wconf 90' lang='lat' dir='ltr'><strong>qui</strong></span> <span class='ocrx_word' id='word_1_722' title='bbox 2556 4947 2702 5002; x_wconf 81' lang='lat' dir='ltr'><strong>hunc</strong></span> <span class='ocrx_word' id='word_1_723' title='bbox 2745 4955 2999 5011; x_wconf 82' lang='lat' dir='ltr'><strong>sectatus,</strong></span> <span class='ocrx_word' id='word_1_724' title='bbox 3039 4947 3132 5015; x_wconf 88' lang='lat' dir='ltr'><strong>qui</strong></span> <span class='ocrx_word' id='word_1_725' title='bbox 3159 4947 3300 5002; x_wconf 89' lang='lat' dir='ltr'><strong>hunc</strong></span> <span class='ocrx_word' id='word_1_726' title='bbox 3322 4949 3561 5005; x_wconf 78' lang='lat' dir='ltr'><strong>imitatus</strong></span> 
     </span>
    </p>
   </div>
   <div class='ocr_carea' id='block_1_95' title="bbox 1978 5036 3557 5108">
    <p class='ocr_par' dir='ltr' id='par_1_95' title="bbox 1978 5036 3557 5108">
     <span class='ocr_line' id='line_1_97' title="bbox 1978 5036 3557 5108; baseline 0 -16"><span class='ocrx_word' id='word_1_727' title='bbox 1978 5038 2159 5106; x_wconf 84' lang='lat' dir='ltr'><strong>fuerit,</strong></span> <span class='ocrx_word' id='word_1_728' title='bbox 2183 5045 2238 5092; x_wconf 89' lang='lat' dir='ltr'><strong>et</strong></span> <span class='ocrx_word' id='word_1_729' title='bbox 2263 5036 2532 5108; x_wconf 68' lang='lat' dir='ltr'><strong>pudicitia:</strong></span> <span class='ocrx_word' id='word_1_730' title='bbox 2558 5036 2812 5106; x_wconf 87' lang='lat' dir='ltr'><strong>palmam,</strong></span> <span class='ocrx_word' id='word_1_731' title='bbox 2856 5045 2912 5092; x_wconf 90' lang='lat' dir='ltr'><strong>et</strong></span> <span class='ocrx_word' id='word_1_732' title='bbox 2938 5036 3176 5107; x_wconf 89' lang='lat' dir='ltr'><strong>martyrii</strong></span> <span class='ocrx_word' id='word_1_733' title='bbox 3201 5047 3557 5106; x_wconf 86' lang='lat' dir='ltr'><strong>consequetur</strong></span> 
     </span>
    </p>
   </div>
   <div class='ocr_carea' id='block_1_96' title="bbox 1979 5126 3553 5199">
    <p class='ocr_par' dir='ltr' id='par_1_96' title="bbox 1979 5126 3553 5199">
     <span class='ocr_line' id='line_1_98' title="bbox 1979 5126 3553 5199; baseline -0.001 -15"><span class='ocrx_word' id='word_1_734' title='bbox 1979 5143 2255 5184; x_wconf 89' lang='lat' dir='ltr'><strong>coronam.</strong></span> <span class='ocrx_word' id='word_1_735' title='bbox 2307 5127 2384 5183; x_wconf 89' lang='lat' dir='ltr'><strong>De</strong></span> <span class='ocrx_word' id='word_1_736' title='bbox 2434 5144 2541 5199; x_wconf 91' lang='lat' dir='ltr'><strong>quo</strong></span> <span class='ocrx_word' id='word_1_737' title='bbox 2589 5134 2644 5181; x_wconf 91' lang='lat' dir='ltr'><strong>et</strong></span> <span class='ocrx_word' id='word_1_738' title='bbox 2684 5126 2845 5182; x_wconf 90' lang='lat' dir='ltr'><strong>lectio</strong></span> <span class='ocrx_word' id='word_1_739' title='bbox 2882 5127 3248 5196; x_wconf 85' lang='lat' dir='ltr'><strong>apostolorum</strong></span> <span class='ocrx_word' id='word_1_740' title='bbox 3295 5127 3553 5194; x_wconf 84' lang='lat' dir='ltr'><strong>Actuum,</strong></span> 
     </span>
    </p>
   </div>
   <div class='ocr_carea' id='block_1_97' title="bbox 1977 5218 2894 5289">
    <p class='ocr_par' dir='ltr' id='par_1_97' title="bbox 1977 5218 2894 5289">
     <span class='ocr_line' id='line_1_99' title="bbox 1977 5218 2894 5289; baseline 0 -15"><span class='ocrx_word' id='word_1_741' title='bbox 1977 5235 2098 5289; x_wconf 72' lang='lat' dir='ltr'><strong>qua:</strong></span> <span class='ocrx_word' id='word_1_742' title='bbox 2123 5220 2284 5276; x_wconf 88' lang='lat' dir='ltr'><strong>hodie</strong></span> <span class='ocrx_word' id='word_1_743' title='bbox 2311 5219 2467 5276; x_wconf 88' lang='lat' dir='ltr'><strong>nobis</strong></span> <span class='ocrx_word' id='word_1_744' title='bbox 2490 5218 2628 5274; x_wconf 87' lang='lat' dir='ltr'><strong>lecta</strong></span> <span class='ocrx_word' id='word_1_745' title='bbox 2657 5225 2759 5284; x_wconf 85' lang='lat' dir='ltr'><strong>est,</strong></span> <span class='ocrx_word' id='word_1_746' title='bbox 2791 5226 2894 5274; x_wconf 87' lang='lat' dir='ltr'><strong>etc.</strong></span> 
     </span>
    </p>
   </div>
   <div class='ocr_carea' id='block_1_98' title="bbox 2002 5529 3550 5615">
    <p class='ocr_par' dir='ltr' id='par_1_98' title="bbox 2002 5529 3550 5615">
     <span class='ocr_line' id='line_1_100' title="bbox 2002 5529 3550 5615; baseline -0.001 -31"><span class='ocrx_word' id='word_1_747' title='bbox 2002 5602 2015 5615; x_wconf 45' lang='lat'><strong>.</strong></span> <span class='ocrx_word' id='word_1_748' title='bbox 2045 5540 2070 5570; x_wconf 72' lang='grc' dir='ltr'><strong>ε</strong></span> <span class='ocrx_word' id='word_1_749' title='bbox 2099 5529 2245 5615; x_wconf 79' lang='lat' dir='ltr'><strong>Idem</strong></span> <span class='ocrx_word' id='word_1_750' title='bbox 2281 5535 2402 5588; x_wconf 88' lang='lat' dir='ltr'><strong>cod.</strong></span> <span class='ocrx_word' id='word_1_751' title='bbox 2433 5548 2469 5588; x_wconf 77' lang='grc' dir='ltr'><strong>ι</strong></span> <span class='ocrx_word' id='word_1_752' title='bbox 2504 5530 2784 5602; x_wconf 85' lang='lat' dir='ltr'><strong>Laurent.,</strong></span> <span class='ocrx_word' id='word_1_753' title='bbox 2817 5530 2967 5599; x_wconf 84' lang='lat' dir='ltr'><strong>Quod</strong></span> <span class='ocrx_word' id='word_1_754' title='bbox 2986 5530 3190 5604; x_wconf 82' lang='lat' dir='ltr'><strong>quidem</strong></span> <span class='ocrx_word' id='word_1_755' title='bbox 3219 5530 3322 5585; x_wconf 70' lang='lat' dir='ltr'><strong>iliis</strong></span> <span class='ocrx_word' id='word_1_756' title='bbox 3367 5544 3550 5600; x_wconf 81' lang='lat' dir='ltr'><strong>paren-</strong></span> 
     </span>
    </p>
   </div>
   <div class='ocr_carea' id='block_1_99' title="bbox 1976 5601 3547 5744">
    <p class='ocr_par' dir='ltr' id='par_1_99' title="bbox 1976 5601 3547 5744">
     <span class='ocr_line' id='line_1_101' title="bbox 1976 5601 3547 5744; baseline -0.008 -2"><span class='ocrx_word' id='word_1_757' title='bbox 1976 5611 2084 5744; x_wconf 33' lang='lat' dir='ltr'><strong>mf‘a</strong></span> <span class='ocrx_word' id='word_1_758' title='bbox 2379 5671 2568 5732; x_wconf 83' lang='lat' dir='ltr'><strong>Crucis</strong></span> <span class='ocrx_word' id='word_1_759' title='bbox 2593 5673 2648 5731; x_wconf 88' lang='lat' dir='ltr'><strong>in</strong></span> <span class='ocrx_word' id='word_1_760' title='bbox 2667 5667 2801 5744; x_wconf 76' lang='lat' dir='ltr'><strong>Jer.,</strong></span> <span class='ocrx_word' id='word_1_761' title='bbox 2831 5682 2885 5731; x_wconf 91' lang='lat' dir='ltr'><strong>ct</strong></span> <span class='ocrx_word' id='word_1_762' title='bbox 2916 5689 2946 5728; x_wconf 77' lang='grc' dir='ltr'><strong><em>ι</em></strong></span> <span class='ocrx_word' id='word_1_763' title='bbox 2975 5671 3251 5741; x_wconf 61' lang='lat' dir='ltr'><strong>Laurent,</strong></span> <span class='ocrx_word' id='word_1_764' title='bbox 3302 5669 3415 5724; x_wconf 76' lang='lat' dir='ltr'><strong>Nec</strong></span> <span class='ocrx_word' id='word_1_765' title='bbox 3455 5668 3547 5724; x_wconf 72' lang='lat' dir='ltr'><strong>hoc</strong></span> 
     </span>
    </p>
   </div>
   <div class='ocr_carea' id='block_1_100' title="bbox 1978 5740 2567 5811">
    <p class='ocr_par' dir='ltr' id='par_1_100' title="bbox 1978 5740 2567 5811">
     <span class='ocr_line' id='line_1_102' title="bbox 1978 5740 2567 5811; baseline 0.007 -18"><span class='ocrx_word' id='word_1_766' title='bbox 1978 5740 2151 5811; x_wconf 81' lang='lat' dir='ltr'><strong>plane,</strong></span> <span class='ocrx_word' id='word_1_767' title='bbox 2183 5750 2286 5796; x_wconf 87' lang='lat' dir='ltr'><strong>etc.</strong></span> <span class='ocrx_word' id='word_1_768' title='bbox 2557 5761 2567 5770; x_wconf 92' lang='grc'>·</span> 
     </span>
    </p>
   </div>
  </div>
