4054 6194
258 804 282 837 s

261 838 287 896 Ἀ

322 331 427 385 70';

1700 304 1931 394 Smne
1968 339 2262 398 Lxxxvu.

3486 330 3587 389 706

321 450 577 498 rexerunt
598 454 743 500 certe
767 445 878 515 jam
904 447 1127 512 merito;
1159 448 1203 503 si
1234 448 1405 503 adhuc
1426 465 1530 502 ma
1556 461 1899 519 sumpserunt
1931 464 1970 515 Α
2002 469 2349 512 monumenta
2374 467 2701 525 constructa,
2727 460 3176 530 quemadmodum
3201 460 3413 531 prodire
3433 466 3590 518 exin-

320 532 588 600 membra,
618 552 894 606 sumpsere
918 538 1028 605 jam
1066 540 1293 605 gratiam
1324 543 1375 605 ¹;
1419 542 1463 595 si
1495 542 1731 595 nondum
1765 544 1897 597 libe-

321 624 428 678 rati
457 633 582 679 sunt
627 627 694 679 ab
743 626 926 681 inferis
947 668 962 692 ,
997 628 1205 683 liberati
1250 640 1374 685 sunt
1403 646 1432 683 a
1470 634 1708 699 peccatis
1741 649 1753 684 :
1787 634 1901 687 lucc

321 724 406 768 est
427 714 570 769 enim
594 716 765 784 prima
799 719 1138 782 resurrectio,
1183 728 1525 787 peccatorum
1557 722 1791 776 evasisse
1831 731 1907 775 te-

321 806 550 870 nebras,
617 807 825 872 lucem,
880 808 1155 877 possidere
1209 810 1448 877 justitiae.
1517 811 1898 867 Verumtamen

322 898 485 951 etiam
512 894 739 952 fortasse
767 899 980 968 plurimi
1021 916 1087 953 ex
1137 902 1322 955 iisdem
1356 902 1528 956 beatis
1579 905 1903 974 martyribus

320 1003 444 1043 cum
470 988 697 1042 Domino
719 992 1165 1044 resurrectionem
1205 993 1561 1061 corporaliter
1590 995 1672 1047 vel
1705 1010 1903 1048 conse-

321 1085 577 1144 quantur,
606 1078 689 1131 vel
731 1077 926 1132 fuerint
975 1082 1274 1135 consecuti.
1326 1082 1454 1135 Nam
1503 1084 1546 1137 si
1572 1084 1800 1153 legimus
1849 1085 1903 1138 in

323 1167 509 1234 prima:
547 1168 956 1223 resurrectionis
1000 1170 1322 1235 festivitate,
1370 1174 1667 1227 suseitante
1708 1190 1766 1228 se
1797 1175 1904 1227 Do-

324 1256 493 1321 mino,
519 1258 685 1311 multa
716 1268 1025 1314 sanctorum
1052 1278 1276 1331 corpora
1303 1265 1558 1318 suscitata
1602 1267 1862 1323 revixisse
1886 1307 1901 1333 ,

322 1353 379 1398 et
409 1346 683 1402 introiisse
714 1348 766 1401 in
790 1358 1029 1407 sanctam
1061 1353 1359 1419 civitatem,
1396 1370 1491 1409 cur
1533 1373 1637 1410 non
1668 1360 1903 1426 quoties-

322 1451 537 1504 cunque
564 1442 972 1497 resurrectionis
994 1442 1110 1511 ejus
1156 1442 1420 1497 festivitas
1462 1447 1789 1516 celebratur,
1822 1457 1905 1503 to-

324 1526 430 1580 ties
461 1542 744 1595 resurgere
771 1531 1049 1587 credamus
1091 1542 1144 1586 et
1171 1543 1390 1588 sanctos
1427 1537 1482 1589 ‘?
1511 1535 1608 1591 Ubi
1637 1539 1780 1591 enim
1806 1556 1905 1594 vo-

322 1624 503 1669 torum
522 1620 664 1685 jugis
690 1627 774 1673 est
802 1622 1138 1686 solemnitas,
1171 1625 1340 1691 gratia
1367 1624 1510 1693 jugis
1552 1634 1713 1682 estet
1744 1630 1911 1684 dono-

322 1719 464 1761 rum.
495 1707 601 1763 Sed
629 1710 854 1766 fortasse
891 1714 1012 1782 quis
1043 1715 1187 1769 dicat
1220 1733 1231 1768 :
1264 1718 1513 1787 sepulcra
1538 1719 1717 1773 clausa
1764 1730 1908 1786 sunt,

1998 549 2067 604 de
2110 552 2435 619 potuerunt?
2474 550 2542 605 Ut
2589 562 2863 609 taceamus
2909 557 3034 624 quia
3083 555 3263 609 omnia
3312 555 3586 624 possibilia

1999 651 2123 696 sunt
2153 643 2281 707 Deo,
2313 654 2367 698 et
2388 643 2581 699 clausis
2608 647 2794 701 tumuli
2834 649 3198 717 penetralibus
3222 649 3392 716 possit
3419 647 3581 715 spiri-

2004 732 2111 786 tale
2138 735 2297 803 621
2347 749 2542 802 corpus
2587 736 2841 801 educere;
2875 746 2933 791 ut
2978 738 3093 791 hzcc
3133 738 3310 791 omnia
3360 746 3585 806 praeter-

2008 825 2240 890 mittam,
2263 822 2484 879 Joannis
2516 834 2689 880 tamen
2720 830 2948 897 apostoli
2978 831 3234 883 habemus
3254 831 3582 899 exemplum,

2007 926 2166 979 quem
2201 914 2433 968 tumulus
2456 924 2761 983 susceptum
2811 918 3057 972 claudere
3086 920 3279 987 potuit,
3313 919 3587 973 custodire

2010 1019 2117 1057 non
2150 1006 2354 1073 potuit;
2380 1021 2503 1059 nam
2527 1005 2831 1076 dopositum
2872 1026 3066 1078 corpus
3088 1011 3335 1078 perdidit,
3364 1027 3469 1065 non
3496 1028 3585 1065 as-

2009 1096 2257 1163 sumpsit.
2288 1094 2387 1150 Hie
2408 1096 2571 1155 enim.
2614 1098 2809 1152 clausis
2840 1100 3024 1151 tumu'i
3060 1099 3279 1161 foribus,
3306 1102 3476 1167 gratia
3500 1116 3587 1154 re-

2008 1188 2360 1241 surrectionis
2388 1189 2551 1259 622
2602 1189 2810 1242 ablatus
2857 1199 2960 1255 est,
3005 1199 3061 1241 ut
3098 1199 3370 1244 constaret
3406 1192 3584 1259 sepul-

2007 1285 2144 1341 tura,
2192 1293 2289 1331 nec
2317 1278 2649 1331 inveniretur
2677 1279 2933 1347 sepultus.
2972 1278 3211 1347 Denique
3247 1295 3367 1332 cum
3407 1295 3586 1333 sacer-

2005 1367 2159 1420 dotes
2180 1367 2479 1421 bonorandi
2528 1383 2689 1421 causa
2720 1384 2916 1438 corpus
2960 1369 3307 1435 inquirerent,
3352 1378 3589 1421 reserato

2007 1455 2175 1521 aditu,
2208 1458 2445 1511 tumulus
2493 1473 2600 1512 non
2644 1460 2817 1527 potuit
2856 1458 3081 1513 reddere
3127 1473 3287 1527 quem
3333 1460 3587 1527 suscepit.

2010 1545 2227 1601 Hostias
2252 1561 2381 1616 ergo
2408 1561 2591 1602 secum
2619 1563 2743 1601 suas
2784 1548 3033 1602 Salvator
3073 1550 3313 1604 suscitat.
3355 1563 3475 1603 cum
3506 1564 3589 1601 re-

2008 1638 2198 1701 surgit.

1606 1811 1873 1873 SERMO
1920 1804 2306 1876 LXXXVII.

1464 1932 1593 1987 Item
1625 1934 1687 1987 de
1722 1936 1886 1989 natali
1918 1936 2024 1991 SS.
2063 1949 2347 2009 martyrum
2378 1938 2462 1993 II.

1771 2046 2161 2103 ADMONITIO.

395 2152 559 2207 Iidem
587 2152 878 2208 doctissimi
921 2155 1145 2211 Maurini
1172 2158 1379 2228 prmfat.
1424 2158 1491 2212 ad
1520 2158 1663 2213 hunc
1690 2176 1991 2218 sermonem
2024 2181 2167 2219 num.
2213 2166 2281 2219 60
2309 2167 2437 2220 edit.
2470 2184 2539 2237 op
2583 2208 2595 2220 .
2640 2166 2696 2221 8.
2745 2168 2989 2223 Ambros.
3020 2170 3147 2222 mihi
3175 2177 3420 2223 auctores
3447 2180 3590 2232 sunt,

423 2231 515 2276 aut
542 2225 889 2289 scriptoribus
916 2228 1180 2289 codicum,
1209 2238 1300 2282 aut
1331 2230 1560 2283 Roman.
1586 2229 1822 2285 Breviar.
1850 2236 2130 2289 assentiar.
2160 2236 2408 2289 eumdem
2439 2238 2494 2289 S.
2522 2184 2806 2289 merosio
2835 2239 3206 2289 tribuentibus.
3238 2239 3292 2289 In
3322 2240 3590 2289 codicibus

325 2240 393 2300 ne
423 2225 889 2300 aut__scriptoribus
916 2225 1187 2300 codicum,
1209 2238 1300 2300 aut
1331 2229 1822 2300 Romannﬁirevialu
1850 2236 2130 2300 assentiar,
2160 2236 2408 2290 eumdem
2439 2238 2494 2289 S.

2587 2236 2806 2290 nbrosio
2835 2239 3206 2292 tribuentibus.
3238 2239 3292 2291 In
3322 2240 3598 2294 codicibus

325 2294 707 2375 Sarigallerisis,
740 2303 795 2347 et
916 2296 1111 2375 _(_Jruci_s
1140 2298 1200 2375 ἱη⁵
1223 2298 1518 2375 .l_erusalem
1565 2297 1633 2352 90
1681 2310 1735 2354 et
1774 2303 1842 2357 99
1882 2303 1939 2358 S.
1981 2294 2212 2359 Maximo
2239 2307 2529 2375 ascriptum
2571 2307 2818 2375 legimus.
2855 2306 3001 2362 Unus
3026 2307 3197 2364 codex
3228 2306 3592 2365 Urbevetanus

325 2380 523 2417 nomen
552 2363 608 2417 8.
640 2364 883 2434 Gregorii
914 2365 1087 2433 Magni
1117 2368 1356 2423 exhibet.

328 2453 715 2539 Accusamus.
740 2485 811 2534 -τ
974 2464 1225 2539 martyres
1254 2460 1349 2539 etsi
1370 2476 1490 2513 voce
1518 2469 1706 2539 tacent,
1739 2464 1905 2539 facto-
1945 2467 1983 2527 Β
2008 2474 2065 2520 et
2092 2467 2460 2537 superstitiosa
2486 2467 2730 2537 jactatio.
2764 2470 2952 2524 Melius
2985 2484 3115 2539 ergo
3155 2470 3417 2526 docemur
3447 2472 3591 2527 facto

399 2540 511 2575 rum
543 2533 709 2576 tamen
730 2524 947 2601 _rirtute_
970 2542 1078 2601 nos
1109 2524 1353 2595 edocent,
1403 2532 1639 2601 martyrii
1670 2524 1908 2600 passione

399 2610 493 2645 nos
519 2594 843 2715 persuadent.
887 2593 1112 2649 Victoria
1145 2606 1221 2650 est
1251 2593 1493 2671 martyris
1513 2593 1767 2673 judicium
1794 2620 1910 2673 per-

400 2680 581 2715 smueu
610 2681 675 2715 ιδ.

400 2680 581 2733 sequeu
589 2680 654 2716 ιω
661 2703 675 2716 .

399 2820 458 2873 Si
486 2826 745 2888 quantum
774 2834 861 2873 me
889 2835 1110 2875 necesse
1138 2830 1221 2876 est
1257 2821 1457 2888 dicere,
1488 2832 1543 2878 et
1574 2839 1668 2878 vos
1698 2833 1913 2893 oportet

327 2911 538 2977 audire,
567 2917 772 2965 tantum
802 2914 1051 2981 prosequi
1081 2915 1323 2983 corporis
1354 2916 1457 2969 mei
1488 2927 1668 2986 posset
1692 2917 1913 2971 infirmi-

331 3011 432 3063 tas,
475 3001 716 3071 profecto
746 3017 935 3057 omnes
983 3006 1221 3059 excusati
1267 3021 1534 3072 essemus,
1582 3009 1787 3062 scilicet
1810 3021 1912 3075 ego

332 3094 649 3148 insinuando
679 3105 1024 3165 praeceptum,
1055 3112 1153 3151 vos
1190 3100 1535 3168 exsequendo
1574 3101 1903 3155 mandatum.

330 3184 434 3237 Sed
488 3186 741 3253 quoniam
812 3186 1177 3243 imbecillitate
1232 3190 1571 3257 percellimur
1627 3192 1912 3260 quominus

331 3283 593 3342 quantum
622 3285 836 3345 oportet
860 3276 1040 3332 dicere
1064 3279 1359 3345 valeamus,
1391 3291 1615 3334 excusat
1636 3296 1735 3334 nos
1755 3297 1911 3336 men-

335 3367 401 3419 tis
430 3366 666 3431 devotio,
694 3382 830 3436 quos
873 3385 977 3423 non
1008 3379 1230 3425 excusat
1274 3371 1667 3441 przcdicationis
1697 3373 1871 3427 oratio
1897 3391 1909 3427 :

334 3456 439 3511 hoc
460 3465 565 3525 est,
594 3458 639 3512 si
669 3474 699 3512 a
721 3458 962 3514 laudibus
983 3460 1195 3515 Domini
1224 3461 1398 3530 lingua
1427 3478 1717 3525 cessamus,
1750 3464 1914 3516 mira-

334 3546 458 3602 bilia
488 3557 666 3603 tamen
697 3549 814 3618 ejus
844 3550 961 3605 fidei
992 3552 1246 3621 operibus
1291 3553 1670 3622 approbemus.
1720 3553 1777 3607 Si
1809 3569 1913 3607 non

335 3640 602 3710 loquimur
630 3643 805 3697 verbis
825 3644 940 3711 ejus
959 3645 1208 3715 gloriam,
1232 3644 1385 3700 factis
1410 3661 1764 3715 exsequamur
1791 3645 1913 3713 ejus

335 3733 582 3799 gratiam,
610 3734 861 3801 quoniam
886 3735 1043 3789 dictis
1069 3733 1211 3790 facta
1242 3737 1419 3805 priora
1449 3747 1591 3791 sunt.
1643 3737 1773 3790 Nam
1804 3736 1912 3790 Do-

2010 2576 2170 2629 quam
2196 2576 2347 2615 voce.
2384 2560 2624 2630 Denique
2651 2561 2748 2617 SS.
2778 2570 3066 2633 martyres,
3095 2564 3196 2616 etsi
3225 2579 3357 2618 voce
3386 2572 3593 2631 tacent,

2012 2651 2274 2707 factorum
2297 2653 2492 2709 virtute
2511 2669 2610 2709 nos
2630 2656 2890 2719 edocent;
2926 2655 3028 2708 etsi
3053 2655 3231 2723 lingua
3259 2655 3437 2721 silent,
3459 2670 3594 2707 mar~

2014 2745 2139 2815 tyrii
2187 2745 2437 2814 passione
2485 2745 2825 2814 persuadent.
2884 2744 3036 2799 Unde
3080 2746 3326 2813 quamvis
3370 2746 3596 2799 disertus

2014 2844 2200 2890 orator
2226 2835 2472 2890 facundia
2498 2852 2593 2891 sua
2624 2852 2710 2891 me
2737 2837 2952 2903 doceat,
2998 2836 3051 2890 id
3092 2843 3269 2891 tamen
3297 2836 3438 2905 quod
3468 2837 3597 2891 utile

2015 2934 2097 2980 est
2122 2926 2251 2979 mihi
2273 2927 2463 2981 melius
2492 2925 2644 2981 disco
2672 2928 2917 2996 exemplo
2943 2935 3249 2982 sanctorum
3278 2942 3437 2996 quam
3461 2926 3486 2964 ἀ
3509 2944 3598 2981 as-

2015 3016 2255 3071 sertione
2300 3015 2611 3070 verborum.
2661 3015 2830 3071 Citius
2876 3017 3005 3070 mihi
3052 3017 3374 3085 persuadent
3418 3018 3597 3085 oculi,

2020 3107 2168 3176 quod
2215 3116 2474 3172 cernunt,
2520 3123 2682 3176 quam
2731 3108 2876 3162 auris
2915 3115 3094 3178 potest
3137 3109 3425 3173 insinuare,
3458 3110 3598 3180 quod

2015 3198 2256 3267 prmterit
2281 3215 2294 3249 :
2325 3206 2348 3234 ο
2373 3197 2578 3251 auditui
2607 3198 2748 3251 enim
2775 3198 2883 3252 cito
2910 3198 3138 3267 subripit
3165 3200 3382 3263 oblivio,
3415 3199 3599 3253 oculo-

2014 3303 2134 3342 rum
2185 3294 2364 3340 autem
2412 3286 2635 3342 historia
2682 3302 2894 3355 semper
2941 3287 3238 3356 inspicitur.
3289 3288 3418 3354 Quis
3458 3290 3597 3345 enim

2016 3396 2123 3434 non
2155 3379 2405 3435 omnibus
2430 3380 2579 3433 horis
2597 3380 2988 3447 momentisque
3015 3382 3313 3449 conspiciat
3338 3382 3597 3450 quemad-

2016 3470 2232 3525 modum
2263 3478 2391 3524 tunc
2435 3469 2583 3524 beati
2622 3476 2883 3539 martyres
2928 3458 3149 3539 prapter
3178 3485 3370 3523 nomen
3402 3470 3598 3525 Christi

2014 3559 2239 3614 diversis
2267 3558 2580 3627 subjacuere
2608 3559 2901 3627 suppliciis,
2932 3568 2986 3613 et
3013 3559 3080 3613 de
3106 3559 3235 3628 ipsis
3264 3561 3435 3628 poenis
3462 3576 3597 3629 quo-

2015 3647 2300 3703 dammodo
2311 3648 2745 3717 triumphabant?
2761 3647 2972 3713 Quanto
2984 3649 3123 3702 enim
3146 3648 3297 3717 plura
3321 3649 3597 3716 patieban-

2016 3747 2122 3803 tur,
2154 3747 2302 3793 tanto
2327 3754 2387 3793 se
2415 3738 2831 3792 virtuosissimos
2868 3752 2988 3791 esse
3031 3737 3340 3792 credebant.
3368 3736 3598 3792 Victoria

336 3824 512 3878 minus
541 3826 593 3879 in
624 3825 911 3895 Evangelio
935 3828 1005 3881 ita
1028 3826 1190 3882 dicit:
1219 3839 1241 3865 ι
1268 3826 1367 3893 Qui
1391 3832 1569 3899 fecerit
1598 3840 1646 3882 et
1666 3830 1913 3894 docuerit,
1946 3837 1991 3899 ρ
2021 3830 2166 3884 enim
2188 3837 2270 3884 est
2296 3828 2548 3900 martyris
2581 3827 2838 3897 judicium
2878 3828 3266 3896 persequentis,
3298 3828 3436 3881 sicut
3464 3828 3597 3881 scri-

336 3916 416 3969 lu'c
447 3933 660 3987 magnus
692 3917 952 3971 rocabitur
976 3920 1031 3972 in
1075 3935 1232 3989 regno
1280 3920 1518 3974 cwlorum
1563 3920 1784 3989 (Matth.
1827 3920 1914 3989 v).

346 4004 505 4061 Vides
540 4022 667 4075 ergo
706 4010 958 4078 quoniam
986 4010 1236 4079 praecedit
1265 4010 1461 4065 factum
1480 4054 1494 4079 ,
1522 4012 1763 4065 doctrina
1792 4012 1922 4066 sub-

337 4103 615 4169 sequitur:
650 4102 911 4172 siquidem
960 4104 1279 4158 benefacere
1309 4105 1481 4174 prima
1522 4088 1767 4158 doctrina
1814 4112 1918 4158 est.

338 4194 683 4248 Cessantibus
712 4195 853 4247 enim
881 4195 1079 4258 verbis,
1112 4194 1217 4248 hoc
1247 4194 1421 4263 ipsum
1451 4193 1615 4248 docet
1642 4194 1916 4249 hominem

339 4300 473 4352 opus
500 4284 758 4352 optimum
778 4323 793 4347 ,
841 4284 966 4337 dum
995 4285 1226 4339 videtur.
1258 4284 1411 4351 Quod
1453 4285 1554 4339 etsi
1602 4300 1734 4339 voce
1762 4300 1922 4340 aures

342 4390 447 4428 non
491 4374 726 4439 excitet,
756 4375 955 4429 virtute
997 4384 1173 4430 tamen
1215 4378 1379 4430 corda
1422 4382 1763 4444 compungat.
1790 4376 1921 4442 Quis

342 4464 481 4516 enim
511 4463 711 4517 bonum
740 4461 938 4517 factum
966 4464 1172 4529 videns,
1199 4463 1225 4503 δ
1263 4481 1371 4518 non
1399 4465 1634 4533 gaudens
1664 4466 1922 4534 imitetur,

344 4569 406 4607 ac
421 4554 586 4608 veluti
604 4554 766 4608 tacito
786 4555 1042 4624 magistro
1065 4564 1220 4611 utens
1236 4555 1351 4625 ejus
1370 4556 1618 4627 exemplo
1635 4557 1924 4612 doceatur?

345 4643 507 4699 Dictis
550 4644 709 4711 igitur
735 4644 874 4700 facta
904 4647 1239 4715 pnecedunt;
1291 4648 1398 4701 imo
1439 4648 1555 4701 sine
1600 4647 1751 4703 factis
1778 4647 1923 4701 dicta

345 4734 472 4787 nihil
501 4744 749 4803 prosunt.
786 4746 809 4774 ε
841 4735 975 4789 Nam
1020 4737 1140 4790 ideo
1186 4746 1241 4791 et
1284 4736 1541 4791 Dominus
1586 4735 1699 4788 fieri
1729 4736 1916 4799 voluit,

342 4822 419 4878 sic
438 4822 643 4891 doceri,
660 4840 727 4879 ne
744 4825 859 4879 sine
872 4826 1016 4880 bono
1032 4842 1194 4896 Opere
1212 4828 1493 4882 verborum
1522 4826 1722 4879 inutilis
1748 4833 1910 4887 esset,

2023 3928 2171 3989 ptum
2220 3926 2337 3973 est:
2369 3927 2424 3971 ut
2468 3920 2640 3973 vincas
2688 3934 2800 3970 cum
2841 3918 3096 3987 judicaris
3127 3918 3309 3982 (Prol.
3338 3921 3423 3985 L).
3467 3917 3599 3970 Cum

2018 4008 2289 4079 judicatur
2333 4009 2474 4064 enim
2518 4015 2723 4078 martyr
2765 4017 2821 4062 et
2849 4009 3256 4077 condemnatur,
3286 4018 3414 4062 tunc
3441 4008 3601 4061 vincit

2021 4109 2184 4169 atque
2214 4102 2524 4171 prosternit.
2554 4101 2670 4155 Tali
2701 4102 2843 4155 enim
2864 4101 3066 4170 judicio
3107 4119 3210 4157 non
3242 4111 3322 4157 est
3369 4102 3613 4155 addictus

2018 4191 2085 4244 ad
2134 4199 2384 4254 mortem,
2436 4191 2529 4245 sed
2580 4191 2859 4245 absolutus
2889 4192 2953 4245 ad
2998 4193 3258 4259 requiem.
3288 4192 3361 4245 Ac
3384 4208 3479 4260 per
3510 4192 3613 4243 hoc

2020 4283 2455 4337 manifestissima
2485 4283 2698 4335 ratione
2728 4282 2919 4335 vicisse
2950 4290 3051 4346 est,
3084 4297 3187 4334 non
3212 4282 3453 4349 periisse.
3480 4280 3617 4333 Con-—

2020 4383 2126 4427 stat
2150 4375 2308 4441 igitur
2360 4372 2457 4427 SS.
2511 4381 2774 4442 martyres
2804 4372 2921 4442 plus
2948 4372 3198 4441 passio:.e
3226 4371 3422 4424 docere
3451 4384 3612 4437 quam

2024 4480 2174 4525 voce,
2226 4478 2533 4532 quanquam
2586 4469 2641 4516 et
2687 4462 2798 4531 ipsa
2838 4462 3015 4531 passio
3055 4461 3170 4513 sine
3206 4473 3339 4511 voce
3388 4472 3493 4510 non
3522 4456 3613 4509 sit.

2030 4553 2280 4623 Legimus
2307 4552 2448 4607 enim
2471 4552 2678 4606 animas
2703 4565 2888 4605 eorum
2911 4549 2977 4603 de
2998 4548 3097 4603 sub
3117 4564 3209 4602 ara
3236 4549 3329 4603 Dei
3349 4550 3600 4613 clamare,

2029 4645 2116 4699 vel
2156 4645 2372 4699 dicere:
2404 4640 2674 4713 Quousque
2710 4649 2918 4694 sanctus
2962 4647 3011 4692 et
3047 4655 3192 4692 verus
3236 4655 3337 4692 non
3377 4638 3602 4691 vindicas

2030 4736 2332 4803 sanguinem
2381 4742 2611 4785 nostrum
2660 4729 2843 4799 (Apoc.
2881 4728 3029 4797 xvr)?
3077 4728 3205 4780 Nam
3255 4735 3307 4779 et
3352 4726 3603 4779 Dominus

2027 4823 2157 4877 dicit
2183 4822 2247 4876 de
2276 4822 2535 4889 sanguine
2557 4819 2687 4872 Abel
2714 4822 2778 4871 ad
2800 4819 2929 4873 Cain
2954 4834 2966 4869 :
3002 4816 3114 4870 Vox
3134 4817 3401 4886 sanguinis
3424 4818 3604 4887 fratris

412 4989 437 5015 ³
466 4978 599 5033 Cod.
632 4978 701 5033 99
728 4978 784 5034 S.
816 4979 1001 5033 Crucis
1031 4980 1082 5032 in
1111 4977 1219 5033 Jer.
1237 5019 1252 5042 ,
1288 4976 1387 5041 Qui
1419 4978 1595 5047 fecerit
1621 4986 1669 5047 et
1696 4976 1925 5030 docuerit
1958 4986 2002 5043 υ
2028 4974 2142 5045 ﬁeri
2172 4974 2347 5037 voluit,
2378 4980 2427 5024 et
2451 4971 2526 5024 sic
2544 4971 2735 5037 dicere,
2761 4985 2825 5022 ne
2849 4969 2961 5021 sine
2987 4964 3119 5019 bono
3138 4980 3290 5033 opere
3316 4966 3601 5031 verborum,

346 5050 433 5112 sic,
465 5066 681 5117 magnus
711 5050 989 5108 vocabitur,
1028 5058 1129 5103 etc.
1162 5047 1309 5103 idem
1339 5046 1461 5101 cod.
1493 5046 1583 5113 99,
1617 5046 1715 5111 Qui
1746 5047 1923 5117 fecerit

346 5118 433 5181 sic,
464 5129 514 5171 et
542 5118 769 5172 docuerit
797 5121 889 5182 sic,
924 5128 1030 5173 etc.

416 5193 440 5226 δ
472 5188 708 5256 Uterque
738 5189 861 5242 cod.
888 5187 946 5241 S.
977 5187 1164 5242 Crucis
1193 5188 1243 5241 in
1274 5187 1383 5241 Jcr.
1415 5195 1469 5241 et
1498 5186 1620 5245 cod.
1644 5184 1923 5249 Urbevet.,

347 5267 400 5309 ut
426 5276 528 5312 non
556 5259 798 5328 gaudeat,
817 5260 1059 5328 miretur,
1085 5258 1331 5328 imitetur,
1364 5273 1425 5328 ac
1448 5258 1752 5328 ueluti,_etc.

422 5340 444 5367 ε
474 5325 619 5383 idem
661 5326 783 5383 cod.
817 5325 1094 5389 Urbevet.,
1146 5325 1288 5379 Nam
1332 5327 1447 5379 ideo
1490 5325 1740 5379 Dominus
1766 5331 1920 5378 antea

419 5462 434 5493 ¹
480 5458 1025 5533 ῡὶχὶιν8.ίορίες;οριιβ,
1051 5466 1332 5533 martyres,
1354 5456 1448 5533 _qu_i
1473 5454 1706 5533 nondum
1737 5467 1920 5533 resur-

353 5540 601 5602 rcxerunt
621 5532 675 5583 in
704 5527 883 5583 inferis
901 5527 1114 5602 quidem
1126 5600 1132 5602 Α
1144 5527 1389 5602 retineri,
1421 5527 1628 5602 boc_est
1655 5527 1717 5602 in,
1740 5532 1922 5602 tumu—

354 5598 444 5671 lis,
473 5600 563 5653 sed
586 5604 770 5671 tamen
795 5614 822 5651 a
851 5593 1081 5668 peccatis
1105 5599 1302 5671 liberos
1334 5596 1466 5648 fore.
1501 5593 1611 5646 lloc
1636 5600 1814 5671 autem
1848 5593 1929 5644 in—

356 5662 689 5735 telligendum
719 5678 799 5722 est
821 5662 885 5721 de
914 5670 1247 5736 corporibus,
1278 5682 1381 5718 non
1414 5673 1590 5717 autem
1622 5662 1687 5715 de
1719 5662 1927 5715 anima-

357 5738 451 5791 bus
474 5740 753 5791 immortali
784 5738 898 5791 lure
922 5738 986 5789 ab
1014 5735 1160 5789 obitu
1194 5735 1503 5788 frncntihus.

2031 5053 2139 5150 et?"
2158 5113 2303 5168 Idem
2331 5112 2452 5167 cod.
2486 5109 2762 5175 Urbevet.,
2790 5122 2945 5177 quam
2962 5104 3239 5177 disertione
3264 5104 3546 5177 verborum.

2105 5193 2129 5221 °
2159 5183 2302 5237 Idem
2346 5182 2465 5236 cod.
2502 5180 2775 5240 Urbevet.,
2804 5174 3058 5228 'Auditum
3098 5176 3232 5227 enim
3281 5174 3380 5227 cito
3411 5174 3605 5242 obrepit

2030 5254 2255 5309 oblivio:
2284 5252 2545 5306 oculorum
2573 5250 2819 5313 historia,
2850 5254 2957 5299 etc.
2987 5242 3117 5298 Cod.
3148 5242 3216 5296 90
3250 5243 3306 5297 S.
3339 5242 3525 5299 Crucis
3553 5244 3605 5298 in

2031 5322 2140 5378 Jer.
2174 5324 2247 5377 ita
2278 5323 2423 5390 legit.

2095 5457 2115 5487 ¹
2156 5454 2278 5509 Fuit
2304 5468 2433 5508 sane
2460 5450 2746 5521 peculiaris
2767 5448 3011 5521 quietiam
3053 5446 3270 5521 Maximi
3312 5442 3514 5512 opinio,
3545 5443 3594 5495 in

2027 5538 2205 5578 annua
2230 5516 2514 5578 dominicae
2556 5516 2981 5575 Resurreﬂionis
3025 5516 3366 5571 solemnitate
3409 5528 3597 5580 corpo-

2026 5595 2195 5647 ralem
2236 5591 2591 5661 quorumdam
2646 5598 2959 5645 sanctorum
3017 5599 3307 5654 martyrum
3366 5595 3594 5635 resurre-

2030 5664 2264 5719 ctionem
2304 5662 2572 5716 renovari.
