4054 6194
440 276 542 332 707

1640 268 1694 323 8.
1740 269 1981 328 MAXIM!
2021 269 2472 328 TAURINENSIS

3598 272 3696 324 768

438 392 512 445 tui
541 389 730 446 clamat
776 386 845 442 ad
883 402 963 440 me
992 385 1144 458 (Gen.
1187 383 1282 453 tv).
1325 380 1574 437 Clamare
1617 383 1776 450 igitur
1819 383 2016 438 dicitur
2043 391 2090 448 Α
2116 385 2243 440 dum
2273 384 2432 440 ﬁdem
2461 393 2622 454 atque
2651 385 3008 442 innocentiam
3037 402 3188 442 suam
3219 389 3465 444 sensibus
3493 392 3691 447 nostris

439 479 674 549 sanguis,
697 477 787 548 qui
813 477 1070 531 innocens
1096 473 1293 529 eﬁ'usus
1313 482 1413 540 est,
1445 490 1548 528 non
1574 481 1682 526 tam
1705 489 1838 528 voce
1857 478 2044 542 quam'

438 585 621 625 causa.
679 565 768 622 Sic
796 575 852 620 et
878 572 1190 620 sanctorum
1219 571 1511 635 martyrum
1539 562 1731 616 animm
1764 562 2020 628 clamant,

2128 477 2244 546 ipsa
2273 475 2522 546 passione
2545 476 2942 533 commendant.
2975 477 3226 549 Explicit.

1703 650 1969 713 SERMO
2012 647 2422 710 LXXXVIII.

1557 746 1689 802 Item
1719 747 1782 802 de
1812 747 1978 801 natali
2006 745 2110 802 SS.
2143 753 2425 815 martyrum
2453 742 2571 799 III.

1853 833 2244 889 ADMONITIO.

507 929 667 999 623
697 926 756 982 In
784 926 968 999 codice
995 923 1384 999 Chisiano_sig.
1417 923 1518 978 litt.
1545 921 1585 999 β
1615 939 1722 999 vm,
1749 937 1870 993 pag.
1898 924 2000 999 257
2030 939 2059 978 a
2091 932 2267 999 tergo,
2292 924 2434 999 hunc
2459 939 2760 999 sermonem
2808 922 3105 999 invenimus
3145 923 3204 980 8.
3248 924 3481 999 Maximo
3510 938 3694 999 nostro

439 991 770 1053 attFib—u'tum.
805 996 1061 1050 Eumdem
1089 991 1504 1050 emendatiorem
1533 991 1794 1046 dederunt
1817 991 1938 1048 eod.
1963 995 2271 1046 monasterii
2299 992 2658 1056 Sublacensis,
2688 991 3075 1048 Lectionarimn
3101 996 3480 1049 cannnicorum
3513 996 3694 1052 Eccle-

440 1069 533 1122 siae
562 1067 853 1127 Patavium,
882 1067 1096 1134 duoque
1139 1061 1454 1134 Breviaria‘;
1487 1079 1650 1134 unum
1683 1061 1932 1134 Ecclesia:
1961 1063 2307 1134 Velitrensis,
2336 1063 2562 1134 alterum
2590 1063 2670 1134 ad
2713 1078 2863 1134 usum
2905 1063 3152 1118 Ecclesia:
3181 1062 3485 1119 Gallicanum.
3518 1066 3695 1132 Quare

444 1138 529 1192 his
556 1135 855 1191 conﬁrmati
886 1131 1204 1188 testimoniis
1231 1132 1284 1186 in
1315 1131 1580 1201 publicam
1631 1131 1802 1201 lucem
1829 1132 1943 1201 sub
1985 1132 2226 1201 ejusdem
2271 1132 2326 1186 S.
2376 1133 2630 1201 antistitis
2674 1133 2887 1201 nomine
2925 1134 3172 1187 emittere
3215 1150 3320 1187 non
3359 1131 3693 1196 dubitamus;

515 1221 743 1276 anquam
790 1203 1226 1276 aliqui_codiees,
1273 1198 1333 1276 ut
1377 1199 1662 1276 Vaticanus
1707 1198 1842 1276 i275
1883 1198 2118 1276 pa_g_.26
2145 1216 2203 1276 _a_
2229 1200 2795 1276 te_rgo,_l_iasilit:p_S._
2815 1199 2958 1276 Petri
2996 1203 3208 1276 num._6
3236 1204 3280 1256 A
3310 1218 3431 1276 pag.
3469 1204 3597 1276 250,
3641 1216 3696 1260 et
3793 1259 3796 1261 Α

515 1221 743 1276 anquam
790 1221 952 1272 altqm
982 1221 1226 1264 coutces,
1273 1221 1332 1254 ut
1384 1221 1662 1253 vaucanus
1707 1221 1842 1254 ηις)
1884 1221 2005 1269 pag.
2049 1221 2118 1253 zo
2157 1221 2188 1254 a
2229 1221 2410 1269 tergo,
2453 1221 2693 1255 nasmtm
2722 1221 2782 1255 ο.
2815 1221 2958 1256 rem
2996 1221 3142 1256 num.
3176 1221 3208 1255 0
3236 1221 3280 1256 Λ
3310 1221 3431 1271 pag.
3469 1221 3597 1272 zou,
3641 1221 3691 1260 el

439 1221 699 1328 IIII-hevet.
731 1287 850 1343 pag.
881 1272 1004 1337 206,
1045 1271 1330 1325 Ambrosio
1375 1269 1461 1324 vel
1502 1269 1798 1336 Augustino
1826 1269 2114 1324 ascribant.
2145 1269 2315 1325 Dictio
2355 1271 2570 1340 quidem
2599 1287 2628 1324 a
2659 1269 2978 1325 Maximiana
3021 1272 3269 1326 oratione
3298 1273 3556 1329 absimilis
3583 1290 3691 1329 non

439 1344 668 1398 videtur.

441 1440 831 1510 Assanitarum.
853 1467 926 1480 —
963 1434 1212 1488 Venerari
1251 1441 1450 1502 oportet
1487 1433 1541 1486 in
1585 1430 1691 1486 SS.
1731 1439 2017 1510 martyrum
2049 1439 2096 1498 Β
2123 1447 2370 1488 cessores
2398 1432 2598 1510 habere
2625 1432 2960 1488 mereamini.
2991 1431 3113 1487 Haec
3139 1439 3221 1489 est
3249 1433 3391 1488 enim
3427 1433 3524 1489 SS.
3553 1451 3696 1489 mar-

512 1509 681 1579 gloria
707 1507 862 1577 ﬁdem
889 1514 1152 1568 nostram;
1182 1501 1345 1556 mater
1371 1518 1590 1572 namque
1615 1502 1854 1572 martyrii
1879 1501 2014 1572 ﬁdes

509 1576 764 1631 catholica
792 1583 889 1629 est.

514 1710 682 1764 Recte
725 1723 789 1762 ac
828 1722 894 1762 ex
935 1705 1117 1760 debito
1144 1703 1393 1759 Ecclesia:
1420 1702 1697 1758 beatorum
1725 1712 2018 1778 martyrum

440 1799 718 1856 celebrant
746 1795 970 1864 insignia
987 1831 1004 1860 ,
1034 1794 1123 1864 qui
1152 1792 1512 1847 illuminantes
1537 1793 1734 1846 virtute
1762 1791 1881 1847 ﬁdei
1909 1808 2020 1848 sum

441 1890 854 1950 innumerabiles
882 1887 1129 1958 populos,
1152 1885 1254 1940 soli
1283 1883 1500 1953 quidem
1527 1883 1730 1948 illatam
1756 1883 1856 1938 sibi
1895 1899 2020 1938 sen-

439 1989 627 2038 serunt
670 1989 920 2043 mortem,
965 1975 1057 2032 sed
1103 1991 1211 2030 non
1251 1975 1350 2030 soli
1396 1975 1585 2028 mortis
1624 1988 1732 2028 sua:
1759 1973 2016 2028 beneﬁcia

439 2070 808 2144 possederunt.
838 2068 1100 2123 lmmensa
1127 2067 1271 2122 enim
1296 2065 1391 2121 Dei
1418 2067 1587 2120 nostri
1615 2067 1807 2136 pietas,
1836 2065 2017 2118 multi-

439 2163 562 2235 plex
590 2161 658 2216 ad
688 2161 1001 2221 bonitatem,
1029 2161 1085 2212 et
1113 2155 1307 2211 artifex
1332 2156 1400 2210 ad
1429 2155 1676 2220 salutem,
1709 2170 2020 2226 proponens

438 2254 660 2310 arduam
691 2252 943 2307 virtutum
973 2258 996 2285 κ
1025 2248 1278 2320 palmam,
1323 2262 1475 2302 raros
1515 2247 1844 2317 appetituros
1873 2247 2022 2301 inve-

440 2346 551 2409 nit,
583 2343 677 2398 sed
703 2342 992 2413 pretiosam
1022 2340 1075 2394 in
1115 2353 1410 2409 paucorum
1456 2337 1736 2407 triumphis
1762 2337 2020 2407 plurium-

440 2451 560 2490 ruan
590 2432 886 2489 commodis
932 2428 1203 2500 prospicit.
1253 2427 1470 2482 Illorum
1516 2427 1780 2495 siquidem
1828 2427 2019 2480 merita

439 2533 624 2582 nostra
653 2523 765 2578 vult
789 2537 910 2578 esse
938 2519 1206 2587 snﬁ'ragia,
1238 2518 1502 2589 simulque
1526 2519 1652 2572 dum
1681 2519 1835 2573 nobis
1861 2518 2018 2572 fidem

438 2631 620 2670 veram
655 2613 791 2668 duro
819 2613 843 2651 ιι
873 2611 1113 2682 martyrii
1142 2623 1315 2678 agone
1357 2609 1726 2672 commendat,
1775 2608 2022 2665 aﬁlictio-

438 2720 562 2760 nem
591 2702 1004 2774 praecedentium
1035 2701 1437 2756 instructionem
1466 2696 1630 2754 eﬁlcit
1656 2708 2015 2768 posterorum.

2121 1531 2296 1595 tyrum
2319 1523 2506 1591 gloria,
2529 1538 2756 1591 quorum
2795 1531 2852 1578 et
2901 1523 2945 1578 si
2987 1539 3084 1592 per
3111 1524 3413 1578 universum
3440 1527 3696 1579 mundum

2119 1613 2412 1667 seminetur
2439 1613 2491 1666 in
2521 1613 2790 1668 cineribus
2818 1613 3024 1682 portio,
3055 1623 3235 1669 manet
3279 1623 3458 1670 tamen
3491 1615 3696 1684 integra

2121 1702 2172 1756 in
2201 1703 2487 1757 virtutibus
2513 1702 2807 1772 plenitudo.
2839 1702 3169 1757 Veneremur
3196 1719 3323 1772 ergo
3354 1703 3381 1741 1³
3415 1706 3555 1760 inter
3577 1714 3698 1760 tan‘

2120 1801 2205 1848 tos
2247 1793 2442 1848 Christi
2490 1793 2688 1848 milites
2734 1793 2889 1847 tidem
2940 1801 3200 1848 nostram.
3253 1794 3423 1849 Mater
3464 1811 3698 1864 namque

2126 1883 2141 1922 ί
2175 1886 2413 1950 martyrii
2444 1883 2574 1940 ﬁdes
2601 1884 2863 1939 catholica
2893 1893 2994 1947 est,
3028 1885 3080 1938 in
3127 1900 3231 1954 qna
3277 1885 3292 1936 l
3342 1885 3430 1940 ille
3476 1887 3699 1941 illustris

2118 1977 2316 2031 athleta
2348 1976 2659 2046 subscripsit
2683 1977 2956 2043 sanguine,
2981 1983 3036 2030 et
3055 1983 3229 2031 morte
3251 1976 3468 2045 iuravit.
3503 1976 3697 2043 Mater,

2118 2067 2354 2135 inquam,
2379 2065 2616 2136 martyrii
2637 2065 2766 2119 ﬁdes
2785 2074 2884 2119 est.
2911 2064 3238 2121 Veneremur
3257 2080 3384 2134 ergo
3407 2065 3458 2120 in
3479 2077 3697 2121 sancto-

2121 2173 2238 2212 rum
2262 2165 2553 2228 martyrum
2573 2155 2743 2224 gloria
2768 2154 2921 2210 ﬁdem
2951 2164 3206 2210 nostram.
3231 2155 3513 2221 Quomodo
3535 2157 3696 2212 ﬁdem

2119 2249 2398 2304 nostram?
2425 2247 2506 2302 Ab
2533 2248 2636 2302 illis
2663 2247 2825 2312 enim,
2857 2246 2980 2306 dum
3011 2247 3200 2302 mortis
3231 2247 3510 2302 tolerantia
3541 2249 3682 2303 indu-

2119 2339 2353 2393 bitanter
2400 2338 2702 2407 excipitur,
2768 2352 2891 2406 spes
2944 2337 3360 2394 immortalitatis
3419 2338 3698 2392 evidenter

2121 2427 2399 2482 asseritur.
2451 2427 2730 2496 Nunquam
2784 2427 2925 2481 enim
2985 2427 3122 2482 hanc
3169 2427 3333 2482 vitam
3385 2436 3700 2483 constanter

2117 2516 2513 2588 expenderent,
2559 2517 2658 2571 nisi
2698 2531 2817 2572 esse
2863 2515 2890 2554 ιι
2939 2517 3159 2571 alteram
3206 2517 3700 2588 incomparabiliter

2117 2608 2413 2663 beatiorem
2454 2607 2689 2678 perfecta
2733 2607 3042 2664 deﬁnitione
3090 2611 3370 2668 sentirent.
3407 2611 3465 2666 In
3495 2614 3696 2667 sanctis

2118 2697 2298 2766 itaque
2325 2699 2604 2768 praeconiis
2629 2699 2868 2753 veritatis
2892 2707 2948 2753 et
2975 2699 3237 2768 passionis
3265 2703 3692 2769 magnanimitas,

437 2797 649 2863 Quanta
669 2804 752 2849 est
769 2795 912 2848 circa
931 2807 1032 2847 nos
1057 2791 1152 2846 Dei
1182 2791 1351 2846 nostri
1374 2790 1716 2845 sollicitudo?
1743 2787 1868 2845 Illos
1888 2805 2015 2844 exa-
2044 2799 2088 2861 c
2124 2785 2141 2825 ι
2174 2795 2231 2842 et
2256 2788 2479 2842 rationis
2506 2789 2799 2843 auctoritas
2827 2796 2935 2854 est;
2984 2790 3216 2859 prompti
3255 2792 3398 2845 enim
3445 2803 3693 2860 pereunt,

438 2886 625 2948 minat,
651 2893 708 2938 ut
735 2900 830 2938 nos
857 2882 1094 2945 erudiat;
1124 2881 1244 2935 illos
1271 2879 1521 2953 conterit,
1546 2887 1605 2932 ut
1624 2893 1722 2934 nos
1752 2879 2011 2946 acquirat,

439 2988 738 3042 eorumque
756 2972 1024 3028 cruciatus
1048 2978 1262 3024 nostros
1286 2981 1306 3006 ο
1330 2969 1558 3025 contulit
1578 2984 1696 3023 esse
1725 2969 2013 3038 profectus.

439 3065 632 3121 Merito
671 3077 800 3131 ergo
843 3045 938 3116 eos
983 3060 1241 3123 colimus,
1291 3062 1318 3095 α
1367 3058 1458 3128 qui
1513 3059 1765 3127 periculis
1818 3061 2017 3114 nostris

439 3164 702 3227 pugnant,
723 3161 780 3209 et
804 3152 1001 3207 nostris
1028 3151 1343 3205 utilitatibus
1364 3151 1620 3214 militant;
1649 3151 1738 3218 qui
1769 3165 1865 3219 per
1885 3151 2017 3206 lucis

439 3247 669 3315 vimque
687 3250 1050 3312 contemptum
1070 3239 1299 3296 edocent
1312 3257 1412 3297 nos
1424 3247 1681 3309 quantum
1701 3240 1810 3295 Deo
1832 3250 2016 3297 nostro

437 3337 728 3392 debeamus
771 3334 1040 3388 allectum.
1088 3331 1404 3388 Noverimns
1432 3333 1632 3400 itaque,
1681 3342 1704 3369 ο
1735 3333 1877 3401 quod
1908 3349 2014 3388 non

435 3429 555 3483 sine
582 3441 776 3496 magno
803 3424 1109 3480 discrimine
1135 3424 1202 3479 de
1229 3424 1502 3492 religionis
1529 3425 1759 3479 veritate
1785 3424 2016 3493 disputa-

438 3533 575 3582 mus,
601 3533 760 3588 quam
785 3523 1053 3570 tantorum
1075 3514 1332 3582 sanguine
1358 3511 1728 3568 conﬁrmatam
1750 3514 2010 3569 videmus.

437 3607 614 3676 Magni
645 3606 862 3677 periculi
893 3620 980 3660 res
1005 3612 1114 3670 est,
1152 3602 1170 3641 ί
1216 3604 1260 3658 si
1299 3613 1422 3673 post
1447 3603 1827 3674 prophetarum
1852 3604 2015 3677 624

435 3695 677 3760 oracula,
695 3704 818 3765 post
838 3693 1202 3764 apostolorum
1225 3693 1551 3757 testimonia,
1578 3705 1698 3762 post
1719 3704 2013 3765 martyrum

441 3786 692 3848 vulnera,
742 3792 977 3838 veterem
1027 3781 1184 3838 ﬁdem
1233 3783 1384 3851 quasi
1432 3783 1699 3840 novellam
1745 3783 2014 3840 discutere

436 3890 744 3946 praesumas,
772 3881 828 3928 et
855 3881 975 3941 post
1006 3880 1112 3925 tam
1156 3871 1468 3925 manifestos
1512 3872 1676 3926 duces
1723 3872 1774 3926 in
1825 3888 2012 3927 errore

438 3979 776 4034 permaneas,
796 3972 853 4016 et
872 3969 994 4030 post
1013 3961 1353 4014 morientium
1382 3962 1606 4016 sudores
1631 3963 1801 4016 otiosa
1829 3965 2010 4033 dispu-

436 4056 639 4108 tatione
667 4063 692 4100 ε
731 4053 1040 4108 contendas.
1089 4051 1415 4107 Veneremur
1441 4067 1570 4121 ergo
1599 4056 1652 4108 in
1678 4053 1774 4109 SS.
1807 4067 2010 4128 marty-

2118 2881 2173 2934 in
2198 2881 2387 2934 melius
2414 2880 2700 2949 reparandi
2721 2921 2734 2946 ,
2764 2881 2957 2950 quibus
2983 2897 3082 2950 per
3102 2883 3374 2950 angustias
3397 2883 3698 2938 tribulatio-

2119 2987 2244 3026 num
2273 2972 2512 3042 aperitur
2538 2973 2713 3028 exitus
2747 2973 2815 3026 ad
2845 2983 2881 3009 ω
2911 2972 3048 3028 hanc
3077 2974 3458 3043 plenitudinem
3474 2976 3698 3043 gaudio-

2116 3081 2257 3120 rum.
2287 3065 2549 3121 Cruentas
2578 3065 2743 3136 impio
2771 3081 2840 3121 ex
2867 3080 2962 3121 ore
2990 3075 3248 3136 respuunt
3276 3067 3433 3136 625
3472 3078 3696 3121 senten-

2117 3158 2235 3221 tias,
2266 3158 2448 3211 auditu
2477 3157 2779 3227 repudiant,
2804 3156 3070 3224 refugiunt
3097 3155 3294 3211 ofﬁcio.
3315 3156 3500 3226 Itaque
3526 3157 3694 3227 impe-

2115 3255 2226 3302 tum
2257 3248 2522 3317 passionis
2564 3249 3003 3314 magnanimitate
3048 3256 3363 3316 provocant,
3392 3249 3695 3302 humilitate

2113 3338 2402 3394 declinant.
2438 3340 2454 3370 ¹
2483 3338 2826 3394 Incumbente
2853 3341 3246 3408 persecutionis
3291 3340 3471 3395 furore
3517 3340 3692 3395 adhuc

2112 3431 2482 3485 eatechumeni
2511 3431 2743 3486 animum
2785 3431 2922 3486 etelo
2952 3442 3280 3502 pneparant,
3308 3445 3693 3501 regenerantur

2111 3530 2306 3586 morte,
2335 3521 2678 3576 damnatione
2719 3522 3015 3586 solvuntur,
3065 3523 3241 3590 gladio
3287 3532 3687 3580 consecrantur.

2114 3611 2250 3666 Hinc
2274 3620 2300 3648 η
2330 3612 2688 3680 intelligamus
2705 3620 2961 3682 quantum
2992 3614 3216 3668 valuerit
3242 3613 3308 3667 ad
3339 3613 3688 3669 auferendum

2110 3704 2292 3757 mundi
2316 3712 2594 3773 peccatum
2631 3704 2810 3772 passio
2838 3703 3232 3774 Redemptoris.
3266 3703 3404 3760 Ecce
3433 3705 3690 3760 innocen-

2113 3794 2244 3850 tiam
2273 3803 2328 3847 et
2353 3795 2518 3848 vitam
2545 3795 2802 3864 probatur
2827 3793 3074 3850 conferre
3103 3811 3248 3850 mors
3274 3795 3532 3861 hominis;
3560 3797 3688 3852 hinc

2116 3883 2471 3951 intelligamus
2485 3893 2740 3954 quantum
2768 3885 2820 3938 in
2841 3885 3077 3939 omnium
3094 3885 3356 3954 profuerit
3371 3901 3523 3941 sacra
3539 3901 3688 3941 mors

2113 3973 2231 4026 Filii
2259 3973 2371 4028 Dei.
2429 3973 2565 4029 Ecce
2593 3975 2865 4044 proprium
2903 3982 2958 4029 et
2997 3976 3236 4043 orginale
3260 3975 3512 4030 delictum
3542 3976 3688 4030 lavat

2107 4066 2325 4133 sanguis
2353 4065 2636 4131 humanus,
2667 4075 2741 4132 et,
2771 4067 2914 4136 quod
2941 4067 3060 4136 plus
3087 4077 3186 4132 est,
3219 4082 3376 4123 nemo
3398 4068 3510 4133 jam
3543 4070 3686 4124 tollit

435 4161 550 4201 rum
578 4145 744 4214 gloria
776 4143 931 4198 ﬁdem
961 4151 1228 4208 nostram.
1275 4147 1726 4213 consmtulemur.
1772 4148 2006 4204 dilectis-
2033 4154 2085 4213 D
2107 4158 2250 4226 quod
2278 4157 2544 4227 baptismo
2578 4174 2676 4212 suo
2704 4173 2866 4212 cruor
2892 4168 2918 4196 ο
2966 4160 3056 4214 ille
3082 4159 3382 4214 contulerit.
3444 4158 3572 4215 Post
3600 4161 3684 4213 ni-

433 4235 549 4291 simi
591 4235 813 4301 fratres,
861 4247 1066 4302 magnae
1111 4233 1233 4288 lidei
1278 4244 1504 4300 nostrae,
1546 4251 1642 4306 per
1669 4253 1848 4306 quam,
1879 4239 2003 4294 dum

433 4325 644 4382 exsules
681 4324 884 4395 proﬂua
923 4325 1144 4378 caritate
1168 4325 1454 4394 suscipitis,
1480 4326 1624 4395 ipsos
1650 4329 1811 4382 etiam
1838 4330 2003 4385 inter.

503 4465 530 4491 ι
558 4454 690 4507 Cod.
720 4451 1260 4526 Vat.41273_,pal_mam
1283 4471 1400 4506 raro
1429 4456 1713 4522 appetitore
1725 4459 2002 4526 pretiosam

433 4525 485 4602 in
503 4539 779 4602 paucorum
795 4523 1061 4602 triumphis
1076 4523 1409 4602 plurimorum
1425 4526 1702 4578 commodis
1717 4523 2001 4602 prosperit.

433 4589 563 4647 Cod.
599 4589 873 4655 Urbevet.,
901 4589 990 4644 sed
1016 4589 1292 4659 pretiosam
1329 4592 1382 4646 in
1419 4609 1694 4661 paucorum
1717 4589 2002 4668 triumphis

434 4673 647 4715 mortem
674 4662 1039 4715 plurimorum.
1069 4668 1174 4714 etc.
1793 4698 1795 4700 .

434 4675 647 4716 mortem
673 4675 1039 4732 ptumnorum,
1069 4675 1174 4714 etc.
1793 4698 1795 4700 .

509 4734 533 4770 ιι
564 4731 730 4807 Codd.
763 4730 820 4784 S.
854 4728 996 4783 Petti
1044 4728 1088 4782 A
1132 4728 1184 4795 9,
1236 4727 1458 4784 Domino
1504 4733 1738 4803 martyrii
1785 4752 1998 4807 agonem

434 4801 774 4856 commendat.

511 4882 534 4909 ε
561 4871 693 4924 Cod.
727 4869 1000 4948 Urbevet.,
1027 4868 1265 4948 vultesse
1294 4871 1572 4950 profectus.

506 4939 533 4976 ά
563 4939 693 4994 Cod.
726 4939 845 4994 Vat.
870 4939 1027 4994 ηπ).
1056 4953 1142 4994 aut
1163 4954 1269 4991 suis
1293 4940 1528 4994 periculis
1552 4957 1572 4994 ι

518 4952 533 5020 ξ
563 4952 693 4994 υοα.
731 4952 845 4994 vat.
870 4952 1027 5003 ηιξ),
1056 4953 1142 5009 (μη
1163 4954 1269 4991 suis
1292 4952 1528 5007 periculis
1551 4952 1800 5010 pugnant,
1828 4952 1877 4997 et
1903 4960 2000 4998 ηο-

434 5016 573 5072 stris,
597 5017 702 5062 etc.

513 5089 535 5158 ξ
566 5077 705 5158 idem
735 5077 853 5158 coci.
884 5077 1002 5158 Vat.
1037 5075 1192 5158 l2'l5,
1219 5077 1339 5158 quia
1368 5093 1465 5147 pro
1491 5078 1647 5147 quod.

514 5146 534 5186 ί
563 5147 705 5200 Idem
735 5145 854 5197 cod.
886 5145 1028 5211 Vat.,
1052 5157 1106 5199 ut
1133 5148 1177 5200 si
1201 5145 1335 5215 post.
1370 5145 1384 5147 “

507 5227 534 5264 s
560 5215 693 5270 Cod.
725 5213 782 5267 S.
808 5211 950 5267 Petri
979 5219 1024 5268 A
1041 5216 1411 5272 9,contemnas.

506 5284 535 5360 ξι
724 5281 1001 5360 ρτὺεγεξξη
1026 5285 1080 5336 in
1109 5295 1249 5339 tanto
1277 5285 1466 5340 Christi
1495 5286 1654 5339 milite
1681 5286 1854 5360 ﬁdem.

514 5353 530 5434 ξ
565 5354 698 5436 ροᾴ.
720 5352 889 5436 r‘Va't‘,
909 5351 1077 5436 linter
1103 5351 1807 5436 namque‘martprnmﬁdes}

509 5424 524 5474 i
563 5423 695 5478 Cod.
719 5421 777 5476 8.
801 5420 942 5474 Petri
964 5423 1008 5474 A
1030 5423 1082 5486 9,
1107 5432 1162 5476 ct
1179 5420 1299 5478 cod.
1328 5420 1576 5491 Vat.,isti
1597 5420 1819 5479 illustres
1839 5426 2002 5479 athle-

508 5515 524 5546 ¹
556 5512 671 5568 Huc
699 5526 865 5581 usque
889 5511 1056 5566 codex
1077 5511 1372 5577 Chisianus,
1395 5516 1559 5570 variis
1586 5515 1637 5568 in
1663 5515 1794 5570 locis
1822 5530 2006 5570 cmen-

435 5584 594 5656 datur
633 5598 663 5636 a
710 5583 895 5656 codice
939 5581 1268 5656 Sublaccnsi,
1319 5585 1408 5654 qui
1436 5586 1636 5653 pergit,
1670 5595 1726 5638 ut
1754 5586 2006 5656 deinceps

437 5654 679 5710 habetur.
739 5651 996 5706 Videntur
1017 5660 1196 5705 tamen
1217 5654 1282 5706 ab
1303 5651 1562 5720 elegantia
1587 5665 1640 5709 et
1668 5656 1760 5708 niti
1784 5659 1828 5708 la
1858 5651 2005 5710 Iocu-

2113 4255 2283 4304 torem
2314 4263 2412 4302 nos
2440 4249 2708 4316 baptismi,
2735 4256 2857 4317 post
2883 4249 3133 4304 collatum
3158 4251 3313 4305 nobis
3331 4253 3432 4320 pia:
3462 4264 3684 4317 regene-

2106 4336 2333 4391 rationis
2357 4337 2644 4392 candorem
2657 4377 2674 4404 ,
2695 4346 2815 4408 post
2831 4337 3144 4407 acquisitam
3166 4339 3461 4394 indumenti
3478 4341 3684 4409 nuptia—

2103 4465 2601 4542 taz_st_tliscripserun_t
2627 4470 2897 4542 sanguine,
2929 4480 3090 4524 morte
3110 4471 3433 4542 juraverunt.

2174 4535 2199 4604 ξι
2230 4535 2371 4589 Idem
2394 4535 2524 4590 feud.
2553 4537 2697 4604 Vat.,
2728 4535 2904 4593 tilium.

2178 4602 2195 4642 ι
2227 4604 2376 4660 Idem
2405 4608 2524 4660 cod.
2564 4602 2692 4662 Vat.
2718 4609 2874 4674 1275,
2900 4618 2949 4662 et
2985 4611 3370 4664 resurrectionis
3399 4621 3600 4666 auctor.

2173 4684 2210 4711 ω
2238 4674 2370 4729 Cod.
2404 4676 2460 4730 S.
2494 4675 2634 4730 Petri
2683 4681 2884 4731 omittit
2929 4680 3094 4744 hunc;
3139 4679 3336 4734 deinde
3367 4698 3379 4733 :
3422 4681 3679 4738 Cruentas

2100 4745 2256 4821 impio
2284 4761 2346 4798 ea:
2377 4763 2465 4821 ore
2481 4749 2770 4821 sententias
2806 4759 3080 4821 respuunt,
3109 4767 3283 4821 manu,
3295 4752 3492 4821 _auditu
3521 4770 3678 4821 repu-

2101 4815 2274 4874 diunt,
2327 4817 2584 4886 refugiunt
2628 4817 2812 4886 ofﬁcio.
2857 4815 2988 4872 Cod.
3020 4819 3140 4872 Vat.
3193 4818 3346 4880 19.75,
3396 4815 3675 4876 sententias

2105 4887 2296 4961 respuit
2325 4887 3249 4961 manu,.repudiavitanditu,_re[ugit
3278 4890 3460 4961 ofﬁcio.
3489 4891 3677 4961 Utique

2102 4953 2346 5020 impetum
2385 4953 2642 5022 passionis
2689 4957 2972 5010 humilitate
3019 4953 3676 5014 declinans."Incumbente

2104 5025 2438 5099 persecutoris
2470 5025 2844 5093 furore.adlmc
2878 5029 3222 5099 cateclzumeni
3269 5037 3519 5099 martyres
3557 5031 3676 5082 ani—

2107 5093 2748 5168 mumncteloprwparantt
2759 5103 2874 5168 etc.
2890 5095 2938 5148 Η
2945 5097 3001 5168 ἐς
3020 5098 3386 5168 intelligamus.

2175 5169 2198 5194 "
2227 5159 2360 5236 god.
2397 5159 2668 5236 Urbevet.,
2698 5163 2835 5217 Ilinc
2859 5159 3317 5236 intrlligiturfetc.

2175 5237 2199 5264 ο
2230 5229 2370 5300 idem
2413 5231 2533 5284 cod.
2579 5230 2856 5300 Urbevet.,
2893 5229 3046 5288 cruor
3068 5237 3164 5288 iste
3188 5235 3420 5290 contulit.
3451 5235 3586 5290 Cod.
3611 5234 3670 5290 8.

2107 5295 2250 5382 ξριῖὶ
2279 5299 2324 5352 Α
2352 5300 2406 5382 ξ),
2435 5301 2570 5382 quod
2605 5295 2869 5382 ‘b-aptizato
2913 5321 3005 5382 suo
3047 5321 3198 5382 cruor
3238 5308 3336 5358 iste
3378 5305 3671 5382 contulerit.

2108 5365 2225 5487 nNti’s
2251 5379 2367 5492 pos:
2393 5365 2634 5442 originali
2663 5365 2855 5443 peccati
2883 5376 3258 5446 expiationem,
3287 5385 3402 5447 post
3428 5376 3673 5446 collatum

2145 5452 2174 5488 ο
2211 5455 2274 5492 is.
2303 5454 2334 5492 e
2358 5453 2406 5492 c.

2145 5452 2274 5505 oms,
2303 5452 2406 5494 etc.

2107 5524 2254 5600 t_io_n_e
2279 5526 2604 5600 S._Maximi,
2634 5543 2752 5600 qua:
2773 5539 3086 5600 scqmmlur,
3117 5533 3273 5589 nimis
3301 5532 3505 5596 aliena;
3537 5532 3681 5588 unde

2107 5593 2452 5652 dubitandum
2483 5605 2565 5654 est
2591 5593 2666 5653 an
2685 5599 2796 5668 ipse
2819 5593 2890 5654 sit
2917 5593 3119 5660 auctor.
