4054 6194
233 359 333 414 709

1594 348 1826 405 SERMO
1865 346 2134 403 LXXXIX.

3374 349 3477 401 710

233 471 297 525 lis
339 465 632 535 angelicam
675 463 987 531 dignitatem
1038 472 1063 499 ⁸
1121 463 1172 515 iu
1216 468 1557 531 peccatorum
1600 459 1794 529 relapsi
1824 463 1874 524 Α
1900 467 2173 528 spectum;
2218 457 2355 512 sicut
2383 459 2614 527 quodam
2646 458 2766 513 loco
2804 473 2908 512 vox
2946 466 3174 513 testatur
3199 460 3435 525 angelica
3469 475 3481 511 :

233 574 403 623 emno,
437 559 491 612 in
516 556 798 612 criminum
828 554 1109 608 volutabro
1135 554 1363 607 revoluti
1394 554 1605 607 niveum
1634 553 1801 607 vesti-

234 659 469 706 mentum
500 648 668 701 tetris
724 646 1060 714 iuiquitatum
1106 659 1171 698 ac
1217 644 1493 697 libidinum
1542 643 1805 711 contagiis

234 738 590 804 sordidamus,
637 744 693 790 et
720 735 747 775 δ
776 734 1151 802 bolosericam,
1199 734 1252 787 in
1273 748 1379 802 qua
1407 734 1636 801 sigillum
1665 733 1803 787 divi-

238 847 316 886 nae
342 829 587 897 imaginis
615 841 991 896 acceperamus
1017 825 1334 894 impressum
1352 865 1366 886 ,
1421 823 1643 877 maculis
1670 838 1809 877 mor-

238 922 402 976 tifera:
441 918 803 988 corruptionis
856 916 1144 978 inﬁcimus,
1210 921 1267 970 et
1313 922 1437 984 post
1482 913 1807 980 singularem

239 1011 442 1066 Domini
482 1008 651 1063 nostri
690 1006 1070 1074 indulgentiam
1108 1006 1358 1059 innovata
1387 1002 1675 1067 fmdamus,
1725 1001 1808 1055 in-

238 1113 381 1170 tegra
402 1098 771 1164 rescindimus,
793 1096 1006 1165 expiata
1028 1096 1305 1159 violamus,
1326 1099 1631 1162 repetentes
1643 1105 1808 1161 opera

240 1208 346 1246 non
379 1204 398 1228 ι’
427 1190 538 1259 jam
566 1187 720 1242 undis
742 1186 1044 1255 purganda,
1084 1184 1178 1239 sed
1205 1182 1452 1238 flammis.
1485 1180 1509 1217 ιι
1542 1181 1692 1234 Felix
1721 1181 1808 1234 hic

240 1282 359 1335 talis
383 1278 714 1348 baptismus,
764 1290 873 1343 quo
912 1289 1073 1329 omne
1099 1273 1353 1328 delictum
1391 1273 1463 1326 ita
1492 1286 1524 1325 a
1558 1270 1809 1325 catechu-

243 1385 397 1425 meno
426 1368 585 1431 exiit,
625 1374 684 1419 ut
708 1366 881 1420 redire
905 1364 1016 1433 jam
1040 1380 1145 1419 non
1175 1365 1374 1434 possit;
1430 1377 1537 1433 quo
1564 1361 1641 1416 sic
1671 1370 1695 1397 ο
1725 1360 1812 1413 de-

241 1462 361 1515 licta
391 1474 489 1513 sua
518 1457 706 1523 solvit,
730 1471 799 1510 ne
820 1457 958 1509 ultra
978 1454 1303 1511 creditorem
1333 1454 1576 1516 timeret;
1620 1465 1727 1519 quo
1757 1450 1811 1503 in

245 1565 300 1605 se
321 1549 559 1603 hostium
589 1553 812 1616 peccata
850 1545 953 1598 ﬁde
980 1545 1169 1608 solvit,
1227 1543 1331 1596 ﬁne
1359 1541 1665 1605 damnavit;
1715 1553 1815 1609 per

243 1656 399 1710 quem
445 1638 766 1708 baptismum
812 1636 1174 1691 innocentiam
1222 1634 1509 1688 devotione
1549 1630 1812 1699 quaesivit,

246 1729 639 1802 perseverantia
665 1724 896 1792 invenit,
946 1734 1120 1781 morte
1157 1726 1422 1805 servarit._
1464 1724 1480 1760 ί
1538 1723 1665 1789 Quae
1692 1734 1814 1775 cum

246 1824 314 1879 ita
340 1824 477 1887 sint,
518 1821 811 1887 carissimi,
842 1820 968 1874 licet
991 1828 1016 1863 κ
1043 1818 1269 1888 quisque
1298 1824 1477 1869 tantus
1503 1816 1703 1871 Christi
1732 1824 1813 1870 te-

243 1916 332 1971 stis
360 1914 633 1985 pretiosus
671 1912 741 1965 sit
766 1908 1132 1974 confessione,
1188 1907 1475 1977 pretiosior
1514 1914 1597 1960 est
1636 1914 1813 1960 tamen

244 2006 529 2074 sanguine,
561 2002 766 2058 crudeli
794 2001 1016 2055 vulnere
1042 2000 1350 2068 speciosior,
1385 2005 1441 2052 et
1470 1996 1633 2051 tincta
1669 2005 1816 2051 veste

247 2095 271 2134 δ
298 2096 604 2158 candidior,
657 2094 784 2148 licet
824 2092 879 2145 in
921 2104 1237 2160 quacunque
1277 2088 1559 2158 peculiaris
1599 2095 1818 2157 putetur

247 2186 524 2259 privilegio
544 2184 807 2255 sepulcri,
835 2182 930 2237 sed
966 2184 981 2219 ι
1016 2190 1198 2236 noster
1216 2188 1378 2249 atque
1397 2179 1634 2233 omnium
1654 2179 1821 2249 623

247 2285 324 2332 est
349 2276 733 2332 communione
760 2271 995 2340 suﬂragii
1018 2271 1156 2342 (sic).
1188 2270 1369 2339 Neque
1388 2270 1528 2325 enim
1556 2267 1819 2339 praedictm

250 2367 385 2422 illius
418 2364 560 2418 urbis
588 2364 781 2417 caritas
804 2362 1040 2431 proﬁua,
1098 2368 1153 2413 et
1182 2358 1311 2413 ﬁdes
1340 2374 1499 2413 avara
1534 2366 1741 2412 tantum
1770 2359 1821 2412 ei

252 2463 264 2508 ι
300 2456 601 2523 derogavit,
628 2454 753 2507 dum
781 2453 881 2508 sibi
910 2460 1145 2520 arrogat,
1177 2458 1235 2504 ut
1263 2450 1436 2504 solum
1466 2450 1604 2504 intra
1624 2451 1822 2505 moenia

248 2566 339 2605 sua
368 2547 587 2619 patroni
617 2547 757 2601 illius
796 2543 1057 2600 beneﬁcia
1084 2544 1287 2597 inclusa
1317 2558 1436 2597 esse
1459 2542 1483 2579 κ
1512 2543 1819 2597 οτωίιὶθι-ἰι.

249 2639 358 2694 Non
384 2639 648 2693 clauditur
678 2635 837 2701 locis,
892 2631 908 2671 ¹
943 2634 1036 2703 qui
1065 2632 1375 2688 diffunditur
1397 2634 1620 2688 meritis.
1668 2633 1825 2688 Invo-

250 2729 383 2783 casti
418 2728 615 2796 ubique
642 2734 949 2797 martyrem,
983 2725 1179 2793 ubique
1206 2724 1425 2779 exaudit
1453 2724 1562 2791 ille,
1588 2724 1680 2794 qui
1710 2738 1828 2778 ora-

256 2828 335 2873 tur
356 2819 419 2873 in
446 2826 697 2888 martyre.
729 2816 1042 2871 Moderante
1071 2816 1251 2885 itaque
1275 2831 1342 2869 eo
1369 2815 1459 2883 qui
1489 2822 1679 2884 pensat
1701 2822 1826 2868 vota

254 2918 337 2963 tua
366 2916 428 2963 et
450 2907 723 2977 dispensat
749 2921 970 2960 munera
1000 2922 1093 2961 sua
1111 2946 1125 2972 ,
1176 2907 1230 2959 in
1262 2914 1469 2961 tantum
1492 2906 1664 2960 vicina
1695 2922 1831 2975 pra:-

256 2999 426 3052 scntia
449 3006 486 3033 ω
514 2996 748 3051 efficacis
774 2995 1098 3065 praebebitur
1125 2995 1407 3058 advocati,
1468 2995 1520 3049 in
1569 3005 1832 3064 quantum

262 3090 422 3145 fuerit
446 3089 576 3143 fides
604 3090 795 3145 devota
822 3089 1074 3159 suscepti.
1093 3088 1280 3143 Oratio
1306 3090 1449 3142 enim
1475 3104 1593 3157 qua:
1614 3089 1835 3143 castita-

1910 550 1980 604 Et
2006 567 2121 604 cum
2149 560 2199 604 tu
2218 590 2233 615 ,
2278 551 2470 619 inquit,
2498 569 2704 617 orares,
2734 569 2827 622 ego
2854 552 3014 606 obtuli
3035 552 3318 607 orationem
3340 561 3478 606 tuam

1906 644 1960 696 in
1983 650 2253 709 conspectu
2278 641 2530 696 claritatis
2554 641 2649 695 Dei
2680 642 2831 713 (Tob.
2865 644 2979 713 xu).
3014 652 3040 679 ο
3080 642 3244 697 Beata
3282 643 3479 707 anima,

1907 733 2204 800 carissimi,
2240 731 2393 800 cujus
2416 741 2628 797 votum,
2669 733 2820 802 cujus
2849 734 3277 803 compunctionis
3310 733 3484 787 incen-

1907 840 2047 889 sum,
2080 824 2230 893 cujus
2256 824 2659 893 supplicationis
2685 825 3073 890 holocaustum,
3107 825 3248 879 nulla
3280 826 3331 879 in
3362 825 3483 879 iuli-

1908 915 2130 969 delitate
2176 914 2464 982 tumidum,
2537 914 2683 969 nullo
2726 916 2957 969 carnalis
3003 916 3265 971 illecebne
3311 917 3483 970 fetore

1908 1005 2191 1074 pollutum,
2224 1005 2366 1058 nulla
2395 1006 2595 1059 smvitia
2618 1014 2645 1041 ο
2670 1014 2969 1074 cruentum,
2998 1007 3138 1060 nulla
3168 1007 3275 1061 odii
3302 1006 3485 1061 sinml-

1910 1101 2020 1147 tate
2048 1095 2403 1160 maculatum;
2460 1096 2553 1148 sed
2584 1095 2689 1149 ﬁde
2718 1096 2956 1163 igneum,
2998 1097 3325 1151 conscientia
3354 1098 3485 1151 niti-

1910 1182 2056 1248 dum,
2084 1183 2391 1238 sinceritate
2419 1184 2597 1238 cordis
2629 1184 2978 1249 odoriferam,
3004 1186 3287 1240 concordia
3316 1197 3369 1239 et
3391 1202 3484 1240 ca-

1910 1273 2069 1327 ritate
2094 1272 2408 1342 perfectum,
2440 1290 2611 1342 usque
2639 1274 2704 1328 ad
2728 1275 2821 1329 Dei
2842 1275 3044 1329 vultum
3068 1292 3163 1344 per
3182 1276 3482 1331 caelestium

1912 1364 2221 1417 nuntiorum
2259 1362 2500 1417 defertur
2535 1366 2872 1434 obsequium.
2924 1365 3054 1431 Qua:
3094 1382 3213 1420 cum
3254 1366 3325 1419 ita
3356 1366 3484 1427 sint,

1915 1454 2243 1507 houoremus
2276 1465 2298 1501 ρ
2327 1465 2544 1508 sanctos
2572 1465 2867 1526 martyres,
2906 1458 3176 1525 principes
3200 1454 3349 1519 ﬁdei,
3404 1455 3488 1510 in-

1916 1552 2241 1599 tercessores
2267 1546 2480 1607 mundi,
2522 1561 2798 1614 przecones
2827 1549 2975 1615 regni
2993 1588 3006 1609 ,
3037 1549 3344 1602 cohreredes
3373 1548 3487 1603 Dei.

1917 1632 2069 1700 Quod
2095 1635 2140 1688 si
2165 1634 2311 1689 dicas
2326 1636 2451 1689 mihi
2470 1637 2623 1705 :quid
2646 1638 2880 1692 bonoras
2903 1640 2952 1691 in
2978 1654 3140 1692 carne
3151 1639 3259 1707 jam
3283 1640 3488 1693 resolu-

1916 1734 1971 1779 ta
2003 1734 2163 1795 atque
2190 1715 2525 1797 consumpta,
2556 1727 2624 1781 de
2651 1743 2754 1797 qua
2777 1731 2886 1798 jam
2918 1730 3059 1783 nulla
3078 1728 3190 1783 Deo
3211 1746 3339 1784 cura
3361 1732 3486 1785 est?

1848 1854 1894 1912 Β
1920 1814 1984 1869 Ει
2016 1817 2105 1871 ubi
2127 1825 2211 1871 est
2238 1817 2365 1872 illud
2384 1857 2399 1883 ,
2432 1820 2719 1883 carissimi,
2756 1820 2899 1889 quod
2918 1822 3045 1889 ipse
3074 1831 3100 1869 (ι
3132 1821 3365 1889 loquitur
3393 1837 3492 1890 per

1921 1907 2237 1976 prophetam
2264 1924 2277 1958 :
2307 1906 2547 1963 Pretiosa
2571 1911 2626 1963 in
2648 1920 2919 1979 conspectu
2949 1910 3161 1964 Domini
3198 1928 3335 1965 mors
3363 1928 3490 1964 san-

1917 2007 2116 2050 ctorum
2130 1996 2240 2067 ejus
2258 1997 2426 2066 (Psal.
2451 2000 2604 2069 cxv);
2629 2009 2681 2054 et
2702 2002 2926 2056 iterum:
2948 2001 3077 2055 Mihi
3101 2012 3269 2055 autem
3294 2014 3313 2040 τ
3341 2003 3495 2055 nimis

1916 2088 2157 2141 honorati
2176 2098 2295 2141 sunt
2323 2091 2476 2142 amici
2506 2093 2605 2155 tui,
2636 2091 2773 2145 Deus
2808 2092 2978 2161 (Psal.
3011 2094 3183 2160 xux).
3210 2092 3493 2148 Honorarc

1918 2180 2178 2234 debemus
2205 2195 2391 2236 servos
2421 2183 2544 2244 Dei,
2593 2193 2794 2250 quanto
2823 2186 2990 2251 magis
3016 2186 3217 2238 amicos
3246 2185 3373 2252 Dei,
3421 2186 3491 2241 de

1920 2270 2113 2338 quibus
2140 2272 2246 2326 alio
2276 2272 2395 2327 loco
2438 2274 2673 2329 dicitur:
2708 2274 2957 2329 Dominus
3000 2285 3020 2311 ⁸
3064 2277 3283 2330 custodit
3322 2280 3495 2332 omnia

1922 2377 2041 2415 ossa
2060 2378 2262 2427 eorum;
2283 2379 2440 2417 unum
2461 2381 2524 2418 e1:
2546 2365 2622 2418 his
2650 2382 2750 2418 non
2770 2375 3062 2419 conteretur
3090 2366 3261 2439 (Psal.
3286 2367 3496 2435 χχχιιι).

1923 2450 2081 2521 627
2112 2450 2333 2506 Honore
2362 2467 2490 2521 ergo
2540 2453 2592 2506 in
2638 2469 2801 2507 carne
2844 2456 3091 2525 martyris
3123 2464 3376 2524 exceptas
3399 2472 3500 2527 pro

1929 2537 2129 2598 Christi
2156 2546 2375 2599 nomine
2410 2547 2423 2581 ι
2456 2544 2756 2599 cicatrices.
2793 2544 3012 2599 Honoro
3039 2562 3138 2614 pro
3162 2546 3499 2602 confessione

1929 2636 2139 2690 Domini
2172 2645 2196 2672 υ
2226 2644 2468 2691 sacratos
2504 2637 2731 2691 cineres.
2791 2635 3010 2691 [lonoro
3040 2637 3093 2691 in
3130 2637 3397 2694 cineribus
3425 2654 3503 2693 so-

1929 2728 2071 2781 mina
2100 2727 2434 2781 mternitatis.
2484 2726 2705 2783 Honore
2733 2744 2927 2799 corpus
2951 2728 3093 2797 quod
3123 2728 3251 2781 mihi
3284 2740 3305 2763 ν
3335 2728 3501 2783 Deum

1930 2833 2107 2872 meum
2137 2819 2373 2873 ostendit
2397 2819 2651 2887 diligere,
2680 2820 2823 2888 quod
2853 2833 2939 2873 me
2968 2829 3189 2889 propter
3212 2820 3376 2873 Deum
3399 2820 3499 2873 do-

1933 2910 2043 2963 cuit
2074 2919 2304 2965 mortem
2334 2925 2441 2965 non
2474 2911 2684 2965 timere.
2731 2909 2838 2963 Cur
2873 2919 3049 2963 autem
3074 2925 3183 2964 non
3211 2912 3374 2980 628
3403 2911 3504 2964 ho-

1935 3016 2121 3055 norem
2150 3016 2347 3071 corpus
2376 3000 2503 3055 illud
2521 3042 2535 3066 ,
2562 3000 2775 3069 ﬁdeles,
2799 3000 2941 3068 quod
2973 3009 3286 3055 reverentur
3313 3009 3368 3055 et
3396 3000 3506 3054 dm-

1934 3107 2147 3155 mones,
2208 3093 2355 3161 quod
2385 3092 2690 3147 afﬂixerunt
2720 3094 2771 3146 in
2802 3094 3061 3164 supplicio
3086 3093 3179 3148 sed
3208 3092 3508 3160 gloriﬁcaut

261 3182 340 3245 tis,
364 3181 590 3250 justitize
622 3180 1191 3251 elcemosynarumque
1235 3180 1490 3251 operibus
1525 3178 1828 3248 adjuvatur,
1858 3214 1904 3276 C
1938 3183 1988 3235 in
2014 3183 2296 3250 sepulcro?
2337 3182 2556 3238 llonoro
2589 3184 2767 3252 itaque
2792 3200 2990 3254 corpus
3017 3194 3043 3220 ι
3071 3184 3213 3252 quod
3242 3183 3510 3237 Christum

262 3274 469 3328 excedit
494 3273 786 3341 mundum,
816 3282 1063 3344 penetrat
1089 3272 1425 3345 paradisum,
1456 3273 1635 3327 evolat
1662 3288 1831 3340 usque

266 3364 327 3420 ad
351 3366 525 3437 ipsum
551 3381 772 3423 summa:
799 3366 1126 3436 majestatis,
1167 3365 1358 3434 angelo
1381 3364 1670 3432 offerente,
1704 3378 1837 3419 con-

1937 3273 2223 3329 houoravit
2261 3274 2314 3328 in
2353 3276 2562 3343 gladio,
2614 3276 2757 3344 quod
2797 3291 2920 3328 cum
2965 3274 3181 3331 Christo
3226 3284 3413 3343 regnat
3458 3277 3510 3329 in

1945 3364 2106 3419 cmlo.

1555 3562 1823 3627 SERMO
1865 3563 2227 3625 LXXXIX.

1254 3701 1383 3757 Item
1416 3704 1582 3757 natali
1610 3701 1716 3758 SS.
1748 3703 2086 3773 plurimorum
2115 3710 2395 3772 martyrum
2426 3701 2531 3759 IV.

1700 3836 2085 3892 ADMONITIO.

341 3981 384 4034 A
412 3977 773 4035 Benedictinis
794 3976 1068 4031 monachis
1096 3989 1346 4045 congreg.
1377 3976 1434 4029 8.
1464 3975 1633 4029 Mauri
1662 3973 1876 4029 codices
1904 3972 2295 4045 Lateranenses
2315 3973 2548 4045 basilice
2574 3972 3027 4045 Constantiniana}
3051 3976 3101 4030 in
3126 3977 3431 4045 prmfatione
3458 3980 3523 4036 ad

277 4050 519 4103 homilias
546 4049 604 4104 S.
636 4048 875 4117 Gregorii
905 4046 1078 4117 Magni
1111 4048 1161 4100 in
1190 4043 1441 4117 Evangel.
1486 4062 1629 4100 num.
1664 4046 1728 4117 10
1767 4044 2120 4117 cdit.__Venet.
2157 4059 2245 4117 an.
2278 4043 2432 4117 1769,
2478 4043 2710 4117 tom._V,
2744 4059 2863 4117 pag.
2904 4044 3032 4117 155,
3062 4043 3519 4103 commendantur.

276 4119 378 4199 μσς
406 4114 922 4199 ctiam-proposuit
949 4116 1509 4199 Maximi-ggllcctione
1550 4116 1767 4199 caulem
1815 4114 2025 4169 codices
2053 4114 2450 4199 consuluimurs,
2482 4128 2582 4195 nec
2625 4115 2865 4195 inutilem
2896 4116 3252 4199 impendi-mus
3280 4136 3518 4188 operam.

278 4187 331 4242 ln
351 4190 477 4243 cod.
508 4182 650 4244 enim
682 4189 780 4256 sig.
810 4188 852 4241 L
894 4187 957 4249 A,
990 4200 1110 4256 pag.
1158 4184 1279 4248 152,
1311 4194 1435 4239 aute
1478 4184 1764 4256 nonnullos
1792 4199 2069 4256 sermones
2097 4183 2334 4250 ejusdem
2378 4182 2435 4237 S.

1044 4252 1218 4312 (vero
1246 4256 1360 4310 hzec
1388 4255 1529 4309 illius
1568 4254 1844 4323 inscriptio
1868 4272 1881 4307 :
1915 4252 2182 4324 Incipiunt
2211 4268 2468 4307 sermones

278 4259 592 4339 impressum
622 4258 939 4313 invenimus.

277 4337 524 4384 rimorum
551 4337 853 4401 martyrum.

350 4578 376 4606 ⁸
404 4566 574 4623 Codd.
606 4564 859 4621 Urbevet.
880 4569 935 4617 et
956 4560 1011 4615 S.
1042 4559 1183 4614 Petri
1204 4559 1247 4612 Α
1267 4559 1322 4625 9,
1338 4560 1391 4613 in
1415 4566 1733 4625 peccatorum
1754 4570 1856 4609 cae-

286 4656 401 4693 num
430 4637 638 4706 relapsi,
666 4646 715 4689 et
740 4636 793 4706 in
818 4634 1026 4706 antiquo
1054 4632 1323 4706 c_riminu_m
1342 4626 1601 4706 volutabro
1627 4626 1856 4681 resoluti.

353 4708 379 4747 δ
406 4698 551 4761 Ideni
580 4698 700 4761 cod.
731 4704 789 4758 S.
823 4698 966 4757 Petri
994 4702 1038 4754 A
1065 4701 1120 4765 9,
1150 4708 1197 4751 et
1223 4698 1521 4752 obsericam.

356 4788 379 4817 ε
409 4778 555 4831 Idem
584 4775 704 4829 cod.
727 4773 784 4827 S.
810 4772 951 4826 Petri
976 4772 1019 4823 Α
1048 4771 1081 4824 9
1110 4769 1307 4823 omittit
1329 4770 1464 4838 jam.

356 4847 384 4885 ἀ
412 4845 547 4901 Cod.
576 4844 697 4900 Vat.
721 4842 877 4909 1273,
902 4840 1054 4894 Felix
1074 4840 1154 4909 hic
1176 4839 1265 4891 tali
1282 4837 1567 4909 haptismo,
1588 4852 1684 4909 quo
1706 4849 1855 4887 omne

295 4918 534 4970 delictum
560 4918 635 4969 ita
659 4914 722 4967 ab
746 4930 805 4967 eo
832 4905 964 4974 eicit,
994 4920 1068 4963 ut.
1101 4908 1234 4962 Cod.
1282 4905 1554 4969 Urbevet.,
1595 4905 1681 4975 qui
1707 4920 1857 4975 omne

292 4987 530 5040 delictum
547 4988 623 5039 ita
650 4982 713 5036 ab
740 5000 796 5036 eo
825 4983 985 5042 exuit,
1004 4989 1059 5033 ut
1079 4980 1195 5048 jam
1220 4980 1391 5031 redire
1416 4993 1515 5029 non
1537 4973 1716 5045 possit.
1741 4973 1857 5029 Huc

259 5071 458 5156 jusque
487 5055 656 5109 codex
684 5052 740 5106 8.
774 5051 915 5134 Petri
948 5049 994 5102 Α
1321 5118 1331 5128 ,
1535 5113 1564 5145 ⁸.

365 5138 387 5163 ο
416 5124 552 5179 Cod.
582 5123 703 5177 Vat.
739 5121 892 5185 1265,
920 5118 1087 5172 debita
1114 5135 1208 5188 pro
1232 5118 1416 5171 delicta
1437 5116 1606 5178 solut,
1636 5130 1699 5165 ne
1718 5113 1854 5166 ultra

292 5197 593 5249 creditorem
622 5200 829 5247 teneret.

369 5265 387 5304 ῐ
419 5264 517 5319 llic
543 5263 805 5317 clauditur
831 5273 1009 5313 sermo
1038 5258 1089 5311 in
1122 5256 1275 5311 Brev.
1308 5254 1501 5310 Velitr.

367 5344 393 5383 Β
420 5333 553 5387 Cod.
583 5331 701 5387 Vat.
737 5328 892 5394 1275,
924 5328 1005 5381 hic
1032 5343 1131 5397 pro
1160 5328 1387 5397 quisque.

367 5344 393 5383 Β
420 5344 553 5387 Cod.
590 5344 701 5387 Vat.
737 5344 892 5394 17.10,
924 5344 1005 5381 mc
1070 5344 1131 5381 ro
1160 5344 1387 5397 quisque.

363 5402 392 5441 δ
421 5403 564 5457 Idem
598 5400 753 5480 codd.
784 5344 1297 5480 Vat._.et.8rbevet.,
1328 5394 1619 5449 candidior.
1652 5391 1722 5446 Et
1746 5394 1862 5447 licet

295 5489 588 5545 quacunque
611 5469 735 5524 urbe
737 5469 1054 5594 lpeculiaris,
1086 5475 1188 5520 etc.
1766 5532 1777 5543 .

371 5543 387 5580 ί
422 5542 564 5596 idem
591 5540 712 5595 cod.
785 5538 1014 5600 rbevet.,
1045 5536 1206 5589 nostri
1235 5544 1433 5599 tamen,
1461 5539 1611 5603 atque
1638 5547 1863 5585 omnium

296 5622 369 5667 est
399 5626 661 5665 commune
683 5609 1009 5730 suffragium.
1207 5675 1218 5687 .

372 5682 386 5731 i
426 5680 557 5733 Cod.
582 5680 706 5733 Vat.
743 5678 839 5730 127
880 5718 894 5739 ,
922 5676 1261 5745 derogarent.

369 5752 392 5787 ι
428 5749 570 5805 Idem
598 5748 752 5804 codd.
788 5743 1120 5802 Urbcvctﬁet
1146 5744 1267 5799 Vat.
1306 5744 1461 5810 1275,
1490 5743 1683 5797 credat.

2486 4199 2517 4236 e
2558 4184 2725 4251 iscopi
2750 4183 2858 4251 jam
2889 4183 3080 4249 editos,
3127 4187 3268 4240 hunc
3295 4183 3527 4241 nondum

2506 4201 2567 4308 ἑ).
2599 4249 2823 4306 Maximi
2843 4254 3087 4308 euisconi.
3121 4254 3186 4307 In
3213 4258 3388 4308 natale
3413 4260 3525 4308 nlu—

2553 4292 2567 4306 .
2599 4249 2823 4306 Maximi
2843 4254 3087 4324 episcopi.
3121 4254 3186 4307 In
3213 4258 3388 4310 natale
3412 4260 3525 4326 plu—

2043 4554 2259 4640 [ϐοιω.
2293 4564 2404 4609 tum
2432 4554 2553 4609 Vat.
2588 4564 2698 4611 tum
2729 4554 3004 4622 Urbevet.,
3048 4558 3181 4629 quod
3224 4558 3529 4627 di/funditur

1964 4638 2088 4680 meri
2096 4638 2179 4680 tis.

2033 4708 2072 4733 ιη
2103 4695 2387 4765 ldem_cod.
2406 4694 2554 4759 νει,
2579 4697 2848 4765 efﬁcacius.

2034 4775 2058 4846 ξ’
2088 4766 2221 4819 Cod.
2252 4763 2523 4846 Urbevet.,
2563 4763 2723 4818 Beata
2749 4775 2825 4819 est
2851 4766 3019 4832 enim,
3044 4767 3318 4834 carissimi,
3344 4769 3510 4820 oratio

1963 4840 2108 4903 cujus
2139 4842 2325 4895 votum,
2357 4840 2461 4885 etc.

2037 4914 2060 4940 ο
2092 4902 2233 4956 idem
2264 4903 2385 4957 cod.
2424 4900 2697 4961 Urhevet.,
2731 4912 3071 4956 cruentatum.

2034 4984 2059 5021 ιι
2088 4972 2219 5028 Cod.
2246 4972 2367 5043 Vat.
2393 4970 2547 5043 lj2_75,
2584 4974 2887 5025 honoremus
2910 4972 3085 5026 beatos
3114 4982 3389 5043 martyres.

2031 5053 2059 5092 «ι
2090 5044 2234 5096 Idem
2264 5040 2701 5113 cod._Vat.,quod
2728 5044 2836 5110 ipse
2863 5044 3045 5113 veritas
3073 5040 3315 5113 loquitur.

2034 5123 2056 5149 τ
2090 5113 2231 5165 Idem
2253 5110 2544 5173 cod.1275,
2569 5110 2719 5163 nimis
2741 5126 2838 5179 pro
2859 5111 3027 5175 valde,
3051 5110 3179 5164 utin
3203 5120 3369 5165 textu.
3395 5111 3531 5168 Cod.

1967 5180 2240 5245 Urbcvct.,
2272 5181 2397 5233 mihi
2426 5189 2605 5249 autem,
2622 5180 2769 5233 valde
2795 5181 3177 5249 honoriﬁcandi
3201 5192 3337 5234 sunt.

2037 5261 2059 5288 ⁸
2089 5251 2231 5304 Idem
2262 5250 2379 5304 cod.
2406 5248 2526 5303 Vat.
2551 5248 2707 5317 1275,
2731 5248 3190 5319 εακεοάίι,⁷ἱη‹ιυίι,
3221 5253 3394 5305 omnia
3416 5270 3535 5307 ossa

1965 5338 2161 5380 eorum,
2183 5330 2232 5372 et
2251 5335 2425 5371 unum.

2045 5392 2059 5425 ι
2095 5389 2226 5443 Cod.
2261 5387 2533 5451 Urbevet.,
2557 5389 2839 5441 cicatrices.
2868 5386 3082 5442 Honora
3106 5390 3325 5444 viventes
3345 5408 3539 5444 memo-

1968 5461 2048 5514 ria
2073 5459 2387 5529 perennitate
2414 5458 2632 5511 virtutis.
2666 5456 2879 5512 Honora
2907 5474 3023 5528 pro,
3047 5467 3151 5525 etc.

2043 5540 2066 5566 υ
2096 5527 2227 5582 Cod.
2259 5527 2401 5582 Vat..
2433 5540 2611 5580 sacros
2638 5531 2853 5581 cineres.

2043 5540 2066 5566 ⁸³
2096 5540 2227 5582 (Σοῦ.
2266 5540 2401 5587 Vili»,
2433 5540 2611 5580 8061'08
2638 5545 2853 5581 emeres.

2042 5608 2070 5635 τ
2099 5596 2231 5651 Cod.
2264 5594 2537 5658 Urbevet.,
2570 5595 2709 5650 Deus
2732 5614 2911 5651 meus.~

2042 5676 2065 5703 π
2094 5667 2235 5721 Idem
2263 5664 2383 5737 cod.
2420 5664 2696 5737 Urbevet.,
2740 5668 2874 5737 quod
2920 5666 3151 5721 Christus
3190 5666 3457 5721 honoravit
3482 5665 3533 5715 in

1972 5737 2166 5803 gladio,
2198 5734 2330 5804 quod
2359 5751 2469 5788 cum
2501 5734 2702 5791 Christo
2724 5734 2955 5800 recumbit
2976 5739 3028 5791 in
3059 5738 3202 5790 calo.
