4054 6194
525 312 624 369 1H

1707 301 1764 353 S.
1805 296 2054 359 ΜΔῊΜΙ
2089 294 2225 353 TAU
2233 296 2540 355 NNENSIS

3682 308 3789 365 ’112

525 423 912 478 Ancuusztruu.
941 452 1019 492 -ί
1050 420 1110 475 Si
1130 421 1261 492 justi
1280 420 1345 492 iu
1366 417 1587 492 Domino
1612 417 1885 492 tutantur,
1913 412 2099 492 injusti
2126 414 2178 476 Δ
2202 412 2404 472 Christi
2446 415 2606 481 facit.
2655 416 2950 483 admonens
2997 419 3291 489 Apostolus
3341 429 3400 477 ut
3444 422 3788 492 pm

595 509 696 546 non
725 500 975 547 noverunt
1003 483 1171 544 lwtari
1199 489 1300 542 nisi
1331 489 1383 542 in
1410 487 1616 541 statuto.
1677 485 1885 539 Caritas
1909 483 2101 538 Christi

595 562 784 615 mundo
813 559 1137 629 praeferenda
1159 568 1264 622 est;
1297 558 1632 629 etigendaque
1657 565 1944 629 martyrum
1973 569 2102 607 catt-

593 648 674 693 sa,
705 631 751 683 si
777 625 986 682 velimus
1016 630 1278 698 pervenire
1303 625 1381 681 ad
1398 625 1685 697 martyrum
1708 625 1960 695 palmam.

598 782 731 837 Cum
760 781 875 837 dies
901 779 996 835 SS.
1029 789 1326 852 martyrum
1358 787 1474 846 est,
1527 778 1667 833 unde
1695 776 1873 846 potius
1906 773 2103 843 aliquid

527 875 777 938 delectet,
805 874 907 927 nisi
935 873 1002 928 de
1029 872 1199 941 gloria
1226 872 1505 942 ipsorum?
1536 869 1765 938 Adjuvet
1796 883 1895 923 nos
1924 865 2107 920 Domi-

528 982 627 1020 nus
654 972 977 1036 martyrum,
1024 964 1151 1032 quia
1188 962 1303 1033 ipse
1334 971 1418 1016 est
1448 961 1708 1016 Dominus
1744 968 1949 1014 noster.
2000 957 2109 1012 Vo-

527 1071 647 1110 cem
688 1062 981 1124 martyrum
1030 1053 1378 1107 audiebamus
1414 1052 1575 1122 paulo
1614 1060 1739 1105 ante
1776 1051 1936 1105 beato
1976 1064 2108 1118 apo-

527 1145 668 1199 stolo
699 1144 1047 1214 praedicante,
1082 1158 1146 1197 ac
1171 1142 1422 1198 dicente:
1474 1141 1602 1206 Quis
1648 1158 1745 1196 nos
1784 1139 2046 1210 separabit
2074 1156 2108 1192 a

528 1237 743 1289 caritate
770 1234 994 1288 Christi?
1029 1232 1132 1287 Ista
1164 1240 1246 1288 est
1280 1248 1384 1286 vox
1414 1241 1728 1303 martyrum.
1788 1228 2110 1284 Tribulatio?

524 1325 807 1396 angustia?
830 1325 1150 1395 persecutio?
1178 1342 1246 1378 an
1267 1324 1468 1395 fames?
1499 1341 1565 1376 an
1596 1322 1844 1377 auditas?
1867 1339 1936 1375 an
1962 1324 2107 1393 peri-

529 1414 736 1469 culum?
765 1431 833 1468 an
862 1413 1102 1485 gladius?
1136 1413 1282 1468 Sicut
1309 1414 1555 1482 scriptum
1578 1420 1655 1465 est
1683 1428 1701 1465 :
1733 1409 1868 1475 Quia
1901 1418 2111 1481 prapter

529 1506 578 1558 te
607 1504 977 1573 mortiﬁcamur
996 1510 1105 1556 tota
1126 1502 1229 1566 die,
1260 1502 1490 1565 deputati
1519 1518 1693 1556 sumus
1720 1502 1850 1556 velut
1878 1518 1994 1556 oves
2019 1517 2108 1554 oc-

530 1594 759 1648 cisionis.
811 1593 918 1648 Sed
937 1595 990 1647 in
1027 1593 1105 1647 Itis
1141 1593 1377 1647 omnibus
1421 1609 1721 1664 superamus
1749 1610 1843 1665 per
1875 1610 1991 1647 eum
2023 1594 2111 1667 qui

531 1686 710 1739 dilexit
734 1702 827 1740 nos
858 1683 1033 1755 (Rom.
1059 1684 1190 1755 vtn).
1218 1682 1342 1738 llaec
1369 1693 1452 1738 est
1469 1698 1576 1738 vox
1595 1692 1908 1755 martyrum,
1933 1683 2112 1738 omnia

2204 507 2487 563 caritatem
2526 508 2723 563 Christi
2761 510 2979 565 mundo.
3005 509 3247 576 Quantas
3268 513 3548 579 angustias
3572 517 3786 582 patiun-

2205 606 2294 653 tur
2319 600 2411 669 qui
2443 600 2627 655 volunt
2652 617 2846 672 rapere
2872 618 2962 657 res
2979 602 3203 658 alienas.
3226 602 3307 658 An
3328 606 3657 674 persecutio,
3679 609 3788 663 ait?

2205 697 2261 742 et
2284 689 2394 758 ipsa
2421 706 2527 745 non
2554 688 2767 758 frangit,
2788 691 3012 749 avaritia
3035 700 3285 747 terretur.
3309 693 3519 751 Avarus
3536 698 3705 767 rapit,
3725 714 3792 755 ae

2209 782 2360 837 timet
2379 798 2612 852 pcenam,
2638 800 2703 839 ac
2722 793 2912 840 aestuat
2932 786 2983 838 in
3005 786 3193 855 rapina
3218 804 3232 840 :
3256 788 3409 842 multi
3429 790 3577 845 enim
3597 792 3791 848 famem

2206 872 2504 942 patiuntur,
2549 873 2678 927 dum
2722 875 3007 942 acquirunt
3044 883 3102 930 et
3146 875 3351 932 faciunt
3377 879 3555 947 lucra;
3600 883 3794 951 quibus

2206 962 2547 1032 prmcipimus
2561 962 2828 1032 jejunare,
2853 973 2910 1021 et
2927 975 3188 1021 excusant
3205 966 3275 1022 de
3295 972 3602 1026 stomacho.
3626 973 3795 1031 Vacct

2207 1051 2311 1106 illis
2341 1060 2453 1105 tota
2482 1050 2570 1106 die
2594 1052 2796 1109 solidos
2822 1068 3163 1123 enumerare,
3204 1064 3261 1111 et
3297 1056 3471 1126 jejuni
3498 1061 3789 1118 dormiant.

2207 1138 2290 1194 An
2317 1140 2567 1195 auditas?
2618 1150 2678 1196 ut
2721 1142 2849 1211 quid
2895 1142 3071 1199 dicam
3115 1145 3185 1200 de
3233 1147 3511 1204 nuditate?
3546 1150 3797 1219 Quotidie

2207 1234 2575 1301 negotiatores
2600 1233 2668 1288 de
2709 1233 2986 1303 naufragio
3032 1235 3164 1291 nudi
3209 1239 3463 1307 evadunt,
3494 1250 3554 1297 et
3598 1243 3793 1302 iterum

2208 1324 2460 1392 navigant
2485 1323 2552 1380 ad
2580 1326 2901 1394 periculum.
2954 1325 3108 1384 Unde
3147 1329 3392 1396 quotidie
3418 1335 3795 1402 periclitantur

2207 1415 2486 1471 homines?
2512 1416 2614 1471 nisi
2634 1425 2855 1487 propter
2880 1417 3095 1473 divitias
3112 1421 3508 1493 acquirendas?
3536 1424 3653 1482 Nec
3678 1430 3794 1497 gla-

2209 1504 2332 1561 dius
2358 1505 2631 1577 prohibet.
2661 1505 2904 1576 Capitale
2928 1508 3132 1564 crimen
3168 1518 3254 1566 est
3277 1511 3504 1580 falsitas;
3532 1523 3594 1570 et
3620 1524 3795 1574 tamen

2207 1597 2373 1668 629
2397 1597 2778 1653 comminuitur
2805 1597 3111 1655 baereditas.
3152 1600 3210 1656 Si
3237 1616 3368 1671 ergo
3408 1604 3515 1661 hoc
3560 1618 3794 1665 meretur

2214 1688 2525 1758 temporalis
2566 1689 2861 1759 cupiditas,
2911 1704 3082 1759 quare
3123 1707 3233 1748 non
3277 1704 3554 1753 mereatur
3600 1698 3795 1756 Christi

531 1789 821 1844 superare,
872 1784 925 1828 et
963 1773 1029 1828 de
1060 1789 1119 1828 se
1146 1773 1278 1853 nihil
1322 1789 1664 1844 prccsumere.
1704 1772 1856 1827 Illum
1884 1772 2106 1842 diligere
2142 1772 2185 1831 Β
2211 1779 2530 1835 luereditas?
2556 1778 2765 1835 Avarus
2790 1780 2997 1837 diceret
3042 1781 3094 1836 in
3141 1782 3308 1839 corde
3348 1801 3469 1852 suo,
3515 1789 3613 1857 qui
3660 1790 3795 1848 forte

533 1864 625 1932 qui
655 1862 916 1930 gloriatur
954 1863 1007 1916 in
1049 1862 1184 1925 suis,
1231 1871 1290 1917 ut
1316 1862 1407 1932 qui
1436 1862 1728 1931 gloriatur,
1786 1863 1840 1917 in
1878 1863 2109 1918 Domino

529 1953 807 2022 glorietur.
872 1951 1142 2007 Noveraut
1187 1959 1244 2006 et
1282 1951 1387 2017 illi,
1444 1950 1591 2020 quod
1637 1967 1735 2006 nos
1774 1952 2111 2007 cantavitnus

536 2044 695 2113 paulo
721 2051 845 2098 ante
873 2061 885 2095 :
930 2042 1202 2097 Lwtamini
1228 2045 1282 2097 in
1304 2042 1547 2107 Domino,
1593 2051 1642 2097 et
1666 2044 1941 2109 exsuttate,
1976 2043 2112 2113 justi

533 2133 704 2204 (Psal.
725 2138 894 2205 xxxi).
914 2133 972 2188 In
998 2134 1221 2189 Domino
1243 2135 1495 2189 ltetamini
1523 2143 1578 2191 et
1602 2135 1889 2190 exsultate.
1907 2134 1964 2189 Si
1979 2134 2111 2204 justi

537 2226 590 2280 in
618 2225 845 2280 Domino
874 2228 1140 2292 ltetantur,
1174 2226 1357 2297 injusti
1379 2243 1508 2282 vero
1529 2244 1635 2282 non
1661 2236 1924 2283 noverunt
1941 2228 2111 2282 ltctari

537 2316 637 2369 nisi
661 2316 712 2370 in
735 2316 950 2371 sacculo.
973 2317 1076 2370 Sed
1100 2317 1227 2386 ipsa:
1248 2325 1371 2371 sunt
1392 2317 1575 2387 prima:
1596 2318 1739 2373 acies
1754 2317 2109 2373 debellandm:

532 2407 705 2477 primo
739 2408 1012 2461 vincendac
1043 2414 1167 2461 sunt
1189 2407 1605 2472 delectationes,
1661 2417 1716 2463 et
1743 2421 1932 2479 postea
1959 2409 2115 2463 dolo-

533 2513 639 2551 res.
674 2496 959 2563 Quomodo
990 2504 1169 2566 potest
1196 2512 1453 2566 superare
1490 2496 1746 2552 mundum
1778 2498 2109 2564 sscvicntcm,

530 2587 621 2657 qui
650 2601 755 2640 nou
799 2594 972 2655 potest
1018 2586 1202 2655 fugare
1228 2587 1647 2647 blandientem?
1701 2588 1982 2644 Blanditur
2024 2591 2113 2646 hic

533 2679 760 2734 mundus
808 2678 1111 2750 pollicendo
1163 2679 1435 2748 honores,
1488 2681 1741 2749 divitias,
1784 2682 2108 2754 voluptates.

532 2770 765 2825 Minatur
794 2773 881 2826 hic
921 2771 1149 2827 mundus
1196 2772 1520 2828 intendendo
1549 2772 1790 2840 dolores,
1821 2783 2108 2842 egestates,

531 2863 877 2918 ltttmilitatcs.
903 2862 1003 2930 Qui
1030 2880 1136 2918 non
1156 2864 1453 2920 contemnit
1479 2866 1621 2936 quod
1649 2866 1951 2934 pollicetur,
1976 2882 2112 2935 qun-

532 2952 693 3006 modo
714 2967 970 3020 superare
990 2961 1169 3021 potest
1186 2954 1330 3022 quod
1351 2955 1620 3008 minatur?
1650 2954 1857 3009 llabent
1875 2956 2110 3011 delecta-

2207 1887 2317 1926 non
2336 1869 2545 1927 diceret
2567 1872 2619 1927 in
2647 1871 2828 1941 lingua
2848 1888 2944 1928 sua
2969 1891 2983 1927 :
3009 1873 3140 1941 Quis
3166 1891 3268 1931 nos
3286 1879 3558 1948 separabit
3582 1896 3618 1937 a
3642 1884 3795 1953 cupi-

2209 1961 2379 2018 ditate
2410 1963 2536 2017 tua?
2565 1961 2862 2019 Tribulatio
2880 2005 2897 2032 ,
2927 1980 2998 2020 an
3043 1970 3322 2036 angustia,
3349 1985 3421 2025 an
3447 1978 3795 2043 persecutio?

2210 2050 2444 2108 Possunt
2472 2060 2528 2109 et
2554 2054 2707 2109 avari
2731 2055 2913 2110 dicere
2955 2070 3108 2123 auro,
3137 2057 3366 2130 Propter
3393 2070 3447 2118 te
3492 2064 3795 2121 occidimur

2211 2152 2323 2200 tota
2375 2144 2482 2200 die.
2535 2142 2748 2215 Optime
2800 2160 2932 2216 ergo
2986 2150 3159 2205 sancti
3201 2160 3465 2224 martyres
3510 2155 3701 2212 dicunt
3742 2159 3792 2212 iu

2209 2238 2417 2309 psalmo
2445 2255 2461 2291 :
2487 2236 2676 2293 Judica
2702 2256 2801 2305 me,
2828 2239 2998 2306 Deus,
3030 2248 3081 2294 et
3105 2241 3341 2298 discerne
3375 2261 3590 2301 causam
3629 2266 3791 2303 mem

2210 2330 2276 2383 de
2301 2340 2448 2402 gente
2492 2345 2595 2384 non
2642 2340 2844 2398 sancta,
2891 2333 2955 2383 ab
3001 2332 3207 2387 homine
3236 2336 3411 2407 iniquo
3437 2336 3617 2408 (Psal.
3647 2342 3789 2411 xw).

2209 2420 2486 2486 Discerne,
2512 2423 2705 2491 inquit,
2731 2423 3129 2479 tribulationem
3155 2440 3359 2493 meam;
3391 2429 3722 2488 tribulantur
3739 2443 3788 2489 et

2210 2513 2376 2568 avari.
2412 2512 2660 2569 Discerne
2686 2513 2959 2582 angustias
2998 2530 3176 2582 meas;
3204 2518 3487 2588 patiuntur
3523 2525 3793 2590 angustias

2211 2612 2267 2661 et
2293 2606 2462 2660 avari.
2497 2606 2751 2661 Discerne
2794 2608 3197 2676 persecutiones
3225 2624 3392 2676 meas,
3421 2612 3704 2682 patiuntur
3736 2622 3790 2670 et

2210 2697 2376 2751 avari.
2408 2696 2664 2753 Discerne
2692 2696 2887 2753 laniem
2914 2714 3119 2766 meam;
3162 2716 3261 2771 pro
3290 2716 3424 2758 auro
3467 2707 3791 2774 acquirendo

2210 2787 2452 2841 esuriunt
2478 2795 2534 2843 et
2560 2789 2726 2842 avari.
2758 2788 3011 2844 Discerne
3047 2798 3277 2846 mortem
3304 2784 3511 2861 meam;
3537 2811 3641 2866 pro
3661 2813 3790 2873 auro

2211 2879 2517 2932 moriuntur
2535 2885 2590 2933 et
2620 2880 2787 2933 avari.
2814 2878 2949 2946 Quid
2971 2889 3057 2936 est
3073 2882 3320 2939 discerne
3337 2900 3555 2943 causam
3577 2891 3790 2946 meam?

2212 2964 2438 3038 Propter
2466 2976 2519 3023 te
2556 2969 2998 3026 mortificabimur
3026 2980 3137 3029 tota
3172 2973 3290 3042 die;
3324 2976 3400 3031 illi
3423 2993 3534 3032 non
3573 2990 3790 3052 propter

530 3041 733 3093 tionem
780 3056 931 3094 suam
976 3039 1195 3109 divitia),
1244 3044 1364 3111 quis
1410 3044 1610 3099 nescit?
1638 3045 1746 3100 Sed
1790 3046 1909 3117 plus
1946 3047 2110 3103 habet
2142 3126 2181 3141 Α
2213 3064 2283 3111 te.
2309 3057 2509 3112 Similis
2534 3073 2712 3128 paena,
2752 3060 2915 3132 630
2940 3063 3037 3118 sed
3057 3039 3286 3119 discreta
3314 3080 3498 3122 causa.
3532 3039 3635 3124 Ubi
3663 3039 3791 3141 ergo

530 3130 804 3185 delectare
826 3131 1053 3200 jnstitia.
1083 3132 1190 3187 Sed
1215 3132 1486 3190 delectent
1513 3135 1710 3190 divitiae
1737 3154 1859 3192 cum
1880 3138 2105 3207 justitia,
2138 3126 2183 3188 Ο
2212 3147 2441 3203 discreta
2468 3126 2631 3204 causa
2649 3189 2669 3218 ,
2693 3126 2850 3205 certe
2865 3126 2948 3207 est
2969 3154 3211 3210 victoria.
3235 3153 3294 3211 Si
3321 3171 3481 3225 ergo,
3504 3126 3788 3241 carissimi,

530 3221 618 3276 ubi
643 3221 763 3275 talis
783 3222 1037 3277 articulus
1059 3224 1369 3279 tentationis
1390 3224 1666 3294 acciderit,
1688 3236 1747 3282 ut
1765 3229 1871 3283 duo
1893 3231 2110 3289 veniant

530 3311 584 3365 in
616 3312 909 3367 tentatione
930 3313 1146 3381 divitiae,
1172 3323 1227 3369 et
1240 3314 1480 3384 justitiie,
1504 3326 1563 3372 ut
1583 3334 1690 3373 non
1712 3323 1885 3390 possis
1906 3331 2111 3376 utrum—

528 3417 633 3472 que
661 3402 860 3457 ltabere
894 3403 1117 3474 mquale.
1150 3404 1257 3460 Sed
1284 3405 1331 3461 si
1359 3406 1571 3463 miseris
1612 3424 1827 3465 manum
1857 3411 1923 3465 ad
1946 3410 2111 3480 justi-

530 3492 654 3558 tias,
686 3499 909 3561 pereant
936 3491 1154 3548 divitite.
1186 3494 1295 3549 Sed
1323 3496 1369 3550 si
1397 3497 1607 3553 miseris
1634 3514 1850 3554 manum
1876 3500 1941 3555 ad
1970 3501 2109 3557 divi-

530 3580 650 3647 tias,
678 3596 896 3636 necesse
937 3590 1023 3638 est
1064 3593 1125 3637 ut
1169 3585 1383 3641 amittas
1416 3585 1699 3656 justitiam.
1745 3589 1905 3645 Modo
1949 3593 2106 3660 elige,

528 3669 691 3724 modo
738 3684 933 3740 pugna.
984 3671 1143 3729 Modo
1186 3675 1499 3743 videamus,
1547 3679 1592 3733 si
1638 3695 1748 3734 non
1789 3681 1906 3736 sine
1948 3681 2146 3738 causa

529 3761 802 3815 cantasti:
841 3760 1120 3818 Ltetamini
1158 3765 1213 3818 in
1260 3765 1504 3832 Domino,
1552 3778 1602 3823 et
1649 3770 1930 3836 exsultate,
1954 3774 2105 3844 justi.

530 3850 686 3905 Modo
714 3851 1006 3916 videamus,
1034 3855 1077 3908 si
1107 3870 1214 3909 non
1243 3858 1360 3911 sine
1380 3874 1542 3913 causa
1565 3863 1792 3916 cantasti
1820 3882 1831 3915 :
1860 3861 1988 3928 Quis
2015 3882 2110 3922 nos

529 3940 789 4005 separabit
833 3958 863 3993 a
910 3944 1127 3995 caritate
1157 3944 1347 3999 Christi
1378 3946 1552 4016 (Rom.
1580 3950 1740 4018 vnt)?
1786 3950 1850 4005 Et
1894 3955 2108 4021 quidem

530 4029 870 4096 prmtermisit
900 4030 1077 4085 omnia
1105 4033 1299 4100 quibus
1325 4034 1597 4091 blanditur
1624 4040 1871 4095 tnundus.
1896 4042 2108 4111 Quare?

530 4115 663 4183 Quia
691 4118 982 4173 certamina
1028 4130 1320 4193 martyrum
1364 4129 1759 4194 pronuntiabat.
1809 4130 1902 4187 Illa
1930 4136 2107 4190 certa;

529 4209 692 4274 mina,
725 4207 812 4263 ubi
838 4210 1079 4266 vicerunt
1105 4216 1524 4284 persecutiones,
1551 4218 1765 4287 famem,
1790 4224 1952 4290 sitim,
1984 4240 2110 4294 ege-

529 4307 744 4368 statem,
776 4301 1151 4368 ignominiam,
1183 4304 1251 4358 ad
1279 4316 1575 4364 extremum
1605 4311 1850 4368 timorem
1895 4319 2103 4384 mortis,

529 4398 738 4477 hostem
768 4399 1135 4454 novissimum.
1184 4399 1292 4455 Sed
1318 4401 1529 4470 videte,
1560 4404 1763 4462 fratres.
1818 4416 1988 4464 totum
2017 4429 2107 4470 ars

2209 3239 2605 3297 solemnitatem
2630 3252 2921 3315 martyrum
2942 3261 3206 3317 amamus,
3228 3264 3470 3306 amemus
3500 3252 3554 3307 in
3580 3255 3663 3310 eis
3682 3239 3787 3312 non

2211 3330 2519 3400 passiones,
2547 3332 2642 3387 sed
2668 3349 2857 3389 causas
2885 3337 3214 3405 passionum.
3249 3340 3382 3396 Nam
3411 3344 3457 3398 si
3487 3358 3789 3404 amaremns

2209 3418 2505 3488 passiones,
2537 3421 2733 3477 multos
2754 3423 3020 3480 inventuri
3043 3444 3226 3483 sumus
3247 3434 3336 3501 qui
3360 3433 3542 3503 pejora
3569 3439 3782 3505 patiun-

2210 3517 2297 3564 tur
2320 3510 2377 3565 in
2404 3512 2580 3567 causis
2606 3514 2781 3569 malis.
2813 3514 2919 3570 Sed
2947 3533 3139 3574 causas
3166 3524 3525 3581 attendamus.
3559 3528 3784 3585 Crucem

2208 3598 2408 3656 Christi
2448 3602 2709 3659 attendite
2735 3622 2747 3658 :
2779 3606 2853 3660 ibi
2881 3616 2996 3662 erat
3036 3607 3315 3678 Christus,
3346 3614 3420 3670 ibi
3447 3625 3504 3670 et
3531 3617 3784 3675 latrones.
3816 3682 3825 3687 ,

2209 3691 2410 3750 Similis
2435 3710 2617 3765 paena,
2647 3697 2741 3751 sed
2768 3697 3041 3755 dissimilis
3067 3716 3251 3758 causa.
3276 3702 3422 3761 Unus
3449 3707 3588 3763 latro
3607 3711 3782 3766 credi-

2208 3785 2306 3851 dit,
2333 3786 2466 3841 alius
2505 3787 2911 3857 blasphemavit.
2958 3791 3214 3850 Dominus
3243 3804 3493 3868 tanquam
3519 3799 3586 3856 de
3616 3803 3779 3857 tribu-

2209 3875 2319 3928 nali
2360 3877 2501 3930 inter
2529 3877 2717 3933 ambos
2757 3878 3051 3947 judicavit:
3086 3883 3233 3939 illum
3280 3888 3370 3955 qui
3398 3888 3782 3957 blasphemavit

2210 3963 2262 4017 in
2291 3972 2567 4029 tartarum,
2618 3966 2779 4021 alium
2825 3969 2876 4023 iu’
2918 3971 3221 4040 paradisum
3268 3991 3448 4031 secum
3479 3981 3779 4038 constituit.

2208 4050 2386 4117 Quare
2429 4052 2569 4109 hoc?
2595 4053 2729 4122 Quia
2757 4058 2859 4112 etsi
2902 4075 3056 4130 aequa
3108 4077 3284 4132 poena,
3332 4064 3426 4120 sed
3474 4068 3648 4139 impar
3671 4079 3780 4127 erat

2209 4157 2391 4198 causa.
2422 4142 2616 4212 Eligite
2642 4159 2771 4214 ergo
2800 4158 3094 4220 martyrum
3121 4168 3370 4223 causam,
3400 4157 3444 4211 si
3471 4160 3636 4214 vultis
3662 4175 3779 4229 per-

2206 4234 2392 4290 venire
2420 4235 2488 4290 ad
2516 4243 2806 4307 martyrum
2829 4240 3080 4310 palmam.
3106 4241 3210 4299 Per
3233 4244 3513 4303 Dominum
3546 4260 3779 4307 nostrum

2207 4325 2389 4383 Jesum
2417 4326 2706 4395 Christum,
2730 4331 2819 4386 cui
2839 4343 2923 4387 est
2947 4333 3117 4399 gloria
3140 4337 3201 4391 in
3231 4339 3423 4395 sazcula
3446 4343 3778 4399 seculorum.

2208 4416 2402 4472 Amen.

1933 4506 2200 4573 SERMO
2246 4511 2378 4573 XC.

1487 4601 1620 4657 Item
1641 4604 1705 4659 de
1724 4608 1890 4663 natali
1930 4610 2037 4668 SS.
2072 4618 2412 4682 plurimorum
2439 4625 2727 4687 martyrum
2766 4616 2830 4671 γ.

1976 4704 2367 4762 ADMONITIO.

596 4772 1303 4874 interitu:
1435 4802 1588 4842 (τισιν
1614 4805 1643 4844 a
1671 4797 1823 4861 tergo
1844 4794 1932 4852 hic
1956 4797 2086 4853 item
2114 4809 2293 4855 exstat
2319 4815 2495 4855 sermo
2516 4798 2576 4855 S.
2602 4799 2815 4866 Maximi
2845 4802 3137 4873 inscriptus
3158 4806 3411 4874 nomine;
3441 4824 3566 4865 cum
3589 4811 3773 4867 titulo:

529 4840 604 4895 De
634 4848 797 4899 natali
826 4847 1163 4918 plurimorum
1191 4864 1494 4924 martyrum.

528 4930 1006 5043 Anigup’imth:
1035 4940 1783 5043 X318.{fgfgitzgft‘eitgiﬁum
1820 4966 2101 5043 martyres,
2135 4961 2182 5019 D
2211 4960 2372 5024 toris,
2403 4960 2639 5016 occurrit
2682 4961 2926 5032 pontifex
2966 4963 3278 5033 Salvatoris,
3309 4970 3516 5027 scilicet
3560 4976 3775 5043 gloriam

593 5005 677 5069 qui
712 5006 981 5089 immolant
1026 5008 1137 5092 Dee
1184 5005 2105 5095 ,ςαενὶβσὲιιηιλιιιιιᾴὶε,μεῖξιλῖἆῆ

595 5086 731 5127 mors
760 5081 983 5144 pretiosa
1010 5090 1087 5135 est
1113 5081 1169 5134 in
1200 5081 1471 5155 conspectu
1504 5084 1733 5142 Domini.

593 5201 839 5259 Gaudere
866 5213 923 5260 et
949 5211 1217 5268 exsultare
1245 5213 1522 5279 debemus.
1556 5214 1773 5287 fratres,
1800 5220 1925 5289 quia
1954 5221 2105 5279 festi-

525 5293 673 5348 vitati
702 5303 899 5350 nostra:
926 5303 1151 5357 accessit
1170 5319 1360 5373 magna
1386 5306 1666 5372 festivitas,
1688 5318 1744 5364 et
1763 5319 1890 5365 vota
1917 5321 2100 5368 nostra

525 5384 663 5439 votis
685 5394 808 5439 sunt
842 5389 1129 5445 cumulata.
1157 5392 1423 5450 Gaudium
1471 5399 1668 5452 etenim
1717 5413 1967 5468 magnum
2014 5410 2098 5457 est

524 5489 641 5528 cum
669 5478 1081 5547 superveniente
1122 5484 1276 5539 nobis
1307 5488 1470 5540 natali
1517 5471 1811 5561 martyrum
1840 5507 2098 5561 superve-

521 5566 663 5621 nerit
693 5578 743 5621 et
784 5570 1052 5628 sacerdos.
1102 5572 1256 5638 Quod
1301 5577 1515 5645 quidem
1545 5580 1724 5636 divina
1756 5583 2093 5652 providentia

523 5655 718 5713 factum
738 5667 890 5729 puto,
916 5670 974 5717 ut
993 5664 1115 5730 quia
1147 5669 1493 5735 procuranda:
1513 5679 1667 5726 erant
1692 5673 1878 5730 bostitc
1898 5672 2091 5730 Salva-

2208 5048 2602 5118 prtcdicationis
2630 5065 2838 5116 eorum,
2869 5054 2996 5122 quia
3026 5057 3297 5127 explicem
3337 5076 3477 5119 unus
3502 5078 3611 5118 non
3638 5064 3777 5120 sum.

2206 5147 2372 5202 ceret,
2398 5139 2483 5193 vel
2510 5138 2648 5195 alter
2666 5141 2943 5212 impleret;
2974 5154 3237 5215 quatenus
3261 5155 3319 5204 et
3343 5159 3612 5222 martyres
3634 5169 3779 5209 orna-

2205 5235 2288 5281 ret
2311 5227 2597 5296 obsrquio;
2629 5230 2726 5284 scd
2753 5238 2810 5284 et
2832 5241 3066 5289 vestram
3105 5238 3446 5294 sanctitatem
3471 5244 3776 5299 tractatibus

2207 5317 2495 5373 instrueret
2521 5328 2578 5374 et
2603 5318 3063 5380 benedictionibus
3091 5329 3468 5395 permulceret.
3499 5330 3776 5387 Gratulam

2202 5407 2327 5462 dum
2357 5421 2486 5476 ergo
2513 5415 2593 5463 est
2619 5417 2675 5464 et
2702 5410 3012 5479 laetandum,
3044 5415 3184 5483 quod
3240 5417 3445 5474 hostias
3479 5436 3607 5476 suas
3629 5419 3775 5476 Chri-

2200 5504 2314 5551 stus
2329 5496 2558 5551 voluerit
2576 5499 2790 5566 gemino
2803 5501 3141 5557 sacerdotum
3164 5521 3258 5560 ore
3273 5505 3476 5562 laudari
3495 5525 3509 5573 ;
3535 5518 3593 5564 ut
3614 5525 3773 5579 quan-

2202 5596 2312 5641 tum
2335 5603 2520 5644 eorum
2551 5599 2798 5660 ageretur
2825 5592 2878 5646 in
2906 5593 3074 5650 Deum
3102 5596 3288 5665 gloria,
3315 5607 3520 5654 tantum
3547 5601 3775 5669 ipsorum

2199 5678 2446 5736 meritum
2468 5680 2775 5739 laudaretur
2793 5683 2848 5739 in
2877 5685 3064 5756 plebe;
3096 5696 3154 5742 ut
3181 5689 3303 5760 quia
3333 5693 3651 5763 propensius
3676 5692 3773 5747 ho-
