4054 6194
224 346 344 403 713‘

1672 328 1901 389 SERMO
1937 326 2069 385 XCI.

3401 316 3504 370 7M

228 462 494 513 aorantur
520 452 575 508 in
603 451 777 521 cmlis,
803 453 1075 523 copiosius
1100 452 1567 521 magniﬁcarentur
1597 448 1652 502 in
1700 455 1809 502 ter—
1843 448 1891 504 Λ
1915 440 2052 510 quit,
2082 442 2137 493 in
2165 445 2440 508 conspectu
2476 435 2689 491 Domini
2714 433 2854 489 iners
2875 441 3173 488 sanctorum
3194 431 3307 502 ejus
3333 431 3506 503 (Psal.

229 549 327 603 ris.
361 547 506 601 Vere
547 547 738 601 hostiae
784 544 996 601 dicendi
1024 555 1285 617 martyres
1307 585 1322 610 ,
1350 543 1443 613 qui
1470 542 1640 596 Deum
1668 538 1826 594 nobis

234 654 333 693 sua
363 638 621 709 passione
666 636 1049 707 placavcrunt,
1081 644 1136 691 et
1164 644 1416 705 tanquam
1442 639 1664 702 accepta
1692 628 1827 684 liba-

232 729 379 784 mina
409 734 586 781 morte
608 741 705 781 sua
731 726 1171 796 propitiationem
1198 724 1354 779 nobis
1379 722 1593 778 Domini
1634 726 1830 775 contu-

236 820 437 875 lerunt.
470 816 566 871 Est
594 817 753 887 plane
780 816 833 870 in
864 815 1189 887 martyribus
1215 814 1389 871 hostia
1412 855 1427 882 ,
1451 828 1558 869 non
1587 812 1679 867 illa
1721 823 1827 881 qua

238 918 448 964 mutum
478 908 699 975 animal,
727 906 821 962 sed
843 907 931 962 illa
970 921 1077 976 qua
1107 906 1277 961 ﬁdelis
1294 906 1610 976 simplicitas
1634 917 1828 960 conse-

236 1008 445 1057 cratur.
486 998 603 1054 Non
639 999 750 1063 illa,
780 997 1028 1067 inquam,
1051 1004 1138 1052 est
1172 996 1348 1052 hostia
1385 1011 1505 1066 qua:
1532 1002 1723 1053 mresto
1752 991 1832 1047 afa.

239 1090 387 1146 fectu
417 1090 471 1145 in
493 1096 636 1147 terra
661 1088 938 1157 mergitur,
964 1086 1058 1143 sed
1086 1101 1206 1156 quze
1226 1086 1387 1142 alacri
1409 1100 1569 1140 sensu
1589 1084 1833 1140 elevatur

243 1180 298 1235 in
328 1180 549 1235 malum.
574 1177 670 1232 Est
689 1177 849 1247 plane
876 1175 1072 1243 hostia,
1095 1175 1189 1233 sed
1212 1191 1320 1231 non
1350 1175 1402 1230 in
1426 1175 1517 1231 illo
1544 1173 1635 1244 qui
1660 1173 1832 1228 altare

243 1267 631 1339 profanatums
652 1266 839 1331 offert;
870 1266 965 1321 sed
995 1266 1049 1321 in
1073 1281 1140 1321 eo
1179 1266 1271 1336 qui
1296 1267 1476 1321 sciens
1503 1280 1562 1321 se
1590 1264 1833 1320 immolat

240 1359 594 1429 probaturus.
624 1355 778 1410 Unde
802 1356 879 1409 ait
906 1355 1170 1426 propheta
1200 1371 1213 1408 :
1244 1354 1469 1410 Immota
1496 1354 1607 1411 Deo
1626 1356 1832 1423 sacriﬁ-

241 1450 382 1503 cium
410 1448 581 1503 laudis
608 1447 781 1518 (Psat.
826 1447 996 1517 χιιι).
1026 1445 1359 1503 Sacriﬁcium
1388 1446 1561 1503 laudis
1598 1455 1681 1503 est
1708 1462 1835 1503 vere

242 1538 583 1609 martyrium.
616 1537 684 1591 Et
710 1536 859 1606 quod
887 1536 1107 1591 laudant
1145 1536 1352 1605 angeli,
1380 1536 1600 1591 laudant
1625 1527 1830 1607 populi,

244 1628 436 1683 laudat
465 1629 629 1684 etiam
659 1628 773 1697 ipse
822 1627 914 1698 qui
942 1628 1164 1697 patitur.
1214 1626 1471 1696 lntelligit
1521 1627 1666 1683 enim
1719 1625 1836 1696 ejus

242 1718 510 1786 gloriam;
541 1735 664 1774 nam
695 1718 795 1774 nisi
840 1718 1144 1786 intelligens
1172 1716 1289 1787 ejus
1318 1718 1558 1785 laudem,
1608 1717 1833 1788 gloriam

1927 530 2074 600 cxv).
2102 528 2345 583 Pretiosa
2366 533 2675 582 sanctorum
2705 540 2888 591 mors;
2918 524 3030 580 vita
3049 531 3198 579 certe
3226 523 3510 593 pretiosior

1927 629 2011 676 est
2037 635 2247 676 eorum.
2276 618 2337 674 Si
2363 618 2621 689 pretiosa,
2651 617 2843 686 inquit,
2874 632 3021 672 mors
3043 624 3375 681 sanctorum,
3403 617 3515 672 vita

1928 712 2048 768 vilis
2075 718 2161 766 est
2186 718 2559 781 peccatorum;
2589 718 2645 765 et
2672 725 2901 779 quorum
2942 710 3053 765 vita
3082 709 3204 765 vilis
3230 717 3336 772 est,
3367 724 3517 765 mors

1928 802 2047 858 sine
2088 801 2423 858 dubitatione
2471 801 2635 857 etiam
2666 802 2835 871 turpis
2861 808 2964 857 est.
3010 800 3162 858 Unde
3188 809 3245 857 et
3274 801 3348 856 illi
3376 802 3517 857 inter

1927 900 2243 963 peccatores
2289 891 2575 949 Dominum
2626 893 2977 963 deputantes,
3021 893 3311 949 dicebant:
3347 892 3518 948 Morte

1930 982 2229 1053 turpissima
2249 982 2645 1043 condemnemus
2664 1000 2779 1038 eum
2792 984 2947 1055 (Sap.
2964 984 3065 1053 ιιι).
3080 984 3253 1055 Ignari
3270 984 3513 1054 justitiae,

1930 1080 1986 1129 et
2013 1072 2219 1129 inimici
2239 1073 2504 1140 veritatis,
2535 1073 2708 1129 lucem
2736 1090 2858 1129 cum
2894 1076 3520 1141 tenebriseondemnare

1931 1164 2112 1219 conati
2134 1172 2278 1219 sunt.
2304 1163 2477 1220 Morte
2498 1163 2803 1235 turpissima
2832 1164 2953 1220 ειειί
2980 1172 3243 1235 terraeque
3268 1166 3519 1222 condito-

1930 1275 2048 1316 rem
2104 1260 2387 1317 Dominum
2416 1267 2781 1331 peremerunt,
2812 1259 2938 1330 quia
2986 1273 3110 1314 cum
3158 1259 3438 1315 sceleratis
3467 1261 3520 1314 in

1934 1350 2231 1421 patibulum
2255 1366 2379 1407 eum
2405 1350 2818 1421 suspenderunt,
2835 1365 2902 1406 eo
2922 1349 3066 1419 quod
3086 1358 3142 1405 et
3159 1351 3331 1421 turpis
3353 1365 3521 1415 mors,

1936 1448 1991 1495 et
2016 1440 2417 1497 formidolosior
2435 1456 2593 1511 poma
2619 1440 2832 1496 ceteris
2851 1440 3124 1496 videretur
3142 1441 3337 1511 pomis.
3363 1439 3528 1509 Cujus

1937 1534 2316 1588 documentum
2351 1532 2497 1587 beati
2525 1539 2791 1603 martyres
2818 1530 3010 1586 imitati
3038 1540 3181 1595 sunt,
3207 1540 3371 1601 atque
3413 1531 3530 1600 ejus

1938 1623 2163 1694 vestigia
2192 1624 2336 1678 ultro
2364 1624 2554 1678 secuti.
2583 1623 2746 1694 632
2766 1622 2929 1678 Facta
2957 1630 3039 1677 est
3066 1630 3247 1677 autem
3275 1622 3530 1689 morsDog

1939 1716 2068 1770 mini
2089 1714 2344 1786 gloriosa,
2368 1722 2424 1770 et
2444 1714 2498 1769 in
2519 1722 2815 1785 conspectu
2834 1713 2949 1784 ejus
2971 1725 3287 1777 cunctorum
3312 1721 3529 1771 sancto-

244 1819 417 1880 atque
461 1810 737 1876 virtutem,
782 1822 1053 1877 nunquam
1099 1821 1159 1863 se
1208 1807 1381 1862 libans
1425 1807 1835 1863 formidantibus
1872 1814 1910 1871 Β
1938 1823 2057 1862 rum
2103 1809 2369 1877 pretiosa;
2399 1816 2456 1862 et
2500 1823 2731 1877 quorum
2765 1806 2936 1863 'hodie
2966 1824 3070 1863 una
3097 1824 3223 1864 cum
3275 1808 3532 1878 pontiﬁce

245 1901 373 1957 aliis
420 1899 747 1955 immolaret.
778 1896 847 1952 Et
876 1898 997 1953 ideo
1026 1897 1174 1953 velut
1202 1897 1305 1968 ipsi
1348 1897 1570 1969 martyri
1600 1898 1796 1953 dicitur
1821 1914 1835 1952 :

251 1992 484 2049 [mola
505 1990 615 2047 Deo
630 1991 947 2061 sacriﬁcium
973 1988 1178 2055 laudis;
1207 1989 1310 2045 hoc
1330 1980 1413 2044 est
1426 1990 1572 2044 velut
1591 1990 1637 2045 si
1661 1989 1835 2045 dicat:

248 2082 311 2139 In
342 2091 397 2138 te
417 2081 631 2138 immola
664 2082 797 2151 ipse,
830 2081 946 2150 ipse
977 2078 1247 2147 sacriﬁea;
1278 2089 1397 2149 esto
1424 2080 1518 2135 tibi
1539 2081 1654 2152 ipse
1682 2091 1737 2137 et
1756 2096 1842 2137 sa-

249 2172 451 2229 cerdos
478 2178 534 2227 et
579 2170 777 2234 hostia,
810 2179 865 2225 et
909 2170 1199 2227 devotione
1251 2170 1449 2227 mentis
1494 2173 1738 2243 corporis
1767 2173 1843 2229 tui

250 2264 489 2318 animam
537 2260 672 2317 offer
718 2260 994 2316 functione
1041 2261 1340 2331 pontiﬁcis;
1382 2261 1613 2318 adducat
1653 2262 1721 2318 ad
1750 2263 1846 2321 Dei

251 2368 409 2425 aram
457 2352 589 2408 ﬁdes
611 2350 922 2406 Christiani.
954 2350 1089 2405 Nam
1115 2352 1407 2407 Christiani
1455 2353 1580 2410 licet
1605 2354 1845 2410 membra

252 2449 569 2501 sternantur
617 2442 671 2496 in
700 2449 866 2506 terra,
891 2441 1109 2512 spiritus
1133 2449 1314 2498 tamen
1362 2442 1476 2513 ipsa
1516 2452 1692 2500 morte
1719 2460 1850 2501 con-

251 2542 502 2591 secratur
528 2532 581 2586 in
609 2532 749 2588 cmlo
766 2571 783 2598 ,
814 2540 869 2587 ει
897 2531 1006 2585 vita
1034 2540 1335 2602 praestatur,
1364 2532 1453 2588 ubi
1485 2533 1732 2589 interitus
1757 2534 1849 2589 ad-

253 2616 497 2681 hibetur.
538 2621 693 2677 Unde
740 2621 821 2675 ait
869 2629 1086 2678 sanctus
1126 2622 1392 2692 propheta
1445 2639 1459 2676 :
1510 2622 1751 2679 Pretiosa
1795 2626 1849 2680 in

252 2723 536 2785 conspectu
578 2711 791 2767 Domini
831 2727 967 2767 mors
1005 2720 1305 2766 sanctorum
1351 2712 1462 2783 ejus
1503 2712 1676 2785 (Psal.
1704 2714 1848 2785 cxv).

256 2805 508 2862 Pretiosa
534 2805 695 2876 plane
723 2819 889 2871 mors,
920 2818 1041 2874 qua:
1068 2805 1227 2876 631
1258 2803 1407 2861 lucro
1434 2805 1853 2861 immortalitatis

257 2895 499 2969 quodam
528 2895 858 2961 honoratur;
889 2894 957 2950 de
985 2910 1089 2966 qua
1136 2895 1300 2951 etiam
1332 2896 1469 2952 dicit
1498 2896 1688 2953 beatus
1715 2896 1855 2951 Pau-

259 2986 347 3043 lus
376 3003 391 3040 :
424 2982 561 3040 Mihi
610 2986 771 3040 vivere
811 2983 1049 3039 Christus
1090 2994 1185 3052 est,
1212 2994 1262 3041 et
1289 2986 1423 3042 mori
1451 2987 1651 3042 lucrum
1698 2986 1857 3059 (Phi-

260 3083 359 3152 lip.
383 3080 449 3151 ι).
476 3078 706 3136 Lucrum
728 3085 1047 3149 computans
1074 3079 1219 3149 quod
1242 3094 1339 3150 per
1365 3080 1606 3152 martyrii
1627 3089 1855 3138 mortem

1943 1896 2263 1954 adveniente
2299 1896 2496 1951 devota
2547 1912 2723 1953 annua
2769 1896 2902 1953 festa
2952 1898 3306 1953 celebramus.
3335 1895 3380 1951 Ο
3409 1898 3535 1955 felix

1944 1987 2209 2044 hodierna
2262 1988 2573 2055 celebritas,
2603 2004 2724 2059 qua:
2750 1987 3061 2059 pontiﬁcale
3090 1990 3289 2044 meruit
3334 1989 3537 2045 habere

1943 2080 2278 2150 obsequium.
2296 2079 2467 2136 Hodie
2491 2080 2647 2135 nobis
2668 2080 2938 2150 geminum
2966 2081 3325 2139 solemnitatis
3346 2080 3537 2135 claruit

1944 2172 2227 2244 gaudium;
2258 2178 2314 2226 et
2340 2170 2408 2227 de
2435 2179 2747 2226 sanctorum
2777 2170 3111 2241 patrociniis,
3141 2186 3353 2226 necnon
3382 2180 3438 2225 et
3466 2170 3538 2226 de

1948 2264 2183 2321 adventu
2232 2262 2392 2332 hujus
2419 2260 2709 2334 pontiﬁcis.
2742 2261 2935 2330 igitur,
2967 2261 3183 2330 fratres,
3213 2262 3456 2317 lmtcmur
3484 2262 3537 2317 in

1948 2353 2199 2418 Domino,
2231 2352 2325 2423 qui
2375 2351 2531 2407 nobis
2558 2350 2819 2407 immensa
2848 2366 2959 2406 sua:
2985 2351 3204 2421 pietatis
3250 2350 3538 2407 clementia

1949 2451 2100 2506 tanta
2120 2440 2436 2513 impendere
2455 2441 2701 2510 dignatus
2720 2450 2804 2496 est
2824 2439 3104 2505 beneﬁcia,
3129 2449 3189 2496 ut
3215 2456 3335 2511 quzc
3356 2439 3541 2513 [Forte

1951 2551 2070 2608 qua:
2090 2534 2394 2607 redundat],
2415 2550 2623 2599 eorum,
2637 2549 2867 2604 quorum
2891 2533 3133 2589 lzetamur
3154 2533 3539 2604 triumphis,ir-

1952 2627 2223 2683 radiemur
2237 2626 2518 2696 exemplis,
2532 2635 2590 2679 ut
2613 2640 2843 2695 quorum
2860 2625 3154 2694 gaudemus
3166 2624 3390 2689 meritis,
3416 2624 3543 2679 sub-

1954 2718 2197 2775 levemur
2226 2715 2505 2789 praesidiis.
2531 2716 2746 2772 Annuat
2785 2718 2943 2773 nobis
2971 2718 3232 2795 immensa
3261 2718 3543 2787 Divinitas,

1955 2816 2017 2864 ut
2043 2808 2244 2865 mundo
2273 2808 2439 2864 corde
2466 2816 2723 2880 castoque
2747 2824 2976 2880 corpore
3004 2820 3061 2865 et
3096 2809 3294 2865 almam
3334 2809 3544 2864 festivi-

1957 2909 2122 2957 tatem
2145 2901 2304 2972 hujus
2323 2901 2428 2957 dici
2455 2902 2728 2957 valeamus
2748 2902 3012 2970 recolere,
3034 2910 3089 2958 et
3110 2918 3264 2959 sacra
3291 2903 3545 2974 mysteria

1956 2994 2024 3052 de
2043 3010 2206 3050 manu
2246 2994 2585 3051 sacerdotum
2612 2994 2859 3052 culminis
2889 2995 3092 3051 illibato
3122 3010 3217 3051 ore
3245 2996 3544 3067 percipere,

1960 3096 2247 3158 pncstante
2266 3086 2495 3142 Domino
2516 3094 2701 3142 nostro
2716 3084 2842 3141 Jesu
2867 3085 3103 3153 Christo,
3120 3086 3213 3156 qui
3243 3102 3363 3142 cum
3387 3084 3547 3141 Patre

262 3172 544 3245 fragilitati
572 3172 625 3227 in
654 3186 721 3227 eo
749 3170 1005 3227 succedat
1031 3172 1302 3227 aeternitas
1324 3211 1341 3238 ,
1373 3172 1727 3229 internecioni
1748 3174 1855 3229 vita
1883 3188 1929 3251 ο
1961 3186 2018 3234 ει
2045 3178 2250 3248 Spiritu
2275 3184 2468 3234 sancto
2494 3178 2646 3246 vivit,
2689 3186 2744 3234 et
2792 3186 2979 3250 regnat
3007 3179 3059 3234 in
3091 3178 3283 3235 secula
3322 3178 3545 3235 saecqu

264 3264 576 3338 proveniat,
604 3262 929 3319 tentationes
952 3261 1162 3332 justitia
1189 3261 1462 3317 ﬁniantur.
1488 3262 1746 3330 Pretiosa,
1777 3265 1860 3320 in-

1968 3285 2110 3324 rum.
2145 3268 2336 3324 Amen.

1671 3356 1943 3422 SERMO
1970 3362 2149 3429 λοι.

1228 3453 1361 3509 Item
1391 3455 1455 3509 de
1485 3458 1650 3511 natali
1673 3458 1781 3514 SS.
1804 3460 2143 3529 plurimorum
2168 3474 2455 3537 martyrum
2486 3465 2585 3521 Vl.

1726 3551 2119 3613 ADMONITIO.

346 3638 573 3719 Praestat
600 3638 688 3693 hic
700 3636 979 3719 sermoLS.
1015 3637 1231 3719 Maximi
1261 3653 1475 3719 nomen
1489 3640 1542 3694 in
1583 3655 1706 3719 cvm
1736 3643 1922 3700 codice
1950 3646 2289 3705 bibliothch
2317 3650 2373 3706 S.
2400 3650 2564 3707 Marci
2587 3649 2955 3716 Venetiarum,
2987 3665 3096 3719 quo
3122 3665 3188 3705 ex
3218 3651 3407 3707 codice
3429 3668 3553 3708 cum

267 3710 499 3765 describi
521 3708 854 3791 curavimus.
882 3707 1055 3791 Atque
1080 3716 1138 3761 ut
1155 3715 1438 3790 acceptum
1461 3709 1607 3791 hunc
1634 3711 1763 3765 item
1788 3729 1908 3791 esse
1933 3728 2122 3772 sancto
2150 3719 2326 3791 eidem
2346 3722 2572 3776 antistiti
2595 3707 3064 3783 arbitramur,'nos
3087 3722 3247 3791 plane
3269 3707 3555 3778 conﬁrmat

267 3793 376 3862 non
409 3779 576 3833 modo
604 3778 829 3862 duorum
857 3786 1119 3862 pnetprea
1151 3794 1258 3858 non
1306 3779 1761 3862 minusveterum
1787 3784 2038 3862 codicum
2062 3790 2377 3862 auctoritas,
2410 3807 2594 3846 verum
2641 3790 2802 3845 etiam
2832 3778 2954 3862 styli
2978 3778 3445 3862 quo'perseriptus
3474 3804 3557 3848 est

269 3849 434 3910 ratio,
458 3864 580 3918 qua:
610 3855 719 3902 tam
750 3846 940 3902 similis
967 3846 1303 3903 Maximinum
1321 3857 1423 3917 est,
1454 3858 1532 3917 ut,
1563 3859 1753 3907 nostro
1778 3855 1995 3924 quidem
2018 3857 2243 3928 judicio,
2269 3846 2400 3916 nihil
2426 3862 2653 3917 similius
2672 3861 2854 3931 expeti
3071 3846 3334 3918 videatur:

271 3963 761 4017 “celsarum—
787 3958 1023 4033 Robusto
1063 3959 1168 4029 ﬁde
1214 3962 1286 4014 ad
1336 3978 1555 4032 agonem
1604 3963 1863 4033 passionis

338 4041 597 4101 martyres
621 4031 901 4104 congressi,
926 4030 981 4083 in
1010 4032 1122 4104 ipsa
1155 4039 1318 4104 morte
1341 4030 1722 4104 consequuntur
1747 4051 1865 4104 pcr-

337 4098 554 4172 petuam
613 4098 985 4173 hazfeditatem.
1031 4098 1352 4173 Martyrium
1392 4098 1864 4173 _est'indulgc'ntia

339 4169 639 4235 criminum,
662 4171 1105 4241 uirtutumcaput,
1137 4169 1342 4226 occasio
1373 4169 1614 4241 justitiw,
1642 4169 1864 4229 domini-

340 4257 423 4297 τω
445 4240 707 4311 passionis
736 4240 978 4295 imitatio.

313 4345 340 4372 ι
354 4331 574 4388 Corona
592 4332 961 4386 universorum
983 4339 1281 4402 martyrum
1302 4331 1486 4402 fulget,
1503 4342 1665 4404 atque
1676 4349 1863 4391 eorum

273 4437 508 4493 quorum
552 4421 746 4475 natalis
788 4420 1023 4476 victricis
1049 4421 1234 4489 gloriae
1281 4422 1607 4495 celebratur,
1649 4425 1741 4494 qui
1770 4441 1864 4482 ro~

274 4518 436 4573 busta
464 4514 568 4569 ﬁde
590 4514 657 4569 ad
687 4528 914 4583 agonem
942 4513 1211 4583 passionis
1230 4515 1507 4583 congressi
1527 4526 1682 4583 sunt;
1713 4526 1864 4574 certo

1969 3969 2169 4025 lucrum
2193 3970 2415 4045 (Philip.
2443 3972 2514 4042 1);
2532 3971 2929 4043 triumphantes
2950 3971 3003 4025 in
3026 3969 3244 4027 Christo
3265 3987 3358 4025 sua
3381 3969 3404 4007 δ
3431 3988 3559 4042 pec-

1969 4069 2089 4117 cata
2117 4063 2408 4120 lucrantes.
2436 4062 2756 4133 Quanquam
2777 4063 2869 4133 qui
2892 4063 2945 4118 in
2975 4063 3068 4118 illo
3090 4063 3309 4133 patitur,
3337 4064 3560 4119 omnino

1972 4167 2080 4207 non
2123 4154 2385 4219 moritur;
2420 4164 2445 4191 ο
2474 4153 2744 4209 confessio
2789 4153 2932 4207 enim
2978 4168 3129 4207 mors
3170 4168 3278 4207 non
3310 4163 3394 4208 est
3416 4192 3430 4217 ,
3464 4170 3523 4209 se

1970 4241 2253 4298 haereditas
2280 4243 2422 4297 vitm.
2452 4241 2767 4315 Martyrium
2793 4249 2878 4295 est
2905 4241 3066 4309 igitur
3092 4240 3422 4309 indulgentia
3448 4245 3556 4297 cri-

1966 4335 2192 4403 minum,
2220 4333 2477 4388 virtutum
2523 4341 2713 4403 caput,
2744 4331 2958 4387 occasio
3002 4330 3246 4401 justitite,
3273 4331 3556 4387 dominicm

1965 4426 2230 4497 passionis
2270 4424 2520 4480 imitatio.
2550 4422 2595 4479 Ο
2622 4422 2915 4479 felicissimi
2944 4430 3211 4495 martyres
3238 4424 3556 4478 renuntian-

1969 4527 2048 4576 tes
2067 4515 2298 4573 saeculo!
2322 4516 2627 4572 Maluerunt
2647 4515 2939 4572 novissimo
2960 4514 3212 4570 meliores
3233 4529 3371 4579 esse,
3393 4528 3555 4584 quam

273 4608 535 4671 scientes,
565 4604 709 4675 quod
723 4578 803 4658 vin
834 4578 1083 4659 omnibus
1110 4578 1363 4660 Christus
1382 4615 1607 4675 patitur,
1637 4578 1692 4663 et
1718 4608 1862 4678 quod
1893 4578 1941 4637 θ
1968 4612 2176 4683 primo;
2208 4625 2436 4681 quorum
2464 4608 2695 4678 denique
2714 4606 3104 4663 consummatio
3114 4605 3315 4675 justum
3345 4578 3557 4661 ini-tium

275 4699 347 4754 ad
374 4712 540 4769 regna
568 4697 828 4752 caelorum
873 4697 1055 4750 statim
1084 4712 1205 4752 cum
1233 4699 1594 4754 exsultatione
1619 4701 1865 4769 corporis

278 4788 705 4853 transferantur;
734 4793 789 4840 et
817 4801 938 4841 cum
966 4794 1154 4856 gentes
1180 4786 1441 4843 horreant
1469 4790 1521 4843 in
1549 4789 1866 4857 mgritudine

279 4888 533 4943 mortem,
566 4877 602 4930 ii
647 4876 700 4931 in
746 4876 863 4945 ipsa
902 4883 1078 4931 morte
1123 4888 1524 4947 consequantur
1551 4887 1865 4951 perpetuam

280 4968 648 5023 iamreditatem
677 5006 693 5032 ,
744 4982 842 5036 per
893 4966 1172 5036 passiones
1216 4984 1345 5024 vero
1393 4967 1421 5007 δ
1466 4971 1867 5026 translationem

283 5060 452 5127 magis
482 5072 603 5112 esse
630 5056 856 5111 credunt
900 5071 1059 5127 quam
1090 5056 1270 5112 ﬁnem.
1304 5057 1429 5113 llaec
1456 5068 1541 5115 est
1562 5075 1757 5115 arcana
1785 5077 1871 5116 sa-

282 5148 509 5218 pientia,
534 5162 652 5216 quae
678 5147 731 5200 in
753 5146 939 5201 electis
965 5146 1090 5212 tuis,
1114 5146 1360 5216 Domine,
1388 5165 1495 5203 non
1521 5150 1869 5221 persuasione

282 5242 580 5311 colligitur,
609 5234 711 5296 sed
732 5257 763 5295 a
793 5242 899 5296 tuis
924 5243 1249 5313 martyribus
1276 5243 1343 5299 de
1366 5245 1514 5301 fonte
1553 5248 1735 5304 divino
1762 5248 1872 5303 vir-

286 5334 414 5387 tutis
433 5322 713 5399 hauritur;
749 5344 771 5369 ο
799 5333 923 5401 quia
954 5331 1079 5387 bene
1104 5335 1264 5388 uiuere
1285 5333 1520 5392 Christus
1539 5346 1635 5405 est,
1665 5348 1714 5393 et
1742 5340 1873 5394 mori

324 5522 329 5523 ν
363 5494 388 5521 ⁸
411 5483 691 5537 Homiliar.
718 5482 876 5536 basil.
919 5482 1194 5550 Lateran.,
1223 5483 1483 5541 Coronam
1521 5489 1875 5543 universorum

288 5565 583 5634 martyrum
616 5554 812 5634 fulgere
836 5553 1086 5634 videmus.
1104 5553 1235 5634 _Vox
1267 5556 1381 5611 haec
1408 5558 1637 5634 videmus
1664 5569 1746 5634 est
1787 5576 1877 5617 su-

288 5623 569 5746 pe‘rgosita
598 5623 793 5676 minori
822 5625 1038 5691 quidem
1069 5624 1406 5693 charactere,
1429 5628 1545 5697 sed,
1568 5637 1627 5685 ut
1646 5628 1877 5697 videtur,

292 5710 378 5746 ea:
435 5710 485 5746 111
515 5708 697 5746 manu.

292 5708 485 5749 cantem
515 5708 697 5746 manu.

374 5764 398 5802 δ
426 5762 562 5819 Cod.
615 5761 824 5830 Later.,
870 5767 1237 5823 translationes
1259 5769 1494 5823 .credunt
1541 5785 1681 5839 esse,
1733 5787 1883 5840 quam

593 5856 861 5917 ΡΑτιιοι..
909 5857 1101 5919 LVII.

1969 4703 2116 4758 facit.
2146 4702 2339 4757 Divino
2367 4710 2461 4756 tuo
2509 4709 2662 4765 nutu,
2694 4700 3036 4771 omnipotens
3065 4699 3206 4754 Deus
3228 4738 3243 4765 ,
3277 4699 3557 4768 gloriosis-

1964 4787 2091 4849 'simi
2137 4802 2402 4864 martyres
2427 4790 2628 4847 Chriin
2658 4799 2826 4847 testes
2865 4805 2985 4846 esse
3014 4802 3353 4858 meruerunt;
3386 4780 3559 4848 victo-

1970 4885 2108 4939 riam
2131 4897 2347 4953 quoque
2376 4881 2643 4949 meditati,
2673 4880 2906 4936 confessi
2926 4878 3196 4935 Christum
3225 4880 3279 4935 in
3310 4881 3556 4949 flagellis,

1975 4976 2029 5031 in
2072 4974 2404 5039 carceribus,
2426 4973 2479 5028 in
2510 4970 2815 5041 ergastulis,
2857 4972 2911 5026 in
2939 4970 3260 5038 solitudine;
3288 4972 3557 5041 iustorum

1976 5065 2121 5120 enim
2149 5078 2332 5120 comes
2380 5077 2593 5134 semper
2619 5060 2780 5115 debet
2813 5075 2935 5117 esse
2963 5058 3251 5115 confessio.
3276 5060 3321 5115 0
3350 5050 3560 5135 inclyta:

1976 5157 2168 5212 anima:
2190 5156 2471 5211 beatorum
2501 5161 2794 5224 martyrum
2816 5160 2873 5206 ει
2891 5151 3121 5219 gloriosa
3142 5153 3399 5223 victoria;
3424 5157 3566 5212 inter

1977 5262 2116 5317 quos
2145 5255 2203 5303 et
2228 5245 2584 5301 dev’otissimae
2603 5242 2813 5298 feminae
2840 5242 2997 5297 simul
3020 5243 3272 5299 saeculum
3293 5254 3349 5300 et
3375 5260 3564 5301 sexum

1981 5339 2247 5407 vicerunt,
2277 5338 2580 5408 praeliantes
2599 5349 2721 5389 eum
2749 5333 2984 5404 diabolo,
3014 5332 3268 5392 fortiores
3298 5337 3426 5393 viris
3454 5345 3568 5394 tor.

1982 5491 2158 5561 ﬁnem.

2019 5570 2084 5684 te
2116 5560 2259 5683 ltdcm
2310 5558 2434 5615 cod.
2485 5556 2665 5613 Later.
2684 5598 2710 5641 ',
2751 5557 2933 5631 quibus
2976 5559 3137 5613 viuere
3192 5557 3429 5619 Christus
3474 5570 3569 5628 est,

2043 5668 2057 5684 .
2091 5646 2120 5684 e
2148 5645 2195 5684 c.

1989 5645 2057 5692 ει,
2091 5645 2195 5685 ειε.

2062 5700 2086 5737 ά
2117 5700 2256 5752 Idem
2288 5698 2410 5752 cod.
2445 5697 2720 5767 Lateran.,
2750 5717 2842 5753 sua
2875 5708 3036 5751 morte
3059 5699 3316 5754 lucrantes
3345 5709 3564 5767 peccata.

2075 5782 2095 5805 υ
2121 5768 2266 5823 Idem
2291 5770 2410 5823 cod.
2441 5768 2717 5842 Lateran.,
2748 5770 3087 5839 confessionis
3117 5772 3251 5821 enim
3286 5782 3439 5831 mors,
3467 5774 3567 5825 etc.

3224 5860 3301 5918 23
