4054 6194
515 287 544 338 7
559 285 612 338 i3
1709 297 1766 363 S.
1810 299 2056 356 MAXIM]
2095 301 2544 363 TAURINENSIS
3677 316 3780 374 Ἰιῦ

515 403 800 500 quentibus
825 405 1166 500 exstiterunt,
1196 408 1355 480 633
1381 406 1616 466 carniﬁci
1655 413 1855 481 gratias
1887 426 1912 452 ο
1934 430 2098 484 agen-
2125 424 2176 482 Α
2201 417 2389 488 elisus,
2413 433 2537 473 eum
2576 417 2690 488 jam
2715 427 2926 476 amotos
2949 427 3262 479 constanter
3287 423 3454 496 635
3475 423 3608 483 elidi
3634 428 3774 500 (sic).

515 507 597 552 tes
648 497 914 589 stevientil
974 497 1055 552 Ab
1107 500 1357 555 omnibus
1421 501 1564 557 enim
1611 502 1772 560 ﬁdem
1822 516 2101 575 exspectat
2201 509 2431 565 Voluisti
2454 511 2596 565 enim
2626 512 2897 568 hominem
2919 529 3028 568 non
3049 521 3256 569 tantum
3280 515 3350 572 de
3375 497 3770 589 diaboli
3815 573 3818 575 Α

515 589 855 680 onmipotens
895 588 1036 680 Deus
1075 590 1248 657 magis
1273 605 1434 660 quam
1481 601 1734 648 mortem.
1764 593 1871 650 Sed
1914 596 2101 652 diabo-
2200 607 2311 655 tate
2337 615 2530 656 eruere
2583 616 2682 671 per
2722 600 2900 668 ﬁdem,
2931 603 3030 659 sed
3081 604 3463 661 inculcatorem
3511 588 3638 680 (sic)
3665 609 3778 678 ejus

516 678 625 743 lus,
663 679 753 749 qui
801 679 1118 734 conﬁtentes
1147 681 1286 747 odit,
1336 697 1569 738 coronas
1606 694 1826 756 prmstat
1879 687 2097 743 invitus.
2198 684 2503 746 interﬁcere
2529 705 2627 761 per
2670 692 2944 748 virtutem.
2994 692 3064 748 Ut
3091 694 3183 763 qui
3234 678 3532 763 gaudemus
3582 698 3777 755 Christi

516 766 668 860 Facit
696 775 958 840 martyres
974 767 1015 860 lt
1045 770 1138 837 qui
1167 769 1267 824 hos
1308 771 1527 837 occidit,
1557 782 1614 828 et
1641 773 1769 829 dum
1789 773 1886 831 Dei
1912 790 2107 832 servos
2195 783 2456 852 sanguine
2504 783 2702 838 mortui
2730 783 2936 840 facilius
2961 785 3192 851 liberati,
3225 787 3465 844 dicentes
3491 792 3776 860 martyria.
3805 813 3808 815 λ

515 859 733 912 Vincél‘e
760 858 1058 925 contendit,
1085 861 1451 915 contemnitur
1491 861 1628 931 ipse,
1654 863 1780 918 dum
1809 866 1980 921 smvit.
2011 865 2099 920 Li—
2195 872 2250 926 in
2278 871 2492 928 Christo
2520 881 2708 943 postea
2739 876 3128 945 triumphemus
3155 878 3426 932 coronati.
3457 876 3562 933 Per
3589 858 3777 935 Chris-

515 949 771 1010 hcmlitas
799 963 926 1017 ergo
955 958 1042 1004 tua
1075 949 1214 1022 (sic),
1249 951 1472 1006 Domine
1510 952 1673 1022 Deus,
1713 954 1972 1011 hactenus
1996 971 2106 1012 no»
2198 968 2311 1015 tum
2342 961 2626 1018 Dominum
2651 971 2915 1028 nostrum,
2943 965 3034 1034 qui
3061 965 3196 1025 vivit
3213 973 3269 1021 et
3294 974 3484 1036 regnat
3509 968 3563 1021 in
3585 970 3778 1024 snt-ul:

515 1037 597 1092 bis
622 1039 873 1110 martyria
902 1041 1202 1110 proposuit,
1225 1049 1284 1096 ut
1305 1042 1644 1102 adversaria
1663 1054 1693 1084 ο·
1718 1046 1950 1114 quodam
1975 1047 2104 1119 (sic)
2197 1052 2536 1110 saeculorum.
2567 1052 2758 1110 Amen.

1889 1238 2156 1303 SERMO
2199 1243 2392 1306 XCII.

1437 1335 1568 1392 Item
1590 1337 1655 1392 tle
1685 1339 1851 1394 natali
1875 1339 1982 1396 SS.
2013 1342 2349 1412 plurimorum
2375 1355 2659 1417 martyrum
2691 1344 2822 1402 γη.

1947 1449 2336 1509 ADMONITIO.

589 1563 773 1618 Exstat
799 1563 886 1643 hic
912 1578 1131 1643 quoque
1148 1576 1326 1617 sermo
1353 1560 1416 1615 S.
1443 1559 1658 1643 Maximi
1705 1563 1992 1643 inscriptus
2017 1565 2233 1643 nomine
2262 1565 2318 1620 in
2343 1566 2548 1643 Yeneto
2584 1569 2771 1643 codice
2799 1569 2855 1624 S.
2885 1569 3258 1643 Marci,‘cujus
3294 1575 3512 1630 memini
3536 1576 3779 1636 admoni-

519 1635 994 1716 t_io_ne_superiore.
1027 1635 1211 1716 Neque
1240 1647 1370 1716 vero
1407 1635 1537 1716 quin
1581 1635 1629 1685 ei
1669 1641 1855 1716 sancto
1885 1635 2108 1716 antistiti
2142 1635 2451 1716 tribuendus
2496 1637 2584 1704 sit,
2633 1638 2875 1716 dubitare
2901 1642 3028 1697 sinit
3053 1635 3267 1711 ﬂuens,
3303 1646 3509 1713 gravis,
3547 1635 3731 1702 ornata
3755 1691 3772 1716 ,

517 1704 831 1773 deiectuque
859 1704 1242 1758 sententiarum
1270 1703 1546 1767 instructa,
1570 1717 1678 1756 uno
1700 1703 1888 1770 verbo,
1919 1704 2148 1761 Maximo
2175 1706 2336 1775 plane
2361 1707 2519 1776 digna
2540 1703 2736 1765 Oratio.
3013 1743 3036 1761 -λ
3250 1703 3261 1711 ’
3304 1703 3333 1713 ⁷
3491 1703 3505 1711 ’
3756 1703 3788 1719 “’

517 1900 907 1978 naeuusuruu.
935 1937 1003 1946 —
1031 1907 1273 1962 Salvator
1299 1915 1472 1961 noster
1511 1923 1604 1962 nos
1633 1905 1806 1961 docuit
1836 1916 2079 1974 terrores,
2115 1912 2161 1974 Β
2187 1891 2467 1966 serventur
2488 1911 2541 1966 in
2570 1910 2728 1967 cosio.
2759 1907 3067 1966 Accendere
3099 1909 3278 1978 igitur,
3298 1908 3622 1978 Christiane,
3646 1927 3769 1967 cum

581 1987 632 2048 et
661 1977 1065 2047 persecutiones,
1098 1987 1146 2030 et
1183 1978 1536 2032 tribulatione:
1585 1978 1803 2048 fortiter;
1827 1994 2081 2048 spernere.

522 2089 526 2093 -
579 2047 754 2102 Mores
800 2064 1000 2116 semper
1045 2049 1098 2116 in
1146 2049 1326 2101 melius
1369 2047 1681 2102 commutare
1723 2047 1991 2112 debemus;
2014 2058 2088 2115 et,

581 2118 713 2170 sicut
746 2115 1027 2199 participes
1053 2115 1494 2199 Christi-nominis
1521 2131 1717 2199 sumus,
1745 2118 1834 2171 sic.
1859 2118 2087 2199 imitatos

585 2203 666 2240 res
712 2185 872 2241 timus
917 2185 964 2258 et
1004 2188 1191 2258 operis.
1218 2185 1495 2258 Martyres
1545 2186 1748 2258 fortiter
1792 2188 2098 2258 restiterunt

577 2255 1056 2328 paganogrevienti,
1091 2266 1141 2308 tu
1179 2255 1452 2328 vigilanter
1486 2255 1666 2310 resiste
1701 2255 1917 2311 diabolo
1937 2262 2085 2310 sedu-

581 2323 734 2394 centi,
757 2323 950 2380 Christi
978 2329 1140 2397 [retas
1159 2323 1375 2381 auiilio.

518 2531 520 2533 g
584 2440 813 2512 Domino
838 2455 946 2509 Deo
977 2463 1160 2511 nostro
1182 2453 1369 2510 laudes
1396 2455 1503 2509 laeti
1531 2456 1793 2519 canimus,
1810 2454 1936 2510 dum
1964 2471 2088 2512 san-

510 2557 721 2626 ctorum
766 2555 1062 2620 martyrum
1108 2547 1242 2603 festa
1289 2546 1622 2603 celebramus
1646 2588 1662 2614 ,
1718 2561 1856 2616 quos
1910 2547 2087 2604 divina

510 2642 801 2697 auxiliante
825 2642 994 2710 gratia
1019 2638 1301 2695 roboratos
1329 2637 1648 2706 audivimus,
1681 2645 1736 2691 et
1764 2638 1816 2691 in
1847 2643 2087 2692 tormen-

509 2726 577 2787 iis
609 2731 851 2787 invictos.
894 2729 1050 2785 Dedit
1088 2729 1230 2784 enim
1272 2729 1376 2783 illis
1396 2729 1648 2785 virtutem
1677 2735 1732 2783 et
1763 2727 2088 2784 consolatio-

507 2837 650 2888 nem,
681 2822 773 2891 qui
815 2821 960 2891 prior
987 2828 1044 2875 et
1081 2835 1179 2889 pro
1218 2820 1356 2884 illis,
1383 2826 1438 2874 et
1483 2835 1580 2890 pro
1607 2820 1764 2874 nobis
1799 2818 1979 2874 subire
2006 2818 2088 2872 di-

508 2912 701 2979 gnatus
727 2919 808 2966 est
837 2911 1160 2982 passionem,
1184 2918 1240 2965 et
1267 2909 1412 2965 dedit
1439 2911 1517 2965 eis
1555 2909 1964 2964 exsultationem
1993 2924 2088 2964 co-

507 3001 710 3072 piosam
733 3041 748 3066 ,
803 2999 906 3054 illis
947 3001 999 3054 in
1039 2999 1190 3054 caelis
1234 2999 1595 3069 promittendo
1640 2998 1988 3066 mercedem;
2031 3007 2086 3054 at

505 3106 647 3145 nunc
684 3105 804 3144 cum
833 3089 992 3143 lectio
1020 3087 1294 3157 Evangelii
1321 3089 1608 3157 legeretur,
1635 3089 1858 3145 audistis
1894 3105 2086 3145 conso-

505 3180 779 3246 lationem,
805 3181 884 3234 eis
902 3179 1183 3234 Dominum
1210 3179 1474 3235 dicentem
1502 3196 1515 3233 :
1542 3178 1670 3233 Cum
1706 3190 1876 3234 autem
1914 3181 2086 3234 audie-

2187 2000 2386 2055 sanctis
2414 2001 2737 2073 martyribus
2756 1999 2915 2054 simili
2942 1998 3245 2055 dilectionis
3271 2000 3493 2068 ardore;
3525 2011 3580 2057 et
3601 2003 3645 2056 si
3667 2002 3772 2058 hoc

2187 2098 2430 2161 tempore
2459 2106 2566 2146 non
2595 2091 2696 2146 erit
2739 2098 2884 2144 tanta
2904 2098 3091 2145 contra
3120 2091 3365 2146 carnales
3390 2101 3794 2162 persecutores

2188 2181 2432 2236 certandi
2455 2181 2763 2246 necessitas,
2780 2182 2848 2236 sit
2862 2180 3023 2236 etiam
3044 2189 3229 2236 contra
3246 2181 3550 2251 spirituales
3563 2183 3766 2250 hostes;
3782 2173 3794 2188 ”

2191 2279 2245 2327 et
2262 2281 2449 2327 contra
2477 2273 2654 2328 carnis
2674 2271 2914 2328 certandi
2941 2272 3258 2327 constantia.
3284 2271 3420 2327 Nam
3440 2275 3540 2329 etsi
3570 2263 3766 2332 nunc'a

2189 2380 2398 2435 pagano
2414 2381 2521 2420 non
2545 2365 2843 2421 inferuntur
2863 2372 3128 2420 tormenta
3149 2380 3267 2435 qua:
3278 2365 3521 2432 sull‘eras,
3541 2366 3767 2422 offerun-

2190 2462 2276 2509 tur
2309 2462 2488 2510 tamen
2518 2470 2549 2509 a
2576 2455 2792 2511 diabolo
2841 2461 3176 2510 tentamenta
3205 2469 3324 2524 qua:
3353 2471 3572 2512 necesse
3601 2465 3682 2512 est
3711 2465 3767 2512 ut

2187 2561 2426 2617 superes.
2454 2546 2590 2628 ﬁam
2636 2554 2692 2603 et
2734 2559 2974 2616 paganus
3001 2561 3163 2601 manu
3205 2555 3429 2602 cruenta
3473 2544 3787 2604 desawiens

2188 2638 2385 2694 Christi
2415 2643 2679 2710 martyres
2700 2638 3032 2704 trucidabat;
3060 2637 3301 2694 diabolus
3322 2647 3500 2694 autem
3527 2640 3765 2698 subdolis

2191 2728 2578 2785 tentationibus
2605 2727 2822 2797 fallens,
2851 2725 3049 2783 Christi
3089 2727 3272 2784 fideles
3301 2745 3366 2785 eo
3387 2731 3762 2801 periculosius,

2186 2813 2303 2888 quo
2323 2819 2602 2884 occultius,
2633 2819 2853 2874 cruciat.
2888 2818 3038 2874 Tunc
3082 2832 3321 2889 paganus
3368 2819 3541 2875 leonis
3567 2820 3765 2878 feroci-

2189 2915 2300 2962 tate
2327 2906 2646 2974 deszeviens,
2669 2907 2734 2962 ad
2757 2907 3112 2963 idololatriam
3139 2909 3424 2978 compulit,
3471 2925 3618 2967 nunc
3649 2911 3766 2966 dia-

2183 2997 2340 3054 bolus
2365 2999 2673 3070 serpentino
2702 2999 2861 3054 dente
2886 2999 3146 3067 suadens,
3172 2999 3410 3069 perﬁdiae
3437 3001 3584 3057 virus
3613 2987 3764 3058 infu-

2185 3089 2284 3145 dit.
2299 3089 2542 3158 Paganus
2558 3088 2847 3145 occidendo
2871 3096 3136 3161 martyres
3155 3091 3402 3145 mittebat
3419 3090 3485 3145 ad
3506 3107 3762 3161 regnum;

2185 3183 2347 3254 635
2396 3181 2640 3237 diabolus
2687 3181 3011 3250 s‘educendo,
3042 3195 3224 3236 secum
3279 3181 3428 3236 ducit
3471 3181 3538 3236 ad
3585 3182 3764 3253 ignem

503 3271 616 3325 ritis
646 3271 797 3336 bella,
825 3279 875 3323 et
903 3271 1195 3341 opinionem
1222 3270 1487 3336 bellorum,
1521 3287 1587 3325 ne
1606 3271 1907 3336 timuerim;
1929 3287 2081 3342 opor-
2108 3282 2153 3344 (ζ
2184 3285 2465 3327 internum.
2488 3271 2568 3326 llli
2596 3285 2722 3340 ergo
2751 3271 2992 3326 vicerunt
3012 3270 3290 3326 tolerando
3310 3272 3569 3342 supplicia
3598 3279 3772 3342 pagaé

504 3371 573 3416 tet
591 3363 727 3416 enim
742 3362 851 3417 haec
860 3362 1000 3432 ﬁeri,
1023 3362 1113 3416 sed
1135 3362 1360 3416 nondum
1371 3363 1494 3432 ﬁnis
1517 3359 1808 3434 (Luam).
1841 3360 2086 3418 Priamo-

501 3453 618 3508 nuit
638 3466 765 3521 ergo
788 3453 1046 3508 Dominus
1065 3462 1120 3507 et
1141 3451 1390 3508 Salvator
1416 3461 1602 3507 noster
1625 3451 1912 3524 discipulos
1930 3469 2075 3521 suos,

500 3553 554 3600 et
583 3561 679 3615 per
702 3560 797 3600 eos
843 3560 940 3600 nos
973 3544 1157 3600 docuit
1193 3545 1450 3610 secundo,
1482 3555 1718 3600 terrores
1746 3553 1803 3600 et
1829 3559 2080 3616 persecu-

499 3635 694 3703 tiones,
725 3635 1196 3706 diversitatemque
1227 3635 1629 3691 tribulationum
1651 3652 1682 3691 a
1710 3638 2080 3707 persequenti-

497 3723 595 3781 bus
626 3725 885 3796 irrogatas
926 3725 1135 3781 fortiter
1166 3740 1441 3796 spernere,
1473 3734 1529 3781 et
1552 3727 1674 3782 vitae
1713 3737 1926 3784 aeterna:
1947 3746 2078 3786 con-

499 3817 765 3877 solatione
811 3816 1063 3872 refoveri.
1107 3814 1176 3871 Et
1215 3817 1342 3886 quia
1390 3816 1548 3874 nobis
1585 3820 1798 3888 saepius,
1842 3821 2078 3890 peccatis

497 3909 694 3965 nostris
719 3907 1074 3977 exigentibus,
1113 3909 1455 3978 contingunt,
1501 3909 1622 3965 ideo
1660 3925 1838 3966 mores
1865 3919 1921 3966 et
1947 3926 2077 3966 con-

497 3998 856 4052 versationem
903 4004 1142 4052 nostram
1189 4012 1404 4068 semper
1431 3998 1486 4053 in
1515 3999 1704 4056 melius
1742 4008 2076 4058 commutare

497 4085 774 4152 debemus,
821 4087 1073 4143 deserere
1119 4088 1246 4143 vitia
1267 4130 1283 4156 ,
1314 4097 1370 4144 et
1396 4104 1641 4146 crescere
1687 4091 1742 4145 in
1792 4091 2077 4148 virtutibus

496 4176 693 4231 sanctis
716 4175 784 4231 de
811 4175 900 4232 die
927 4176 982 4232 in
1018 4176 1180 4242 diem,
1208 4179 1560 4238 contumelias
1588 4187 1644 4234 et
1667 4180 1942 4236 cruciatus
1970 4181 2076 4236 hu-

495 4266 582 4337 ius
606 4267 784 4322 saeculi
807 4269 1193 4338 patientissime
1220 4269 1485 4338 tolerare;
1511 4279 1568 4325 ut
1592 4256 1807 4326 dicatur
1834 4271 1902 4327 de
1923 4272 2076 4328 nobis

498 4359 624 4414 illud
653 4359 796 4428 quod
834 4360 888 4414 in
918 4359 1123 4430 psalmo
1145 4361 1355 4415 canitur
1380 4377 1393 4414 :
1421 4359 1578 4414 Ibunt
1613 4362 1780 4416 sancti
1810 4361 1873 4415 de
1892 4363 2076 4416 virtute

495 4452 550 4506 in
579 4452 811 4506 rit-artem
834 4451 1006 4522 (Psat.
1027 4452 1273 4524 anxur).
1299 4451 1414 4507 Hoc
1439 4441 1568 4508 vero
1596 4454 1898 4526 exemplum
1921 4454 2074 4510 nobis

498 4541 740 4598 Christus
758 4542 992 4611 reliquit,
1023 4542 1113 4610 qui
1142 4557 1240 4612 pro
1280 4541 1436 4598 nobis
1462 4558 1616 4598 suum
1644 4530 1956 4612 sanguinem
1987 4542 2074 4598 fu-

2184 3363 2238 3417 ni
2268 3362 2520 3428 tortoris;
2558 3372 2618 3416 tu
2652 3362 2805 3416 vince
2838 3361 3234 3416 contemnendo
3271 3362 3550 3418 innumera
3580 3371 3762 3419 tenta-

2181 3461 2363 3508 menta
2389 3453 2586 3508 diaboli
2614 3451 2935 3507 seductoris.
2965 3451 3044 3506 llli
3075 3451 3284 3508 fortiter
3303 3453 3633 3527 restiterunt
3661 3471 3762 3525 pa-

2179 3556 2320 3611 gano
2348 3543 2614 3608 saevienti;
2637 3550 2696 3597 tu
2716 3543 2999 3612 vigilanter
3015 3544 3206 3598 resiste
3225 3543 3438 3599 diabolo
3459 3545 3758 3611 seducenti,

2179 3633 2376 3692 Christi
2403 3634 2570 3689 fretus
2597 3633 2813 3688 auxilio.
2869 3635 2972 3689 Pro
3016 3635 3292 3689 catholica:
3346 3634 3468 3690 fidei
3517 3639 3761 3696 veritate

2182 3745 2350 3800 usque
2377 3728 2446 3784 ad
2491 3724 2653 3783 linem
2687 3725 2896 3782 fortiter
2921 3733 3097 3794 certa,
3121 3733 3177 3782 et
3202 3727 3507 3784 mercedem
3542 3744 3763 3788 securus

2178 3828 2449 3891 exspecta.
2481 3817 2702 3874 Trinum
2747 3818 3055 3885 Dominum,
3092 3817 3144 3872 id
3191 3825 3275 3873 est
3303 3815 3540 3884 Patrem,
3571 3829 3626 3875 et
3667 3820 3766 3875 Fi-

2179 3913 2330 3979 lium,
2353 3920 2408 3966 et
2428 3911 2686 3982 Spiritum
2704 3918 2946 3965 sanetum
2973 3910 3129 3964 unius
3150 3909 3461 3965 substantia:
3479 3909 3762 3982 confitere,

2178 4005 2224 4060 si
2251 4003 2330 4058 vis
2356 4017 2580 4071 regnum
2606 4001 2865 4058 caelorum
2891 4015 3012 4055 cum
3057 4000 3255 4056 sanctis
3291 4001 3542 4057 omnibus
3581 4004 3760 4073 possi-

2179 4095 2330 4150 dere.
2362 4093 2442 4148 Ab
2469 4094 2571 4147 hac
2599 4091 2796 4147 salubri
2826 4089 3162 4146 conlessione
3201 4105 3306 4144 non
3334 4090 3612 4146 seducaris
3637 4093 3760 4147 ille-

2179 4179 2298 4240 ctus
2335 4182 2720 4253 temporalibus
2765 4181 3026 4250 przemiis;
3055 4193 3122 4233 ne
3148 4193 3180 4232 a
3213 4177 3426 4234 Christo
3473 4181 3759 4238 infeliciter

2179 4275 2467 4346 separeris,
2496 4280 2551 4328 et
2596 4271 2853 4341 gehennze
2893 4267 3149 4325 incendiis
3193 4269 3470 4325 crucieris.
3507 4272 3672 4343 636
3697 4272 3758 4326 Si

2179 4359 2320 4423 enim
2349 4367 2649 4422 mundanas
2699 4363 3085 4435 prosperitates
3113 4371 3271 4433 atque
3300 4364 3654 4419 adversitates
3704 4366 3758 4425 in

2179 4453 2491 4526 contemptu
2540 4456 2743 4510 habere
2769 4452 3038 4520 didiceris,
3085 4453 3291 4508 etiamsi
3338 4461 3609 4508 tormenta
3658 4455 3758 4510 tibi

2180 4563 2278 4618 pro
2299 4545 2498 4601 Christi
2522 4545 2739 4600 nomine
2760 4542 3078 4607 inferantur,
3097 4542 3400 4597 nullatenus
3419 4541 3755 4597 formidabis.

495 4634 593 4689 dit.
619 4631 810 4708 Omnis
831 4646 960 4702 ergo
978 4632 1310 4688 Christianus
1339 4631 1644 4689 consideret
1689 4648 1797 4702 quo
1825 4643 2075 4690 censetur
2105 4647 2152 4706 ι)
2178 4635 2407 4690 Tantum
2455 4636 2508 4690 in
2535 4643 2624 4688 tua
2658 4633 2853 4687 virtute
2895 4645 3168 4698 nunquam
3200 4629 3463 4698 conﬁdas,
3494 4630 3538 4685 si
3583 4628 3758 4685 victor

497 4723 776 4788 vocabulo,
801 4732 859 4777 ut
884 4721 1154 4780 Christum
1181 4721 1235 4777 in
1259 4722 1525 4788 omnibus,
1547 4733 1806 4792 quantum
1828 4723 1943 4794 ejus
1971 4726 2078 4780 lar—
2181 4743 2300 4784 esse
2328 4725 2623 4781 desideras.
2655 4722 2737 4778 Sit
2778 4723 2872 4777 tibi
2900 4719 3142 4776 Christus
3181 4734 3306 4790 spes
3332 4727 3476 4774 certa
3494 4759 3509 4785 ,
3541 4720 3635 4788 qui
3676 4727 3758 4776 est

495 4815 674 4884 giente
699 4815 872 4887 gratia
916 4813 1078 4880 valet,
1109 4814 1375 4881 imitetur;
1407 4823 1466 4869 ut
1517 4815 1656 4870 sicut
1681 4823 1764 4871 est
1804 4816 2075 4886 particeps
2177 4816 2346 4872 virtus
2390 4817 2615 4877 invicta,
2648 4828 2716 4867 ne
2741 4828 2772 4867 a
2803 4826 2899 4882 spe
2926 4808 3296 4865 retributionis
3341 4808 3552 4864 animus
3599 4808 3761 4865 Chn’;

495 4908 662 4978 ipsius
691 4906 942 4974 nominis,
967 4907 1045 4962 sic
1065 4906 1304 4960 imitator
1330 4906 1401 4960 sit
1428 4915 1482 4962 et
1509 4907 1708 4976 operis.
1731 4905 1978 4962 Honores
2006 4921 2070 4961 ac
2174 4906 2335 4961 stiani
2374 4905 2665 4972 frangatur.
2698 4900 2959 4969 Quoniam
2984 4899 3121 4955 sicut
3166 4899 3220 4953 in
3264 4899 3558 4953 certamine
3586 4900 3760 4956 virtus

494 4999 780 5067 dignitates
829 4989 1032 5065 Saeculi,
1073 5012 1257 5052 amore
1284 4997 1438 5066 regni
1482 4996 1747 5064 cmlestis,
1775 5010 1873 5065 pro
1903 4995 2068 5050 nihilo
2173 4991 2367 5052 devota
2395 5003 2450 5050 et
2469 4994 2674 5051 stabilis
2694 4999 3023 5055 muneratur,
3047 4991 3126 5045 sic
3153 4989 3207 5043 in
3235 5003 3373 5058 pace
3418 4985 3590 5042 ﬁdelis
3619 5004 3758 5042 con-

494 5088 685 5154 ducat;
715 5079 842 5142 etsi
872 5088 1153 5144 facultates
1180 5097 1406 5144 terrcnae
1431 5087 1703 5156 deficiunt,
1733 5100 2066 5155 nequaquam
2175 5088 2396 5146 scicntia
2440 5092 2750 5141 coronatur.
2793 5080 2897 5137 Per
2943 5079 3230 5136 Dominum
3277 5085 3519 5133 nostrum
3570 5075 3758 5133 Iesum

495 5193 594 5249 per
642 5180 883 5248 rapinam
928 5188 984 5234 et
1010 5179 1247 5235 fraudem
1277 5180 1625 5250 acquirantur
1663 5179 1714 5233 in
1745 5178 1964 5232 mundo.
2010 5175 2068 5231 Si
2174 5179 2466 5242 Christum,
2491 5177 2582 5246 qui
2611 5175 2740 5230 vivit
2760 5181 2815 5229 et
2840 5179 3029 5241 regnat
3057 5170 3110 5225 in
3140 5171 3343 5224 unitate
3371 5167 3604 5238 Spiritus
3631 5185 3758 5224 sau~

494 5277 677 5323 autem
703 5269 991 5346 habentur,
1008 5286 1116 5348 non
1142 5286 1245 5342 per,
1279 5271 1556 5325 avaritiam
1583 5269 1870 5338 diligantur
1891 5268 1946 5322 in
1971 5283 2072 5322 εω-
2176 5271 2247 5328 cti
2274 5269 2412 5324 Deus
2439 5282 2534 5338 per
2553 5265 2738 5322 omnia
2763 5261 2957 5319 saecula
2984 5255 3323 5316 surculorum.
3345 5258 3535 5315 Amen.

495 5358 637 5428 culo,
659 5358 754 5417 sed
777 5373 876 5430 per
895 5359 1355 5433 eleemosyuarum
1383 5361 1683 5432 largitatem
1703 5363 2074 5430 permansurze

2175 5563 2440 5676 etceidem
2463 5617 2584 5674 cod.
2614 5611 2816 5679 Later.,
2845 5621 2902 5666 ut
2923 5611 3251 5666 aduersari"
3276 5621 3376 5675 quo
3400 5607 3565 5661 Adam
3593 5607 3756 5664 etim

2169 5709 2285 5746 cum
2318 5707 2428 5762 jam
2451 5697 2651 5743 amotus
2679 5692 2973 5739 constanter
3008 5681 3175 5735 elidit.

469 5577 472 5582 '
566 5573 593 5603 α
621 5535 756 5619 God.
806 5561 1056 5618 Lateran.
1088 5547 1378 5625 homiliar.,
1426 5560 1664 5630 carniﬁci
1709 5559 1909 5631 gratias
1947 5573 2075 5628 age-

491 5634 615 5690 bant
638 5634 887 5690 stridenti.

561 5709 586 5745 ιι
617 5705 764 5762 idem
792 5703 912 5760 eod.
947 5702 1222 5768 Laterum,
1247 5698 1398 5752 Facit
1427 5708 1680 5769 martyres
1704 5713 1828 5768 quos
1853 5697 2064 5762 occidit,
