4054 6194
321 337 423 400 ΠΙ

1729 326 1954 387 suane
1989 324 2166 386 exn.
3475 293 3583 375 res

325 457 546 527 quidem
593 455 660 510 ab
697 451 1007 509 hominibus
1044 462 1294 519 corpore,
1333 443 1590 502 doctrina:
1637 451 1813 498 tamen
1845 443 1910 498 iis
1936 440 1982 503 Α
2011 440 2166 496 modo
2193 441 2404 510 potestis
2442 439 2574 494 bona
2619 438 2757 510 loqui
2802 453 2917 492 cum
2961 435 3075 492 sitis
3122 451 3339 508 nequam
3369 433 3579 527 (itatth.

327 549 561 602 utilitate
589 546 952 615 conjungitur.
985 543 1192 612 Ubique
1220 541 1522 605 miseretur,
1555 537 1750 605 ubique
1775 551 1906 606 pro-

2009 535 2145 603 xu)?
2167 532 2315 588 lianc
2344 533 2505 601 igitur
2526 532 2695 587 solam
2717 530 2970 586 Ecclesiae
2999 545 3191 584 navem
3219 526 3463 583 ascendit
3492 527 3588 581 Do-

326 640 466 695 dest.
496 638 555 694 In
585 647 728 693 terra
755 637 963 707 positus
980 650 1076 705 per
1097 641 1295 688 tactum
1319 631 1604 697 languores
1619 631 1908 697 corporum
2008 625 2205 690 minus,
2253 624 2306 677 in
2353 637 2458 691 qua
2505 620 2694 676 Petrus
2740 619 2999 690 magister
3022 627 3104 674 cst
3131 617 3474 707 constitutus,
3503 616 3585 670 di-

328 736 478 785 sanat
508 746 523 794 ;
554 729 608 784 in
649 705 785 785 mari
825 726 1169 791 constitutus,
1214 738 1314 794 per
1350 719 1648 776 doctrinam
1687 717 1909 772 vulnera
2009 721 2166 770 cente
2193 712 2420 768 Domino
2452 730 2464 765 :
2499 711 2666 782 Super
2690 710 2821 764 hanc
2860 719 3058 781 petram
3100 705 3370 779 wdiﬁcabo
3401 707 3585 761 Eccle-

327 827 478 875 curat
504 819 822 872 animarum.
854 815 962 870 Sed
987 815 1265 870 videamus
1295 827 1414 881 quae
1441 811 1513 865 sit
1538 809 1640 865 ista
1669 806 1911 862 navicula
2009 807 2143 862 siam
2171 807 2371 859 meum.
2407 805 2424 836 ³
2455 800 2583 870 Qua:
2629 803 2781 858 navis
2822 801 2875 856 in
2905 802 3070 856 altum
3115 801 3296 856 szcculi
3328 800 3488 870 hujus
3519 800 3589 854 ita

331 909 566 964 Simonis
593 907 738 962 Petri
764 921 924 976 quam
959 904 1025 958 ad
1053 903 1349 959 docendum
1389 902 1456 958 de
1496 901 1702 956 duabus
1745 899 1914 967 magis

331 1005 693 1068 opportunam
724 994 980 1049 Dominus
994 991 1270 1062 judicavit,
1303 1004 1422 1060 qua:
1449 998 1504 1044 et
1533 996 1706 1043 tutum
1735 978 1916 1042 salva-

333 1097 510 1142 torem
550 1091 771 1155 praestet
810 1082 878 1138 ab
915 1081 1104 1151 injuria
1151 1089 1205 1136 et
1241 1078 1574 1135 credulitatis
1611 1075 1916 1132 hominibus

335 1177 589 1248 largiatur
615 1174 863 1245 eloquia;
895 1173 1193 1228 invenimus
1211 1172 1356 1227 enim
1377 1171 1486 1240 jam
1508 1170 1790 1224 Dominum
1820 1183 1916 1222 na-

335 1271 547 1338 vigasse
575 1266 631 1322 in
657 1265 760 1320 alia
789 1264 936 1333 navi,
973 1273 1029 1319 et
1071 1250 1320 1332 gravibus
1353 1261 1560 1331 injuriis
1589 1259 1914 1315 lacessitum.

337 1358 612 1428 Navigavit
632 1358 774 1412 enim
794 1371 914 1413 cum
932 1355 1113 1427 Moyse
1130 1355 1183 1409 in
1207 1355 1339 1409 mari
1362 1353 1565 1420 Rubro,
1587 1351 1802 1420 quando
1822 1366 1920 1420 po-

339 1449 522 1514 pulum
566 1446 736 1502 Israel
781 1459 879 1514 per
921 1443 1182 1498 undarum
1230 1442 1427 1496 ﬂuenta
1453 1439 1784 1504 transvexit;
1825 1435 1920 1491 sed

339 1539 590 1607 gravibus
605 1543 688 1592 est
701 1534 923 1590 allectus
942 1533 1167 1603 injuriis,
1183 1533 1322 1588 sicut
1336 1533 1450 1602 ipse
1469 1532 1543 1586 ait
1559 1531 1613 1585 in
1632 1527 1920 1599 Evangelio

342 1629 409 1684 ad
436 1627 651 1683 Judaaos
682 1645 695 1680 :
731 1627 793 1682 Si
840 1625 1114 1680 crederetis
1144 1624 1342 1696 Moysi,
1389 1632 1439 1678 et
1483 1623 1609 1676 milii
1645 1619 1923 1676 crederetis

345 1719 526 1790 (Joan.
556 1719 634 1790 v).
665 1717 860 1787 Injuria
903 1724 1082 1770 autem
1113 1714 1402 1770 Salvatoris
1449 1721 1533 1768 cst
1582 1710 1924 1767 incredulitas

2013 902 2182 959 natat,
2213 902 2272 949 ut
2299 902 2557 964 pereunte
2582 893 2802 960 mundo,
2823 907 3009 948 omnes
3031 907 3168 961 quos
3195 891 3438 961 suscipit,
3477 906 3588 944 ser-

2014 995 2102 1042 vet
2125 987 2336 1041 illaesos.
2361 983 2524 1054 Cujus
2549 983 2771 1055 ﬁguram
2795 983 2906 1052 jam
2934 983 2986 1037 in
3013 982 3194 1037 Veteri
3223 982 3463 1036 videmus
3484 981 3588 1036 Te-

2013 1085 2315 1142 stamento;
2345 1076 2483 1131 sicut
2511 1075 2651 1130 enim
2674 1074 2787 1129 Noe
2815 1089 2960 1139 arca,
2989 1073 3341 1140 uaufragante
3368 1071 3592 1140 mundo,

2015 1177 2239 1223 cunctos
2281 1181 2419 1233 quos
2464 1172 2776 1235 susceperat
2800 1163 3096 1219 incolumes
3146 1163 3481 1228 reservavit;
3519 1160 3592 1215 ita

2017 1267 2072 1314 et
2100 1257 2244 1312 Petri
2273 1257 2534 1322 Ecclesia,
2575 1255 2942 1324 conllagrante
2981 1254 3199 1320 sacculo,
3230 1268 3420 1309 omnes
3458 1268 3595 1322 quos

2018 1350 2360 1420 amplectitur
2379 1347 2782 1419 repraesentabit
2805 1347 3019 1409 illazsos,
3042 1354 3098 1401 et
3119 1346 3257 1402 sicut
3271 1354 3400 1401 tunc
3425 1352 3598 1402 trans-

2019 1449 2142 1496 acto
2181 1439 2382 1495 diluvio
2421 1438 2490 1494 ad
2531 1453 2711 1502 arcam
2753 1437 2866 1493 Noe
2904 1437 3151 1492 columba
3194 1436 3402 1505 signum
3449 1435 3598 1506 pacis

2019 1531 2228 1598 detulit,
2268 1531 2342 1586 ita
2384 1538 2442 1585 et
2481 1537 2752 1586 transacto
2789 1528 2990 1599 judicio
3037 1527 3103 1582 ad
3131 1526 3424 1583 Ecclesium
3454 1525 3597 1581 Petri

2019 1623 2264 1679 Christus
2302 1621 2452 1694 pacis
2478 1621 2731 1691 gaudium
2759 1619 2934 1675 defert
2967 1638 2984 1674 :
3028 1619 3154 1688 quia
3193 1618 3310 1688 ipse
3351 1617 3600 1674 columba

2023 1716 2108 1770 vel
2136 1731 2241 1786 pax
2268 1724 2369 1782 est,
2401 1716 2540 1770 sicut
2565 1713 2811 1784 promisit
2836 1712 3058 1768 dicens:
3093 1710 3290 1765 Iterum
3313 1709 3475 1783 842
3502 1721 3600 1764 σιμ

345 1809 658 1881 Synagogm.
689 1807 829 1876 Ergo
857 1805 1003 1861 Petri
1027 1821 1219 1861 navem
1258 1805 1447 1874 elegit,
1479 1803 1650 1873 Moysi
1685 1801 1922 1863 deserit;
1958 1805 2000 1863 Β
2029 1814 2129 1860 tem
2156 1806 2336 1862 videbo
2374 1823 2480 1870 ros,
2511 1815 2562 1860 et
2587 1803 2830 1876 gaudebit
2871 1820 2962 1859 cor
2987 1814 3210 1858 oestrum
3257 1802 3434 1872 (Joan.
3465 1802 3597 1872 xvi).

343 1898 448 1953 hoc
463 1904 565 1962 est,
580 1896 786 1967 spernit
799 1905 822 1932 υ
837 1895 1170 1966 Synagogam
1187 1893 1464 1965 perﬁdam,
1482 1891 1690 1947 ﬁdelem
1705 1890 1928 1946 assumit

341 1985 662 2043 Ecclesiam.
691 1973 849 2056 651
865 1984 990 2039 Dum
1007 1985 1148 2040 enim
1177 1984 1330 2053 quasi
1359 1983 1615 2038 naviculae
1640 1996 1673 2035 a
1696 1980 1804 2036 Deo
1835 1979 1930 2036 de—

346 2079 558 2133 stinata:
596 2084 739 2142 sunt,
785 2092 904 2145 qua":
931 2077 986 2130 in
1021 2076 1147 2142 hoc,
1181 2085 1434 2144 tanquam
1464 2075 1519 2128 in
1543 2073 1700 2135 mari,
1728 2071 1928 2127 mundo

349 2167 581 2224 salutem
627 2167 934 2224 hominibus
977 2161 1330 2238 piscarentur,
1376 2166 1514 2221 sicut
1561 2165 1637 2219 ait
1672 2163 1930 2218 Dominus

352 2257 615 2326 apostolis
663 2275 676 2311 :
735 2256 929 2324 Venite,
971 2259 1163 2329 faciam
1210 2273 1296 2311 vos
1339 2256 1621 2325 piscatores
1666 2254 1930 2308 hominum

353 2349 566 2421 (Matth.
612 2349 708 2417 tv).
741 2349 818 2403 Ex
848 2350 930 2404 his
955 2362 1083 2417 ergo
1112 2348 1318 2402 duabus
1347 2345 1605 2402 naviculis
1632 2361 1737 2400 una
1763 2345 1930 2400 relin-

349 2440 532 2509 quitur
568 2440 636 2494 ad
680 2447 876 2494 terram
905 2439 1078 2493 inanis
1105 2445 1161 2494 et
1186 2453 1376 2505 vacua,
1406 2437 1575 2492 altera
1618 2434 1933 2507 producitur

351 2531 403 2585 In
435 2530 603 2586 altum
631 2538 822 2586 onusta
850 2531 933 2585 vel
955 2530 1145 2601 plena;
1169 2544 1336 2584 vacua
1364 2528 1507 2582 enim
1531 2526 1811 2599 Syuagoga
1840 2541 1929 2581 re—

347 2612 609 2689 linquitur
633 2619 689 2678 in
715 2621 918 2686 littore,
945 2621 1070 2690 quia
1096 2620 1365 2676 Christum
1386 2637 1509 2676 cum
1540 2619 1926 2690 prophetarum

350 2712 533 2766 amisit
559 2712 790 2767 oraculis
825 2729 838 2763 :
871 2719 1064 2766 onusta
1094 2719 1275 2766 autem
1299 2710 1536 2766 Ecclesia
1564 2709 1618 2764 in
1656 2709 1820 2763 altum
1847 2724 1932 2763 as-

347 2803 601 2868 sumitur,
629 2804 754 2873 quia
780 2803 1064 2858 Dominum
1105 2818 1227 2859 cum
1273 2802 1642 2872 apostolorum
1689 2799 1932 2856 doctrina

347 2892 611 2962 suscepit.
634 2891 938 2963 Synagoga,
963 2893 1199 2962 inquam,
1222 2899 1464 2947 remanet
1490 2891 1558 2946 ad
1587 2898 1757 2947 terras
1781 2893 1934 2962 quasi

351 2983 582 3038 terrenis
610 2983 875 3037 inhaerens
905 2981 932 3021 δ
961 2983 1327 3052 operantibus,
1365 2981 1604 3037 Ecclesia
1649 2990 1830 3037 autem
1878 2983 1934 3038 in

352 3074 695 3130 altitudinem
726 3085 752 3136 ο,
780 3083 1036 3130 evocatur
1060 3072 1088 3112 ά
1113 3083 1363 3144 tanquam
1390 3074 1650 3129 ccelorum
1671 3074 1931 3144 profunda

2028 1895 2135 1950 Sed
2161 1895 2414 1964 quoniam
2443 1895 2581 1949 hanc
2610 1893 2853 1948 eamdem
2883 1893 3181 1948 naviculam
3210 1891 3374 1959 Petri,
3402 1892 3470 1948 de
3497 1906 3603 1968 qua

2021 1999 2171 2039 nunc
2197 1984 2452 2038 Dominus
2480 1983 2714 2038 cmlestis
2742 1981 2998 2038 doctrina:
3020 1996 3128 2037 sua:
3152 1989 3489 2038 sacramenta
3512 1981 3605 2036 de-

2030 2075 2248 2143 promit,
2273 2073 2495 2140 legimus
2520 2073 2572 2126 in
2603 2072 2854 2126 Matthxo
2884 2071 3034 2143 (Cap.
3064 2070 3200 2140 vm),
3230 2069 3528 2125 dormiente
3553 2070 3604 2127 in

2029 2165 2216 2220 eadem
2237 2165 2467 2220 Domino
2496 2163 2670 2219 ventis
2699 2163 3094 2232 insurgentibus
3121 2161 3509 2232 perturbatam,
3533 2161 3604 2216 ita

1983 2267 1994 2276 '
2030 2263 2088 2311 ut
2109 2255 2287 2310 cuncti
2317 2255 2544 2326 apostoli
2572 2255 2762 2310 mortis
2782 2254 3078 2325 periculum
3106 2253 3496 2308 formidarent:
3529 2253 3602 2307 vi-

2029 2347 2250 2402 deamus
2273 2363 2392 2418 qua:
2414 2362 2577 2402 causa
2622 2355 2708 2401 est
2752 2346 2896 2416 quod
2923 2360 3024 2400 una
3048 2344 3341 2414 eademque
3364 2345 3604 2401 navicula

2029 2441 2118 2496 hic
2146 2441 2199 2495 in
2229 2440 2616 2509 tranquillitate
2642 2439 2943 2494 doctrinam
2973 2437 3185 2508 populis
3215 2437 3420 2502 tribuit,
3453 2437 3521 2490 ibi
3554 2438 3604 2490 in

2031 2539 2352 2602 tempestate
2379 2531 2653 2600 discipulis
2679 2538 2883 2586 metum
2911 2531 3099 2584 mortis
3123 2527 3336 2594 indicit;
3384 2543 3606 2598 pmor-

2033 2623 2126 2679 tim
2155 2639 2276 2678 cum
2315 2622 2389 2677 ibi
2429 2622 2592 2676 etiam
2625 2637 2746 2677 cum
2774 2619 2982 2675 ueteris
3011 2618 3268 2690 apostolis
3297 2617 3483 2673 Simon
3511 2615 3608 2671 Pe-

2032 2722 2148 2768 trus
2175 2720 2337 2768 esset.
2371 2710 2498 2767 llaec
2525 2721 2610 2766 est
2636 2717 2817 2766 autem
2857 2725 3017 2766 causa
3059 2710 3282 2780 periculi
3314 2727 3330 2761 :
3371 2715 3490 2763 erat
3537 2709 3608 2763 ibi

2032 2806 2220 2861 Simon
2265 2804 2477 2870 Petrus,
2507 2803 2600 2859 sed
2645 2810 2762 2858 erat
2799 2802 3002 2873 pariter
3037 2809 3092 2858 et
3123 2801 3380 2871 proditor
3422 2799 3606 2855 ludas.

2033 2898 2288 2964 Quamvis
2313 2897 2456 2953 enim
2486 2896 2626 2952 illius
2655 2896 2788 2951 ﬁdes
2815 2895 3066 2950 fundaret
3105 2894 3422 2958 naviculam,
3452 2893 3611 2962 hujus

2037 2995 2214 3043 tamen
2251 3003 2368 3044 eam
2411 2986 2632 3057 perﬁdia
2675 2987 3052 3042 conturbahat.
3099 2985 3476 3056 Tranquillitas
3517 2992 3612 3040 est

2037 3079 2127 3133 ubi
2155 3079 2302 3134 solus
2330 3077 2523 3132 Petrus
2551 3078 2785 3146 navigat,
2806 3083 3098 3146 tempestas
3121 3076 3209 3131 ubi
3235 3074 3399 3132 ludas
3425 3075 3611 3144 adjun-

350 3173 688 3219 sacramenta
717 3164 1040 3230 discutiens;
1072 3165 1125 3218 in
1151 3165 1297 3218 illam
1338 3164 1544 3221 scilicet
1595 3163 1930 3217 altitudinem
1958 3169 2006 3231 ο
2035 3168 2192 3235 gitur.
2226 3167 2378 3222 Licet
2406 3175 2548 3222 esset
2577 3166 2767 3220 Petrus
2797 3166 2981 3223 ﬁrmus
3008 3166 3118 3221 suis
3142 3167 3367 3229 meritis,
3398 3175 3610 3235 pertur—

353 3253 424 3310 do
441 3268 546 3322 qua
578 3254 866 3324 Apostolus
887 3255 963 3308 ait
994 3272 1008 3307 ε
1043 3252 1088 3308 0
1105 3254 1323 3307 altitudo
1346 3253 1641 3307 divitiarum
1668 3253 1936 3322 sapientia:

349 3353 402 3397 et
434 3345 664 3398 scientia:
689 3343 786 3398 Dei
827 3344 1006 3416 (Rom.
1037 3345 1147 3414 x1)!
1186 3343 1474 3414 Propterea
1503 3343 1696 3398 dicitur
1723 3343 1884 3398 Petro
1917 3361 1931 3397 :

352 3435 474 3487 Duc
501 3437 553 3489 in
599 3437 762 3489 altum
792 3435 942 3507 (Luc.
973 3436 1048 3505 v),
1074 3437 1180 3492 hoc
1209 3444 1293 3491 est
1320 3436 1371 3490 in
1399 3435 1722 3506 profundum
1747 3435 1932 3506 dispu-

351 3524 621 3578 tationum
651 3526 1011 3593 generationis
1048 3526 1263 3580 divinae.
1304 3525 1441 3592 Quid
1469 3526 1612 3580 enim
1653 3533 1761 3579 tam
1804 3542 1934 3595 pro-

350 3611 578 3666 fundum
607 3629 767 3681 quam
795 3614 939 3683 quod
967 3616 1045 3668 ait
1072 3614 1262 3670 Petrus
1299 3615 1364 3670 ad
1406 3615 1688 3668 Dominum
1720 3633 1734 3667 ε
1768 3614 1843 3668 Tn
1878 3633 1934 3670 es

351 3701 588 3756 Christus
619 3702 786 3758 Filius
817 3703 913 3758 Dei
932 3706 1030 3758 rivi
1053 3705 1264 3773 (Matth.
1288 3704 1438 3775 3m)?
1465 3704 1605 3771 Quid
1636 3713 1740 3758 tam
1769 3713 1934 3761 terte-

354 3807 488 3847 uum
527 3807 686 3860 quam
706 3793 850 3862 quod
877 3793 946 3850 de
974 3795 1200 3850 Domino
1227 3797 1476 3849 dixerunt
1502 3795 1668 3850 Judaei
1702 3813 1714 3849 :
1745 3795 1936 3850 Nonne

356 3881 445 3934 hic
472 3891 549 3934 est
575 3883 715 3952 ﬁlius
739 3881 933 3954 Ioseph
972 3883 1106 3955 fabri
1134 3883 1283 3955 (Luc.
1307 3884 1382 3955 tv)
1405 3885 1429 3939 ?
1456 3883 1550 3940 Ille
1573 3885 1715 3940 enim
1743 3885 1935 3940 altiore

349 3972 585 4027 consilio
630 3974 964 4030 nativitatem
1003 3974 1200 4029 Christi
1237 3974 1490 4029 divinitus
1518 3975 1847 4045 approbavit,
1879 3975 1936 4029 hi

359 4069 546 4117 mente
599 4061 814 4132 viperea
861 4064 1263 4133 generationem
1312 4063 1590 4118 cmlestcm
1648 4065 1935 4118 carnaliter

353 4153 718 4208 testimabant.
749 4153 897 4210 Unde
925 4155 1000 4208 ait
1025 4155 1272 4210 Salvator
1305 4154 1499 4208 Petro:
1527 4151 1660 4218 Quia
1684 4171 1786 4207 non
1815 4170 1935 4209 caro

355 4255 410 4299 et
439 4247 650 4316 sanguis
679 4246 769 4301 tibi
817 4249 912 4302 hoc
953 4247 1209 4312 reuelauit,
1240 4248 1330 4302 sed
1372 4248 1536 4300 Pater
1569 4263 1730 4311 meus,
1769 4249 1857 4318 qui
1885 4249 1938 4302 in

353 4337 500 4390 cmlis
525 4346 601 4391 est
631 4337 843 4407 (Matth.
877 4340 1008 4410 xvi).
1053 4338 1336 4395 Pharisazis
1365 4348 1544 4394 autem
1585 4337 1714 4393 dicit
1742 4357 1755 4392 :
1791 4337 1934 4405 Quo-

437 4488 625 4563 fldem
654 4489 776 4563 cod.
799 4488 1080 4563 Laurent.,
1102 4492 1296 4563 spernit
1327 4489 1624 4563 Synagogw
1644 4491 1938 4563 perﬁdiam.

434 4557 462 4595 δ
487 4558 627 4612 Idem
656 4558 779 4613 cod.
813 4559 1061 4614 Laurent.
1104 4557 1160 4614 et
1186 4559 1308 4616 cod.
1340 4557 1499 4628 Nom,
1538 4557 1754 4616 terrenis
1780 4561 1946 4615 iulia:-

357 4645 484 4682 rcns
512 4628 912 4697 operationibus.

336 4760 415 4821 ,ω
439 4709 460 4734 ε
497 4696 732 4766 Uterque
759 4699 918 4753 codd.
947 4697 1004 4752 S.
1029 4697 1214 4754 Crucis
1235 4699 1289 4754 in
1307 4697 1441 4768 Jer.,
1472 4708 1529 4754 et
1553 4699 1712 4765 Nov.,
1735 4696 1944 4754 revoca-

417 4785 466 4820 1⁸.

417 4785 466 4820 1⁸.

437 4833 463 4874 δ
487 4835 630 4892 Idem
658 4835 778 4892 cod.
808 4837 970 4905 Nov.,
1008 4839 1130 4908 quia
1155 4855 1254 4910 pro
1282 4847 1559 4910 tanquam.

437 4948 453 4977 '
479 4945 815 5017 Frequenter
832 4946 943 5017 suis
964 4946 1021 5001 in
1036 4946 1275 5017 rbomiliis
1295 4946 1583 5017 primatum
1606 4944 1751 5000 Petri
1771 4945 1825 5000 in
1845 4944 1950 5002 Ec-

356 5016 530 5071 clesia
566 5015 856 5070 Maximum
887 5015 1158 5084 docuisse,
1202 5015 1452 5072 omnibus
1477 5024 1816 5085 compertum
1844 5025 1948 5071 est.

310 5138 316 5142 .
353 5085 898 5157 ljihilominuchum
927 5085 1030 5157 hoc
1053 5095 1109 5140 et
1146 5085 1394 5157 sequenti
1430 5100 1682 5157 sermone
1709 5085 1950 5156 ejusdem

360 5153 515 5210 Petri
543 5164 708 5226 atque
733 5154 988 5226 Ecclesiae
1014 5153 1393 5226 pmrogativas
1420 5155 1716 5226 speciosiys
1741 5153 1947 5226 'prose-

359 5235 527 5296 cutus
549 5223 640 5292 sit,
663 5239 758 5296 eas
780 5225 869 5280 hic
894 5223 1213 5296 compendio
1235 5223 1614 5296 perstringam.
1639 5223 1706 5279 Et
1731 5223 1946 5296 quidem

358 5294 598 5365 primum
641 5295 1032 5350 observandum
1062 5302 1164 5362 est,
1213 5295 1494 5365 Synagoga
1524 5294 1950 5365 propter'perﬁ-

355 5362 512 5417 ﬂiam
559 5365 784 5432 reiecta,
833 5378 996 5419 unam
1046 5362 1381 5420 credendam
1415 5362 1540 5420 esse
1581 5362 1875 5420 Ecclesiam
1913 5380 1945 5422 a

356 5433 586 5488 Christo
623 5435 878 5505 electam,
909 5435 962 5489 in
991 5450 1123 5504 qua,
1149 5443 1404 5505 tanquam
1445 5435 1500 5488 in
1529 5435 1672 5500 navi,
1702 5435 1822 5489 vice
1861 5435 1948 5488 sui

357 5505 651 5558 constituit
687 5504 904 5576 Petrum
951 5514 1236 5576 rectorem,
1261 5504 1270 5505 ⁷⁷
1286 5519 1594 5576 supremum
1641 5505 1949 5576 moderatof

359 5588 485 5642 rem
513 5581 674 5642 atque
703 5575 1034 5642 magistrum.
1064 5573 1163 5640 Qui
1201 5573 1536 5629 hanc'extra
1577 5589 1766 5629 navem
1805 5573 1948 5628 Petri

357 5641 744 5713 gubernationi
773 5641 1110 5699 commissam
1141 5646 1392 5713 navigant
1419 5643 1696 5713 mundum,
1727 5643 1793 5697 ad
1823 5659 1950 5712 por-

360 5711 485 5767 tum
509 5711 697 5768 salutis
724 5721 940 5768 aztcrnte
965 5714 1246 5785 pervenire
1272 5711 1381 5770 non
1404 5722 1646 5784 possunt.
1680 5711 1837 5770 Petri
1853 5729 1949 5770 au—

2035 3259 2262 3312 babatur
2307 3265 2484 3311 tamen
2531 3256 2841 3312 criminibus
2887 3256 3195 3325 proditoris.
3253 3256 3612 3312 uenientibus

2035 3348 2194 3418 igitur
2221 3346 2515 3417 discipulis,
2548 3355 2570 3383 ο
2613 3347 2864 3400 anxiante
2893 3345 3076 3413 Petro,
3105 3345 3406 3402 dormiebat
3433 3345 3613 3401 Domi-

2035 3455 2156 3495 nus.
2188 3438 2378 3493 Mirum
2404 3436 2543 3492 forte
2564 3426 2810 3492 videatur
2831 3437 2978 3506 quod
3007 3438 3260 3492 anxiante
3299 3437 3462 3494 Petro
3483 3438 3612 3493 dor-

2035 3531 2238 3587 miebat
2267 3529 2523 3583 Dominus
2554 3545 2569 3582 :
2599 3529 2900 3585 dormiebat
2927 3528 3109 3588 Petro.
3155 3544 3222 3582 ne
3249 3529 3498 3598 vigilaret
3521 3529 3614 3584 ειυ-

2038 3620 2158 3685 ἁως
2189 3618 2346 3672 unius
2381 3617 2540 3684 igitur
2565 3618 2762 3696 delicto
2801 3626 3115 3673 cunctorum
3142 3618 3332 3672 merita
3359 3619 3610 3688 (patiun—

2040 3717 2147 3765 tur.
2189 3708 2466 3764 Obdormit
2493 3705 2759 3777 Christus,
2788 3715 3071 3763 ventorum
3107 3707 3396 3777 spiramina
3433 3710 3614 3764 conci-

2040 3807 2258 3866 tantur;
2297 3800 2540 3869 quisquis
2574 3799 2719 3854 enim
2755 3806 3037 3870 peccatum
3065 3800 3322 3867 admittit,
3351 3801 3532 3855 statim
3561 3809 3617 3855 et

2037 3889 2272 3946 dormire
2299 3891 2400 3947 sibi
2429 3888 2555 3944 facit
2582 3890 2887 3952 Dominum,
2917 3898 2972 3944 et
3011 3889 3306 3959 procellam
3331 3890 3432 3945 sibi
3459 3891 3617 3960 spiri-

2041 3988 2188 4035 tuum
2217 3979 2442 4034 suscitat
2489 3977 2508 4017 ί
2541 3978 2953 4043 mundanorum,
2985 3993 3205 4034 necesse
3234 3986 3317 4034 est
3358 3987 3534 4034 autem
3563 3987 3621 4033 ut

2041 4069 2304 4124 diabolica
2333 4069 2574 4142 insurgat
2615 4075 2928 4137 tempestas,
2961 4079 2986 4116 ις
3026 4085 3147 4123 cum
3178 4068 3388 4125 Domini
3417 4071 3618 4126 sereni-

2041 4167 2125 4214 tas
2157 4157 2506 4228 conquiescit.
2559 4156 2724 4226 Igitur
2750 4158 2795 4212 si
2826 4157 2980 4212 unius
3004 4158 3153 4214 Judze
3195 4169 3417 4227 peccato
3445 4162 3624 4216 cuncti

2039 4251 2413 4321 periclitantur
2441 4248 2694 4317 apostoli.
2731 4248 2836 4303 hoc
2870 4249 3119 4318 exemplo
3146 4264 3432 4306 caveamus
3459 4236 3622 4320 perli-

2042 4342 2188 4404 dum,
2217 4354 2505 4397 caveamus
2535 4336 2890 4408 proditorem,
2932 4354 3000 4394 ne
3030 4354 3128 4409 per
3155 4355 3322 4396 unum
3352 4339 3376 4377 ιι
3407 4340 3622 4412 plurimi

1975 4495 2022 4553 D
2120 4499 2145 4527 ⁸
2173 4486 2308 4544 Cod.
2336 4487 2617 4555 Laurent.,
2649 4486 2906 4543 excitante
2933 4487 3108 4550 Petro.
3140 4488 3442 4544 dormiebat.

2125 4559 2143 4598 ί
2177 4558 2349 4613 Codd.
2393 4558 2451 4614 S.
2478 4556 2668 4614 Crucis
2716 4559 2769 4613 in
2794 4557 2930 4625 Jer.,
2962 4559 3209 4615 Laurent.
3239 4568 3293 4615 et
3321 4559 3479 4624 Nom,
3520 4561 3621 4614 im-

2049 4629 2377 4684 mundorum.

2111 4710 2145 4778 ,ις
2178 4698 2252 4752 Id.
2284 4697 2407 4753 cod.
2453 4697 2639 4762 Laur.,
2662 4715 2777 4752 cum
2820 4699 3080 4752 dominica
3104 4698 3355 4753 serenitas
3381 4701 3624 4771 conquie-

2049 4775 2163 4822 scit.

2121 4835 2148 4872 ιι
2175 4835 2311 4891 Cod.
2344 4833 2413 4887 99
2431 4833 2488 4889 S.
2518 4833 2707 4892 Crucis
2728 4836 2781 4890 in
2810 4836 2947 4904 Jer.,
2976 4837 3144 4907 plures
3161 4837 3484 4906 ﬂuctuemur.

2049 4952 2163 4998 tem
2200 4942 2372 5007 navis,
2403 4942 2508 4998 hoc
2535 4950 2618 4996 est
2645 4941 2906 5014 Ecclesia,
2931 4943 3144 4998 Christo
3186 4943 3263 4999 sic
3291 4946 3626 5014 providente,

2049 5014 2190 5068 adeo
2225 5026 2413 5084 secura
2454 5020 2540 5084 est
2577 5027 2608 5066 a
2638 5012 2943 5084 (naufragio,
2975 5021 3033 5084 ut
3060 5012 3410 5084 repnescntet
3435 5012 3629 5073 illaasos

2049 5099 2188 5209 auos
2223 5083 2337 5153 ipsa
2361 5082 2760 5164 complectitur.
2791 5081 2936 5164 Petri
2965 5081 3466 5167 tidem—eaniotu'tam
3507 5087 3630 5168 red.

2092 5168 2185 5208 ere
2211 5161 2400 5207 asserit
2428 5151 2724 5209 Mammas:
2755 5161 2811 5206 et
2837 5167 3141 5209 amcunuue
3167 5154 3288 5209 ﬁdet
3319 5170 3435 5209 eius
3464 5155 3630 5209 ﬁrmi-

2092 5168 2185 5208 ere
2211 5151 2400 5223 asserit
2428 5151 2727 5223 Maximus;
2755 5161 2811 5206 et
2837 5152 3141 5222 quicunque
3167 5154 3288 5209 lidei
3319 5155 3435 5223 ejus
3464 5155 3630 5211 ﬁrmi-

2055 5232 2140 5277 ter
2167 5222 2424 5294 adhaeret,
2447 5222 2591 5294 salus
2619 5222 2668 5294 ei
2693 5221 2895 5294 deesse
2918 5221 3118 5294 nequit.
3143 5221 3367 5279 Videtur
3389 5227 3632 5294 aliquan-

2053 5294 2125 5348 do
2168 5293 2273 5347 bac
2307 5292 2360 5346 in
2391 5293 2533 5358 navi,
2566 5291 2652 5344 vel
2693 5290 2955 5355 Ecclesia,
2987 5290 3314 5359 edermire,
3343 5290 3627 5359 Dominus,

2053 5379 2175 5441 cum
2500 5355 2530 5415 a
2559 5361 2809 5441 procellis
2847 5361 3202 5441 adversisque
3215 5355 3465 5420 ﬂuctibus
3492 5355 3626 5420 con;

2054 5434 2162 5488 cuti
2181 5431 2321 5497 ;’sed
2349 5431 2452 5485 hoc
2491 5431 2622 5499 agit,
2654 5447 2722 5487 ne
2751 5433 2804 5486 in
2841 5431 3144 5502 apostolatui
3173 5451 3511 5491 successores
3539 5445 3633 5489 aut

2055 5503 2348 5564 dormiant,
2372 5508 2464 5554 aut
2491 5502 2570 5571 ide
2607 5517 2667 5556 se
2707 5513 3062 5571 praesumant;
3090 5505 3231 5558 utilis
3258 5505 3402 5560 enim
3424 5513 3506 5558 est
3535 5505 3631 5557 ali-

2056 5573 2174 5646 quis
2225 5572 2385 5624 timor
2437 5570 2506 5623 ad
2559 5570 2888 5646 vigilantiam
2943 5589 3235 5646 precesque
3297 5573 3628 5646 excitandas,

2056 5643 2268 5712 quibus,
2293 5649 2568 5712 permotus
2610 5642 2866 5698 Dominus
2888 5685 2900 5708 ,
2944 5642 3162 5712 pacatis
3199 5644 3421 5712 imperio
3457 5644 3630 5697 ventis

2059 5709 2112 5766 et
2141 5711 2294 5777 mari,
2318 5709 2598 5778 pristinam
2625 5713 2801 5769 reddit
2827 5709 3075 5772 Ecclesiae
3097 5709 3554 5782 tranquillitatem.
