4054 6194
425 319 525 373 ῚΞἸ

1666 318 1721 373 s.
1763 316 2006 387 ΜΑιιΜι
2045 317 2493 375 TAURINENSIS

3589 314 3687 368 γει

425 433 757 485 lluctuemus.
799 429 936 497 Quin
964 428 1127 487 etiam
1168 428 1471 500 huiusmodi
1516 438 1539 467 ι
1582 430 1895 499 abjiciamus
1934 431 2003 487 de
2030 435 2076 495 Α
2107 435 2483 505 tranquillitas,
2510 435 2581 490 ibi
2612 442 2927 501 cunctorum
2952 442 3037 489 est
3062 430 3328 487 medicina
3358 448 3371 484 :
3398 430 3490 485 ubi
3510 440 3687 486 autem

428 522 692 588 navicula,
722 531 780 576 ut
808 538 913 577 non
944 520 1271 589 obdormiat,
1300 521 1393 578 sed
1426 521 1607 593 vigilet
1632 524 1686 577 in
1718 522 1873 578 nobis
1902 523 2008 579 Βο-
2113 522 2237 581 ﬁdei
2267 534 2355 584 est
2382 526 2624 581 admixta
2650 524 2897 596 perﬁdia,
2939 525 3014 580 ibi
3058 522 3305 579 Christus
3336 530 3543 593 torpet,
3570 520 3693 576 dor-

429 617 625 681 minns,
656 623 815 684 atque
842 630 911 669 eo
931 614 1205 681 vigilante,
1232 614 1378 669 nulla
1404 629 1507 670 nos
1534 614 1791 685 spiritalis
1820 614 2012 683 nequi-
2117 618 2236 681 mit,
2258 624 2317 673 et
2354 617 2505 687 piger
2533 626 2647 683 est;
2688 617 2759 672 ibi
2795 624 2991 681 metus.
3024 616 3095 672 ibi
3134 624 3451 687 tempestas,
3474 615 3547 669 ibi
3574 630 3685 669 om-

431 709 517 762 tize
546 706 779 777 procella
794 706 1091 762 concutiat.
1127 705 1223 762 Ubi
1253 707 1397 762 enim
1427 705 1556 762 fides
1576 707 1783 777 integra
1810 716 1909 773 est,
1941 706 2013 763 ibi
2118 707 2266 765 nium
2286 716 2371 763 est
2395 707 2680 763 discrimen
2711 724 2725 761 :
2756 722 2855 777 pro
2881 707 3090 763 actibus
3114 707 3261 762 enim
3287 705 3693 762 ποειτίεῦωηὶ-

432 799 681 855 Salvator
707 797 888 867 docet,
929 797 1131 868 vigilat,
1164 807 1218 853 et
1258 799 1525 865 exsultat;
1569 798 1641 854 ibi
1672 799 1909 869 requies,
1940 797 2013 859 ibi
2118 813 2224 854 nus
2251 797 2405 855 nobis
2430 797 2701 855 obdormit
2736 805 2830 852 aut
2852 796 3054 867 vigilat.

1819 925 2088 987 SERMO
2130 926 2319 989 XCV.

1693 1023 1773 1078 De
1800 1026 2091 1095 evangelica
2123 1028 2425 1095 piscatione.

1871 1114 2259 1170 ADMONlTlO.

510 1233 670 1318 643
700 1234 832 1318 Ουρι
861 1232 1079 1318 codices
1106 1228 2214 1318 Florentinnsilliblio‘thecefhaurmigpme
2245 1244 2673 1318 versaremnnon
2703 1230 2877 1287 solum
2902 1232 2956 1314 in
2985 1232 3165 1318 plures
3202 1230 3384 1318 incidi,
3404 1230 3699 1318 qui'atajo»

440 1298 560 1361 rem
589 1298 665 1359 in”
667 1304 883 1358 modum
914 1318 1000 1357 me
1024 1302 1078 1356 in
1108 1317 1169 1356 ea
1199 1298 1577 1356 conﬁrmarent
1605 1299 1893 1365 sententia,
1923 1315 2039 1367 quae
2068 1299 2356 1355 Maximum
2384 1300 2677 1368 superioris
2702 1302 2967 1355 sermonis
2989 1298 3263 1357 auctorem
3295 1298 3457 1355 fuisse
3499 1298 3659 1356 ferret
3683 1322 3698 1369 ;

442 1376 538 1432 sed
568 1375 696 1431 illud
722 1375 886 1453 etiam
931 1377 1506 1453 sum-consecutust“
1532 1370 1587 1423 in
1839 1369 2012 1453 tribus
2057 1369 2538 1453 sermonemrhunc
2564 1369 3506 1453 deprehenderem,quemhactenus

447 1457 582 1513 tum,
608 1460 749 1500 nunc
783 1444 1014 1515 primum
1036 1443 1097 1515 i_n
1122 1441 1403 1515 hominum
1431 1440 1608 1497 lucem
1868 1438 2125 1515 Codicum
2143 1447 2333 1515 autem
2360 1452 2547 1493 eorum
2566 1438 2729 1493 trium
2757 1441 2959 1515 primus
2982 1438 3136 1515 estis
3163 1442 3253 1515 qui
3279 1441 3406 1515 olim
3435 1449 3552 1494 erat
3571 1441 3698 1515 bibl.

448 1506 582 1569 :edil'.
611 1515 741 1569 ccc].
776 1506 1003 1581 metrop.
1036 1511 1177 1566 Flor.
1211 1512 1357 1565 num.
1390 1526 1567 1565 cuxn
1595 1522 1713 1581 pag.
1747 1506 2105 1581 7l,_a_|ter_est
2141 1509 2193 1581 in
2226 1506 2406 1563 Plut.t
2444 1524 2593 1563 num.
2621 1525 2715 1581 nvi
2736 1506 2854 1581 pag.
2888 1510 2975 1573 80,
3001 1506 3195 1564 tertius
3216 1511 3269 1564 in
3290 1509 3430 1581 Plut.
3463 1525 3629 1575 xxxv,
3651 1511 3703 1581 3,

449 1602 552 1640 xvn
592 1597 713 1655 pag.
747 1582 869 1655 219.
892 1577 1095 1655 Qljtigit
1122 1581 1387 1655 iteinnon
1410 1588 1533 1655 post
1562 1577 1743 1655 multo
1763 1577 1891 1631 mihi
1922 1586 1980 1632 ut
2008 1578 2149 1655 hunc
2168 1578 2346 1655 ipsum
2371 1593 2674 1655 sermonem
2704 1580 2756 1632 in
2784 1578 3060 1655 Casinensi
3090 1596 3219 1634 cccv
3243 1580 3427 1655 codice
3457 1594 3580 1655 pag.
3609 1580 3707 1655 lib”

449 1646 761 1724 reperirem.
813 1652 890 1707 Ac
917 1646 1395 1724 laiirnqpquidem
1410 1646 1559 1704 hunc
1586 1648 1747 1703 tribui
1778 1654 2033 1717 oportere
2060 1646 2311 1702 fatebitur
2336 1647 2427 1717 qui
2479 1647 2723 1704 codicum
2757 1650 3062 1706 auctoritati
3092 1650 3421 1720 respondere
3442 1646 3605 1719 plane
3634 1652 3709 1705 vi-

452 1721 577 1779 deat
602 1723 866 1781 orationis
900 1721 1325 1779 similitudinem.

454 1838 840 1890 Attenuatum
865 1830 1185 1905 --_A50na_t_us
1207 1830 1477 1905 lusimus
1503 1830 1654 1905 Luce;
1682 1829 1883 1901 15mg.
1914 1846 2029 1900 cap.
2065 1831 2113 1894 Β
2139 1843 2262 1885 eum
2290 1828 2450 1885 docet
2485 1814 2794 1901 piscationis
2823 1832 2874 1888 in
2899 1831 3220 1904 profundum
3253 1835 3609 1892 instrumenta
3627 1835 3713 1905 ja~

524 1921 557 1961 τ
583 1906 794 1991 αῃξιὶεε
817 1902 1062 1991 explicat,
1091 1900 1471 1991 Efelﬁsiam'que
1488 1899 1673 1991 peribit
1694 1916 1808 1953 esse
1824 1899 2031 1991 manu,

2158 1933 2280 1987 tere,
2334 1899 2501 1989 quam
2534 1899 2933 1991 prtedicationis
2974 1924 3028 1988 in
3096 1925 3261 1980 altum
3304 1928 3466 1982 verba
3506 1899 3710 1983 laxare.

521 1969 719 2044 quar'de
746 1969 1020 2026 mundanis
1040 1969 1323 2044 turbinibus
1344 1971 1563 2025 elevatos
1588 1985 1917 2036 non‘necare,
1942 1970 2031 2023 sed

526 2041 785 2112 i‘iviﬁcare
815 2041 1091 2097 consuevit.

529 2197 763 2270 Tempus
787 2198 1064 2265 admouet,
1088 2196 1310 2265 fratres,
1337 2204 1398 2251 ut
1425 2194 1697 2264 Evangelii
1744 2193 2035 2265 capitulum
2060 2272 2063 2277 Ξ

460 2291 605 2362 quod
628 2305 803 2362 nuper
816 2290 1018 2347 lectum
1040 2298 1125 2345 est
1148 2289 1490 2355 disseramus,
1518 2288 1575 2342 in
1602 2302 1711 2357 quo
1736 2288 1810 2342 ait
1839 2286 1909 2341 ad
1934 2284 2041 2342 Pe-

463 2391 605 2437 trum
630 2382 893 2437 Dominus
929 2380 1104 2435 adhuc
1144 2380 1196 2434 in
1234 2378 1356 2449 eius
1382 2378 1625 2433 navicula
1665 2378 1992 2433 constitutus
2022 2394 2036 2430 :

465 2474 581 2528 Noli
604 2475 821 2538 timere,
850 2472 876 2510 δ
904 2487 971 2527 es
999 2472 1105 2527 hoc
1130 2470 1242 2539 jam
1272 2470 1517 2525 homines
1542 2469 1651 2524 eris
1680 2468 1923 2539 capiens.
1961 2467 2040 2523 Ex

468 2565 566 2619 ista
590 2564 740 2619 enim
764 2562 1003 2620 clausula
1040 2562 1207 2617 totius
1232 2560 1480 2616 lectionis
1517 2575 1805 2630 possumus
1844 2559 2041 2614 intelli-

466 2673 593 2728 gere
613 2661 1026 2713 sacramentum.
1049 2653 1189 2721 Quid
1214 2654 1357 2708 enim
1386 2666 1561 2707 causa:
1588 2659 1707 2707 erat
1733 2666 1851 2720 cur,
1874 2662 1897 2689 ο
1923 2666 2044 2706 cum

468 2751 522 2804 in
552 2755 775 2819 captura
798 2745 1024 2817 piscium
1062 2743 1288 2799 refertas
1314 2743 1586 2798 naviculas
1612 2741 1855 2811 discipuli
1883 2740 2047 2795 mira—

471 2846 677 2902 rentur,
702 2836 955 2891 Salvator
998 2832 1162 2889 Petro
1199 2848 1310 2889 non
1349 2832 1401 2887 id
1429 2831 1767 2902 promitteret
1794 2830 1939 2900 quod
1966 2830 2049 2883 di-

472 2929 675 2993 scebat,
707 2926 807 2985 sed
842 2925 1134 2997 sponderct
1161 2924 1306 2994 quod
1348 2924 1562 2995 penitus
1591 2922 1908 2992 ignorabat?
1932 2920 2049 2975 Hoc

474 3028 557 3076 est
605 3020 664 3075 in
710 3018 827 3089 ipsa
866 3017 923 3072 in
964 3030 1072 3087 qua
1112 3023 1229 3070 erat
1272 3014 1516 3069 navicula
1542 3051 1556 3077 ,
1606 3028 1706 3084 pro
1740 3011 2051 3083 palpitanti-

477 3111 575 3166 bus
602 3108 837 3180 piscibus
869 3105 1309 3162 viviﬁcandorum
1354 3104 1635 3160 hominum
1678 3104 1891 3174 copiam
1938 3102 2047 3156 lar-

2138 2007 2160 2048 τ
2190 2009 2345 2076 Quod
2358 2011 2523 2066 altum
2551 2013 2711 2067 etiam
2732 2012 2928 2070 Paulus
2950 2015 3059 2071 oris
3079 2016 3161 2071 sui
3187 2016 3367 2086 jaculo
3390 2020 3712 2089 penetravit,

2136 2101 2321 2158 dicens
2365 2122 2379 2157 :
2429 2103 2473 2158 ο
2515 2104 2733 2161 altitudo
2768 2106 3061 2161 divitiarum
3099 2109 3366 2179 sapientia
3404 2118 3453 2163 et
3484 2111 3715 2165 scientia

2138 2195 2237 2252 Dei
2266 2198 2439 2268 (Rom.
2474 2198 2587 2269 xi)!
2621 2206 2677 2255 et
2704 2199 2928 2269 reliqua.
2964 2199 3104 2270 Non,
3144 2201 3382 2272 inquam,
3414 2212 3439 2249 It
3466 2217 3592 2258 eum
3620 2188 3716 2257 do-

2139 2297 2225 2345 cet
2254 2289 2362 2345 lino
2382 2290 2670 2361 pisciculos
2689 2290 3032 2359 concludere,
3060 2290 3155 2347 sed
3182 2290 3287 2347 ﬁde
3313 2293 3560 2348 homines
3588 2308 3717 2348 cen-

2141 2395 2381 2452 gregare.
2405 2380 2519 2437 Hoc
2539 2382 2679 2437 enim
2708 2392 2961 2455 operatur
2989 2381 3121 2437 lides
3150 2383 3204 2437 iu
3232 2383 3410 2446 terris,
3428 2382 3578 2452 quod
3607 2390 3718 2437 rete

2144 2480 2397 2544 operatur
2424 2473 2478 2527 in
2506 2470 2770 2528 ﬂuctibus.
2803 2472 2934 2528 Nam
2978 2473 3116 2529 sicut
3141 2481 3258 2530 rete
3295 2488 3431 2543 quos
3477 2472 3719 2527 continet

2148 2565 2325 2636 vagari
2368 2581 2473 2622 non
2515 2566 2731 2635 patitur,
2779 2566 2851 2620 ita
2890 2573 2946 2622 et
2982 2564 3111 2621 ﬁdes
3138 2581 3321 2624 errare
3357 2580 3494 2637 quos
3520 2564 3720 2634 colligit

2148 2672 2255 2711 non
2284 2657 2573 2727 permittit;
2606 2664 2660 2712 et
2685 2657 2823 2714 sicut
2864 2657 2936 2713 ibi
2980 2666 3165 2728 captos
3192 2658 3314 2713 sinu
3341 2656 3577 2727 quodam
3602 2672 3721 2727 per-

2148 2746 2294 2802 ducit
2323 2747 2391 2802 ad
2417 2763 2628 2816 navem,
2670 2748 2743 2802 ita
2771 2757 2826 2803 et
2852 2749 2940 2805 hic
2968 2755 3321 2817 congregatos
3354 2748 3561 2817 gremio
3587 2762 3722 2817 quo-

2149 2838 2273 2893 dam
2315 2838 2530 2894 deducit
2559 2824 2626 2894 ad
2666 2840 2926 2908 requiem.
2969 2838 3039 2895 Ut
3067 2848 3246 2894 autem
3285 2839 3550 2911 intelligas
3599 2839 3723 2907 quia

2150 2928 2218 2984 de
2245 2927 2507 2998 spirituali
2527 2928 2825 2999 piscatione
2857 2928 3114 2986 Dominus
3141 2929 3485 2998 loquebatur,
3509 2930 3586 2983 ait
3624 2926 3725 2984 Pe-

2154 3026 2307 3073 trus:
2346 3016 2657 3089 Prwceptor,
2699 3036 2791 3089 per
2833 3030 2989 3075 totam
3026 3029 3225 3075 noctem
3262 3021 3556 3075 laborantes
3600 3019 3727 3074 nihil

2156 3109 2401 3180 cepimus,
2425 3110 2516 3164 sed
2543 3111 2596 3163 in
2623 3108 2771 3165 verbo
2801 3118 2887 3167 tuo
2924 3110 3112 3165 laxabo
3140 3119 3245 3165 rete
3274 3109 3423 3181 (Luc.
3454 3112 3508 3180 v)
3534 3127 3549 3176 ;
3582 3109 3727 3165 velut

478 3203 679 3274 giretur
726 3218 741 3254 :
786 3214 913 3256 cum
968 3199 1154 3269 utique
1212 3199 1269 3252 in
1332 3195 1577 3251 navicula
1638 3210 1745 3250 non
1799 3195 2056 3249 vivificari
2084 3198 2130 3263 C
2160 3199 2205 3255 si
2235 3199 2438 3255 diceret
2481 3218 2493 3253 :
2523 3200 2647 3271 quia
2674 3216 2773 3272 per
2800 3209 2966 3256 totam
2994 3210 3209 3257 noctem
3238 3200 3432 3257 frustra
3464 3201 3728 3271 vigilanti-

480 3293 726 3350 homiues
750 3292 983 3357 soleant,
1018 3289 1114 3347 sed
1135 3288 1370 3359 portari;
1420 3303 1527 3342 non
1556 3285 1788 3341 refoveri
1816 3286 2050 3354 navigio,

480 3386 575 3442 sed
618 3384 888 3455 trepidare
928 3382 1178 3452 vestigio.
1218 3379 1351 3435 Vide
1377 3394 1508 3449 ergo
1552 3392 1622 3434 ne
1667 3379 1770 3433 ista
1810 3376 2053 3432 navicula

483 3492 589 3533 non
630 3476 703 3532 sit
739 3474 1003 3541 navicula,
1030 3473 1062 3514 ἀ
1098 3488 1219 3543 qua:
1258 3470 1418 3527 Petro
1459 3470 1748 3538 mergenda
1782 3468 2051 3533 tribuitur,

484 3566 578 3624 sed
613 3567 691 3623 sit
728 3564 993 3623 Ecclesia.
1021 3578 1142 3635 quae
1174 3562 1388 3619 Christo
1435 3560 1777 3631 gubernanda
1809 3558 2057 3615 commit—

482 3658 634 3711 titur.
668 3655 791 3727 lpsa
831 3657 973 3711 enim
1001 3654 1153 3710 navis
1190 3660 1276 3709 est
1302 3667 1419 3723 qua:
1452 3651 1521 3707 de
1557 3650 1843 3706 mundanis
1885 3649 2060 3703 turbi-

486 3748 661 3813 nibus,
684 3745 833 3802 vclut
856 3745 924 3801 de
943 3744 1191 3800 fluctibus
1217 3743 1456 3799 elevatus
1483 3758 1589 3797 non
1619 3756 1833 3807 necare,
1858 3740 1954 3796 sed
1978 3741 2060 3794 vi-

487 3834 705 3891 viﬁcare
724 3835 1030 3890 consuevit.
1062 3832 1195 3887 Nam
1228 3834 1365 3887 sicut
1391 3833 1581 3903 cymba
1610 3831 1783 3886 sutilis
1814 3830 2063 3887 subleva-

490 3935 574 3981 tos
594 3925 885 3996 pisciculos
924 3924 994 3979 de
1019 3924 1229 3993 gurgite
1256 3923 1462 3977 sauciat
1498 3930 1557 3977 et
1600 3930 1854 3988 retentat,
1884 3923 1960 3976 ita
2007 3930 2064 3976 et

491 4015 641 4069 navis
668 4013 918 4069 Ecclesia:
946 4013 1199 4068 libentes
1223 4012 1293 4066 de
1327 4012 1538 4068 turbine
1572 4012 1815 4067 homines
1842 4014 2062 4080 animat,

495 4116 519 4144 ⁸
549 4120 673 4161 cum
699 4111 969 4173 eapescat,
1010 4102 1213 4158 animat
1236 4103 1376 4158 intra
1404 4117 1484 4171 se,
1513 4104 1749 4173 inquam,
1771 4102 1936 4176 σω
1964 4102 2065 4159 Ec-

494 4197 676 4263 clesia,
699 4204 757 4251 et
774 4196 921 4251 velut
947 4197 1331 4251 intertnortuos
1363 4194 1616 4250 viviﬁcat.
1641 4194 1773 4249 Nam
1798 4191 2067 4250 vivificare

494 4291 717 4349 verbum
756 4290 864 4345 hoc
907 4288 1169 4359 signiﬁcat
1203 4306 1217 4342 :
1260 4289 1391 4343 nihil
1429 4290 1570 4344 enim
1618 4288 1935 4353 vivillcatur,
1966 4289 2068 4343 nisi

494 4383 639 4453 quod
664 4383 827 4454 paulo
854 4389 978 4438 ante
1004 4380 1163 4437 fuerit
1200 4383 1317 4437 sine
1354 4382 1485 4436 vita.
1517 4381 1673 4436 Velut
1700 4383 1912 4437 saucios
1940 4395 2069 4449 ergo

498 4473 681 4528 mundi
709 4474 1031 4543 turbinibus,
1056 4480 1111 4528 et
1137 4472 1457 4543 prtefocatos
1492 4472 1670 4527 saeculi
1697 4470 1943 4527 ﬂuetibus
1970 4471 2071 4526 ho-

2155 3293 2254 3348 hus
2286 3294 2440 3350 nobis
2466 3309 2571 3348 non
2594 3293 2803 3364 prolicit
2826 3302 3008 3350 nostra
3030 3294 3277 3364 piscatio,
3300 3293 3547 3365 piscabor
3568 3293 3727 3365 645

2148 3386 2260 3456 'jam
2292 3399 2398 3438 non
2424 3384 2800 3453 instrumento,
2821 3384 2914 3439 sed
2934 3385 3103 3454 gratia
3128 3402 3143 3447 ;
3169 3400 3277 3438 non
3299 3384 3430 3439 artis
3452 3382 3725 3447 industria,

2156 3475 2250 3531 sed
2272 3474 2572 3529 devotionis
2593 3474 2865 3528 instantia.
2900 3472 2966 3529 In
2996 3482 3103 3544 tuo,
3134 3474 3326 3545 inquit,
3352 3473 3502 3529 verba
3540 3471 3729 3530 lambe

2156 3573 2280 3619 rete.
2326 3562 2574 3633 Legimus
2600 3562 2836 3620 Verbum
2878 3578 2999 3620 esse
3046 3564 3329 3618 Dominum
3373 3563 3727 3625 Salvatorem,

2158 3656 2296 3710 sicut
2340 3655 2417 3709 ait
2458 3651 2797 3724 Evangelista
2852 3672 2866 3708 :
2919 3652 2987 3711 In
3040 3654 3293 3726 principio
3340 3664 3454 3709 erat
3516 3652 3732 3707 Verbum

2162 3744 2339 3818 (Joan.
2365 3748 2427 3815 ι),
2453 3755 2509 3801 et
2534 3746 2759 3818 reliqua.
2791 3744 2932 3817 Ergo
2953 3762 3073 3801 eum
3094 3746 3150 3801 in
3177 3745 3342 3801 verbo
3370 3744 3563 3800 Petrus
3592 3745 3732 3800 laxat

2160 3839 2317 3903 retia,
2359 3838 2413 3891 in
2455 3836 2668 3892 Christo
2696 3836 2879 3905 utique
2928 3836 3073 3891 laxat
3110 3834 3342 3904 eloquia,
3373 3842 3429 3889 et
3474 3849 3599 3889 cum
3645 3832 3732 3889 ille

2162 3935 2413 3983 contexta
2442 3935 2497 3981 et
2527 3925 2551 3963 ιι
2572 3926 2827 3996 disposita
2854 3926 2907 3980 in
2928 3924 3073 3981 dicto
3094 3924 3441 3996 pmceptoris
3470 3923 3613 3978 lineo
3641 3937 3733 3979 ex-

2164 4020 2346 4092 plicat,
2392 4019 2563 4087 magis
2604 4018 2853 4073 distincta
2901 4027 2958 4072 et
3003 4016 3376 4072 convenientia
3420 4016 3478 4071 in
3519 4014 3734 4069 nomine

2165 4110 2460 4167 Salvatoris
2488 4110 2648 4166 verba
2684 4110 2890 4173 dilatat,
2921 4109 3114 4180 quibus
3140 4108 3328 4179 possit,
3359 4122 3466 4163 non
3492 4106 3736 4161 animan-

2167 4203 2239 4257 tia
2265 4201 2493 4264 salvare,
2516 4199 2611 4256 sed
2640 4201 2863 4255 animas.
2898 4199 2913 4238 ί
2942 4198 3048 4255 Per
3071 4208 3230 4255 totam
3266 4208 3463 4254 noctem
3494 4198 3736 4252 laboran-

2168 4300 2241 4346 tes
2266 4292 2397 4346 nihil
2421 4289 2583 4363 646
2608 4292 2853 4361 cepimus.
2885 4288 2989 4345 Per
3008 4298 3221 4346 noctem
3251 4306 3374 4345 vere
3402 4290 3737 4347 laboraverat

2169 4380 2378 4450 Petrus,
2404 4384 2495 4451 qui
2522 4383 2667 4451 prius
2703 4382 3083 4437 obscuritatem
3114 4381 3341 4451 patiens,
3372 4382 3489 4436 sine
3526 4379 3737 4436 Christo

2171 4490 2278 4529 non
2307 4481 2521 4543 poterat
2554 4476 2566 4523 l
2606 4473 2789 4529 videre
2825 4472 2969 4543 quod
3008 4480 3246 4543 caperet.
3297 4472 3367 4526 At
3411 4472 3501 4525 ubi
3550 4471 3641 4525 lux
3689 4470 3739 4524 ei

498 4567 670 4621 mines
708 4562 1072 4621 viviﬁcaturus
1100 4564 1295 4618 dicitur
1324 4562 1535 4630 Petrus,
1562 4569 1623 4617 ut
1654 4562 1749 4632 qui
1776 4561 2071 4617 mirabatur
2097 4584 2145 4643 ι)
2170 4564 2464 4620 Salvatoris
2491 4564 2682 4628 illuxit,
2713 4563 2964 4618 discussis
3007 4563 3262 4627 tenebris,
3293 4561 3453 4633 carpit
3481 4562 3641 4615 etiam
3688 4560 3739 4614 in

500 4658 754 4715 refertam
802 4656 1098 4711 naviculam
1139 4654 1513 4726 palpitantium
1548 4654 1774 4723 piscium
1819 4667 2067 4717 numero,

499 4750 793 4805 viventium
822 4756 1069 4803 onustam
1112 4745 1405 4802 Ecclesiam
1432 4745 1707 4802 [nominum
1733 4743 2072 4799 multitudine

499 4840 620 4910 plus
642 4840 949 4895 miraretur.
972 4837 1107 4893 Tota
1136 4838 1297 4908 igitur
1322 4837 1490 4892 series
1518 4836 1763 4892 lectionis
1790 4836 2070 4907 mysticum

500 4931 743 4984 continet
768 4928 1115 4984 intellectum.
1148 4926 1279 4982 Nam
1320 4936 1375 4983 et
1418 4927 1471 4982 in
1508 4927 1771 4997 superiori
1813 4926 1953 4989 loco,
1984 4924 2073 4981 ubi

501 5016 695 5071 sedens
716 5017 770 5071 in
798 5017 1040 5077 navicula
1061 5016 1317 5073 Dominus
1342 5016 1419 5072 ait
1444 5015 1639 5071 Petro:
1672 5013 1783 5068 Duc
1805 5015 1860 5070 in
1888 5014 2072 5077 altum,

501 5114 551 5158 et
580 5107 757 5160 laxate
797 5109 926 5163 retis
967 5117 1133 5162 uestra
1165 5108 1218 5161 in
1253 5116 1543 5179 capturum,
1588 5106 1772 5173 utique
1812 5118 1923 5158 non
1958 5112 2074 5156 tam

582 5322 606 5350 ³
630 5310 768 5366 Cod.
812 5308 1089 5372 Lwrent.,
1118 5306 1422 5374 abjiciamus
1450 5308 1513 5359 de
1540 5314 1720 5361 nostra
1750 5305 2003 5358 naﬁcula.

579 5381 606 5419 δ
637 5379 770 5437 Cod.
800 5378 869 5434 56
893 5377 1168 5438 lauream,
1185 5377 1297 5445 jam
1321 5376 1426 5429 eris
1447 5375 1678 5429 homines
1704 5375 1988 5444 uiviﬁcans.

578 5462 603 5490 ε
636 5449 769 5504 Cod.
790 5448 973 5504 Casin.
1004 5446 1203 5500 omittit
1239 5461 1372 5499 cum.

579 5518 763 5643 δ
791 5517 1084 5601 ,ιαυῑθηιη
1128 5529 1240 5586 qua
1268 5513 1422 5571 Petro
1451 5514 1672 5586 regenda
1703 5512 1959 5581 tribuitur,
1990 5516 2079 5568 sed

632 5606 679 5643 ιι·
758 5606 856 5643 sia.

513 5593 577 5645 sit
608 5589 856 5645 Ecclesia.

587 5671 610 5698 ε
637 5658 778 5714 Idem
802 5656 925 5713 eod.
950 5656 1225 5716 Laurent,
1252 5668 1366 5705 cum
1385 5656 1625 5722 capescit.

491 5728 497 5732 ’
592 5729 607 5769 ί
640 5729 776 5789 Cod.
802 5728 1012 5794 Casin.,
1052 5723 1200 5788 Quod
1226 5733 1392 5778 autem
1420 5724 1598 5787 etiam,
1625 5732 1735 5777 etc.

2176 4655 2341 4709 altum
2392 4652 2492 4708 fide
2533 4652 2559 4691 ιι
2605 4669 2826 4709 cernere
2860 4653 3005 4721 quod
3040 4653 3209 4709 oculis
3238 4668 3343 4707 non
3372 4651 3607 4706 videbat.
3636 4649 3743 4706 No-

2172 4753 2311 4800 ctem
2340 4744 2497 4814 plane
2525 4759 2712 4813 passus
2742 4752 2825 4797 est
2851 4743 3061 4808 Petrus,
3091 4742 3264 4797 donec
3291 4741 3408 4796 dies
3446 4741 3515 4803 ei,
3546 4739 3636 4809 qui
3666 4748 3744 4792 est

2174 4833 2438 4900 Christus,
2460 4834 2754 4889 assisteret.
2786 4832 2936 4888 Unde
2965 4834 3041 4887 ait
3060 4832 3333 4903 apostolus
3362 4830 3554 4885 Paulus
3581 4847 3594 4882 :
3623 4827 3745 4882 Nox

2170 4927 2452 4993 prwcessit,
2483 4926 2590 4980 dies
2628 4934 2801 4980 autem
2827 4924 3251 4996 appropinquavit
3290 4922 3464 4994 (Rcui.
3491 4923 3625 4990 xm),
3656 4919 3747 4974 Je-

2164 5031 2266 5070 sus
2290 5013 2534 5070 Christus
2563 5015 2819 5070 Dominus
2860 5023 3066 5081 noster,
3094 5014 3187 5083 qui
3211 5012 3345 5069 vivit
3388 5022 3441 5069 et
3468 5021 3656 5085 regnat
3698 5010 3750 5065 in

2175 5104 2368 5159 smcula
2397 5105 2734 5161 saeculorum.
2773 5104 2962 5159 Amen.

2187 5378 2221 5429 ά
2256 5316 2285 5354 ε
2312 5306 2445 5362 Cod.
2466 5307 2757 5379 Laurent,
2787 5325 2900 5362 eum
2925 5309 3070 5377 docet
3098 5308 3215 5362 illos
3243 5303 3514 5391 pisciculos
3540 5307 3753 5364 conclu-

2224 5394 2326 5429 ere.

2224 5394 2326 5431 ere.

2255 5449 2281 5517 ιὲ
2311 5446 2443 5517 Cod.
2472 5446 2678 5517 (Ζελείης,
2710 5448 2942 5517 deposita
2968 5462 3067 5517 pro
3096 5448 3364 5516 disposita.

2263 5516 2277 5553 ί
2310 5516 2457 5569 idem
2481 5517 2598 5571 cod.
2626 5515 2830 5581 C88lll.,
2857 5515 2957 5572 Per
2974 5515 3159 5579 totam,
3181 5515 3379 5584 inquit,
3410 5529 3629 5580 noctem,
3646 5524 3752 5571 etc.

2260 5590 2271 5633 i
2311 5585 2444 5639 Cod.
2472 5585 2747 5652 Laurent.,
2772 5588 2939 5641 ridere
2967 5605 3089 5655 quos
3119 5596 3339 5653 caperet.

2180 5728 2214 5778 ά
2245 5655 2277 5778 ἰ
2307 5656 2447 5710 Idem
2478 5657 2595 5712 eod.
2632 5655 2904 5723 Laurent.,
2955 5673 3157 5711 cernere
3185 5674 3309 5728 quos
3338 5656 3499 5713 oculis
3537 5674 3635 5710 non
3683 5656 3757 5711 ri-

2215 5742 2243 5778 ε
2277 5735 2352 5778 at.
2434 5760 2437 5761 ν
2710 5770 2713 5773 .

2215 5735 2352 5779 ebat.
2434 5760 2437 5761 ν
