4054 6194
312 308 416 363 ’195
1564 318 1567 319 ν
1720 309 1886 367 smn

1991 308 2168 365 XC“.

1667 425 1939 487 SERMO
1979 425 2200 486 XCVI.

1678 524 1758 579 De
1813 526 2184 597 hospitalitate.

1688 630 1695 660 ί
1736 616 2127 673 ΑΒΜΟΝΙΤῙΟ.

372 707 439 781 In
462 708 675 781 schedis
721 707 1012 781 Mahillonii
1040 716 1285 778 repertus
1314 709 1401 765 hic
1424 718 1603 763 sermo
1632 707 1731 762 fuit
1772 708 2148 781 abljldmundo
2190 709 2453 781 Martenie
2481 720 2536 765 et
2567 709 2759 767 Ursino
2797 710 3076 778 Durando,
3122 711 3404 781 editasque
3432 720 3564 767 tom.

300 778 373 851 ης
400 777 626 851 Co‘llcct.
658 787 825 833 veter.
856 777 1119 847 scriptor.
1139 788 1199 851 et
1227 786 1650 851 monumentor.,
1682 791 1804 851 pag.
1838 778 1942 851 155
1968 787 2026 851 et
2053 794 2205 849 seqq.
2234 780 2388 851 Huic
2423 790 2599 851 exstat
2622 798 2732 837 non
2759 781 3019 843 absimilis
3040 777 3218 837 sermo
3257 777 3566 851 in'append.

300 847 372 901 ad
400 848 643 923 quintum
678 857 894 923 tomum
907 846 1128 923 operum
1169 847 1224 902 8.
1258 847 1505 923 ᾼιιςυει.,
1537 846 1698 923 nam;
1718 846 1773 923 5,
1802 850 1959 923 cujus
1967 848 2079 913 hoc
2104 846 2188 904 est
2218 850 2436 923 initium
2467 850 2835 923 :_F_:requenter
2870 851 3121 905 admonui
3148 846 3421 907 caritatem
3441 869 3562 923 ees-

303 915 457 991 trum.
491 915 753 991 Quod__ad
782 915 987 991 titulum
1008 918 1241 991 attinet,
1270 918 1378 991 jam
1409 918 1646 991 memini.
1674 915 1728 991 in
1758 915 1991 991 homiliis
2033 934 2179 972 num.
2210 920 2301 989 99,
2330 934 2452 990 pag.
2493 915 2866 983 351,'dedisse
2895 936 3017 974 eam
3057 936 3145 991 me
3178 936 3311 991 qua:
3340 919 3563 991 perinde

301 986 385 1059 De
427 987 1129 1059 hospitalitateinscribitur.
1151 988 1399 1059 Denique
1427 1002 1522 1059 cur
1548 986 1780 1059 Maximo
1810 988 1949 1059 hunc
1978 986 2430 1059 sermonemessé
2458 990 2796 1059 tribuendum
2818 1001 3021 1059 putem,
3051 986 3295 1045 ellicit'et
3323 986 3443 1059 styli
3472 1006 3564 1044 ra-

300 1058 405 1124 tio,
433 1066 489 1110 et
525 1054 880 1111 vetustissimi
918 1057 1118 1112 codicis
1144 1056 1212 1110 90
1237 1054 1573 1111 bibliotheca:
1606 1054 1663 1109 8.
1696 1054 1879 1112 Crucis
1902 1057 2091 1113 inder.
2120 1060 2431 1114 auctoritas.
2478 1058 2534 1115 8.
2569 1054 2854 1114 Ambrosio
2880 1054 3176 1114 *aseribitur
3203 1060 3256 1113 in
3283 1054 3406 1114 cod.
3440 1059 3559 1113 Vat.

303 1125 436 1199 Reg.
470 1124 561 1192 85,
591 1139 712 1199 pag.
744 1125 915 1199 litin
946 1127 1159 1199 quo_sic
1185 1126 1411 1199 habetur
1439 1144 1453 1177 :
1488 1125 1680 1199 Incipit
1706 1142 1871 1181 sermo
1912 1126 1974 1180 de
2017 1128 2369 1199 hospitalitate
2416 1129 2580 1199 dictus
2609 1146 2642 1182 α
2676 1137 2859 1199 sancto
2885 1129 3177 1199 Ambrosio.
3218 1128 3326 1185 Sed
3370 1137 3594 1199 quotus—

300 1196 529 1271 quisque
557 1212 661 1271 non
688 1195 937 1271 intelligit
960 1195 1087 1249 nihil
1127 1195 1302 1271 minus
1330 1210 1490 1263 quam
1519 1196 1661 1250 hunc
1704 1210 2005 1251 sermonem
2036 1195 2153 1253 esse
2182 1198 2465 1254 Ambrosio
2497 1198 2854 1265 tribuendum,
2886 1196 3038 1268 cujus
3064 1207 3211 1254 certe
3240 1199 3365 1271 styli
3390 1195 3563 1254 ratio-

301 1280 425 1318 nem
450 1265 607 1333 longe
627 1265 793 1319 fuisse
819 1265 1217 1334 discrepantem
1246 1265 1433 1334 liquet.
1765 1285 1771 1292 ~
2238 1290 2241 1293 -

302 1376 694 1450 Anconeuruu.
723 1404 790 1414 —-
824 1373 1240 1450 Hospitalitatem
1268 1374 1513 1450 ﬁdelibus
1550 1374 1873 1450 commendat
1902 1382 1948 1440 Α
1977 1378 2171 1448 piendo
2209 1377 2435 1449 justum,
2468 1388 2525 1435 et
2564 1379 2677 1450 ipse
2704 1379 2775 1434 sit
2798 1379 2990 1449 justus,
3023 1380 3161 1435 sicut
3191 1379 3268 1434 ait
3295 1379 3559 1448 propheta

282 1476 294 1507 ν,
475 1448 767 1540 episcopu's.
797 1461 978 1540 easque
1004 1444 1073 1497 ad
1101 1444 1393 1540 hujusmpdi
1419 1444 1653 1525 ofﬁcium
1675 1445 1875 1540 pdhpr-

1986 1466 2151 1521 David
2180 1484 2195 1520 :
2227 1466 2254 1504 ιι
2286 1485 2399 1522 cum
2441 1477 2622 1523 sancto
2668 1478 2873 1522 sanctus
2899 1471 3022 1537 eris,
3051 1477 3101 1522 et
3147 1485 3258 1522 cum
3284 1470 3392 1522 viro
3411 1469 3565 1523 inno-

374 1514 764 1594 tatur‘exemplo
793 1514 1138 1594 {lbrahwﬂui
1160 1531 1274 1566 cum
1306 1525 1406 1594 tres
1435 1515 1592 1594 viros,
1712 1515 1880 1594 potius

372 1584 587 1655 angelos
602 1582 757 1655 suum
788 1584 841 1635 in
873 1582 1161 1655 hospitium
1206 1584 1502 1653 recepisset,
1531 1582 1883 1638 multisbene-

373 1652 682 1709 dictionibus
711 1652 998 1706 cumulatus
1020 1653 1135 1723 fuit.
1320 1652 1327 1653 7
1716 1656 1719 1659 ’

378 1744 629 1811 Legimus
658 1742 711 1796 in
738 1742 874 1796 libro
895 1740 1120 1797 Genesis
1141 1741 1286 1813 quod
1316 1742 1581 1796 Abraham
1606 1743 1773 1799 tribus
1793 1758 1887 1798 su-

304 1835 741 1909 pervenientibus
771 1836 895 1890 viris
919 1836 1141 1891 festinus
1170 1844 1197 1874 ι
1220 1837 1471 1900 occurrit,
1503 1842 1557 1891 et
1582 1843 1885 1905 prostratus

305 1929 359 1983 in
390 1927 581 1983 faciem
610 1928 782 1982 oravit
809 1943 903 1982 eos
932 1936 990 1982 ut
1012 1928 1078 1982 ad
1106 1943 1262 1983 suum
1291 1928 1691 1984 tabernaculum
1718 1928 1887 1985 decli-

302 2028 517 2084 narent,
549 2028 811 2090 quatenus
831 2019 1196 2090 hospitalitate
1225 2014 1531 2076 sanetorum
1572 2035 1889 2076 remunera-

302 2112 509 2165 tionem
532 2108 919 2166 benedictionis
939 2110 1223 2180 acciperet.
1243 2109 1460 2165 Sciebat
1479 2110 1621 2165 enim
1644 2110 1747 2166 hoc
1767 2125 1887 2166 esse

305 2200 617 2255 mandatum
663 2200 873 2255 Domini
902 2201 1126 2257 dicentis
1157 2219 1170 2255 :
1204 2198 1305 2265 Qui
1334 2204 1615 2270 susceperit
1659 2203 1884 2273 prophe-

304 2300 413 2344 tam
434 2292 489 2344 in
511 2292 715 2345 nomine
735 2291 1015 2361 prophetat,
1038 2292 1321 2346 mercedem
1350 2292 1613 2362 propheta:
1637 2292 1883 2363 accipiet;

303 2389 356 2432 et
384 2381 469 2451 qui
500 2382 777 2451 susceperit
812 2380 841 2419 δ
878 2380 1076 2451 justum
1104 2382 1157 2435 in
1186 2382 1391 2436 nomine
1422 2380 1576 2452 justi,
1603 2382 1886 2436 mercedem

277 2472 435 2543 ‘justi
469 2473 685 2541 accipiet
714 2470 927 2542 (Matth.
957 2473 1036 2543 ι),
1066 2480 1121 2528 et
1158 2472 1383 2543 reliqua.
1426 2472 1720 2528 Festinavit
1757 2488 1886 2543 ergo

276 2566 281 2569 '
308 2570 596 2631 propterea
626 2561 890 2618 Abraham
929 2571 1146 2618 sanctos
1177 2563 1322 2618 viros
1350 2563 1646 2633 suscipere,
1674 2572 1734 2617 ut
1763 2565 1889 2619 hos-

276 2652 428 2723 ‘pitii
458 2652 731 2707 consortio
771 2652 1070 2707 sanctitatis
1112 2654 1443 2708 consortium
1482 2661 1799 2718 mereretur,
1832 2662 1888 2708 et

1985 1565 2128 1610 cente
2173 1558 2422 1613 innocens
2468 1559 2572 1613 eris
2617 1558 2786 1631 (Psal.
2834 1559 2984 1629 xvu).
3030 1558 3209 1627 Igitur,
3260 1557 3476 1625 fratres,
3518 1558 3565 1613 si

1984 1647 2257 1704 Abraham
2298 1658 2454 1720 pater
2499 1658 2684 1705 noster
2729 1650 2904 1705 sciens
2938 1654 2954 1687 ί
3005 1650 3145 1705 hanc
3186 1650 3564 1719 hospitalitatis

1948 1764 1949 1767 η
1982 1738 2231 1806 gratiam,
2260 1739 2759 1809 supervenientibus
2780 1740 2949 1795 tribus
2979 1740 3125 1805 viris,
3150 1756 3181 1794 e
3208 1741 3400 1811 quibus
3428 1756 3566 1815 unus

1984 1826 2242 1882 Dominus
2286 1835 2422 1894 erat,
2454 1818 2677 1884 festinus
2722 1829 2975 1893 occurrit,
3009 1828 3023 1879 i
3068 1836 3124 1884 et
3172 1837 3473 1898 prostratus
3512 1828 3565 1885 in

1984 1915 2177 1971 faciem
2206 1917 2379 1971 oravit
2407 1924 2466 1971 ut
2493 1916 2561 1971 ad
2590 1916 2916 1973 tabernaculi
2940 1916 3097 1988 647
3142 1917 3225 1971 sui
3260 1925 3400 1972 tecta
3442 1932 3566 1972 suc-

1985 2004 2221 2073 cederet,
2251 2014 2455 2075 quanto
2481 2006 2652 2075 magis
2682 2006 2706 2043 ¹ι
2737 2006 2993 2061 debemus
3021 2007 3426 2083 advenientibus
3445 2023 3567 2062 san-

1986 2098 2086 2152 ctis
2113 2113 2402 2154 occurrere
2428 2099 2817 2163 sacerdotibus,
2850 2106 3011 2168 atque
3039 2114 3134 2153 eos
3161 2100 3307 2153 omni
3334 2108 3491 2168 prece
3513 2099 3566 2153 in

1984 2192 2289 2248 habitacula
2318 2199 2501 2248 nostra
2529 2192 2817 2262 suscipere,
2847 2200 2907 2247 ut
2932 2191 3225 2247 secundum
3247 2190 3413 2245 David
3442 2207 3564 2247 san-

1986 2282 2088 2338 etis
2116 2282 2417 2352 hospitibus
2456 2281 2629 2337 sancti
2674 2292 2794 2337 esse
2837 2282 3120 2352 possimus.
3153 2280 3320 2336 Nemo
3344 2281 3455 2349 jam
3499 2280 3567 2356 de

1986 2370 2311 2425 conscientia
2334 2378 2679 2439 peccatorum
2704 2380 2925 2425 suorum
2948 2377 3171 2434 metuat,
3196 2369 3262 2424 de
3292 2369 3565 2437 indulgen-

1971 2454 2061 2513 Atia
2101 2475 2261 2514 nemo
2290 2459 2496 2514 dillidat
2524 2477 2536 2512 :
2568 2459 2808 2530 quisquis
2836 2460 3147 2529 episc0pum
3185 2458 3418 2529 hospitio
3446 2462 3565 2515 sus-

1987 2550 2208 2621 ceperit,
2236 2552 2347 2620 jam
2388 2550 2565 2620 justus
2610 2548 2626 2588 ι
2660 2549 2882 2606 effectus
2924 2557 3026 2616 est,
3054 2550 3074 2581 ¹
3119 2550 3358 2619 quamvis
3409 2550 3566 2619 paulo

1988 2633 2121 2697 ante
2137 2643 2342 2698 scelera
2368 2642 2719 2707 commiserit,
2749 2641 2993 2717 quamvis
3022 2641 3212 2696 noxius
3235 2640 3410 2707 fuerit,
3441 2640 3566 2694 dum

276 2737 287 2745 ⁸
309 2746 438 2800 dum
466 2746 827 2801 communicat
852 2745 1200 2801 humanitatis
1229 2746 1567 2815 obsequium,
1589 2740 1891 2800 communi.
1924 2754 1964 2813 Β
1992 2734 2331 2789 innocentem
2358 2734 2532 2790 virum
2570 2733 2781 2803 ι’θείρίι,
2816 2733 3134 2787 innocentia:
3163 2732 3366 2791 meritis
3399 2731 3566 2787 fefOf-

276 2846 289 2861 '
309 2836 581 2891 cntionem
618 2833 1018 2905 justiﬁcationis
1057 2836 1347 2906 acciperet.
1390 2834 1507 2891 IIoc
1534 2836 1686 2891 enim
1705 2834 1891 2906 hospi-

276 2918 535 2980 "talitatis
572 2924 659 2994 jus
697 2934 799 2993 est,
830 2934 888 2980 ut
924 2925 1097 2995 qualis
1143 2924 1300 2980 fuerit
1330 2926 1419 2979 ille
1447 2925 1539 2995 qui
1579 2926 1886 2996 suscipitur,

278 3010 474 3070 ’talem
514 3015 672 3070 faciat
700 3026 723 3057 ⁸
754 3031 874 3070 eum
900 3031 1017 3071 esse
1050 3016 1141 3087 qui
1170 3016 1389 3087 suscipit
1429 3034 1442 3069 :
1474 3016 1616 3086 quod
1655 3016 1892 3073 Joannes

283 3092 637 3173 "cvangelista
669 3105 1096 3162 manifestissime
1122 3106 1421 3175 designavit
1463 3104 1533 3160 de
1569 3105 1653 3159 his
1675 3106 1766 3174 qui
1795 3105 1890 3162 Dei

286 3194 505 3249 Filium
547 3206 913 3266 susceperunt,
944 3197 1126 3253 dicens
1159 3215 1171 3249 :
1200 3196 1457 3266 Quotquot
1495 3203 1667 3249 autem
1690 3211 1891 3266 recepe-

278 3285 283 3288 ’
313 3296 435 3340 runt
455 3287 618 3352 illum,
648 3284 673 3324 ἀ
697 3288 836 3341 dedit
861 3287 962 3342 illis
984 3297 1285 3359 potestatem
1306 3288 1443 3358 ﬁlios
1465 3286 1556 3340 Dei
1568 3287 1685 3356 ﬁeri
1709 3285 1888 3357 (Joan.

314 3379 376 3444 ι).
410 3380 571 3435 Vides
617 3395 745 3450 ergo
786 3381 1165 3450 hospitalitatis
1198 3389 1397 3448 quanta
1442 3380 1512 3434 sit
1559 3378 1752 3449 gratia,
1780 3389 1801 3416 °
1833 3386 1893 3434 ut

278 3480 283 3481 ’
312 3471 479 3525 etiam
507 3469 769 3526 efﬁciatur
793 3471 931 3527 ﬁlius
950 3472 1064 3535 Dei,
1090 3472 1179 3540 qui
1209 3471 1402 3526 Filium
1432 3470 1525 3527 Dei
1552 3470 1744 3541 recipit
1770 3486 1893 3525 cor-

314 3563 399 3617 dis
445 3563 697 3633 hospitio.
731 3563 788 3621 Si
836 3578 963 3633 ergo
995 3563 1132 3620 [ilius
1158 3562 1255 3619 Dei
1296 3561 1525 3618 efﬁcitur
1560 3562 1651 3631 qui
1696 3561 1891 3616 Filium

315 3652 413 3707 Dei
441 3653 650 3725 recipit,
680 3661 879 3725 quanto
916 3654 1101 3724 magis,
1151 3654 1241 3725 qui
1276 3652 1476 3725 justum
1513 3652 1723 3722 recipit,
1760 3652 1892 3722 justi

310 3743 541 3811 gratiam
569 3754 924 3815 promeretur.
956 3745 1080 3801 Haec
1108 3755 1191 3801 est
1227 3746 1394 3814 enim,
1439 3744 1577 3801 sicut
1603 3744 1731 3812 dixi,
1761 3745 1891 3799 hos-

312 3835 594 3905 pitalitatis
628 3836 947 3909 benignitas,
986 3838 1002 3875 ί
1032 3845 1092 3893 ut
1131 3837 1214 3893 vir
1250 3846 1472 3909 sanctus
1510 3845 1565 3891 et
1601 3836 1892 3893 adveniens

275 3913 576 3983 Isocietate
614 3928 846 3999 hospitii,
893 3929 995 3985 hoc
1037 3929 1303 4000 hospitem
1343 3945 1500 3984 suum
1552 3928 1712 3983 faciat
1772 3943 1892 3985 esse

280 4010 460 4099 iquod
488 4019 600 4089 ipse
628 4026 729 4075 est.
771 4020 901 4087 Quis
928 4029 1105 4075 autem
1133 4020 1266 4075 nolit
1295 4019 1386 4074 tali
1415 4021 1725 4076 conditione
1765 4037 1890 4076 san-

1991 2830 2190 2889 matur,
2220 2824 2361 2878 sicut
2389 2824 2463 2877 ait
2480 2824 2751 2895 propheta
2785 2840 2798 2874 :
2832 2822 2958 2883 Cum
2981 2824 3087 2877 viro
3119 2823 3388 2877 innocente
3414 2824 3568 2876 inno-

1968 2908 2109 2970 cens
2154 2918 2276 2970 eris.
2320 2915 2480 2984 Ergo,
2528 2914 2741 2981 fratres,
2772 2914 2897 2983 quia
2946 2914 3171 2968 Abrahze
3222 2912 3313 2967 ﬁlii
3362 2928 3566 2976 sumus,

1991 3008 2218 3065 Ahrahm
2248 3024 2413 3080 opera
2435 3007 2716 3065 faciamus.
2744 3006 2839 3063 llle
2867 3007 3038 3062 tribus
3065 3008 3263 3063 sanctis
3288 3007 3416 3061 viris
3444 3022 3569 3077 pro-

1991 3104 2155 3159 cessit
2183 3104 2418 3169 obviam,
2468 3120 2566 3159 nos
2594 3118 2810 3175 quoque
2857 3102 3037 3157 multis
3078 3100 3446 3158 sacerdotibus
3473 3116 3566 3156 oc-

1991 3210 2295 3261 curramus;
2326 3196 2549 3251 illecum
2571 3204 2714 3251 esset
2736 3194 2979 3265 justus,m
3009 3196 3192 3249 beatos
3212 3193 3446 3264 suscepit
3468 3193 3567 3247 ho-

1991 3286 2173 3358 spitio,
2201 3295 2258 3341 ut
2286 3286 2375 3356 qui
2406 3296 2521 3342 erat
2541 3287 2736 3356 justus,
2756 3286 2953 3355 justior
2984 3286 3133 3341 ﬁeret
3160 3305 3171 3338 :
3198 3302 3295 3341 nos
3323 3284 3415 3357 qui
3444 3301 3571 3355 pec-

1990 3385 2203 3433 catores
2242 3392 2458 3442 sumus,
2505 3377 2860 3447 suscipiamus
2898 3377 3206 3447 episcopos,
3256 3385 3316 3431 ut
3371 3375 3566 3431 ablutis

1991 3468 2227 3540 peccatis
2266 3469 2488 3538 nostris,
2522 3468 2652 3538 justi
2689 3477 2809 3524 esSe
2854 3469 3139 3539 possimus.
3182 3467 3565 3537 Suscipiamus,

1995 3562 2229 3631 inquam,
2260 3569 2492 3627 sanctos,
2526 3569 2583 3615 ut
2629 3560 2783 3616 nobis
2824 3564 3011 3627 contra
3058 3558 3568 3633 naturam‘peccata

1991 3653 2276 3709 donentur.
2322 3653 2549 3709 Abrahae
2597 3654 2739 3709 enim
2786 3648 2949 3722 justo
2978 3668 3076 3733 per
3127 3653 3565 3723 hospitalitatem,

1991 3743 2118 3812 quia
2162 3752 2383 3814 peccata
2412 3761 2521 3799 non
2565 3740 2815 3811 habebat,
2849 3755 3034 3801 contra
3063 3738 3308 3800 naturam
3334 3745 3483 3801 Isaac
3511 3747 3569 3801 li-

1990 3835 2095 3891 lius
2123 3845 2204 3891 est
2245 3836 2494 3903 donatus,
2526 3846 2551 3874 "
2581 3839 2673 3907 qui
2702 3834 2871 3907 usque
2921 3838 3056 3894 adeo
3099 3845 3288 3893 contra
3327 3818 3568 3894 naturam

1992 3926 2224 3983 donatus
2258 3934 2360 3995 est,
2392 3936 2451 3983 ut
2490 3944 2611 3983 eum
2641 3928 2788 3983 nasci
2816 3929 2995 3998 pos'se,
3026 3937 3081 3983 et
3108 3937 3357 3983 senectus
3386 3926 3569 3997 frigida

1974 4018 2325 4091 desperaret,
2373 4031 2428 4076 et
2472 4032 2645 4077 mater
2690 4020 2823 4078 Sara
2872 4020 3087 4077 rideret.
3112 4021 3276 4093 648
3304 4021 3461 4089 Risit,
3494 4020 3572 4074 in-

279 4103 283 4106 ’
314 4117 460 4162 ctum
483 4109 808 4165 tabernaculi
838 4110 919 4167 sui
945 4111 1276 4166 humanitate
1304 4110 1595 4179 suscipere,
1630 4120 1658 4158 ε
1686 4118 1745 4165 ut
1767 4127 1890 4166 cum
1917 4109 2173 4181 C‘quam,
2206 4111 2358 4176 Sara,
2387 4114 2513 4182 quia
2542 4113 2866 4181 suscipiebat
2898 4113 3063 4167 filium
3094 4129 3199 4167 non
3237 4121 3448 4178 natura,
3482 4111 3573 4167 sed

312 4215 377 4253 ea
424 4201 746 4271 participans
783 4201 1164 4267 habitaculum,
1198 4200 1481 4271 participet
1524 4200 1886 4269 sanctitatem,

309 4298 366 4344 ct
397 4305 519 4345 cum
556 4300 810 4361 peccator
838 4305 1005 4360 usque
1044 4289 1110 4345 ad
1150 4290 1341 4345 horam
1379 4288 1517 4376 forte
1545 4288 1720 4356 fuerit,
1751 4292 1891 4347 reci-

382 4472 410 4499 α
437 4463 492 4518 In
523 4464 645 4519 cod.
678 4463 745 4519 90
772 4463 829 4520 8.
862 4464 1046 4520 Crucis
1074 4464 1123 4519 iu
1146 4464 1278 4529 σωκ,
1309 4465 1606 4530 occurrerit,
1639 4476 1687 4520 et
1716 4483 1889 4522 orave-

304 4535 399 4587 rit.
431 4533 566 4588 Cod.
598 4551 728 4590 vero
759 4535 891 4601 Reg.
918 4535 1063 4599 Vat.,
1086 4537 1326 4601 occurrit,
1357 4544 1405 4589 et
1432 4537 1671 4590 oraverit.

304 4550 399 4587 ru.
431 4550 566 4588 con.
598 4551 728 4590 vero
759 4550 835 4589 ne
877 4575 891 4588 .
927 4550 1063 4599 ναι..
1086 4550 1326 4601 occurrit,
1357 4550 1405 4589 et
1432 4550 1671 4590 oraverit.

284 4660 325 4681 ,ι
382 4604 413 4641 δ
439 4604 603 4685 Iidem
627 4605 788 4667 codd.
829 4550 899 4660 ξι)
927 4604 983 4659 8.
1015 4606 1203 4667 Crucis
1241 4607 1295 4660 in
1328 4604 1438 4661 Jer.
1489 4616 1545 4660 et
1573 4607 1702 4676 Reg.
1736 4607 1881 4672 νει..

304 4684 586 4814 mqulilem
608 4745 725 4799 cod.
758 4744 825 4798 90
846 4744 902 4799 S.
935 4745 1120 4801 Crucis
1149 4745 1200 4798 in
1224 4743 1359 4814 .ler.,
1380 4746 1527 4799 illum
1555 4753 1653 4813 pro
1680 4761 1816 4799 eum.
1854 4756 1859 4761 ‘

380 4808 407 4846 ἀ
442 4812 581 4866 Idem
606 4815 725 4869 cod.
751 4814 818 4867 90
846 4814 903 4869 8.
929 4814 1112 4869 Crucis
1142 4816 1192 4868 in
1212 4808 1355 4881 Jer.,'
1377 4815 1517 4868 dedit
1542 4808 1633 4867 eis.

386 4891 409 4916 ε
434 4881 576 4936 Idem
600 4885 720 4937 cod.
748 4883 814 4937 90
836 4883 893 4937 8.
925 4884 1110 4939 Crucis
1139 4885 1191 4938 in
1217 4883 1326 4939 Jer.
1353 4894 1408 4939 ct
1437 4884 1556 4939 cod.
1597 4883 1728 4953 Reg.
1760 4883 1901 4941 Vat;

304 4950 405 5024 85,
433 4960 487 5024 u_t
514 4962 563 5024 e_t
587 4954 730 5024 ﬁlius
760 4954 855 5008 Dei
878 4956 1154 5024 efﬁciatur.

387 5021 405 5057 ι
436 5020 550 5075 Cod
580 5020 710 5089 Reg.
744 5024 887 5085 Vat.,
908 5020 972 5077 'ut
1012 5025 1087 5077 vir
1110 5031 1317 5077 sanctus
1345 5024 1641 5088 adveniens,
1671 5030 1774 5079 elc.

383 5100 410 5136 ε
433 5090 595 5146 Iidem
625 5093 783 5148 codd.
816 5092 883 5147 9O
910 5094 967 5149 S.
1006 5092 1196 5149 Crucis
1234 5094 1288 5147 in
1330 5092 1438 5148 Jer.
1480 5102 1535 5148 et
1574 5093 1704 5163 Reg.
1738 5094 1884 5159 Vat.,

301 5171 363 5212 ut
392 5177 507 5214 cum
533 5177 615 5216 80.

284 5222 293 5229 ’
380 5229 408 5265 ⁸³
437 5228 581 5285 Idem
605 5231 725 5286 cod.
752 5232 883 5300 Reg.
908 5231 1027 5285 Vat.
1054 5229 1143 5296 8'5,
1166 5239 1213 5285 et
1235 5249 1351 5284 cum
1370 5233 1527 5286 electo
1548 5232 1735 5286 electus
1760 5233 1861 5287 eris

303 5311 355 5353 et
388 5316 502 5353 cum
527 5303 635 5355 viro
660 5302 902 5356 innocens
929 5303 1051 5354 eris.

389 5375 406 5412 ἑ
436 5369 580 5424 Idem
600 5371 719 5425 cod.
753 5371 885 5440 Reg.
920 5371 1060 5435 Vat.,
1093 5370 1225 5422 hanc
1261 5387 1390 5424 essc-

1985 4683 2198 4764 eﬂ'ectus
2240 4692 2334 4737 est.
2382 4681 2626 4764 Quamuis
2654 4682 2809 4764 paulo
2843 4693 2963 4736 ante
3003 4719 3017 4734 .
3061 4722 3074 4735 .
3109 4721 3134 4763 ..

1983 4769 2214 4821 quamvis
2256 4792 2271 4806 .
2315 4792 2329 4805 .

1997 4203 2198 4272 gratia;
2240 4212 2265 4239 ο
2290 4191 2474 4271 Ἰειιίιιιθ
2514 4203 2649 4257 adeo
2689 4202 2845 4256 beata
2886 4202 3119 4266 soboles,
3162 4202 3316 4271 cujus
3364 4210 3573 4272 partum

1998 4311 2110 4352 non
2149 4302 2326 4367 pruna,
2370 4291 2468 4353 sed
2508 4292 2702 4365 gaudia
2741 4301 3144 4364 praecesserant.
3194 4292 3388 4349 Ridere
3416 4294 3572 4362 plane

2067 4473 2080 4521 i
2118 4471 2261 4526 Idem
2291 4471 2412 4527 cod.
2456 4470 2589 4541 Reg.
2616 4470 2758 4535 Vat.,
2783 4479 2832 4525 et
2860 4479 3054 4525 stratus
3080 4472 3153 4536 in,
3183 4478 3286 4526 etc.

2062 4541 2088 4613 ᾇ
2114 4543 2252 4613 βοά.
2286 4543 2353 4596 90
2379 4541 2442 4613 8.
2467 4541 2657 4613 crucis
2683 4542 2734 4596 in
2760 4541 2894 4613 Jer.,
2918 4558 3014 4613 nos
3034 4542 3292 4595 debemus.
3350 4609 3361 4613 Α
3418 4610 3429 4613 _
3488 4604 3494 4613 η

2067 4611 2080 4651 ¹
2112 4612 2168 4667 In
2190 4614 2309 4669 cod.
2336 4612 2423 4691 9Q
2426 4612 2484 4667 8.
2507 4611 2694 4691 Crucis
2714 4609 2895 4691 in_.ler.
2921 4612 3114 4680 legitur
3134 4609 3393 4666 s‘entmtia
3408 4609 3559 4691 haec:

3179 4720 3194 4735 .
3234 4697 3570 4747 commuem,

2375 4792 2387 4804 .
2442 4754 2622 4822 fueris,
2656 4752 2793 4805 dum
2838 4791 2852 4806 .
2896 4791 2911 4804 .
2959 4792 2972 4804 .
3017 4753 3215 4822 recipit,
3263 4752 3572 4806 innocentia:

1991 4823 2187 4891 meritis
2217 4824 2535 4891 reformari}.

2061 4901 2097 4925 ιο
2126 4888 2293 4943 Codd)
2328 4889 2397 4943 90
2426 4891 2481 4945 S.
2514 4890 2698 4945 Crucis
2728 4892 2781 4945 in
2806 4890 2917 4945 ler.
2940 4900 2994 4944 ct
3013 4890 3142 4959 Reg.
3185 4889 3305 4943 Vat.
3337 4888 3424 4953 85,
3456 4907 3571 4943 sus-

1990 4962 2122 5027 cepit
2151 4961 2392 5029 hospitio,
2436 4969 2491 5014 ut
2531 4962 2678 5031 ﬁeret
2700 4961 2934 5031 justior:
2966 4976 3058 5013 nos
3111 4960 3232 5029 quia
3275 4969 3568 5030 peccatores

1992 5046 2186 5083 δωηηδ.

2065 5111 2088 5136 υ
2114 5100 2260 5154 Idem
2282 5100 2401 5156 cod.
2434 5099 2504 5155 90
2527 5100 2585 5155 8.
2611 5099 2797 5155 Crucis
2823 5099 2877 5152 in
2897 5097 3031 5161 ler.,
3053 5099 3134 5166 qui
3157 5100 3316 5170 usque
3344 5100 3494 5164 adeo,
3517 5109 3571 5152 ut

1991 5171 2125 5235 dixi,
2157 5180 2358 5235 contra,
2386 5179 2492 5225 etc.

2067 5250 2089 5274 ο
2121 5239 2263 5295 Idem
2284 5241 2407 5294 cod.
2435 5241 2490 5293 8.
2513 5238 2698 5293 Crucis
2725 5239 2776 5292 in
2798 5236 2930 5301 Jer.,
2958 5247 3109 5307 atque
3134 5237 3247 5291 ideo
3269 5237 3434 5302 beata,
3461 5246 3567 5292 etc.

1997 5308 2215 5377 soboles,
2245 5312 2390 5381 cujus
2415 5318 2619 5380 partum
2659 5326 2761 5363 non
2791 5309 3007 5380 gemitus
3032 5308 3123 5361 sed
3154 5310 3361 5380 gaudia,
3394 5318 3497 5363 etc.

381 5510 398 5539 ι
428 5506 555 5579 Ilaec
583 5509 923 5579 intelligenda
952 5519 1076 5565 sunt
1100 5525 1165 5564 eo
1194 5510 1383 5579 spiritu
1403 5525 1513 5579 quo
1532 5509 1791 5564 Dominus
1810 5510 1891 5564 di-
1923 5514 1972 5574 ι)
1992 5519 2116 5566 cata
2145 5509 2504 5573 mandantur;
2535 5518 2593 5563 ut
2621 5510 2688 5564 de
2716 5509 2969 5566 Cornelio
3002 5510 3194 5579 legitur
3218 5510 3335 5564 Aet.
3366 5524 3484 5578 cap.
3512 5478 3566 5563 χ.

288 5579 389 5647 _xit
427 5577 555 5649 Luc.
589 5594 709 5649 cap.
744 5598 795 5634 χι
826 5598 837 5631 :
872 5578 1003 5634 Date
1040 5577 1437 5648 eleemosynam,
1477 5589 1526 5633 et
1551 5597 1669 5633 ecce
1712 5582 1889 5633 omnia

302 5648 503 5700 munda
530 5648 833 5704 suntvobis.
868 5649 1216 5719 Eleemosyna
1247 5652 1389 5704 enim
1419 5651 1551 5702 tanti
1583 5659 1663 5703 est
1689 5652 1882 5713 meriti,

305 5730 365 5771 ut
389 5718 640 5787 disponat
668 5720 733 5775 ad
760 5718 1141 5776 contritionem
1169 5728 1223 5775 et
1245 5720 1312 5775 ad
1332 5719 1509 5785 iidem,
1541 5720 1734 5789 (ιυῶοε
1762 5736 1887 5789 pec-

1998 5580 2347 5649 llospitalitas
2390 5594 2538 5648 ergo,
2584 5594 2705 5634 cum
2746 5589 2900 5635 actus
2946 5582 3014 5633 sit
3056 5581 3265 5634 eximim
3308 5580 3562 5649 caritatis,

1995 5649 2515 5770 pneparattanimam
2544 5659 2600 5703 ut
2623 5649 2883 5718 justitiam
2914 5666 3011 5720 pro
3034 5650 3383 5706 retributione
3405 5663 3434 5703 a
3457 5648 3565 5701 Deo

1993 5734 2260 5776 consequa
2289 5733 2370 5771 ur.
3366 5764 3369 5765 ν

2010 5734 2370 5786 :onsequatur.
3366 5764 3369 5765 ν
