4054 6194
518 274 620 331 ῚΤΙ

1714 274 1771 333 s.
1811 271 2055 331 unum
2092 257 2541 334 TAURIIIENSIS

3677 274 3778 340 τω

523 388 708 444 debuit
736 403 856 459 qua:
887 386 1000 444 Deo
1051 394 1273 444 auctore
1303 395 1327 423 ⁸
1354 385 1610 457 suscepit.
1643 384 1789 442 Talis
1841 400 1974 455 ergo
2011 394 2098 444 est
2124 390 2174 449 Α
2196 386 2319 444 dico
2344 385 2491 456 quod
2508 394 2565 441 et
2591 385 2752 444 modo
2780 386 2941 445 etiam
2972 386 3039 442 ad
3060 402 3160 444 nos
3186 386 3241 443 iu
3263 386 3633 444 sacerdotibus
3669 394 3777 448 suis

521 478 546 517 δ
572 479 909 549 lioSpitalitas
930 480 1106 545 beata,
1138 486 1197 533 ut
1222 477 1457 533 lzctitiam
1482 492 1694 547 semper
1728 477 1839 532 suis
1866 477 2100 535 dimittat

522 567 840 638 hospitibus.
891 567 1023 622 Sara
1061 567 1223 635 ridet,
1251 567 1377 638 quia
1416 567 1698 622 sterilitate
1742 565 1948 633 caruit;
1993 577 2100 634 ego

519 658 671 714 rideo
691 658 816 727 quia
841 666 1060 728 peccata
1080 658 1313 729 depono.
1336 657 1427 712 Illa
1446 658 1688 728 corporis
1714 656 1845 713 vitio
1869 656 2097 712 liberata

515 758 623 817 est,
663 762 765 817 ego
795 760 817 787 ε
843 750 987 823 enim
1014 748 1230 818 ﬂagitiis
1257 749 1473 804 ablutus
1498 763 1636 803 sum.
1679 747 1773 801 Illa
1799 746 2099 816 gratulatur

518 855 578 895 se
605 855 705 910 per
731 840 1154 910 hospitalitatem
1182 839 1330 896 Isaac
1351 839 1514 895 tilium
1542 838 1861 910 suscepisse,
1885 852 1984 908 ego
2006 836 2097 892 ιω.

520 940 607 988 tor
634 930 1015 999 indulgentiam
1054 948 1141 988 me
1167 949 1292 990 cum
1327 931 1535 1002 iustitia
1574 940 1945 989 consecutum.
1988 929 2096 986 Sed

519 1022 664 1077 dicet
688 1023 884 1092 aliquis
912 1022 1183 1079 fortasse:
1232 1023 1291 1078 In
1332 1024 1436 1080 illis
1480 1023 1985 1094 supervenientibus
2029 1021 2098 1077 ad

521 1110 790 1167 Abraham
835 1113 983 1181 viris,
1027 1114 1275 1168 veniebat
1320 1114 1484 1168 etiam
1508 1113 1789 1183 Dominus,
1809 1111 1953 1182 quod
1979 1114 2100 1182 qui-

519 1201 641 1256 dem
674 1217 859 1258 verum
904 1210 1024 1268 est;
1055 1204 1132 1260 sic
1159 1203 1302 1260 enim
1340 1202 1615 1273 Scriptura
1645 1204 1828 1260 refert.
1860 1203 1969 1259 Sed
1996 1217 2099 1273 ego

2200 478 2445 535 Christus
2472 479 2737 535 adveniat.
2768 477 3042 534 Imitemur
3085 480 3266 548 igitur,
3308 480 3522 547 fratres,
3548 481 3575 518 ⁴
3606 482 3775 538 Abra-

2202 569 2330 625 ham
2363 586 2377 625 :
2408 569 2503 626 sed
2531 569 2658 639 quid
2686 569 2955 625 Abraham
2994 568 3151 624 dico?
3188 569 3466 626 Imitemur
3492 571 3662 627 Deum
3683 589 3775 643 pa—

2203 668 2340 716 trem
2384 668 2665 727 nostrum;
2700 670 2725 699 ο
2753 661 2836 716 his
2862 661 3005 716 enim
3049 660 3381 718 diversarum
3408 665 3651 731 gentium
3674 665 3776 721 ho-

2202 751 2375 806 mines
2421 750 2563 806 Deus
2606 764 2715 805 uno
2759 750 2878 805 caeli
2922 750 3157 820 hospitio
3184 751 3428 806 habitare
3463 754 3655 820 voluit,
3685 771 3779 811 cur

2202 855 2310 896 non
2340 855 2460 909 nos,
2488 840 2579 910 qui
2624 854 2809 896 sumus
2836 839 3047 909 fratrm,
3077 840 3353 897 nobiscum
3400 858 3507 897 uno
3536 844 3769 913 hospitio

2201 928 2635 986 commoremur?
2658 928 2771 984 Etsi
2799 938 3037 985 nostram
3065 930 3375 987 distantiam
3401 931 3492 987 ille
3511 933 3700 987 eadem
3724 934 3774 989 in

2204 1020 2386 1076 mundi
2429 1020 2592 1077 domo
2621 1020 2901 1075 continere
2944 1020 3151 1087 maluit,
3181 1036 3277 1076 cur
3302 1037 3412 1077 non
3455 1023 3774 1079 unanimitas

2205 1118 2388 1166 nostra
2416 1117 2601 1167 sancta
2631 1109 3095 1166 tabernaculorum
3121 1109 3138 1149 ί
3162 1111 3277 1168 aede
3300 1114 3583 1169 teneatur?
3602 1112 3769 1185 Expli-

2206 1201 2298 1258 cit.

1834 1343 1839 1348 ’
1867 1309 2137 1373 SERMO
2179 1307 2429 1370 XCVII.

522 1407 712 1483 Incipit
748 1409 809 1465 de
836 1426 896 1465 eo
922 1410 1056 1479 quod
1084 1413 1329 1478 scriptum
1357 1418 1430 1464 est
1461 1425 1477 1463 :
1510 1410 1655 1465 Sicut
1684 1410 1804 1464 tuba
1831 1409 2007 1463 exulta
2036 1426 2206 1463 vocent
2232 1417 2392 1472 tuam,
2423 1416 2472 1461 et
2499 1408 2751 1461 annuntio
2791 1407 2980 1477 populo
3009 1423 3123 1463 meo
3143 1418 3358 1478 peccata
3391 1427 3589 1466 eorum.
3625 1413 3775 1470 Isaia

2005 1495 2121 1548 cap.
2152 1493 2300 1533 Lvm.

1956 1567 2349 1623 ADMONITIO.

588 1661 754 1738 Apud
770 1662 987 1738 eosdem
1008 1662 1325 1738 Martenium
1346 1672 1413 1738 _et
1439 1661 1766 1728 Duraudum,
1798 1662 1919 1718 loco
1958 1661 2011 1716 in
2038 1661 2312 1731 superiore
2340 1658 2597 1715 admonit.
2630 1658 2884 1727 indicato,
2916 1660 3002 1718 hic
3028 1675 3242 1731 quoque
3271 1678 3453 1720 sermo
3480 1674 3535 1722 et
3562 1668 3654 1738 qui
3692 1684 3773 1725 sc-

516 1732 698 1801 quitur
723 1732 779 1787 S.
812 1732 1044 1788 Maximo
1073 1733 1311 1802 inscripti
1343 1733 1609 1803 leguntur.

514 1840 677 1963 6&9
704 1843 1090 1899 Ancuueuruu.
1122 1870 1193 1880 —
1230 1840 1581 1895 Sacerdotalis
1628 1841 1749 1893 tuba
1798 1849 2089 1910 peccatores
2124 1847 2167 1907 Β
2196 1839 2454 1894 unitatem
2483 1856 2495 1892 :
2521 1837 2594 1892 illi
2618 1846 2814 1893 metum
2835 1838 3040 1905 incutit,
3064 1841 3513 1910 quemadmodum
3541 1847 3612 1901 slt
3640 1849 3777 1904 timi-

621 1914 822 1963 umitiat
842 1920 890 1963 et
921 1912 1078 1963 iustos
1104 1908 1421 1963 corroborat.
1456 1909 1816 1963 MuriJericha
1846 1910 2091 1963 saccrdo-
2198 1928 2319 1963 λεη..
2347 1928 2411 1963 ..τι
2443 1937 2718 1963 nnnnnlnm
2786 1928 2908 1963 l'mn
2952 1930 3092 1963 ρης...
3139 1942 3325 1963 ηοω...
3388 1935 3528 1963 ...ι-η.
3581 1947 3653 1963 Μ.

621 1908 822 1965 ιῖηιὶιὶαῑ
842 1920 890 1981 et
909 1912 1078 1981 justas
1104 1908 1421 1965 corroborat.
1456 1908 1816 1981 MuriJericho
1846 1910 2091 1964 sacerdo-

589 1982 767 2034 talium
795 1988 828 2033 ti
852 1979 1031 2033 barum
1059 1996 1187 2033 sono
1209 1988 1529 2033 corruerunt.
1564 1979 1663 2050 Ila:
1685 1980 1865 2049 ﬁgurae
1886 1982 2093 2050 [uerunt

581 2051 1006 2120 prwdicationum
1029 2050 1179 2120 hujus
1202 2050 1440 2119 temporis
1467 2049 1809 2105 sacerdotum.

586 2202 724 2258 Ante
752 2201 894 2259 diem
922 2201 1194 2274 prosecuti
1215 2216 1400 2259 sumus
1428 2202 1803 2259 necessitatem
1831 2203 1984 2259 nobis
2012 2202 2095 2258 ln-

513 2295 769 2352 cunibere
789 2309 898 2351 non
926 2294 1162 2363 tacendi,
1202 2301 1257 2350 et
1280 2309 1349 2350 ne
1369 2293 1533 2350 alieni
1562 2294 1933 2366 periclitentur
1952 2282 2098 2365 peri-

512 2385 655 2451 culo,
674 2385 1075 2441 observavimus
1094 2385 1292 2442 debere
1311 2400 1411 2441 nos
1430 2384 1499 2440 ad
1512 2385 1838 2454 peccandum
1852 2383 1942 2457 [F.
1956 2399 2095 2455 prte-

513 2474 820 2547 dicandum]
846 2475 1084 2531 clamore
1105 2490 1451 2544 consurgere.
1476 2473 1832 2530 Clamandum
1852 2484 1935 2529 est
1953 2475 2096 2531 enim

514 2567 743 2623 nobisin
765 2565 1025 2633 Ecclesia,
1041 2581 1109 2621 ne
1133 2566 1783 2636 clamemusinpmna.Sic
1802 2568 1946 2622 enim
1971 2566 2098 2622 dicit

515 2656 874 2728 Dominusper
900 2657 1219 2727 prophetam
1249 2673 1263 2710 :
1305 2656 1376 2711 Et
1403 2656 1639 2711 exclama
1663 2656 2001 2724 vehementer,
2034 2674 2098 2712 ne

511 2766 721 2819 parcas,
735 2748 868 2804 sicut
889 2748 1009 2803 tuba
1031 2749 1205 2804 exulta
1221 2766 1392 2805 vocem
1406 2758 1569 2818 tuam,
1585 2758 1636 2804 et
1651 2750 1900 2803 annuntio
1909 2750 2098 2820 populo

511 2854 621 2914 meo
648 2848 859 2909 peccata
886 2854 1061 2893 eorum
1091 2837 1253 2909 (Isai.
1286 2839 1456 2909 LVllt).
1488 2837 1735 2894 Clamare
1784 2850 1914 2906 ergo
1937 2836 2097 2907 jube-

510 2942 650 2995 mur,
663 2937 719 2984 et
737 2929 1084 2984 vehementer
1102 2929 1353 2995 clamare,
1372 2944 1472 2985 nec
1486 2927 1607 2985 voci
1625 2942 1867 2999 parcere,
1889 2942 1958 2984 ne
1977 2942 2100 2997 per-

512 3035 702 3075 eamus
720 3020 881 3090 salutj
900 3039 914 3075 :
933 3020 1010 3075 Ne
1028 3035 1239 3091 parcas,
1261 3021 1450 3089 inquit,
1465 3020 1568 3075 hoc
1588 3027 1671 3075 est
1682 3019 1983 3090 peccatoris
1998 3018 2100 3074 ini-

511 3110 770 3181 qts'tatem
793 3124 891 3165 nec
915 3109 1145 3165 tacendo
1172 3118 1476 3181 prmtereas,
1506 3125 1575 3165 ne
1604 3109 1733 3165 dum
1759 3109 2100 3166 verecundize

510 3199 629 3270 ejus
648 3200 903 3266 consulis,
936 3216 1043 3255 non
1072 3199 1322 3256 consulas
1350 3200 1588 3255 sanitati.
1622 3199 1851 3256 Vulnera
1873 3201 2017 3255 enim
2038 3200 2101 3255 il-

512 3289 634 3356 lius,
658 3304 778 3361 qua:
823 3289 1106 3345 clamando
1152 3304 1400 3346 resecare
1429 3288 1713 3356 debueras,
1738 3291 1791 3346 in
1817 3292 1989 3361 pejus,
2014 3298 2098 3346 ta-

510 3381 708 3449 cendo,
741 3382 976 3437 nutristi.
1005 3374 1255 3437 Clamare
1300 3394 1431 3450 ergo
1476 3380 1754 3451 iubemur,
1784 3390 1935 3438 etne
1977 3383 2099 3452 quis

504 3486 571 3530 ‘se
600 3489 707 3530 nou
735 3474 948 3530 audisse
967 3474 1130 3542 dicat,
1161 3482 1256 3531 aut
1281 3489 1605 3545 quemquam
1642 3490 1749 3530 vox
1770 3474 1966 3545 lateat,
2005 3490 2094 3530 sa-

509 3564 758 3620 cerdotes
783 3564 1135 3620 vehementer
1178 3562 1412 3620 clamare
1459 3563 1870 3635 pmcipiuntur;
1900 3580 1985 3632 ac,
2026 3580 2097 3621 ne

514 3653 619 3710 hoc
649 3656 869 3712 minime
895 3655 1125 3712 fortasse
1151 3652 1440 3721 subiceret,
1468 3654 1693 3723 addidit,
1708 3657 1893 3713 dicens
1926 3675 1939 3711 :
1965 3660 2097 3712 sicut

508 3745 629 3800 tuba
656 3747 831 3804 exulta
855 3764 1026 3804 vocem
1052 3757 1195 3803 tuam
1215 3747 1370 3821 (Isai.
1403 3748 1571 3821 LVIII).
1592 3747 1802 3807 Scimus
1822 3750 1946 3820 quia
1968 3750 2095 3805 tuba

512 3853 623 3894 non
655 3846 763 3894 tam
785 3847 944 3895 sonet
964 3840 1168 3895 auditui
1195 3856 1355 3911 quam
1386 3841 1614 3908 terrori,
1641 3856 1743 3897 nec
1777 3850 1887 3897 tam
1914 3841 2095 3899 delec-

510 3929 770 3984 tationem
782 3928 992 3984 deferre
1005 3945 1165 3999 quam
1187 3930 1384 3986 inferre
1410 3931 1769 3986 formidinem.
1784 3931 1932 3987 Tuba
1952 3933 2095 3989 enim

510 4016 886 4085 peccatoribus
932 4018 1233 4073 necessaria
1279 4027 1382 4083 est,
1430 4034 1551 4091 quae
1595 4035 1703 4076 non
1730 4022 1903 4078 solum
1938 4038 2096 4080 aures

511 4120 701 4160 eorum
755 4113 1022 4177 penetret,
1054 4108 1147 4163 sed
1175 4116 1231 4164 et
1279 4110 1441 4165 corda
1470 4112 1778 4179 concutiat,
1818 4126 1936 4182 quae
1985 4128 2094 4169 non

513 4197 751 4254 delectet
773 4208 953 4268 cantu,
986 4199 1082 4257 sed
1109 4204 1334 4273 castiget
1362 4204 1575 4273 auditu;
1605 4214 1854 4262 strenuos
1880 4222 2095 4278 quoque

514 4288 762 4344 hortetur
787 4287 858 4344 ad
881 4289 1178 4361 justitiam,
1207 4292 1429 4363 ignavos
1466 4294 1738 4352 deterreat
1784 4308 1815 4350 a
1860 4296 2091 4355 delictis.

511 4377 646 4434 Nam
674 4380 814 4436 sicut
835 4382 889 4437 in
914 4382 1101 4453 praelio
1125 4383 1310 4440 militis
1336 4394 1573 4442 mentem
1601 4385 1936 4443 formidolosi
1960 4388 2094 4459 deji-

508 4470 604 4537 cit,
635 4471 874 4527 animum
896 4472 999 4528 viri
1042 4472 1198 4530 fortis
1234 4476 1516 4531 accendit:
1548 4476 1622 4531 ita
1650 4485 1705 4532 et
1742 4478 2093 4536 sacerdotalis

507 4559 634 4617 tuba
662 4569 898 4618 mentem
939 4565 1240 4633 peccatoris
1265 4565 1542 4633 humiliat,
1570 4568 1734 4641 650
1770 4569 1871 4625 viri
1920 4571 2092 4626 sancti

506 4654 742 4710 animam
785 4655 1120 4723 corroborat,
1165 4664 1225 4713 et
1261 4672 1370 4714 uno
1418 4667 1581 4729 atque
1608 4661 1801 4717 eodem
1839 4677 1976 4718 sono
2005 4661 2091 4716 isti

511 4745 942 4803 exhortationem
970 4747 1154 4804 indicit
1192 4734 1641 4818 quemadmodum
1670 4751 1741 4808 sit
1784 4750 1977 4809 fortior
2022 4750 2091 4807 ad

2197 1928 2319 1984 dior
2345 1928 2414 1983 ad
2443 1937 2741 1998 peccatum.
2785 1928 2909 1985 Ilaec
2952 1930 3093 1986 enim
3138 1942 3327 1988 natura
3387 1935 3530 1991 tuba:
3578 1947 3693 2005 est,
3724 1950 3778 1996 ut

2198 2019 2441 2074 destruat
2467 2019 2888 2087 delinquentium
2929 2036 3117 2091 opera,
3172 2023 3363 2077 horum
3412 2025 3553 2082 facta
3582 2029 3779 2085 contir-

2198 2118 2329 2164 met.
2376 2110 2616 2180 Denique
2663 2110 2879 2166 Jericho
2908 2113 3045 2166 muri
3070 2127 3166 2182 per
3208 2114 3579 2174 sacerdotales
3608 2119 3780 2188 tubas,

2201 2202 2327 2274 quia
2351 2203 2488 2257 intra
2515 2216 2575 2258 se
2604 2202 2952 2258 continebant
2977 2211 3318 2273 peccatorem
3345 2208 3636 2278 populum,
3665 2225 3781 2267 cor-

2196 2302 2439 2349 ruerunt.
2464 2292 2581 2349 Non
2610 2293 2731 2350 illos
2752 2293 2981 2364 pulsavit
3007 2295 3166 2363 aries,
3190 2313 3298 2354 non
3320 2302 3648 2369 expugnavit
3674 2319 3783 2357 nia.

2196 2386 2386 2453 chiua;
2416 2384 2512 2442 sed
2539 2385 2684 2455 quod
2708 2386 2903 2443 mirum
2946 2395 3053 2453 est,
3092 2388 3448 2447 sacerdotalis
3469 2391 3633 2446 timor
3662 2392 3782 2447 soni

2196 2477 2477 2532 subvertit.
2512 2475 2648 2531 Muri
2691 2477 2781 2549 qui
2810 2476 3065 2534 adversus
3092 2477 3293 2534 ferrum
3346 2479 3783 2551 inexpugnabiles

2196 2576 2481 2632 steterant,
2524 2583 2677 2623 sacra
2722 2568 2969 2623 tubarum
3022 2581 3157 2624 voce
3194 2570 3417 2641 collapsi
3461 2581 3608 2629 sunt.
3657 2573 3784 2641 Quis

2197 2659 2341 2715 enim
2370 2675 2478 2714 non
2521 2668 2738 2729 stupeat
2766 2659 2821 2713 in
2868 2658 2961 2715 illo
3007 2659 3150 2715 Iacto
3174 2674 3303 2714 saxa
3330 2660 3567 2733 dirupta,
3599 2664 3785 2720 funda-

2198 2758 2379 2805 menta
2404 2750 2657 2823 clangore
2672 2764 2791 2805 esse
2805 2758 3145 2820 quassata,et
3166 2752 3237 2807 ita
3259 2753 3509 2809 universa
3525 2755 3784 2827 collapsa,

2197 2851 2258 2898 ut
2286 2857 2408 2899 cum
2437 2842 2669 2898 victores
2690 2842 2824 2897 nihil
2851 2857 3040 2899 manus
3060 2843 3335 2911 laederent,
3366 2845 3507 2916 apud
3535 2846 3786 2901 adversa-

2200 2935 2340 2989 rium
2361 2933 2495 2988 nihil
2522 2930 2702 2990 tamen
2726 2934 2918 2990 stabile
2945 2944 3285 3003 remaneret;
3316 2936 3412 2993 sed
3453 2938 3699 3008 quamvis
3725 2938 3785 2993 il-

2201 3027 2284 3083 los
2336 3043 2520 3084 muros
2564 3042 2724 3083 nemo
2751 3028 3120 3097 contingeret,
3150 3038 3524 3098 expugnantur
3551 3038 3732 3085 tamen
3763 3048 3777 3084 :

2200 3118 2502 3174 forinsecus
2546 3116 2726 3173 sonitu
2775 3117 3045 3187 justorum
3067 3158 3083 3185 ,
3134 3119 3431 3175 forinsecus
3474 3120 3780 3176 habitacula

2205 3216 2547 3278 peccatorum
2575 3215 2859 3279 propterea
2885 3215 3181 3264 cesserunt.
3212 3208 3353 3280 Ergo
3376 3209 3566 3266 istisne
3610 3210 3784 3266 obsis-

2202 3298 2415 3353 terent?
2442 3297 2632 3353 illosne
2659 3299 2713 3353 in
2730 3298 2909 3367 aliquo
2931 3300 3246 3354 tuerentur?
3264 3299 3608 3370 Aperuerunt
3629 3300 3784 3371 justi:

2194 3388 2308 3459 jam
2337 3387 2720 3454 defensionem,
2738 3387 2955 3460 perfidis
2982 3389 3334 3459 denegatum.
3361 3389 3544 3460 Igitur,
3570 3389 3781 3459 fratres,

2200 3478 2551 3536 sacerdotalis
2573 3480 2721 3535 vocis
2748 3494 2912 3534 sonus
2939 3479 3049 3548 jam
3096 3479 3188 3535 illo
3218 3480 3270 3534 in
3303 3488 3548 3551 tempore
3576 3490 3782 3536 tantum

2198 3572 2393 3646 potuit,
2422 3586 2531 3642 quo
2586 3571 2642 3628 in
2692 3586 2821 3628 vera
2872 3578 3046 3629 status
3091 3570 3407 3628 confusione
3442 3572 3629 3629 nescio
3655 3572 3783 3642 quid

2197 3663 2539 3736 personavit;
2561 3670 2820 3733 quantum
2842 3676 2982 3716 nunc
3000 3660 3390 3717 sacerdotalem
3413 3660 3587 3730 ipsam
3612 3662 3782 3715 vivam

2201 3769 2389 3811 vocem
2420 3768 2579 3825 posse
2607 3752 2892 3816 credimus,
2921 3766 3041 3821 qua:
3070 3751 3196 3806 dum
3217 3749 3486 3807 Christum
3507 3750 3679 3807 verbo
3706 3750 3782 3806 lo-

2198 3845 2402 3915 quitur,
2431 3842 2772 3917 magnificum
2801 3841 3003 3911 aliquid
3031 3848 3247 3913 praestat
3274 3841 3390 3898 vice
3418 3840 3635 3898 Domini
3668 3840 3781 3897 Sal‘

2197 3936 2401 3994 vatoris
2428 3935 2672 4008 imperio,
2704 3951 2825 3993 cum
2853 3937 2976 3993 teris
3006 3952 3142 3993 sono
3169 3936 3331 3992 etiam
3366 3935 3637 3991 elementa
3665 3950 3780 3991 ees-

2196 4036 2405 4097 scrunt,
2427 4036 2522 4081 aut
2548 4027 2998 4099 quemadmodum
3018 4026 3290 4082 sensibilia
3310 4025 3576 4082 obsistere
3596 4033 3782 4096 potuc-

2197 4126 2342 4185 ruut,
2372 4133 2495 4175 cum
2524 4126 2787 4173 terrorem
2818 4132 3029 4172 sacrum
3058 4116 3199 4173 ferre
3244 4115 3407 4171 etiam
3454 4114 3780 4170 insensibili:

2194 4210 2579 4283 nequiverunt!
2609 4209 2886 4265 Credimus
2904 4208 3055 4264 enim
3093 4207 3429 4263 sacerdotum
3458 4206 3620 4264 dictis
3640 4206 3771 4262 faei-

2196 4303 2300 4361 lius
2338 4304 2535 4360 molliri
2575 4317 2734 4374 posse
2775 4300 2938 4357 corda
2983 4314 3145 4370 quam
3188 4315 3337 4367 saxa,
3366 4308 3424 4355 et
3461 4299 3624 4355 citius
3649 4298 3779 4355 solvi

2194 4410 2357 4467 posse
2403 4402 2626 4466 peccata
2673 4408 2835 4465 quam
2880 4398 3138 4450 caementa
3183 4399 3312 4446 sunt
3356 4390 3616 4446 resoluta.
3665 4389 3780 4444 Vox

2194 4487 2338 4543 enim
2377 4487 2595 4556 spiritus
2641 4482 3008 4541 convenientis
3051 4481 3260 4538 facilius
3305 4480 3491 4537 delicti
3547 4479 3776 4535 destruit

2195 4579 2478 4647 maculam,
2507 4592 2668 4651 quam
2695 4576 2971 4634 materiale
3009 4576 3128 4634 saxi
3170 4575 3332 4632 solvit
3366 4574 3777 4633 munimentum.

2199 4667 2454 4741 Explicit.

1844 4847 2113 4911 διεκΜο
2158 4845 2438 4909 XCVIII.

1924 4947 2058 5003 Item
2080 4949 2363 5021 sequentia.

579 5056 854 5127 Superiori
881 5063 1148 5121 dominica
1171 5063 1439 5135 prosecuti
1457 5078 1639 5119 sumus
1664 5061 1880 5119 Iericho
1905 5078 2089 5119 muros
2118 5069 2169 5132 ι)
2184 5069 2365 5132 atque.
2383 5069 2647 5128 naturam,
2680 5074 2793 5117 rem
2821 5060 3181 5117 insensibilem
3207 5061 3373 5117 sacris
3399 5060 3623 5116 vocibus
3640 5072 3777 5127 quo-

510 5146 652 5233 tubis
689 5151 1111 5212 sacerdotalibus
1156 5162 1512 5227 expugnatos,
1541 5162 1597 5210 et
1623 5161 1811 5209 contra
1841 5152 2084 5209 ordinem

583 5341 621 5412 "_
635 5329 781 5412 Idem
811 5329 931 5386 cod.
956 5298 1032 5386 .90
1058 5331 1116 5387 S.
1148 5332 1333 5389 Crucis
1363 5333 1415 5388 in
1443 5329 1575 5397 Jer.,
1608 5331 1836 5400 concepit
1857 5345 1954 5400 pro
1975 5347 2090 5385 sua-

512 5410 779 5524 coibuldem
809 5468 928 5524 cod.
973 5469 1031 5525 S.
1060 5469 1245 5526 Crucis
1282 5473 1335 5527 in
1375 5470 1510 5538 Jer.,
1556 5470 1881 5539 hospitalitas
1911 5470 2087 5526 beato-

513 5556 644 5599 rum,
678 5546 784 5593 etc.

585 5620 605 5647 ε
636 5609 781 5663 Ideni
824 5610 943 5663 cod.
977 5610 1032 5663 S.
1064 5608 1251 5678 Crucis
1282 5611 1334 5663 in
1363 5609 1472 5663 Jer.
1506 5625 1604 5678 pro
1634 5610 1770 5663 enim
1812 5610 1941 5675 legit
1969 5613 2087 5663 ani-

509 5697 624 5736 mm.
659 5678 789 5736 Cod.
818 5679 946 5747 Reg.
980 5680 1098 5735 Vat.
1131 5677 1223 5745 85,
1241 5696 1334 5751 ego
1360 5677 1547 5732 anima
1581 5681 1793 5748 ﬂagitiis
1823 5678 2084 5735 absolutus

2191 5153 2315 5209 dam
2345 5152 2781 5210 comminationis
2818 5160 3026 5208 terrore
3051 5153 3302 5222 cessisse;
3324 5161 3378 5208 et
3405 5152 3479 5208 ita
3527 5152 3776 5221 increpa-

2198 5348 2459 5456 wgtldem
2484 5401 2603 5457 cod.
2743 5400 2799 5455 S.
2833 5399 3018 5457 Crucis
3052 5400 3103 5455 in
3131 5400 3223 5455 Jer
3249 5442 3264 5467 ,
3290 5399 3552 5456 Abraham
3581 5407 3782 5470 patrem

2195 5481 2448 5536 nostrum,
2480 5471 2590 5536 sed,
2622 5479 2730 5525 etc.
2921 5531 2943 5536 m

2267 5551 2290 5579 ε
2322 5541 2396 5596 Id.
2429 5531 2551 5597 cod.
2579 5531 2657 5595 'S.
2700 5540 2888 5596 Crucis
2920 5531 2980 5597 in
3018 5541 3149 5611 Jer.,
3181 5543 3226 5597 si
3263 5544 3400 5597 enim
3436 5542 3780 5609 diversarum,

2194 5622 2302 5722 mf
2318 5652 2450 5736 Cod.
2492 5682 2623 5753 Reg.
2653 5683 2767 5737 v-u.
2799 5682 2893 5749 83,
2924 5680 3065 5737 sede.
