  <div class='ocr_page' id='page_1' title='image "/cluster/home/n/w/nwhite01/storage/ocr_20150623/57/hvd.32044054758669/380.png"; bbox 0 0 4054 6194; ppageno 0'>
   <div class='ocr_carea' id='block_1_1' title="bbox 268 312 370 377">
    <p class='ocr_par' dir='ltr' id='par_1_1' title="bbox 268 312 370 377">
     <span class='ocr_line' id='line_1_1' title="bbox 268 312 370 377; baseline 0 -2"><span class='ocrx_word' id='word_1_1' title='bbox 268 312 370 377; x_wconf 63' lang='grc' dir='ltr'><strong>περ</strong></span> 
     </span>
    </p>
   </div>
   <div class='ocr_carea' id='block_1_2' title="bbox 1673 312 2117 373">
    <p class='ocr_par' dir='ltr' id='par_1_2' title="bbox 1673 312 2117 373">
     <span class='ocr_line' id='line_1_2' title="bbox 1673 312 2117 373; baseline -0.009 0"><span class='ocrx_word' id='word_1_2' title='bbox 1673 312 1903 373; x_wconf 64' lang='grc' dir='ltr'><strong>δεηηο</strong></span> <span class='ocrx_word' id='word_1_3' title='bbox 1939 313 2117 371; x_wconf 75' lang='lat' dir='ltr'><strong>XCIX.</strong></span> 
     </span>
    </p>
   </div>
   <div class='ocr_carea' id='block_1_3' title="bbox 3433 321 3536 382">
    <p class='ocr_par' dir='ltr' id='par_1_3' title="bbox 3433 321 3536 382">
     <span class='ocr_line' id='line_1_3' title="bbox 3433 321 3536 382; baseline 0.049 -5"><span class='ocrx_word' id='word_1_4' title='bbox 3433 321 3536 382; x_wconf 74' lang='grc' dir='ltr'><strong>ιω</strong></span> 
     </span>
    </p>
   </div>
   <div class='ocr_carea' id='block_1_4' title="bbox 264 426 3531 507">
    <p class='ocr_par' dir='ltr' id='par_1_4' title="bbox 264 426 3531 507">
     <span class='ocr_line' id='line_1_4' title="bbox 264 426 3531 507; baseline 0 -16"><span class='ocrx_word' id='word_1_5' title='bbox 264 436 431 492; x_wconf 80' lang='lat' dir='ltr'><strong>tionis</strong></span> <span class='ocrx_word' id='word_1_6' title='bbox 455 449 595 492; x_wconf 87' lang='lat' dir='ltr'><strong>sono</strong></span> <span class='ocrx_word' id='word_1_7' title='bbox 618 432 865 492; x_wconf 82' lang='lat' dir='ltr'><strong>universa</strong></span> <span class='ocrx_word' id='word_1_8' title='bbox 893 434 1053 489; x_wconf 69' lang='lat' dir='ltr'><strong>finisse</strong></span> <span class='ocrx_word' id='word_1_9' title='bbox 1091 434 1347 504; x_wconf 85' lang='lat' dir='ltr'><strong>collapsa,</strong></span> <span class='ocrx_word' id='word_1_10' title='bbox 1373 442 1433 490; x_wconf 86' lang='lat' dir='ltr'><strong>ut</strong></span> <span class='ocrx_word' id='word_1_11' title='bbox 1458 443 1516 489; x_wconf 89' lang='lat' dir='ltr'><strong>et</strong></span> <span class='ocrx_word' id='word_1_12' title='bbox 1539 434 1840 489; x_wconf 70' lang='lat' dir='ltr'><strong>ﬁrmissima</strong></span> <span class='ocrx_word' id='word_1_13' title='bbox 1873 435 1920 495; x_wconf 75' lang='grc' dir='ltr'><strong>Α</strong></span> <span class='ocrx_word' id='word_1_14' title='bbox 1945 428 2293 487; x_wconf 79' lang='lat' dir='ltr'><strong>sacerdotalis</strong></span> <span class='ocrx_word' id='word_1_15' title='bbox 2304 426 2882 501; x_wconf 72' lang='lat' dir='ltr'><strong>pmdlcatiopopulum</strong></span> <span class='ocrx_word' id='word_1_16' title='bbox 2901 438 3245 503; x_wconf 63' lang='lat' dir='ltr'><strong>penatoretu</strong></span> <span class='ocrx_word' id='word_1_17' title='bbox 3256 433 3531 507; x_wconf 77' lang='lat' dir='ltr'><strong>subjugat,</strong></span> 
     </span>
    </p>
   </div>
   <div class='ocr_carea' id='block_1_5' title="bbox 264 524 1848 594">
    <p class='ocr_par' dir='ltr' id='par_1_5' title="bbox 264 524 1848 594">
     <span class='ocr_line' id='line_1_5' title="bbox 264 524 1848 594; baseline 0 -14"><span class='ocrx_word' id='word_1_18' title='bbox 264 525 600 580; x_wconf 89' lang='lat' dir='ltr'><strong>munimenta</strong></span> <span class='ocrx_word' id='word_1_19' title='bbox 647 526 986 592; x_wconf 88' lang='lat' dir='ltr'><strong>corruerint,</strong></span> <span class='ocrx_word' id='word_1_20' title='bbox 1031 532 1089 579; x_wconf 88' lang='lat' dir='ltr'><strong>ct</strong></span> <span class='ocrx_word' id='word_1_21' title='bbox 1126 524 1299 579; x_wconf 89' lang='lat' dir='ltr'><strong>nudus</strong></span> <span class='ocrx_word' id='word_1_22' title='bbox 1343 525 1580 594; x_wconf 76' lang='lat' dir='ltr'><strong>peccatis</strong></span> <span class='ocrx_word' id='word_1_23' title='bbox 1615 525 1848 594; x_wconf 86' lang='lat' dir='ltr'><strong>populus</strong></span> 
     </span>
    </p>
   </div>
   <div class='ocr_carea' id='block_1_6' title="bbox 263 614 1848 681">
    <p class='ocr_par' dir='ltr' id='par_1_6' title="bbox 263 614 1848 681">
     <span class='ocr_line' id='line_1_6' title="bbox 263 614 1848 681; baseline 0 -12"><span class='ocrx_word' id='word_1_24' title='bbox 263 622 593 679; x_wconf 80' lang='lat' dir='ltr'><strong>remaneret,</strong></span> <span class='ocrx_word' id='word_1_25' title='bbox 623 615 714 670; x_wconf 89' lang='lat' dir='ltr'><strong>illa</strong></span> <span class='ocrx_word' id='word_1_26' title='bbox 754 630 823 669; x_wconf 88' lang='lat' dir='ltr'><strong>ne</strong></span> <span class='ocrx_word' id='word_1_27' title='bbox 865 615 1064 671; x_wconf 89' lang='lat' dir='ltr'><strong>diutius</strong></span> <span class='ocrx_word' id='word_1_28' title='bbox 1085 614 1390 681; x_wconf 87' lang='lat' dir='ltr'><strong>obsisteret,</strong></span> <span class='ocrx_word' id='word_1_29' title='bbox 1415 614 1518 671; x_wconf 83' lang='lat' dir='ltr'><strong>ista</strong></span> <span class='ocrx_word' id='word_1_30' title='bbox 1557 623 1618 669; x_wconf 89' lang='lat' dir='ltr'><strong>ut</strong></span> <span class='ocrx_word' id='word_1_31' title='bbox 1642 614 1848 670; x_wconf 81' lang='lat' dir='ltr'><strong>facilius</strong></span> 
     </span>
    </p>
   </div>
   <div class='ocr_carea' id='block_1_7' title="bbox 262 704 1847 775">
    <p class='ocr_par' dir='ltr' id='par_1_7' title="bbox 262 704 1847 775">
     <span class='ocr_line' id='line_1_7' title="bbox 262 704 1847 775; baseline 0.001 -15"><span class='ocrx_word' id='word_1_32' title='bbox 262 713 574 774; x_wconf 77' lang='lat' dir='ltr'><strong>caperetur.</strong></span> <span class='ocrx_word' id='word_1_33' title='bbox 604 704 713 759; x_wconf 86' lang='lat' dir='ltr'><strong>Sed</strong></span> <span class='ocrx_word' id='word_1_34' title='bbox 740 704 854 760; x_wconf 64' lang='lat' dir='ltr'><strong>haec</strong></span> <span class='ocrx_word' id='word_1_35' title='bbox 885 705 1065 760; x_wconf 87' lang='lat' dir='ltr'><strong>omnia</strong></span> <span class='ocrx_word' id='word_1_36' title='bbox 1087 704 1199 774; x_wconf 90' lang='lat' dir='ltr'><strong>jam</strong></span> <span class='ocrx_word' id='word_1_37' title='bbox 1240 713 1369 760; x_wconf 89' lang='lat' dir='ltr'><strong>tunc</strong></span> <span class='ocrx_word' id='word_1_38' title='bbox 1409 705 1462 759; x_wconf 91' lang='lat' dir='ltr'><strong>in</strong></span> <span class='ocrx_word' id='word_1_39' title='bbox 1509 705 1676 775; x_wconf 78' lang='lat' dir='ltr'><strong>ﬁgura</strong></span> <span class='ocrx_word' id='word_1_40' title='bbox 1706 706 1847 761; x_wconf 86' lang='lat' dir='ltr'><strong>facta</strong></span> 
     </span>
    </p>
   </div>
   <div class='ocr_carea' id='block_1_8' title="bbox 262 795 1849 869">
    <p class='ocr_par' dir='ltr' id='par_1_8' title="bbox 262 795 1849 869">
     <span class='ocr_line' id='line_1_8' title="bbox 262 795 1849 869; baseline 0.004 -21"><span class='ocrx_word' id='word_1_41' title='bbox 262 810 387 849; x_wconf 85' lang='lat' dir='ltr'><strong>esse</strong></span> <span class='ocrx_word' id='word_1_42' title='bbox 415 795 781 865; x_wconf 71' lang='lat' dir='ltr'><strong>praidiximus.</strong></span> <span class='ocrx_word' id='word_1_43' title='bbox 826 795 961 851; x_wconf 79' lang='lat' dir='ltr'><strong>Nam</strong></span> <span class='ocrx_word' id='word_1_44' title='bbox 1006 796 1367 852; x_wconf 85' lang='lat' dir='ltr'><strong>sacerdotales</strong></span> <span class='ocrx_word' id='word_1_45' title='bbox 1407 797 1551 853; x_wconf 90' lang='lat' dir='ltr'><strong>illius</strong></span> <span class='ocrx_word' id='word_1_46' title='bbox 1588 800 1849 869; x_wconf 74' lang='lat' dir='ltr'><strong>temporis</strong></span> 
     </span>
    </p>
   </div>
   <div class='ocr_carea' id='block_1_9' title="bbox 264 888 1851 964">
    <p class='ocr_par' dir='ltr' id='par_1_9' title="bbox 264 888 1851 964">
     <span class='ocr_line' id='line_1_9' title="bbox 264 888 1851 964; baseline 0.006 -23"><span class='ocrx_word' id='word_1_47' title='bbox 264 888 422 943; x_wconf 88' lang='lat' dir='ltr'><strong>tubas</strong></span> <span class='ocrx_word' id='word_1_48' title='bbox 448 888 577 958; x_wconf 90' lang='lat' dir='ltr'><strong>quid</strong></span> <span class='ocrx_word' id='word_1_49' title='bbox 616 889 761 944; x_wconf 86' lang='lat' dir='ltr'><strong>aliud</strong></span> <span class='ocrx_word' id='word_1_50' title='bbox 802 904 922 945; x_wconf 89' lang='lat' dir='ltr'><strong>esse</strong></span> <span class='ocrx_word' id='word_1_51' title='bbox 968 891 1255 959; x_wconf 82' lang='lat' dir='ltr'><strong>credimus,</strong></span> <span class='ocrx_word' id='word_1_52' title='bbox 1302 892 1404 947; x_wconf 91' lang='lat' dir='ltr'><strong>nisi</strong></span> <span class='ocrx_word' id='word_1_53' title='bbox 1442 892 1851 964; x_wconf 64' lang='lat' dir='ltr'><strong>prasdicationes</strong></span> 
     </span>
    </p>
   </div>
   <div class='ocr_carea' id='block_1_10' title="bbox 263 978 1850 1055">
    <p class='ocr_par' dir='ltr' id='par_1_10' title="bbox 263 978 1850 1055">
     <span class='ocr_line' id='line_1_10' title="bbox 263 978 1850 1055; baseline 0.005 -20"><span class='ocrx_word' id='word_1_54' title='bbox 263 978 425 1048; x_wconf 82' lang='lat' dir='ltr'><strong>hujus</strong></span> <span class='ocrx_word' id='word_1_55' title='bbox 456 982 716 1051; x_wconf 88' lang='lat' dir='ltr'><strong>temporis</strong></span> <span class='ocrx_word' id='word_1_56' title='bbox 741 983 1104 1053; x_wconf 81' lang='lat' dir='ltr'><strong>sacerdotum,</strong></span> <span class='ocrx_word' id='word_1_57' title='bbox 1133 999 1231 1055; x_wconf 88' lang='lat' dir='ltr'><strong>per</strong></span> <span class='ocrx_word' id='word_1_58' title='bbox 1267 1000 1402 1055; x_wconf 84' lang='lat' dir='ltr'><strong>quas</strong></span> <span class='ocrx_word' id='word_1_59' title='bbox 1440 1001 1548 1042; x_wconf 91' lang='lat' dir='ltr'><strong>non</strong></span> <span class='ocrx_word' id='word_1_60' title='bbox 1578 1002 1850 1044; x_wconf 84' lang='lat' dir='ltr'><strong>cessamus</strong></span> 
     </span>
    </p>
   </div>
   <div class='ocr_carea' id='block_1_11' title="bbox 262 1072 1847 1148">
    <p class='ocr_par' dir='ltr' id='par_1_11' title="bbox 262 1072 1847 1148">
     <span class='ocr_line' id='line_1_11' title="bbox 262 1072 1847 1148; baseline 0.006 -22"><span class='ocrx_word' id='word_1_61' title='bbox 262 1072 642 1140; x_wconf 74' lang='lat' dir='ltr'><strong>peccatoribus</strong></span> <span class='ocrx_word' id='word_1_62' title='bbox 670 1074 896 1129; x_wconf 88' lang='lat' dir='ltr'><strong>terribili</strong></span> <span class='ocrx_word' id='word_1_63' title='bbox 915 1091 1050 1131; x_wconf 92' lang='lat' dir='ltr'><strong>sono</strong></span> <span class='ocrx_word' id='word_1_64' title='bbox 1071 1085 1341 1133; x_wconf 89' lang='lat' dir='ltr'><strong>austerum</strong></span> <span class='ocrx_word' id='word_1_65' title='bbox 1362 1078 1557 1148; x_wconf 90' lang='lat' dir='ltr'><strong>aliquid</strong></span> <span class='ocrx_word' id='word_1_66' title='bbox 1579 1080 1847 1147; x_wconf 88' lang='lat' dir='ltr'><strong>nuntiare,</strong></span> 
     </span>
    </p>
   </div>
   <div class='ocr_carea' id='block_1_12' title="bbox 262 1161 1850 1241">
    <p class='ocr_par' dir='ltr' id='par_1_12' title="bbox 262 1161 1850 1241">
     <span class='ocr_line' id='line_1_12' title="bbox 262 1161 1850 1241; baseline 0.007 -25"><span class='ocrx_word' id='word_1_67' title='bbox 262 1161 423 1218; x_wconf 84' lang='lat' dir='ltr'><strong>triste</strong></span> <span class='ocrx_word' id='word_1_68' title='bbox 452 1164 759 1232; x_wconf 74' lang='lat' dir='ltr'><strong>priedicere,</strong></span> <span class='ocrx_word' id='word_1_69' title='bbox 791 1173 847 1221; x_wconf 90' lang='lat' dir='ltr'><strong>et</strong></span> <span class='ocrx_word' id='word_1_70' title='bbox 874 1166 1106 1237; x_wconf 90' lang='lat' dir='ltr'><strong>quodam</strong></span> <span class='ocrx_word' id='word_1_71' title='bbox 1145 1169 1577 1225; x_wconf 89' lang='lat' dir='ltr'><strong>comminationis</strong></span> <span class='ocrx_word' id='word_1_72' title='bbox 1622 1172 1850 1241; x_wconf 82' lang='lat' dir='ltr'><strong>strepitu</strong></span> 
     </span>
    </p>
   </div>
   <div class='ocr_carea' id='block_1_13' title="bbox 258 1254 1851 1330">
    <p class='ocr_par' dir='ltr' id='par_1_13' title="bbox 258 1254 1851 1330">
     <span class='ocr_line' id='line_1_13' title="bbox 258 1254 1851 1330; baseline 0.008 -23"><span class='ocrx_word' id='word_1_73' title='bbox 258 1267 429 1309; x_wconf 84' lang='lat' dir='ltr'><strong>aures</strong></span> <span class='ocrx_word' id='word_1_74' title='bbox 454 1254 876 1324; x_wconf 86' lang='lat' dir='ltr'><strong>delinquentium</strong></span> <span class='ocrx_word' id='word_1_75' title='bbox 902 1259 1204 1315; x_wconf 87' lang='lat' dir='ltr'><strong>verberare.</strong></span> <span class='ocrx_word' id='word_1_76' title='bbox 1222 1260 1496 1330; x_wconf 88' lang='lat' dir='ltr'><strong>Siquidem</strong></span> <span class='ocrx_word' id='word_1_77' title='bbox 1516 1263 1684 1318; x_wconf 90' lang='lat' dir='ltr'><strong>sacris</strong></span> <span class='ocrx_word' id='word_1_78' title='bbox 1704 1265 1851 1319; x_wconf 87' lang='lat' dir='ltr'><strong>voci-</strong></span> 
     </span>
    </p>
   </div>
   <div class='ocr_carea' id='block_1_14' title="bbox 264 1344 1849 1423">
    <p class='ocr_par' dir='ltr' id='par_1_14' title="bbox 264 1344 1849 1423">
     <span class='ocr_line' id='line_1_14' title="bbox 264 1344 1849 1423; baseline 0.009 -24"><span class='ocrx_word' id='word_1_79' title='bbox 264 1344 367 1400; x_wconf 85' lang='lat' dir='ltr'><strong>bus</strong></span> <span class='ocrx_word' id='word_1_80' title='bbox 382 1347 646 1404; x_wconf 89' lang='lat' dir='ltr'><strong>obsistere</strong></span> <span class='ocrx_word' id='word_1_81' title='bbox 663 1364 820 1406; x_wconf 91' lang='lat' dir='ltr'><strong>nemo</strong></span> <span class='ocrx_word' id='word_1_82' title='bbox 837 1353 1054 1421; x_wconf 88' lang='lat' dir='ltr'><strong>poterit,</strong></span> <span class='ocrx_word' id='word_1_83' title='bbox 1072 1369 1231 1409; x_wconf 91' lang='lat' dir='ltr'><strong>nemo</strong></span> <span class='ocrx_word' id='word_1_84' title='bbox 1242 1355 1629 1411; x_wconf 90' lang='lat' dir='ltr'><strong>contradicere.</strong></span> <span class='ocrx_word' id='word_1_85' title='bbox 1650 1356 1849 1423; x_wconf 83' lang='lat' dir='ltr'><strong>Quem-</strong></span> 
     </span>
    </p>
   </div>
   <div class='ocr_carea' id='block_1_15' title="bbox 263 1438 1848 1503">
    <p class='ocr_par' dir='ltr' id='par_1_15' title="bbox 263 1438 1848 1503">
     <span class='ocr_line' id='line_1_15' title="bbox 263 1438 1848 1503; baseline 0.008 -12"><span class='ocrx_word' id='word_1_86' title='bbox 263 1438 557 1493; x_wconf 81' lang='lat' dir='ltr'><strong>admodum</strong></span> <span class='ocrx_word' id='word_1_87' title='bbox 606 1441 750 1495; x_wconf 91' lang='lat' dir='ltr'><strong>enim</strong></span> <span class='ocrx_word' id='word_1_88' title='bbox 801 1443 1021 1498; x_wconf 85' lang='lat' dir='ltr'><strong>verbum</strong></span> <span class='ocrx_word' id='word_1_89' title='bbox 1051 1443 1145 1499; x_wconf 85' lang='lat' dir='ltr'><strong>Dei</strong></span> <span class='ocrx_word' id='word_1_90' title='bbox 1179 1445 1454 1501; x_wconf 88' lang='lat' dir='ltr'><strong>sensibilia</strong></span> <span class='ocrx_word' id='word_1_91' title='bbox 1493 1463 1601 1501; x_wconf 94' lang='lat' dir='ltr'><strong>non</strong></span> <span class='ocrx_word' id='word_1_92' title='bbox 1632 1449 1848 1503; x_wconf 85' lang='lat' dir='ltr'><strong>tremis-</strong></span> 
     </span>
    </p>
   </div>
   <div class='ocr_carea' id='block_1_16' title="bbox 264 1532 1851 1599">
    <p class='ocr_par' dir='ltr' id='par_1_16' title="bbox 264 1532 1851 1599">
     <span class='ocr_line' id='line_1_16' title="bbox 264 1532 1851 1599; baseline 0.008 -16"><span class='ocrx_word' id='word_1_93' title='bbox 264 1538 418 1597; x_wconf 89' lang='lat' dir='ltr'><strong>cunt,</strong></span> <span class='ocrx_word' id='word_1_94' title='bbox 448 1532 589 1599; x_wconf 90' lang='lat' dir='ltr'><strong>quod</strong></span> <span class='ocrx_word' id='word_1_95' title='bbox 638 1540 765 1589; x_wconf 93' lang='lat' dir='ltr'><strong>tunc</strong></span> <span class='ocrx_word' id='word_1_96' title='bbox 792 1537 957 1589; x_wconf 89' lang='lat' dir='ltr'><strong>etiam</strong></span> <span class='ocrx_word' id='word_1_97' title='bbox 996 1536 1325 1592; x_wconf 87' lang='lat' dir='ltr'><strong>insensibilia</strong></span> <span class='ocrx_word' id='word_1_98' title='bbox 1348 1542 1719 1595; x_wconf 85' lang='lat' dir='ltr'><strong>tremuerunt?</strong></span> <span class='ocrx_word' id='word_1_99' title='bbox 1747 1541 1851 1595; x_wconf 87' lang='lat' dir='ltr'><strong>Aut</strong></span> 
     </span>
    </p>
   </div>
   <div class='ocr_carea' id='block_1_17' title="bbox 263 1621 1849 1703">
    <p class='ocr_par' dir='ltr' id='par_1_17' title="bbox 263 1621 1849 1703">
     <span class='ocr_line' id='line_1_17' title="bbox 263 1621 1849 1703; baseline 0.009 -30"><span class='ocrx_word' id='word_1_100' title='bbox 263 1621 543 1687; x_wconf 88' lang='lat' dir='ltr'><strong>quomodo</strong></span> <span class='ocrx_word' id='word_1_101' title='bbox 572 1623 646 1677; x_wconf 90' lang='lat' dir='ltr'><strong>illi</strong></span> <span class='ocrx_word' id='word_1_102' title='bbox 668 1624 944 1679; x_wconf 84' lang='lat' dir='ltr'><strong>hominum</strong></span> <span class='ocrx_word' id='word_1_103' title='bbox 969 1629 1304 1684; x_wconf 86' lang='lat' dir='ltr'><strong>contumacia</strong></span> <span class='ocrx_word' id='word_1_104' title='bbox 1330 1631 1584 1686; x_wconf 81' lang='lat' dir='ltr'><strong>resistere</strong></span> <span class='ocrx_word' id='word_1_105' title='bbox 1628 1635 1849 1703; x_wconf 89' lang='lat' dir='ltr'><strong>poterit,</strong></span> 
     </span>
    </p>
   </div>
   <div class='ocr_carea' id='block_1_18' title="bbox 264 1712 1851 1780">
    <p class='ocr_par' dir='ltr' id='par_1_18' title="bbox 264 1712 1851 1780">
     <span class='ocr_line' id='line_1_18' title="bbox 264 1712 1851 1780; baseline 0.01 -17"><span class='ocrx_word' id='word_1_106' title='bbox 264 1719 393 1765; x_wconf 85' lang='lat' dir='ltr'><strong>ante</strong></span> <span class='ocrx_word' id='word_1_107' title='bbox 420 1712 566 1780; x_wconf 92' lang='lat' dir='ltr'><strong>quod</strong></span> <span class='ocrx_word' id='word_1_108' title='bbox 596 1729 697 1770; x_wconf 90' lang='lat' dir='ltr'><strong>nec</strong></span> <span class='ocrx_word' id='word_1_109' title='bbox 718 1729 848 1769; x_wconf 89' lang='lat' dir='ltr'><strong>sana</strong></span> <span class='ocrx_word' id='word_1_110' title='bbox 874 1717 1119 1772; x_wconf 86' lang='lat' dir='ltr'><strong>machina</strong></span> <span class='ocrx_word' id='word_1_111' title='bbox 1140 1728 1286 1774; x_wconf 88' lang='lat' dir='ltr'><strong>stare</strong></span> <span class='ocrx_word' id='word_1_112' title='bbox 1312 1721 1514 1776; x_wconf 88' lang='lat' dir='ltr'><strong>valuit?</strong></span> <span class='ocrx_word' id='word_1_113' title='bbox 1542 1722 1674 1777; x_wconf 87' lang='lat' dir='ltr'><strong>Nam</strong></span> <span class='ocrx_word' id='word_1_114' title='bbox 1713 1725 1851 1779; x_wconf 90' lang='lat' dir='ltr'><strong>sicut</strong></span> 
     </span>
    </p>
   </div>
   <div class='ocr_carea' id='block_1_19' title="bbox 264 1804 1847 1887">
    <p class='ocr_par' dir='ltr' id='par_1_19' title="bbox 264 1804 1847 1887">
     <span class='ocr_line' id='line_1_19' title="bbox 264 1804 1847 1887; baseline 0.009 -32"><span class='ocrx_word' id='word_1_115' title='bbox 264 1805 516 1857; x_wconf 89' lang='lat' dir='ltr'><strong>tubarum</strong></span> <span class='ocrx_word' id='word_1_116' title='bbox 551 1804 733 1873; x_wconf 77' lang='lat' dir='ltr'><strong>fragor</strong></span> <span class='ocrx_word' id='word_1_117' title='bbox 764 1807 1053 1863; x_wconf 87' lang='lat' dir='ltr'><strong>destructis</strong></span> <span class='ocrx_word' id='word_1_118' title='bbox 1080 1820 1463 1868; x_wconf 66' lang='lat' dir='ltr'><strong>alimentorum</strong></span> <span class='ocrx_word' id='word_1_119' title='bbox 1490 1815 1655 1887; x_wconf 60' lang='lat'><strong>651&#39;</strong></span> <span class='ocrx_word' id='word_1_120' title='bbox 1680 1817 1847 1871; x_wconf 91' lang='lat' dir='ltr'><strong>muris</strong></span> 
     </span>
    </p>
   </div>
   <div class='ocr_carea' id='block_1_20' title="bbox 263 1894 1845 1971">
    <p class='ocr_par' dir='ltr' id='par_1_20' title="bbox 263 1894 1845 1971">
     <span class='ocr_line' id='line_1_20' title="bbox 263 1894 1845 1971; baseline 0.01 -25"><span class='ocrx_word' id='word_1_121' title='bbox 263 1894 333 1947; x_wconf 89' lang='lat' dir='ltr'><strong>ad</strong></span> <span class='ocrx_word' id='word_1_122' title='bbox 375 1896 560 1964; x_wconf 84' lang='lat' dir='ltr'><strong>populi</strong></span> <span class='ocrx_word' id='word_1_123' title='bbox 606 1898 863 1953; x_wconf 88' lang='lat' dir='ltr'><strong>interiora</strong></span> <span class='ocrx_word' id='word_1_124' title='bbox 910 1902 1175 1971; x_wconf 86' lang='lat' dir='ltr'><strong>pervenit,</strong></span> <span class='ocrx_word' id='word_1_125' title='bbox 1225 1903 1297 1957; x_wconf 89' lang='lat' dir='ltr'><strong>ita</strong></span> <span class='ocrx_word' id='word_1_126' title='bbox 1339 1920 1479 1960; x_wconf 91' lang='lat' dir='ltr'><strong>nunc</strong></span> <span class='ocrx_word' id='word_1_127' title='bbox 1506 1906 1845 1962; x_wconf 82' lang='lat' dir='ltr'><strong>sacerdotum</strong></span> 
     </span>
    </p>
   </div>
   <div class='ocr_carea' id='block_1_21' title="bbox 257 1986 1847 2064">
    <p class='ocr_par' dir='ltr' id='par_1_21' title="bbox 257 1986 1847 2064">
     <span class='ocr_line' id='line_1_21' title="bbox 257 1986 1847 2064; baseline 0.011 -28"><span class='ocrx_word' id='word_1_128' title='bbox 257 1986 596 2053; x_wconf 77' lang='lat' dir='ltr'><strong>pnedicatio,</strong></span> <span class='ocrx_word' id='word_1_129' title='bbox 647 1987 934 2046; x_wconf 82' lang='lat' dir='ltr'><strong>destructis</strong></span> <span class='ocrx_word' id='word_1_130' title='bbox 963 1993 1140 2060; x_wconf 88' lang='lat' dir='ltr'><strong>pravis</strong></span> <span class='ocrx_word' id='word_1_131' title='bbox 1178 1994 1610 2064; x_wconf 84' lang='lat' dir='ltr'><strong>cogitationibus,</strong></span> <span class='ocrx_word' id='word_1_132' title='bbox 1644 1998 1709 2052; x_wconf 88' lang='lat' dir='ltr'><strong>ad</strong></span> <span class='ocrx_word' id='word_1_133' title='bbox 1732 1999 1847 2053; x_wconf 88' lang='lat' dir='ltr'><strong>ani-</strong></span> 
     </span>
    </p>
   </div>
   <div class='ocr_carea' id='block_1_22' title="bbox 262 2076 1849 2146">
    <p class='ocr_par' dir='ltr' id='par_1_22' title="bbox 262 2076 1849 2146">
     <span class='ocr_line' id='line_1_22' title="bbox 262 2076 1849 2146; baseline 0.011 -19"><span class='ocrx_word' id='word_1_134' title='bbox 262 2089 367 2128; x_wconf 68' lang='lat' dir='ltr'><strong>ma:</strong></span> <span class='ocrx_word' id='word_1_135' title='bbox 392 2076 531 2129; x_wconf 90' lang='lat' dir='ltr'><strong>nuda</strong></span> <span class='ocrx_word' id='word_1_136' title='bbox 556 2080 871 2146; x_wconf 87' lang='lat' dir='ltr'><strong>pertransit.</strong></span> <span class='ocrx_word' id='word_1_137' title='bbox 903 2080 1051 2135; x_wconf 86' lang='lat' dir='ltr'><strong>Nuda</strong></span> <span class='ocrx_word' id='word_1_138' title='bbox 1079 2085 1221 2137; x_wconf 91' lang='lat' dir='ltr'><strong>enim</strong></span> <span class='ocrx_word' id='word_1_139' title='bbox 1240 2085 1405 2139; x_wconf 88' lang='lat' dir='ltr'><strong>verbo</strong></span> <span class='ocrx_word' id='word_1_140' title='bbox 1453 2086 1547 2142; x_wconf 90' lang='lat' dir='ltr'><strong>Dei</strong></span> <span class='ocrx_word' id='word_1_141' title='bbox 1580 2088 1849 2144; x_wconf 86' lang='lat' dir='ltr'><strong>invenitur</strong></span> 
     </span>
    </p>
   </div>
   <div class='ocr_carea' id='block_1_23' title="bbox 262 2168 1847 2250">
    <p class='ocr_par' dir='ltr' id='par_1_23' title="bbox 262 2168 1847 2250">
     <span class='ocr_line' id='line_1_23' title="bbox 262 2168 1847 2250; baseline 0.009 -30"><span class='ocrx_word' id='word_1_142' title='bbox 262 2168 466 2233; x_wconf 86' lang='lat' dir='ltr'><strong>anima,</strong></span> <span class='ocrx_word' id='word_1_143' title='bbox 503 2184 622 2224; x_wconf 93' lang='lat' dir='ltr'><strong>cum</strong></span> <span class='ocrx_word' id='word_1_144' title='bbox 652 2173 827 2228; x_wconf 91' lang='lat' dir='ltr'><strong>omnis</strong></span> <span class='ocrx_word' id='word_1_145' title='bbox 872 2172 1167 2243; x_wconf 87' lang='lat' dir='ltr'><strong>iniquitatis</strong></span> <span class='ocrx_word' id='word_1_146' title='bbox 1193 2176 1308 2245; x_wconf 90' lang='lat' dir='ltr'><strong>ejus</strong></span> <span class='ocrx_word' id='word_1_147' title='bbox 1332 2178 1576 2248; x_wconf 87' lang='lat' dir='ltr'><strong>operatio</strong></span> <span class='ocrx_word' id='word_1_148' title='bbox 1621 2180 1847 2250; x_wconf 87' lang='lat' dir='ltr'><strong>dissipa-</strong></span> 
     </span>
    </p>
   </div>
   <div class='ocr_carea' id='block_1_24' title="bbox 263 2258 1849 2333">
    <p class='ocr_par' dir='ltr' id='par_1_24' title="bbox 263 2258 1849 2333">
     <span class='ocr_line' id='line_1_24' title="bbox 263 2258 1849 2333; baseline 0.009 -22"><span class='ocrx_word' id='word_1_149' title='bbox 263 2267 371 2312; x_wconf 91' lang='lat' dir='ltr'><strong>tur.</strong></span> <span class='ocrx_word' id='word_1_150' title='bbox 405 2258 561 2325; x_wconf 86' lang='lat' dir='ltr'><strong>Quod</strong></span> <span class='ocrx_word' id='word_1_151' title='bbox 612 2268 793 2316; x_wconf 88' lang='lat' dir='ltr'><strong>autem</strong></span> <span class='ocrx_word' id='word_1_152' title='bbox 840 2263 980 2318; x_wconf 90' lang='lat' dir='ltr'><strong>nuda</strong></span> <span class='ocrx_word' id='word_1_153' title='bbox 1007 2264 1077 2318; x_wconf 88' lang='lat' dir='ltr'><strong>sit</strong></span> <span class='ocrx_word' id='word_1_154' title='bbox 1116 2273 1241 2320; x_wconf 90' lang='lat' dir='ltr'><strong>ante</strong></span> <span class='ocrx_word' id='word_1_155' title='bbox 1269 2266 1435 2324; x_wconf 88' lang='lat' dir='ltr'><strong>Deum</strong></span> <span class='ocrx_word' id='word_1_156' title='bbox 1480 2270 1687 2333; x_wconf 90' lang='lat' dir='ltr'><strong>anima,</strong></span> <span class='ocrx_word' id='word_1_157' title='bbox 1719 2268 1849 2324; x_wconf 91' lang='lat' dir='ltr'><strong>dicit</strong></span> 
     </span>
    </p>
   </div>
   <div class='ocr_carea' id='block_1_25' title="bbox 260 2346 1849 2428">
    <p class='ocr_par' dir='ltr' id='par_1_25' title="bbox 260 2346 1849 2428">
     <span class='ocr_line' id='line_1_25' title="bbox 260 2346 1849 2428; baseline 0.008 -27"><span class='ocrx_word' id='word_1_158' title='bbox 260 2348 595 2418; x_wconf 83' lang='lat' dir='ltr'><strong>Apostolus:</strong></span> <span class='ocrx_word' id='word_1_159' title='bbox 630 2349 820 2407; x_wconf 80' lang='lat' dir='ltr'><strong>Omnia</strong></span> <span class='ocrx_word' id='word_1_160' title='bbox 866 2346 1035 2409; x_wconf 74' lang='lat' dir='ltr'><strong>auietn</strong></span> <span class='ocrx_word' id='word_1_161' title='bbox 1072 2357 1212 2410; x_wconf 79' lang='lat' dir='ltr'><strong>nuda</strong></span> <span class='ocrx_word' id='word_1_162' title='bbox 1252 2367 1302 2411; x_wconf 86' lang='lat' dir='ltr'><strong>et</strong></span> <span class='ocrx_word' id='word_1_163' title='bbox 1328 2369 1510 2428; x_wconf 84' lang='lat' dir='ltr'><strong>aperta</strong></span> <span class='ocrx_word' id='word_1_164' title='bbox 1548 2370 1667 2413; x_wconf 84' lang='lat' dir='ltr'><strong>sunt</strong></span> <span class='ocrx_word' id='word_1_165' title='bbox 1686 2361 1849 2415; x_wconf 86' lang='lat' dir='ltr'><strong>oculis</strong></span> 
     </span>
    </p>
   </div>
   <div class='ocr_carea' id='block_1_26' title="bbox 258 2440 1847 2519">
    <p class='ocr_par' dir='ltr' id='par_1_26' title="bbox 258 2440 1847 2519">
     <span class='ocr_line' id='line_1_26' title="bbox 258 2440 1847 2519; baseline 0.009 -27"><span class='ocrx_word' id='word_1_166' title='bbox 258 2441 375 2512; x_wconf 81' lang='lat' dir='ltr'><strong>ejus</strong></span> <span class='ocrx_word' id='word_1_167' title='bbox 405 2440 597 2512; x_wconf 80' lang='lat' dir='ltr'><strong>(Hebr.</strong></span> <span class='ocrx_word' id='word_1_168' title='bbox 621 2443 727 2514; x_wconf 79' lang='lat' dir='ltr'><strong>iv);</strong></span> <span class='ocrx_word' id='word_1_169' title='bbox 754 2444 821 2499; x_wconf 89' lang='lat' dir='ltr'><strong>ad</strong></span> <span class='ocrx_word' id='word_1_170' title='bbox 847 2461 1007 2516; x_wconf 87' lang='lat' dir='ltr'><strong>quem</strong></span> <span class='ocrx_word' id='word_1_171' title='bbox 1035 2448 1341 2517; x_wconf 86' lang='lat' dir='ltr'><strong>priusquam</strong></span> <span class='ocrx_word' id='word_1_172' title='bbox 1367 2460 1658 2519; x_wconf 80' lang='lat' dir='ltr'><strong>cognoscat</strong></span> <span class='ocrx_word' id='word_1_173' title='bbox 1678 2452 1847 2508; x_wconf 90' lang='lat' dir='ltr'><strong>Deum</strong></span> 
     </span>
    </p>
   </div>
   <div class='ocr_carea' id='block_1_27' title="bbox 259 2532 1848 2610">
    <p class='ocr_par' dir='ltr' id='par_1_27' title="bbox 259 2532 1848 2610">
     <span class='ocr_line' id='line_1_27' title="bbox 259 2532 1848 2610; baseline 0.009 -25"><span class='ocrx_word' id='word_1_174' title='bbox 259 2532 464 2599; x_wconf 89' lang='lat' dir='ltr'><strong>anima,</strong></span> <span class='ocrx_word' id='word_1_175' title='bbox 497 2540 554 2588; x_wconf 87' lang='lat' dir='ltr'><strong>et</strong></span> <span class='ocrx_word' id='word_1_176' title='bbox 584 2532 741 2589; x_wconf 84' lang='lat' dir='ltr'><strong>ﬁdem</strong></span> <span class='ocrx_word' id='word_1_177' title='bbox 769 2538 1011 2593; x_wconf 87' lang='lat' dir='ltr'><strong>veritatis</strong></span> <span class='ocrx_word' id='word_1_178' title='bbox 1039 2539 1286 2610; x_wconf 89' lang='lat' dir='ltr'><strong>accipiat,</strong></span> <span class='ocrx_word' id='word_1_179' title='bbox 1305 2542 1619 2610; x_wconf 88' lang='lat' dir='ltr'><strong>quibusdam</strong></span> <span class='ocrx_word' id='word_1_180' title='bbox 1649 2559 1707 2598; x_wconf 89' lang='lat' dir='ltr'><strong>se</strong></span> <span class='ocrx_word' id='word_1_181' title='bbox 1735 2544 1848 2600; x_wconf 86' lang='lat' dir='ltr'><strong>vel-</strong></span> 
     </span>
    </p>
   </div>
   <div class='ocr_carea' id='block_1_28' title="bbox 259 2626 1849 2705">
    <p class='ocr_par' dir='ltr' id='par_1_28' title="bbox 259 2626 1849 2705">
     <span class='ocr_line' id='line_1_28' title="bbox 259 2626 1849 2705; baseline 0.008 -27"><span class='ocrx_word' id='word_1_182' title='bbox 259 2633 323 2678; x_wconf 86' lang='lat' dir='ltr'><strong>ut</strong></span> <span class='ocrx_word' id='word_1_183' title='bbox 344 2626 789 2695; x_wconf 89' lang='lat' dir='ltr'><strong>superstitionum</strong></span> <span class='ocrx_word' id='word_1_184' title='bbox 819 2629 963 2684; x_wconf 84' lang='lat' dir='ltr'><strong>velat</strong></span> <span class='ocrx_word' id='word_1_185' title='bbox 986 2631 1258 2700; x_wconf 87' lang='lat' dir='ltr'><strong>operibus,</strong></span> <span class='ocrx_word' id='word_1_186' title='bbox 1282 2640 1337 2686; x_wconf 93' lang='lat' dir='ltr'><strong>et</strong></span> <span class='ocrx_word' id='word_1_187' title='bbox 1366 2640 1619 2704; x_wconf 86' lang='lat' dir='ltr'><strong>tanquam</strong></span> <span class='ocrx_word' id='word_1_188' title='bbox 1648 2635 1849 2705; x_wconf 81' lang='lat' dir='ltr'><strong>impro-</strong></span> 
     </span>
    </p>
   </div>
   <div class='ocr_carea' id='block_1_29' title="bbox 256 2716 1848 2789">
    <p class='ocr_par' dir='ltr' id='par_1_29' title="bbox 256 2716 1848 2789">
     <span class='ocr_line' id='line_1_29' title="bbox 256 2716 1848 2789; baseline 0.006 -19"><span class='ocrx_word' id='word_1_189' title='bbox 256 2716 447 2770; x_wconf 85' lang='lat' dir='ltr'><strong>bitatis</strong></span> <span class='ocrx_word' id='word_1_190' title='bbox 472 2731 531 2771; x_wconf 91' lang='lat' dir='ltr'><strong>se</strong></span> <span class='ocrx_word' id='word_1_191' title='bbox 551 2732 705 2772; x_wconf 89' lang='lat' dir='ltr'><strong>muro</strong></span> <span class='ocrx_word' id='word_1_192' title='bbox 731 2716 1103 2789; x_wconf 90' lang='lat' dir='ltr'><strong>circumfovet,</strong></span> <span class='ocrx_word' id='word_1_193' title='bbox 1135 2721 1207 2775; x_wconf 88' lang='lat' dir='ltr'><strong>ita</strong></span> <span class='ocrx_word' id='word_1_194' title='bbox 1231 2730 1289 2776; x_wconf 89' lang='lat' dir='ltr'><strong>ut</strong></span> <span class='ocrx_word' id='word_1_195' title='bbox 1309 2722 1557 2778; x_wconf 86' lang='lat' dir='ltr'><strong>videatur</strong></span> <span class='ocrx_word' id='word_1_196' title='bbox 1577 2724 1679 2779; x_wconf 89' lang='lat' dir='ltr'><strong>sibi</strong></span> <span class='ocrx_word' id='word_1_197' title='bbox 1711 2725 1848 2781; x_wconf 90' lang='lat' dir='ltr'><strong>intra</strong></span> 
     </span>
    </p>
   </div>
   <div class='ocr_carea' id='block_1_30' title="bbox 258 2807 1849 2885">
    <p class='ocr_par' dir='ltr' id='par_1_30' title="bbox 258 2807 1849 2885">
     <span class='ocr_line' id='line_1_30' title="bbox 258 2807 1849 2885; baseline 0.006 -24"><span class='ocrx_word' id='word_1_198' title='bbox 258 2807 597 2863; x_wconf 89' lang='lat' dir='ltr'><strong>munimenta</strong></span> <span class='ocrx_word' id='word_1_199' title='bbox 628 2809 966 2879; x_wconf 90' lang='lat' dir='ltr'><strong>iniquitatum</strong></span> <span class='ocrx_word' id='word_1_200' title='bbox 994 2826 1210 2866; x_wconf 89' lang='lat' dir='ltr'><strong>suarum</strong></span> <span class='ocrx_word' id='word_1_201' title='bbox 1241 2812 1668 2884; x_wconf 80' lang='lat' dir='ltr'><strong>inexpugnabilis</strong></span> <span class='ocrx_word' id='word_1_202' title='bbox 1690 2830 1849 2885; x_wconf 90' lang='lat' dir='ltr'><strong>posse</strong></span> 
     </span>
    </p>
   </div>
   <div class='ocr_carea' id='block_1_31' title="bbox 257 2898 1851 2967">
    <p class='ocr_par' dir='ltr' id='par_1_31' title="bbox 257 2898 1851 2967">
     <span class='ocr_line' id='line_1_31' title="bbox 257 2898 1851 2967; baseline 0.006 -14"><span class='ocrx_word' id='word_1_203' title='bbox 257 2898 583 2956; x_wconf 89' lang='lat' dir='ltr'><strong>consistere.</strong></span> <span class='ocrx_word' id='word_1_204' title='bbox 613 2901 683 2955; x_wconf 85' lang='lat' dir='ltr'><strong>At</strong></span> <span class='ocrx_word' id='word_1_205' title='bbox 710 2902 801 2957; x_wconf 89' lang='lat' dir='ltr'><strong>ubi</strong></span> <span class='ocrx_word' id='word_1_206' title='bbox 827 2918 929 2957; x_wconf 84' lang='lat' dir='ltr'><strong>vox</strong></span> <span class='ocrx_word' id='word_1_207' title='bbox 956 2919 1106 2958; x_wconf 89' lang='lat' dir='ltr'><strong>sacra</strong></span> <span class='ocrx_word' id='word_1_208' title='bbox 1142 2905 1398 2967; x_wconf 90' lang='lat' dir='ltr'><strong>tonuerit,</strong></span> <span class='ocrx_word' id='word_1_209' title='bbox 1429 2906 1611 2960; x_wconf 89' lang='lat' dir='ltr'><strong>statim</strong></span> <span class='ocrx_word' id='word_1_210' title='bbox 1639 2908 1851 2963; x_wconf 82' lang='lat' dir='ltr'><strong>subrui-</strong></span> 
     </span>
    </p>
   </div>
   <div class='ocr_carea' id='block_1_32' title="bbox 259 2988 1849 3063">
    <p class='ocr_par' dir='ltr' id='par_1_32' title="bbox 259 2988 1849 3063">
     <span class='ocr_line' id='line_1_32' title="bbox 259 2988 1849 3063; baseline 0.006 -21"><span class='ocrx_word' id='word_1_211' title='bbox 259 2996 351 3042; x_wconf 89' lang='lat' dir='ltr'><strong>tur</strong></span> <span class='ocrx_word' id='word_1_212' title='bbox 375 2988 496 3058; x_wconf 87' lang='lat' dir='ltr'><strong>ejus</strong></span> <span class='ocrx_word' id='word_1_213' title='bbox 540 2989 868 3060; x_wconf 89' lang='lat' dir='ltr'><strong>desperatio,</strong></span> <span class='ocrx_word' id='word_1_214' title='bbox 894 2993 1148 3060; x_wconf 84' lang='lat' dir='ltr'><strong>cogitatio</strong></span> <span class='ocrx_word' id='word_1_215' title='bbox 1171 2992 1481 3063; x_wconf 85' lang='lat' dir='ltr'><strong>dissipatur,</strong></span> <span class='ocrx_word' id='word_1_216' title='bbox 1515 3002 1570 3050; x_wconf 92' lang='lat' dir='ltr'><strong>et</strong></span> <span class='ocrx_word' id='word_1_217' title='bbox 1610 2997 1684 3052; x_wconf 89' lang='lat' dir='ltr'><strong>ita</strong></span> <span class='ocrx_word' id='word_1_218' title='bbox 1713 3013 1849 3051; x_wconf 88' lang='lat' dir='ltr'><strong>cun-</strong></span> 
     </span>
    </p>
   </div>
   <div class='ocr_carea' id='block_1_33' title="bbox 256 3080 1848 3150">
    <p class='ocr_par' dir='ltr' id='par_1_33' title="bbox 256 3080 1848 3150">
     <span class='ocr_line' id='line_1_33' title="bbox 256 3080 1848 3150; baseline 0.004 -15"><span class='ocrx_word' id='word_1_219' title='bbox 256 3087 348 3135; x_wconf 85' lang='lat' dir='ltr'><strong>cta</strong></span> <span class='ocrx_word' id='word_1_220' title='bbox 376 3080 819 3149; x_wconf 87' lang='lat' dir='ltr'><strong>superstitionum</strong></span> <span class='ocrx_word' id='word_1_221' title='bbox 865 3082 1200 3136; x_wconf 88' lang='lat' dir='ltr'><strong>munimenta</strong></span> <span class='ocrx_word' id='word_1_222' title='bbox 1225 3083 1584 3150; x_wconf 90' lang='lat' dir='ltr'><strong>resolvuntur,</strong></span> <span class='ocrx_word' id='word_1_223' title='bbox 1610 3094 1665 3141; x_wconf 92' lang='lat' dir='ltr'><strong>et</strong></span> <span class='ocrx_word' id='word_1_224' title='bbox 1705 3086 1848 3142; x_wconf 87' lang='lat' dir='ltr'><strong>nuda</strong></span> 
     </span>
    </p>
   </div>
   <div class='ocr_carea' id='block_1_34' title="bbox 1945 520 3531 594">
    <p class='ocr_par' dir='ltr' id='par_1_34' title="bbox 1945 520 3531 594">
     <span class='ocr_line' id='line_1_34' title="bbox 1945 520 3531 594; baseline 0.003 -17"><span class='ocrx_word' id='word_1_225' title='bbox 1945 520 2201 590; x_wconf 83' lang='lat' dir='ltr'><strong>captivat,</strong></span> <span class='ocrx_word' id='word_1_226' title='bbox 2227 528 2285 575; x_wconf 91' lang='lat' dir='ltr'><strong>et</strong></span> <span class='ocrx_word' id='word_1_227' title='bbox 2312 520 2615 587; x_wconf 85' lang='lat' dir='ltr'><strong>ulciscitur;</strong></span> <span class='ocrx_word' id='word_1_228' title='bbox 2641 521 2721 578; x_wconf 89' lang='lat' dir='ltr'><strong>sic</strong></span> <span class='ocrx_word' id='word_1_229' title='bbox 2746 521 2890 576; x_wconf 86' lang='lat' dir='ltr'><strong>enim</strong></span> <span class='ocrx_word' id='word_1_230' title='bbox 2926 520 3057 577; x_wconf 85' lang='lat' dir='ltr'><strong>dicit</strong></span> <span class='ocrx_word' id='word_1_231' title='bbox 3082 522 3275 578; x_wconf 84' lang='lat' dir='ltr'><strong>beatus</strong></span> <span class='ocrx_word' id='word_1_232' title='bbox 3301 523 3531 594; x_wconf 77' lang='lat' dir='ltr'><strong>Aposto-</strong></span> 
     </span>
    </p>
   </div>
   <div class='ocr_carea' id='block_1_35' title="bbox 1945 610 3534 685">
    <p class='ocr_par' dir='ltr' id='par_1_35' title="bbox 1945 610 3534 685">
     <span class='ocr_line' id='line_1_35' title="bbox 1945 610 3534 685; baseline 0.001 -20"><span class='ocrx_word' id='word_1_233' title='bbox 1945 610 2031 665; x_wconf 89' lang='lat' dir='ltr'><strong>lus</strong></span> <span class='ocrx_word' id='word_1_234' title='bbox 2060 627 2075 663; x_wconf 89' lang='lat'><strong>:</strong></span> <span class='ocrx_word' id='word_1_235' title='bbox 2104 612 2264 665; x_wconf 78' lang='lat' dir='ltr'><strong>Arma</strong></span> <span class='ocrx_word' id='word_1_236' title='bbox 2282 610 2485 666; x_wconf 72' lang='lat' dir='ltr'><strong>militiis</strong></span> <span class='ocrx_word' id='word_1_237' title='bbox 2502 620 2695 667; x_wconf 78' lang='lat' dir='ltr'><strong>nostra:</strong></span> <span class='ocrx_word' id='word_1_238' title='bbox 2714 628 2819 666; x_wconf 86' lang='lat' dir='ltr'><strong>non</strong></span> <span class='ocrx_word' id='word_1_239' title='bbox 2841 614 3101 678; x_wconf 77' lang='lat' dir='ltr'><strong>carnalia,</strong></span> <span class='ocrx_word' id='word_1_240' title='bbox 3126 614 3217 668; x_wconf 87' lang='lat' dir='ltr'><strong>sed</strong></span> <span class='ocrx_word' id='word_1_241' title='bbox 3239 616 3395 685; x_wconf 76' lang='lat' dir='ltr'><strong>fortia</strong></span> <span class='ocrx_word' id='word_1_242' title='bbox 3422 614 3534 673; x_wconf 77' lang='lat' dir='ltr'><strong>Deo</strong></span> 
     </span>
    </p>
   </div>
   <div class='ocr_carea' id='block_1_36' title="bbox 1945 701 3530 775">
    <p class='ocr_par' dir='ltr' id='par_1_36' title="bbox 1945 701 3530 775">
     <span class='ocr_line' id='line_1_36' title="bbox 1945 701 3530 775; baseline 0.004 -20"><span class='ocrx_word' id='word_1_243' title='bbox 1945 702 2017 755; x_wconf 88' lang='lat' dir='ltr'><strong>ad</strong></span> <span class='ocrx_word' id='word_1_244' title='bbox 2039 701 2436 757; x_wconf 75' lang='lat' dir='ltr'><strong>destructionem</strong></span> <span class='ocrx_word' id='word_1_245' title='bbox 2460 704 2819 769; x_wconf 72' lang='lat' dir='ltr'><strong>munitionum,</strong></span> <span class='ocrx_word' id='word_1_246' title='bbox 2840 706 3176 775; x_wconf 73' lang='lat' dir='ltr'><strong>cogitationes</strong></span> <span class='ocrx_word' id='word_1_247' title='bbox 3195 707 3530 774; x_wconf 82' lang='lat' dir='ltr'><strong>destruentes,</strong></span> 
     </span>
    </p>
   </div>
   <div class='ocr_carea' id='block_1_37' title="bbox 1946 795 3533 854">
    <p class='ocr_par' dir='ltr' id='par_1_37' title="bbox 1946 795 3533 854">
     <span class='ocr_line' id='line_1_37' title="bbox 1946 795 3533 854; baseline 0.004 -7"><span class='ocrx_word' id='word_1_248' title='bbox 1946 800 1997 848; x_wconf 90' lang='lat' dir='ltr'><strong>et</strong></span> <span class='ocrx_word' id='word_1_249' title='bbox 2024 808 2226 847; x_wconf 83' lang='lat' dir='ltr'><strong>omnem</strong></span> <span class='ocrx_word' id='word_1_250' title='bbox 2271 795 2597 848; x_wconf 79' lang='lat' dir='ltr'><strong>altitudinem</strong></span> <span class='ocrx_word' id='word_1_251' title='bbox 2634 795 2964 850; x_wconf 68' lang='lat' dir='ltr'><strong>extollentem</strong></span> <span class='ocrx_word' id='word_1_252' title='bbox 2990 813 3046 851; x_wconf 90' lang='lat' dir='ltr'><strong>se</strong></span> <span class='ocrx_word' id='word_1_253' title='bbox 3070 797 3315 853; x_wconf 68' lang='lat' dir='ltr'><strong>adversus</strong></span> <span class='ocrx_word' id='word_1_254' title='bbox 3362 802 3533 854; x_wconf 85' lang='lat' dir='ltr'><strong>scien-</strong></span> 
     </span>
    </p>
   </div>
   <div class='ocr_carea' id='block_1_38' title="bbox 1947 881 3535 955">
    <p class='ocr_par' dir='ltr' id='par_1_38' title="bbox 1947 881 3535 955">
     <span class='ocr_line' id='line_1_38' title="bbox 1947 881 3535 955; baseline 0.005 -20"><span class='ocrx_word' id='word_1_255' title='bbox 1947 881 2076 935; x_wconf 86' lang='lat' dir='ltr'><strong>tiam</strong></span> <span class='ocrx_word' id='word_1_256' title='bbox 2103 881 2200 936; x_wconf 89' lang='lat' dir='ltr'><strong>Dei</strong></span> <span class='ocrx_word' id='word_1_257' title='bbox 2227 884 2565 953; x_wconf 80' lang='lat' dir='ltr'><strong>captivantes,</strong></span> <span class='ocrx_word' id='word_1_258' title='bbox 2590 894 2800 955; x_wconf 83' lang='lat' dir='ltr'><strong>parata,</strong></span> <span class='ocrx_word' id='word_1_259' title='bbox 2830 885 3023 954; x_wconf 86' lang='lat' dir='ltr'><strong>inquit,</strong></span> <span class='ocrx_word' id='word_1_260' title='bbox 3050 888 3311 943; x_wconf 79' lang='lat' dir='ltr'><strong>vindicare</strong></span> <span class='ocrx_word' id='word_1_261' title='bbox 3333 906 3535 943; x_wconf 85' lang='lat' dir='ltr'><strong>omnem</strong></span> 
     </span>
    </p>
   </div>
   <div class='ocr_carea' id='block_1_39' title="bbox 1947 974 3534 1048">
    <p class='ocr_par' dir='ltr' id='par_1_39' title="bbox 1947 974 3534 1048">
     <span class='ocr_line' id='line_1_39' title="bbox 1947 974 3534 1048; baseline 0.006 -20"><span class='ocrx_word' id='word_1_262' title='bbox 1947 974 2351 1030; x_wconf 82' lang='lat' dir='ltr'><strong>inobedientiam</strong></span> <span class='ocrx_word' id='word_1_263' title='bbox 2369 975 2458 1046; x_wconf 87' lang='grc'><strong>(11</strong></span> <span class='ocrx_word' id='word_1_264' title='bbox 2487 976 2609 1040; x_wconf 82' lang='lat' dir='ltr'><strong>Cor.</strong></span> <span class='ocrx_word' id='word_1_265' title='bbox 2639 976 2721 1047; x_wconf 91' lang='lat' dir='ltr'><strong>x).</strong></span> <span class='ocrx_word' id='word_1_266' title='bbox 2754 977 2947 1033; x_wconf 85' lang='lat' dir='ltr'><strong>Videte</strong></span> <span class='ocrx_word' id='word_1_267' title='bbox 2975 979 3138 1048; x_wconf 86' lang='lat' dir='ltr'><strong>igitur</strong></span> <span class='ocrx_word' id='word_1_268' title='bbox 3159 981 3207 1035; x_wconf 88' lang='lat' dir='ltr'><strong>si</strong></span> <span class='ocrx_word' id='word_1_269' title='bbox 3232 997 3341 1036; x_wconf 91' lang='lat' dir='ltr'><strong>non</strong></span> <span class='ocrx_word' id='word_1_270' title='bbox 3370 983 3422 1036; x_wconf 92' lang='lat' dir='ltr'><strong>in</strong></span> <span class='ocrx_word' id='word_1_271' title='bbox 3443 999 3534 1037; x_wconf 88' lang='lat' dir='ltr'><strong>sa-</strong></span> 
     </span>
    </p>
   </div>
   <div class='ocr_carea' id='block_1_40' title="bbox 1947 1066 3537 1142">
    <p class='ocr_par' dir='ltr' id='par_1_40' title="bbox 1947 1066 3537 1142">
     <span class='ocr_line' id='line_1_40' title="bbox 1947 1066 3537 1142; baseline 0.004 -20"><span class='ocrx_word' id='word_1_272' title='bbox 1947 1066 2232 1122; x_wconf 84' lang='lat' dir='ltr'><strong>cerdotum</strong></span> <span class='ocrx_word' id='word_1_273' title='bbox 2274 1068 2475 1137; x_wconf 86' lang='lat' dir='ltr'><strong>lingua,</strong></span> <span class='ocrx_word' id='word_1_274' title='bbox 2506 1067 2661 1137; x_wconf 90' lang='lat' dir='ltr'><strong>juxta</strong></span> <span class='ocrx_word' id='word_1_275' title='bbox 2690 1070 2851 1141; x_wconf 71' lang='lat'><strong>652</strong></span> <span class='ocrx_word' id='word_1_276' title='bbox 2892 1070 3094 1126; x_wconf 90' lang='lat' dir='ltr'><strong>dictum</strong></span> <span class='ocrx_word' id='word_1_277' title='bbox 3120 1072 3384 1142; x_wconf 84' lang='lat' dir='ltr'><strong>Apostoli,</strong></span> <span class='ocrx_word' id='word_1_278' title='bbox 3409 1082 3537 1129; x_wconf 88' lang='lat' dir='ltr'><strong>sunt</strong></span> 
     </span>
    </p>
   </div>
   <div class='ocr_carea' id='block_1_41' title="bbox 1948 1157 3534 1229">
    <p class='ocr_par' dir='ltr' id='par_1_41' title="bbox 1948 1157 3534 1229">
     <span class='ocr_line' id='line_1_41' title="bbox 1948 1157 3534 1229; baseline 0.006 -18"><span class='ocrx_word' id='word_1_279' title='bbox 1948 1157 2193 1227; x_wconf 65' lang='lat' dir='ltr'><strong>quaedam</strong></span> <span class='ocrx_word' id='word_1_280' title='bbox 2215 1174 2364 1213; x_wconf 88' lang='lat' dir='ltr'><strong>arma</strong></span> <span class='ocrx_word' id='word_1_281' title='bbox 2392 1160 2705 1224; x_wconf 86' lang='lat' dir='ltr'><strong>verborum,</strong></span> <span class='ocrx_word' id='word_1_282' title='bbox 2747 1161 2943 1229; x_wconf 90' lang='lat' dir='ltr'><strong>quibus</strong></span> <span class='ocrx_word' id='word_1_283' title='bbox 2985 1171 3042 1216; x_wconf 89' lang='lat' dir='ltr'><strong>et</strong></span> <span class='ocrx_word' id='word_1_284' title='bbox 3082 1162 3377 1219; x_wconf 88' lang='lat' dir='ltr'><strong>destruitur</strong></span> <span class='ocrx_word' id='word_1_285' title='bbox 3398 1181 3534 1221; x_wconf 90' lang='lat' dir='ltr'><strong>vana</strong></span> 
     </span>
    </p>
   </div>
   <div class='ocr_carea' id='block_1_42' title="bbox 1948 1248 3535 1323">
    <p class='ocr_par' dir='ltr' id='par_1_42' title="bbox 1948 1248 3535 1323">
     <span class='ocr_line' id='line_1_42' title="bbox 1948 1248 3535 1323; baseline 0.006 -21"><span class='ocrx_word' id='word_1_286' title='bbox 1948 1248 2230 1319; x_wconf 81' lang='lat' dir='ltr'><strong>cogitatio,</strong></span> <span class='ocrx_word' id='word_1_287' title='bbox 2283 1259 2339 1305; x_wconf 88' lang='lat' dir='ltr'><strong>et</strong></span> <span class='ocrx_word' id='word_1_288' title='bbox 2366 1250 2673 1320; x_wconf 89' lang='lat' dir='ltr'><strong>captivatur</strong></span> <span class='ocrx_word' id='word_1_289' title='bbox 2701 1250 2883 1306; x_wconf 88' lang='lat' dir='ltr'><strong>inllata</strong></span> <span class='ocrx_word' id='word_1_290' title='bbox 2926 1256 3199 1323; x_wconf 87' lang='lat' dir='ltr'><strong>superbia,</strong></span> <span class='ocrx_word' id='word_1_291' title='bbox 3245 1264 3303 1310; x_wconf 91' lang='lat' dir='ltr'><strong>et</strong></span> <span class='ocrx_word' id='word_1_292' title='bbox 3329 1257 3384 1309; x_wconf 91' lang='lat' dir='ltr'><strong>in</strong></span> <span class='ocrx_word' id='word_1_293' title='bbox 3412 1273 3535 1311; x_wconf 92' lang='lat' dir='ltr'><strong>ora-</strong></span> 
     </span>
    </p>
   </div>
   <div class='ocr_carea' id='block_1_43' title="bbox 1951 1338 3538 1412">
    <p class='ocr_par' dir='ltr' id='par_1_43' title="bbox 1951 1338 3538 1412">
     <span class='ocr_line' id='line_1_43' title="bbox 1951 1338 3538 1412; baseline 0.006 -21"><span class='ocrx_word' id='word_1_294' title='bbox 1951 1338 2101 1393; x_wconf 90' lang='lat' dir='ltr'><strong>tione</strong></span> <span class='ocrx_word' id='word_1_295' title='bbox 2121 1349 2303 1393; x_wconf 89' lang='lat' dir='ltr'><strong>autem</strong></span> <span class='ocrx_word' id='word_1_296' title='bbox 2351 1340 2653 1395; x_wconf 86' lang='lat' dir='ltr'><strong>vindicatur</strong></span> <span class='ocrx_word' id='word_1_297' title='bbox 2689 1344 3048 1397; x_wconf 88' lang='lat' dir='ltr'><strong>contumacia.</strong></span> <span class='ocrx_word' id='word_1_298' title='bbox 3082 1343 3213 1397; x_wconf 86' lang='lat' dir='ltr'><strong>Nam</strong></span> <span class='ocrx_word' id='word_1_299' title='bbox 3242 1345 3387 1412; x_wconf 90' lang='lat' dir='ltr'><strong>quod</strong></span> <span class='ocrx_word' id='word_1_300' title='bbox 3408 1354 3538 1402; x_wconf 88' lang='lat' dir='ltr'><strong>tunc</strong></span> 
     </span>
    </p>
   </div>
   <div class='ocr_carea' id='block_1_44' title="bbox 1947 1428 3537 1502">
    <p class='ocr_par' dir='ltr' id='par_1_44' title="bbox 1947 1428 3537 1502">
     <span class='ocr_line' id='line_1_44' title="bbox 1947 1428 3537 1502; baseline 0.005 -19"><span class='ocrx_word' id='word_1_301' title='bbox 1947 1428 2091 1484; x_wconf 89' lang='lat' dir='ltr'><strong>circa</strong></span> <span class='ocrx_word' id='word_1_302' title='bbox 2109 1429 2324 1485; x_wconf 83' lang='lat' dir='ltr'><strong>Jerieho</strong></span> <span class='ocrx_word' id='word_1_303' title='bbox 2346 1431 2620 1486; x_wconf 88' lang='lat' dir='ltr'><strong>civitatem</strong></span> <span class='ocrx_word' id='word_1_304' title='bbox 2663 1431 2863 1487; x_wconf 88' lang='lat' dir='ltr'><strong>factum</strong></span> <span class='ocrx_word' id='word_1_305' title='bbox 2891 1442 2994 1502; x_wconf 90' lang='lat' dir='ltr'><strong>est,</strong></span> <span class='ocrx_word' id='word_1_306' title='bbox 3016 1434 3154 1489; x_wconf 90' lang='lat' dir='ltr'><strong>sicut</strong></span> <span class='ocrx_word' id='word_1_307' title='bbox 3199 1435 3450 1501; x_wconf 78' lang='lat' dir='ltr'><strong>diximus,</strong></span> <span class='ocrx_word' id='word_1_308' title='bbox 3484 1437 3537 1493; x_wconf 91' lang='lat' dir='ltr'><strong>in</strong></span> 
     </span>
    </p>
   </div>
   <div class='ocr_carea' id='block_1_45' title="bbox 1950 1521 3537 1595">
    <p class='ocr_par' dir='ltr' id='par_1_45' title="bbox 1950 1521 3537 1595">
     <span class='ocr_line' id='line_1_45' title="bbox 1950 1521 3537 1595; baseline 0.006 -20"><span class='ocrx_word' id='word_1_309' title='bbox 1950 1521 2116 1591; x_wconf 82' lang='lat' dir='ltr'><strong>figura</strong></span> <span class='ocrx_word' id='word_1_310' title='bbox 2146 1522 2345 1579; x_wconf 90' lang='lat' dir='ltr'><strong>factum</strong></span> <span class='ocrx_word' id='word_1_311' title='bbox 2370 1533 2473 1579; x_wconf 89' lang='lat' dir='ltr'><strong>est.</strong></span> <span class='ocrx_word' id='word_1_312' title='bbox 2501 1526 2776 1595; x_wconf 89' lang='lat' dir='ltr'><strong>Siquidem</strong></span> <span class='ocrx_word' id='word_1_313' title='bbox 2805 1542 2949 1581; x_wconf 92' lang='lat' dir='ltr'><strong>nunc</strong></span> <span class='ocrx_word' id='word_1_314' title='bbox 2986 1527 3092 1582; x_wconf 87' lang='lat' dir='ltr'><strong>hoc</strong></span> <span class='ocrx_word' id='word_1_315' title='bbox 3112 1528 3285 1595; x_wconf 90' lang='lat' dir='ltr'><strong>ipsum</strong></span> <span class='ocrx_word' id='word_1_316' title='bbox 3317 1529 3369 1583; x_wconf 91' lang='lat' dir='ltr'><strong>in</strong></span> <span class='ocrx_word' id='word_1_317' title='bbox 3394 1529 3537 1584; x_wconf 90' lang='lat' dir='ltr'><strong>veri-</strong></span> 
     </span>
    </p>
   </div>
   <div class='ocr_carea' id='block_1_46' title="bbox 1952 1616 3538 1691">
    <p class='ocr_par' dir='ltr' id='par_1_46' title="bbox 1952 1616 3538 1691">
     <span class='ocr_line' id='line_1_46' title="bbox 1952 1616 3538 1691; baseline 0.006 -23"><span class='ocrx_word' id='word_1_318' title='bbox 1952 1621 2063 1669; x_wconf 90' lang='lat' dir='ltr'><strong>tate</strong></span> <span class='ocrx_word' id='word_1_319' title='bbox 2108 1616 2356 1684; x_wconf 86' lang='lat' dir='ltr'><strong>contigit.</strong></span> <span class='ocrx_word' id='word_1_320' title='bbox 2399 1616 2646 1685; x_wconf 81' lang='lat' dir='ltr'><strong>Legimus</strong></span> <span class='ocrx_word' id='word_1_321' title='bbox 2675 1618 2819 1672; x_wconf 90' lang='lat' dir='ltr'><strong>cnim</strong></span> <span class='ocrx_word' id='word_1_322' title='bbox 2858 1618 3170 1674; x_wconf 90' lang='lat' dir='ltr'><strong>sacerdotes</strong></span> <span class='ocrx_word' id='word_1_323' title='bbox 3213 1620 3265 1673; x_wconf 94' lang='lat' dir='ltr'><strong>in</strong></span> <span class='ocrx_word' id='word_1_324' title='bbox 3292 1628 3538 1691; x_wconf 88' lang='lat' dir='ltr'><strong>tempore</strong></span> 
     </span>
    </p>
   </div>
   <div class='ocr_carea' id='block_1_47' title="bbox 1950 1704 3537 1778">
    <p class='ocr_par' dir='ltr' id='par_1_47' title="bbox 1950 1704 3537 1778">
     <span class='ocr_line' id='line_1_47' title="bbox 1950 1704 3537 1778; baseline 0.005 -21"><span class='ocrx_word' id='word_1_325' title='bbox 1950 1704 2312 1774; x_wconf 88' lang='lat' dir='ltr'><strong>supradictam</strong></span> <span class='ocrx_word' id='word_1_326' title='bbox 2364 1706 2640 1763; x_wconf 88' lang='lat' dir='ltr'><strong>civitatem</strong></span> <span class='ocrx_word' id='word_1_327' title='bbox 2690 1716 2900 1778; x_wconf 89' lang='lat' dir='ltr'><strong>septem</strong></span> <span class='ocrx_word' id='word_1_328' title='bbox 2950 1708 3139 1763; x_wconf 88' lang='lat' dir='ltr'><strong>diebus</strong></span> <span class='ocrx_word' id='word_1_329' title='bbox 3188 1709 3389 1778; x_wconf 85' lang='lat' dir='ltr'><strong>jugiter</strong></span> <span class='ocrx_word' id='word_1_330' title='bbox 3433 1713 3537 1767; x_wconf 75' lang='lat' dir='ltr'><strong>eir~</strong></span> 
     </span>
    </p>
   </div>
   <div class='ocr_carea' id='block_1_48' title="bbox 1882 1797 3539 1872">
    <p class='ocr_par' dir='ltr' id='par_1_48' title="bbox 1882 1797 3539 1872">
     <span class='ocr_line' id='line_1_48' title="bbox 1882 1797 3539 1872; baseline 0.002 -17"><span class='ocrx_word' id='word_1_331' title='bbox 1882 1797 1924 1855; x_wconf 85' lang='grc' dir='ltr'><strong>Β</strong></span> <span class='ocrx_word' id='word_1_332' title='bbox 1952 1797 2149 1862; x_wconf 89' lang='lat' dir='ltr'><strong>cuisse,</strong></span> <span class='ocrx_word' id='word_1_333' title='bbox 2181 1804 2237 1851; x_wconf 91' lang='lat' dir='ltr'><strong>et</strong></span> <span class='ocrx_word' id='word_1_334' title='bbox 2274 1812 2397 1851; x_wconf 91' lang='lat' dir='ltr'><strong>cum</strong></span> <span class='ocrx_word' id='word_1_335' title='bbox 2431 1798 2578 1852; x_wconf 87' lang='lat' dir='ltr'><strong>illam</strong></span> <span class='ocrx_word' id='word_1_336' title='bbox 2624 1814 2816 1853; x_wconf 90' lang='lat' dir='ltr'><strong>manus</strong></span> <span class='ocrx_word' id='word_1_337' title='bbox 2862 1806 3190 1853; x_wconf 90' lang='lat' dir='ltr'><strong>armatorum</strong></span> <span class='ocrx_word' id='word_1_338' title='bbox 3227 1816 3539 1872; x_wconf 84' lang='lat' dir='ltr'><strong>expugnare</strong></span> 
     </span>
    </p>
   </div>
   <div class='ocr_carea' id='block_1_49' title="bbox 1947 1888 3537 1962">
    <p class='ocr_par' dir='ltr' id='par_1_49' title="bbox 1947 1888 3537 1962">
     <span class='ocr_line' id='line_1_49' title="bbox 1947 1888 3537 1962; baseline 0.006 -22"><span class='ocrx_word' id='word_1_339' title='bbox 1947 1902 2056 1941; x_wconf 92' lang='lat' dir='ltr'><strong>non</strong></span> <span class='ocrx_word' id='word_1_340' title='bbox 2078 1888 2269 1957; x_wconf 90' lang='lat' dir='ltr'><strong>possit,</strong></span> <span class='ocrx_word' id='word_1_341' title='bbox 2303 1890 2555 1943; x_wconf 89' lang='lat' dir='ltr'><strong>tubarum</strong></span> <span class='ocrx_word' id='word_1_342' title='bbox 2577 1889 2812 1959; x_wconf 89' lang='lat' dir='ltr'><strong>undique</strong></span> <span class='ocrx_word' id='word_1_343' title='bbox 2839 1906 2974 1945; x_wconf 90' lang='lat' dir='ltr'><strong>sono</strong></span> <span class='ocrx_word' id='word_1_344' title='bbox 3004 1891 3169 1946; x_wconf 89' lang='lat' dir='ltr'><strong>fuisse</strong></span> <span class='ocrx_word' id='word_1_345' title='bbox 3203 1894 3537 1962; x_wconf 87' lang='lat' dir='ltr'><strong>subversam;</strong></span> 
     </span>
    </p>
   </div>
   <div class='ocr_carea' id='block_1_50' title="bbox 1948 1978 3537 2055">
    <p class='ocr_par' dir='ltr' id='par_1_50' title="bbox 1948 1978 3537 2055">
     <span class='ocr_line' id='line_1_50' title="bbox 1948 1978 3537 2055; baseline 0.006 -23"><span class='ocrx_word' id='word_1_346' title='bbox 1948 1978 2218 2046; x_wconf 88' lang='lat' dir='ltr'><strong>tubarum,</strong></span> <span class='ocrx_word' id='word_1_347' title='bbox 2250 1979 2490 2048; x_wconf 89' lang='lat' dir='ltr'><strong>inquam,</strong></span> <span class='ocrx_word' id='word_1_348' title='bbox 2521 1997 2627 2035; x_wconf 87' lang='lat' dir='ltr'><strong>non</strong></span> <span class='ocrx_word' id='word_1_349' title='bbox 2658 1981 2852 2051; x_wconf 87' lang='lat' dir='ltr'><strong>quibus</strong></span> <span class='ocrx_word' id='word_1_350' title='bbox 2878 1981 3131 2037; x_wconf 89' lang='lat' dir='ltr'><strong>horridus</strong></span> <span class='ocrx_word' id='word_1_351' title='bbox 3163 1983 3317 2037; x_wconf 87' lang='lat' dir='ltr'><strong>miles</strong></span> <span class='ocrx_word' id='word_1_352' title='bbox 3345 1995 3537 2055; x_wconf 83' lang='lat' dir='ltr'><strong>perso-</strong></span> 
     </span>
    </p>
   </div>
   <div class='ocr_carea' id='block_1_51' title="bbox 1948 2070 3539 2146">
    <p class='ocr_par' dir='ltr' id='par_1_51' title="bbox 1948 2070 3539 2146">
     <span class='ocr_line' id='line_1_51' title="bbox 1948 2070 3539 2146; baseline 0.008 -23"><span class='ocrx_word' id='word_1_353' title='bbox 1948 2070 2135 2137; x_wconf 89' lang='lat' dir='ltr'><strong>nabat,</strong></span> <span class='ocrx_word' id='word_1_354' title='bbox 2159 2070 2252 2125; x_wconf 82' lang='lat' dir='ltr'><strong>sed</strong></span> <span class='ocrx_word' id='word_1_355' title='bbox 2279 2071 2476 2140; x_wconf 85' lang='lat' dir='ltr'><strong>quibus</strong></span> <span class='ocrx_word' id='word_1_356' title='bbox 2502 2080 2746 2128; x_wconf 90' lang='lat' dir='ltr'><strong>sacratus</strong></span> <span class='ocrx_word' id='word_1_357' title='bbox 2769 2073 3018 2142; x_wconf 83' lang='lat' dir='ltr'><strong>pontifex</strong></span> <span class='ocrx_word' id='word_1_358' title='bbox 3045 2075 3377 2146; x_wconf 89' lang='lat' dir='ltr'><strong>increpabat.</strong></span> <span class='ocrx_word' id='word_1_359' title='bbox 3406 2078 3539 2135; x_wconf 85' lang='lat' dir='ltr'><strong>Nam</strong></span> 
     </span>
    </p>
   </div>
   <div class='ocr_carea' id='block_1_52' title="bbox 1946 2151 3540 2235">
    <p class='ocr_par' dir='ltr' id='par_1_52' title="bbox 1946 2151 3540 2235">
     <span class='ocr_line' id='line_1_52' title="bbox 1946 2151 3540 2235; baseline 0.006 -21"><span class='ocrx_word' id='word_1_360' title='bbox 1946 2160 2067 2231; x_wconf 90' lang='lat' dir='ltr'><strong>quis</strong></span> <span class='ocrx_word' id='word_1_361' title='bbox 2093 2161 2235 2217; x_wconf 91' lang='lat' dir='ltr'><strong>illius</strong></span> <span class='ocrx_word' id='word_1_362' title='bbox 2265 2162 2480 2218; x_wconf 89' lang='lat' dir='ltr'><strong>timeret</strong></span> <span class='ocrx_word' id='word_1_363' title='bbox 2503 2164 2707 2233; x_wconf 89' lang='lat' dir='ltr'><strong>tubam,</strong></span> <span class='ocrx_word' id='word_1_364' title='bbox 2737 2165 2889 2233; x_wconf 90' lang='lat' dir='ltr'><strong>cujus</strong></span> <span class='ocrx_word' id='word_1_365' title='bbox 2917 2165 3128 2235; x_wconf 87' lang='lat' dir='ltr'><strong>gladius</strong></span> <span class='ocrx_word' id='word_1_366' title='bbox 3150 2184 3261 2223; x_wconf 90' lang='lat' dir='ltr'><strong>non</strong></span> <span class='ocrx_word' id='word_1_367' title='bbox 3288 2151 3540 2224; x_wconf 65' lang='lat' dir='ltr'><strong>timebatr</strong></span> 
     </span>
    </p>
   </div>
   <div class='ocr_carea' id='block_1_53' title="bbox 1947 2249 3536 2319">
    <p class='ocr_par' dir='ltr' id='par_1_53' title="bbox 1947 2249 3536 2319">
     <span class='ocr_line' id='line_1_53' title="bbox 1947 2249 3536 2319; baseline 0.006 -15"><span class='ocrx_word' id='word_1_368' title='bbox 1947 2249 2042 2305; x_wconf 85' lang='lat' dir='ltr'><strong>llis</strong></span> <span class='ocrx_word' id='word_1_369' title='bbox 2057 2263 2187 2319; x_wconf 85' lang='lat' dir='ltr'><strong>ergo</strong></span> <span class='ocrx_word' id='word_1_370' title='bbox 2212 2250 2402 2307; x_wconf 91' lang='lat' dir='ltr'><strong>diebus</strong></span> <span class='ocrx_word' id='word_1_371' title='bbox 2439 2253 2579 2307; x_wconf 89' lang='lat' dir='ltr'><strong>muri</strong></span> <span class='ocrx_word' id='word_1_372' title='bbox 2601 2253 3025 2309; x_wconf 87' lang='lat' dir='ltr'><strong>sacerdotalibus</strong></span> <span class='ocrx_word' id='word_1_373' title='bbox 3047 2256 3190 2311; x_wconf 88' lang='lat' dir='ltr'><strong>tubis</strong></span> <span class='ocrx_word' id='word_1_374' title='bbox 3217 2257 3536 2314; x_wconf 85' lang='lat' dir='ltr'><strong>circumdati</strong></span> 
     </span>
    </p>
   </div>
   <div class='ocr_carea' id='block_1_54' title="bbox 1945 2342 3535 2421">
    <p class='ocr_par' dir='ltr' id='par_1_54' title="bbox 1945 2342 3535 2421">
     <span class='ocr_line' id='line_1_54' title="bbox 1945 2342 3535 2421; baseline 0.004 -23"><span class='ocrx_word' id='word_1_375' title='bbox 1945 2342 2276 2409; x_wconf 87' lang='lat' dir='ltr'><strong>ceciderunt,</strong></span> <span class='ocrx_word' id='word_1_376' title='bbox 2308 2343 2391 2398; x_wconf 89' lang='lat' dir='ltr'><strong>his</strong></span> <span class='ocrx_word' id='word_1_377' title='bbox 2418 2343 2607 2401; x_wconf 87' lang='lat' dir='ltr'><strong>diebus</strong></span> <span class='ocrx_word' id='word_1_378' title='bbox 2643 2344 2868 2413; x_wconf 84' lang='lat' dir='ltr'><strong>legimus</strong></span> <span class='ocrx_word' id='word_1_379' title='bbox 2917 2346 3103 2401; x_wconf 89' lang='lat' dir='ltr'><strong>mundi</strong></span> <span class='ocrx_word' id='word_1_380' title='bbox 3158 2346 3316 2417; x_wconf 92' lang='lat' dir='ltr'><strong>hujus</strong></span> <span class='ocrx_word' id='word_1_381' title='bbox 3367 2365 3535 2421; x_wconf 89' lang='lat' dir='ltr'><strong>opera</strong></span> 
     </span>
    </p>
   </div>
   <div class='ocr_carea' id='block_1_55' title="bbox 1947 2434 3536 2508">
    <p class='ocr_par' dir='ltr' id='par_1_55' title="bbox 1947 2434 3536 2508">
     <span class='ocr_line' id='line_1_55' title="bbox 1947 2434 3536 2508; baseline 0.004 -20"><span class='ocrx_word' id='word_1_382' title='bbox 1947 2442 2340 2489; x_wconf 86' lang='lat' dir='ltr'><strong>consummata.</strong></span> <span class='ocrx_word' id='word_1_383' title='bbox 2386 2434 2550 2491; x_wconf 82' lang='lat' dir='ltr'><strong>Vides</strong></span> <span class='ocrx_word' id='word_1_384' title='bbox 2597 2436 2759 2506; x_wconf 87' lang='lat' dir='ltr'><strong>igitur</strong></span> <span class='ocrx_word' id='word_1_385' title='bbox 2786 2437 2913 2506; x_wconf 89' lang='lat' dir='ltr'><strong>quia</strong></span> <span class='ocrx_word' id='word_1_386' title='bbox 2940 2437 3045 2493; x_wconf 86' lang='lat' dir='ltr'><strong>hoc</strong></span> <span class='ocrx_word' id='word_1_387' title='bbox 3082 2440 3396 2508; x_wconf 90' lang='lat' dir='ltr'><strong>septenario</strong></span> <span class='ocrx_word' id='word_1_388' title='bbox 3438 2446 3536 2495; x_wconf 75' lang='grc' dir='ltr'><strong>ἡυ-</strong></span> 
     </span>
    </p>
   </div>
   <div class='ocr_carea' id='block_1_56' title="bbox 1947 2526 3537 2596">
    <p class='ocr_par' dir='ltr' id='par_1_56' title="bbox 1947 2526 3537 2596">
     <span class='ocr_line' id='line_1_56' title="bbox 1947 2526 3537 2596; baseline 0.003 -17"><span class='ocrx_word' id='word_1_389' title='bbox 1947 2540 2099 2581; x_wconf 89' lang='lat' dir='ltr'><strong>mero</strong></span> <span class='ocrx_word' id='word_1_390' title='bbox 2126 2541 2225 2596; x_wconf 90' lang='lat' dir='ltr'><strong>per</strong></span> <span class='ocrx_word' id='word_1_391' title='bbox 2250 2526 2560 2582; x_wconf 89' lang='lat' dir='ltr'><strong>sacerdotes</strong></span> <span class='ocrx_word' id='word_1_392' title='bbox 2581 2543 2688 2582; x_wconf 92' lang='lat' dir='ltr'><strong>non</strong></span> <span class='ocrx_word' id='word_1_393' title='bbox 2719 2535 2831 2582; x_wconf 89' lang='lat' dir='ltr'><strong>tam</strong></span> <span class='ocrx_word' id='word_1_394' title='bbox 2870 2544 2976 2583; x_wconf 90' lang='lat' dir='ltr'><strong>una</strong></span> <span class='ocrx_word' id='word_1_395' title='bbox 3003 2529 3192 2583; x_wconf 91' lang='lat' dir='ltr'><strong>civitas</strong></span> <span class='ocrx_word' id='word_1_396' title='bbox 3219 2529 3537 2596; x_wconf 87' lang='lat' dir='ltr'><strong>destruitur,</strong></span> 
     </span>
    </p>
   </div>
   <div class='ocr_carea' id='block_1_57' title="bbox 1947 2619 3537 2691">
    <p class='ocr_par' dir='ltr' id='par_1_57' title="bbox 1947 2619 3537 2691">
     <span class='ocr_line' id='line_1_57' title="bbox 1947 2619 3537 2691; baseline 0.005 -20"><span class='ocrx_word' id='word_1_397' title='bbox 1947 2634 2109 2687; x_wconf 92' lang='lat' dir='ltr'><strong>quam</strong></span> <span class='ocrx_word' id='word_1_398' title='bbox 2150 2619 2316 2674; x_wconf 91' lang='lat' dir='ltr'><strong>totius</strong></span> <span class='ocrx_word' id='word_1_399' title='bbox 2354 2619 2537 2674; x_wconf 90' lang='lat' dir='ltr'><strong>mundi</strong></span> <span class='ocrx_word' id='word_1_400' title='bbox 2586 2620 2840 2691; x_wconf 88' lang='lat' dir='ltr'><strong>iniquitas</strong></span> <span class='ocrx_word' id='word_1_401' title='bbox 2878 2622 3183 2691; x_wconf 76' lang='lat' dir='ltr'><strong>diSSipatur.</strong></span> <span class='ocrx_word' id='word_1_402' title='bbox 3217 2622 3351 2678; x_wconf 86' lang='lat' dir='ltr'><strong>Nam</strong></span> <span class='ocrx_word' id='word_1_403' title='bbox 3397 2625 3537 2679; x_wconf 87' lang='lat' dir='ltr'><strong>sicut</strong></span> 
     </span>
    </p>
   </div>
   <div class='ocr_carea' id='block_1_58' title="bbox 1946 2710 3536 2782">
    <p class='ocr_par' dir='ltr' id='par_1_58' title="bbox 1946 2710 3536 2782">
     <span class='ocr_line' id='line_1_58' title="bbox 1946 2710 3536 2782; baseline 0.004 -18"><span class='ocrx_word' id='word_1_404' title='bbox 1946 2710 2231 2778; x_wconf 85' lang='lat' dir='ltr'><strong>singularis</strong></span> <span class='ocrx_word' id='word_1_405' title='bbox 2271 2710 2419 2766; x_wconf 91' lang='lat' dir='ltr'><strong>urbis</strong></span> <span class='ocrx_word' id='word_1_406' title='bbox 2463 2713 2861 2782; x_wconf 89' lang='lat' dir='ltr'><strong>nuncupatione</strong></span> <span class='ocrx_word' id='word_1_407' title='bbox 2917 2713 3152 2768; x_wconf 68' lang='lat' dir='ltr'><strong>universi</strong></span> <span class='ocrx_word' id='word_1_408' title='bbox 3200 2714 3383 2769; x_wconf 89' lang='lat' dir='ltr'><strong>mundi</strong></span> <span class='ocrx_word' id='word_1_409' title='bbox 3440 2716 3536 2770; x_wconf 83' lang='lat' dir='ltr'><strong>lia-</strong></span> 
     </span>
    </p>
   </div>
   <div class='ocr_carea' id='block_1_59' title="bbox 1946 2798 3536 2872">
    <p class='ocr_par' dir='ltr' id='par_1_59' title="bbox 1946 2798 3536 2872">
     <span class='ocr_line' id='line_1_59' title="bbox 1946 2798 3536 2872; baseline 0.002 -16"><span class='ocrx_word' id='word_1_410' title='bbox 1946 2798 2090 2857; x_wconf 89' lang='lat' dir='ltr'><strong>bitus</strong></span> <span class='ocrx_word' id='word_1_411' title='bbox 2140 2800 2416 2872; x_wconf 89' lang='lat' dir='ltr'><strong>liguratur,</strong></span> <span class='ocrx_word' id='word_1_412' title='bbox 2461 2801 2532 2856; x_wconf 91' lang='lat' dir='ltr'><strong>ita</strong></span> <span class='ocrx_word' id='word_1_413' title='bbox 2579 2811 2635 2856; x_wconf 93' lang='lat' dir='ltr'><strong>et</strong></span> <span class='ocrx_word' id='word_1_414' title='bbox 2664 2810 2870 2871; x_wconf 91' lang='lat' dir='ltr'><strong>septem</strong></span> <span class='ocrx_word' id='word_1_415' title='bbox 2913 2802 3122 2855; x_wconf 79' lang='lat' dir='ltr'><strong>dierum</strong></span> <span class='ocrx_word' id='word_1_416' title='bbox 3150 2803 3420 2858; x_wconf 88' lang='lat' dir='ltr'><strong>curriculo</strong></span> <span class='ocrx_word' id='word_1_417' title='bbox 3446 2820 3536 2859; x_wconf 86' lang='lat' dir='ltr'><strong>se-</strong></span> 
     </span>
    </p>
   </div>
   <div class='ocr_carea' id='block_1_60' title="bbox 1949 2892 3536 2971">
    <p class='ocr_par' dir='ltr' id='par_1_60' title="bbox 1949 2892 3536 2971">
     <span class='ocr_line' id='line_1_60' title="bbox 1949 2892 3536 2971; baseline 0.004 -23"><span class='ocrx_word' id='word_1_418' title='bbox 1949 2904 2095 2965; x_wconf 88' lang='lat' dir='ltr'><strong>ptem</strong></span> <span class='ocrx_word' id='word_1_419' title='bbox 2146 2895 2370 2948; x_wconf 88' lang='lat' dir='ltr'><strong>millium</strong></span> <span class='ocrx_word' id='word_1_420' title='bbox 2410 2892 2673 2949; x_wconf 87' lang='lat' dir='ltr'><strong>annorum</strong></span> <span class='ocrx_word' id='word_1_421' title='bbox 2703 2896 2876 2966; x_wconf 87' lang='lat' dir='ltr'><strong>spatia</strong></span> <span class='ocrx_word' id='word_1_422' title='bbox 2912 2895 3341 2965; x_wconf 84' lang='lat' dir='ltr'><strong>distinguuntur,</strong></span> <span class='ocrx_word' id='word_1_423' title='bbox 3390 2900 3407 2930; x_wconf 84' lang='grc'>¹</span> <span class='ocrx_word' id='word_1_424' title='bbox 3438 2915 3536 2971; x_wconf 89' lang='lat' dir='ltr'><strong>per</strong></span> 
     </span>
    </p>
   </div>
   <div class='ocr_carea' id='block_1_61' title="bbox 1949 2989 3536 3065">
    <p class='ocr_par' dir='ltr' id='par_1_61' title="bbox 1949 2989 3536 3065">
     <span class='ocr_line' id='line_1_61' title="bbox 1949 2989 3536 3065; baseline 0.004 -22"><span class='ocrx_word' id='word_1_425' title='bbox 1949 3002 2067 3058; x_wconf 63' lang='lat' dir='ltr'><strong>quae</strong></span> <span class='ocrx_word' id='word_1_426' title='bbox 2095 2989 2437 3045; x_wconf 89' lang='lat' dir='ltr'><strong>sacerdotum</strong></span> <span class='ocrx_word' id='word_1_427' title='bbox 2482 2992 2888 3062; x_wconf 69' lang='lat' dir='ltr'><strong>praedicandum</strong></span> <span class='ocrx_word' id='word_1_428' title='bbox 2919 2994 3058 3049; x_wconf 79' lang='lat' dir='ltr'><strong>tuba:</strong></span> <span class='ocrx_word' id='word_1_429' title='bbox 3087 2995 3186 3065; x_wconf 88' lang='lat' dir='ltr'><strong>ipsi</strong></span> <span class='ocrx_word' id='word_1_430' title='bbox 3217 2994 3412 3050; x_wconf 55' lang='lat' dir='ltr'><strong>sacculo</strong></span> <span class='ocrx_word' id='word_1_431' title='bbox 3443 3010 3536 3050; x_wconf 77' lang='lat' dir='ltr'><strong>ex-</strong></span> 
     </span>
    </p>
   </div>
   <div class='ocr_carea' id='block_1_62' title="bbox 1949 3080 3536 3151">
    <p class='ocr_par' dir='ltr' id='par_1_62' title="bbox 1949 3080 3536 3151">
     <span class='ocr_line' id='line_1_62' title="bbox 1949 3080 3536 3151; baseline 0.002 -15"><span class='ocrx_word' id='word_1_432' title='bbox 1949 3080 2147 3136; x_wconf 90' lang='lat' dir='ltr'><strong>cidium</strong></span> <span class='ocrx_word' id='word_1_433' title='bbox 2168 3081 2506 3149; x_wconf 89' lang='lat' dir='ltr'><strong>denuntiant,</strong></span> <span class='ocrx_word' id='word_1_434' title='bbox 2525 3082 2787 3151; x_wconf 88' lang='lat' dir='ltr'><strong>judicium</strong></span> <span class='ocrx_word' id='word_1_435' title='bbox 2803 3084 3234 3151; x_wconf 87' lang='lat' dir='ltr'><strong>comminantur;</strong></span> <span class='ocrx_word' id='word_1_436' title='bbox 3256 3085 3394 3140; x_wconf 88' lang='lat' dir='ltr'><strong>sicut</strong></span> <span class='ocrx_word' id='word_1_437' title='bbox 3414 3086 3536 3140; x_wconf 78' lang='lat' dir='ltr'><strong>scri-</strong></span> 
     </span>
    </p>
   </div>
   <div class='ocr_carea' id='block_1_63' title="bbox 256 3162 3538 3249">
    <p class='ocr_par' dir='ltr' id='par_1_63' title="bbox 256 3162 3538 3249">
     <span class='ocr_line' id='line_1_63' title="bbox 256 3162 3538 3249; baseline 0.002 -25"><span class='ocrx_word' id='word_1_438' title='bbox 256 3178 573 3235; x_wconf 86' lang='lat' dir='ltr'><strong>remaneat;</strong></span> <span class='ocrx_word' id='word_1_439' title='bbox 598 3170 731 3225; x_wconf 88' lang='lat' dir='ltr'><strong>sicut</strong></span> <span class='ocrx_word' id='word_1_440' title='bbox 763 3170 1024 3241; x_wconf 86' lang='lat' dir='ltr'><strong>scriptum</strong></span> <span class='ocrx_word' id='word_1_441' title='bbox 1067 3181 1152 3228; x_wconf 84' lang='lat' dir='ltr'><strong>est</strong></span> <span class='ocrx_word' id='word_1_442' title='bbox 1179 3191 1193 3226; x_wconf 88' lang='lat'><strong>:</strong></span> <span class='ocrx_word' id='word_1_443' title='bbox 1228 3173 1450 3229; x_wconf 84' lang='lat' dir='ltr'><strong>Verbum</strong></span> <span class='ocrx_word' id='word_1_444' title='bbox 1480 3175 1579 3230; x_wconf 88' lang='lat' dir='ltr'><strong>Dei</strong></span> <span class='ocrx_word' id='word_1_445' title='bbox 1599 3194 1757 3249; x_wconf 81' lang='lat' dir='ltr'><strong>usque</strong></span> <span class='ocrx_word' id='word_1_446' title='bbox 1776 3181 1845 3232; x_wconf 80' lang='lat' dir='ltr'><strong>ad</strong></span> <span class='ocrx_word' id='word_1_447' title='bbox 1870 3162 1916 3224; x_wconf 88' lang='lat' dir='ltr'><strong><em>C</em></strong></span> <span class='ocrx_word' id='word_1_448' title='bbox 1948 3182 2099 3237; x_wconf 88' lang='lat' dir='ltr'><strong>ptum</strong></span> <span class='ocrx_word' id='word_1_449' title='bbox 2130 3183 2249 3228; x_wconf 90' lang='lat' dir='ltr'><strong>est:</strong></span> <span class='ocrx_word' id='word_1_450' title='bbox 2284 3172 2543 3238; x_wconf 81' lang='lat' dir='ltr'><strong>Quoniam</strong></span> <span class='ocrx_word' id='word_1_451' title='bbox 2571 3185 2621 3229; x_wconf 89' lang='lat' dir='ltr'><strong>et</strong></span> <span class='ocrx_word' id='word_1_452' title='bbox 2658 3175 2879 3229; x_wconf 83' lang='lat' dir='ltr'><strong>mundus</strong></span> <span class='ocrx_word' id='word_1_453' title='bbox 2906 3177 3112 3247; x_wconf 83' lang='lat' dir='ltr'><strong>peribit,</strong></span> <span class='ocrx_word' id='word_1_454' title='bbox 3152 3187 3202 3231; x_wconf 92' lang='lat' dir='ltr'><strong>et</strong></span> <span class='ocrx_word' id='word_1_455' title='bbox 3229 3179 3401 3232; x_wconf 82' lang='lat' dir='ltr'><strong>omnia</strong></span> <span class='ocrx_word' id='word_1_456' title='bbox 3425 3193 3538 3247; x_wconf 75' lang='lat' dir='ltr'><strong>qua</strong></span> 
     </span>
    </p>
   </div>
   <div class='ocr_carea' id='block_1_64' title="bbox 256 3258 1837 3338">
    <p class='ocr_par' dir='ltr' id='par_1_64' title="bbox 256 3258 1837 3338">
     <span class='ocr_line' id='line_1_64' title="bbox 256 3258 1837 3338; baseline 0.008 -29"><span class='ocrx_word' id='word_1_457' title='bbox 256 3258 561 3314; x_wconf 81' lang='lat' dir='ltr'><strong>divisionem</strong></span> <span class='ocrx_word' id='word_1_458' title='bbox 582 3261 795 3331; x_wconf 77' lang='lat' dir='ltr'><strong>spiritus</strong></span> <span class='ocrx_word' id='word_1_459' title='bbox 812 3269 863 3319; x_wconf 86' lang='lat' dir='ltr'><strong>et</strong></span> <span class='ocrx_word' id='word_1_460' title='bbox 900 3261 1240 3319; x_wconf 86' lang='lat' dir='ltr'><strong>medullarum</strong></span> <span class='ocrx_word' id='word_1_461' title='bbox 1277 3274 1599 3334; x_wconf 81' lang='lat' dir='ltr'><strong>pertranseat</strong></span> <span class='ocrx_word' id='word_1_462' title='bbox 1629 3266 1837 3338; x_wconf 83' lang='lat' dir='ltr'><strong>(Ibid.),</strong></span> 
     </span>
    </p>
   </div>
   <div class='ocr_carea' id='block_1_65' title="bbox 256 3349 1842 3427">
    <p class='ocr_par' dir='ltr' id='par_1_65' title="bbox 256 3349 1842 3427">
     <span class='ocr_line' id='line_1_65' title="bbox 256 3349 1842 3427; baseline 0.008 -27"><span class='ocrx_word' id='word_1_463' title='bbox 256 3349 403 3402; x_wconf 87' lang='lat' dir='ltr'><strong>sicut</strong></span> <span class='ocrx_word' id='word_1_464' title='bbox 430 3356 556 3404; x_wconf 90' lang='lat' dir='ltr'><strong>tunc</strong></span> <span class='ocrx_word' id='word_1_465' title='bbox 598 3365 763 3405; x_wconf 81' lang='lat' dir='ltr'><strong>sacrze</strong></span> <span class='ocrx_word' id='word_1_466' title='bbox 792 3351 941 3406; x_wconf 85' lang='lat' dir='ltr'><strong>vocis</strong></span> <span class='ocrx_word' id='word_1_467' title='bbox 985 3367 1151 3408; x_wconf 92' lang='lat' dir='ltr'><strong>sonus</strong></span> <span class='ocrx_word' id='word_1_468' title='bbox 1179 3363 1553 3411; x_wconf 71' lang='lat' dir='ltr'><strong>mutumacem</strong></span> <span class='ocrx_word' id='word_1_469' title='bbox 1584 3358 1842 3427; x_wconf 92' lang='lat' dir='ltr'><strong>populum</strong></span> 
     </span>
    </p>
   </div>
   <div class='ocr_carea' id='block_1_66' title="bbox 256 3436 1842 3514">
    <p class='ocr_par' dir='ltr' id='par_1_66' title="bbox 256 3436 1842 3514">
     <span class='ocr_line' id='line_1_66' title="bbox 256 3436 1842 3514; baseline 0.008 -21"><span class='ocrx_word' id='word_1_470' title='bbox 256 3436 553 3507; x_wconf 86' lang='lat' dir='ltr'><strong>destruxit,</strong></span> <span class='ocrx_word' id='word_1_471' title='bbox 592 3442 911 3514; x_wconf 86' lang='lat' dir='ltr'><strong>captivavit,</strong></span> <span class='ocrx_word' id='word_1_472' title='bbox 942 3452 997 3501; x_wconf 90' lang='lat' dir='ltr'><strong>et</strong></span> <span class='ocrx_word' id='word_1_473' title='bbox 1040 3445 1183 3502; x_wconf 90' lang='lat' dir='ltr'><strong>ultus</strong></span> <span class='ocrx_word' id='word_1_474' title='bbox 1223 3455 1308 3502; x_wconf 88' lang='lat' dir='ltr'><strong>est</strong></span> <span class='ocrx_word' id='word_1_475' title='bbox 1346 3447 1426 3504; x_wconf 90' lang='lat' dir='ltr'><strong>ira</strong></span> <span class='ocrx_word' id='word_1_476' title='bbox 1456 3465 1472 3503; x_wconf 91' lang='lat'><strong>:</strong></span> <span class='ocrx_word' id='word_1_477' title='bbox 1502 3449 1577 3504; x_wconf 90' lang='lat' dir='ltr'><strong>ita</strong></span> <span class='ocrx_word' id='word_1_478' title='bbox 1616 3459 1671 3506; x_wconf 90' lang='lat' dir='ltr'><strong>et</strong></span> <span class='ocrx_word' id='word_1_479' title='bbox 1699 3467 1842 3506; x_wconf 92' lang='lat' dir='ltr'><strong>nunc</strong></span> 
     </span>
    </p>
   </div>
   <div class='ocr_carea' id='block_1_67' title="bbox 1946 3266 3542 3339">
    <p class='ocr_par' dir='ltr' id='par_1_67' title="bbox 1946 3266 3542 3339">
     <span class='ocr_line' id='line_1_67' title="bbox 1946 3266 3542 3339; baseline 0 -18"><span class='ocrx_word' id='word_1_480' title='bbox 1946 3266 2006 3322; x_wconf 86' lang='lat' dir='ltr'><strong>in</strong></span> <span class='ocrx_word' id='word_1_481' title='bbox 2035 3267 2223 3321; x_wconf 86' lang='lat' dir='ltr'><strong>mundo</strong></span> <span class='ocrx_word' id='word_1_482' title='bbox 2251 3276 2409 3331; x_wconf 89' lang='lat' dir='ltr'><strong>sunt;</strong></span> <span class='ocrx_word' id='word_1_483' title='bbox 2439 3267 2526 3336; x_wconf 82' lang='lat' dir='ltr'><strong>qui</strong></span> <span class='ocrx_word' id='word_1_484' title='bbox 2564 3274 2735 3320; x_wconf 86' lang='lat' dir='ltr'><strong>autem</strong></span> <span class='ocrx_word' id='word_1_485' title='bbox 2783 3269 2913 3339; x_wconf 77' lang='lat' dir='ltr'><strong>facit</strong></span> <span class='ocrx_word' id='word_1_486' title='bbox 2941 3272 3253 3323; x_wconf 74' lang='lat' dir='ltr'><strong>voluntatem</strong></span> <span class='ocrx_word' id='word_1_487' title='bbox 3304 3267 3542 3336; x_wconf 82' lang='lat' dir='ltr'><strong>Domini,</strong></span> 
     </span>
    </p>
   </div>
   <div class='ocr_carea' id='block_1_68' title="bbox 1946 3358 2497 3439">
    <p class='ocr_par' dir='ltr' id='par_1_68' title="bbox 1946 3358 2497 3413">
     <span class='ocr_line' id='line_1_68' title="bbox 1946 3358 2497 3413; baseline 0 -2"><span class='ocrx_word' id='word_1_488' title='bbox 1946 3366 2119 3413; x_wconf 86' lang='lat' dir='ltr'><strong>manet</strong></span> <span class='ocrx_word' id='word_1_489' title='bbox 2145 3358 2198 3412; x_wconf 89' lang='lat' dir='ltr'><strong>in</strong></span> <span class='ocrx_word' id='word_1_490' title='bbox 2228 3367 2497 3413; x_wconf 78' lang='lat' dir='ltr'><strong>wternum.</strong></span> 
     </span>
    </p>
   </div>
   <div class='ocr_carea' id='block_1_69' title="bbox 1631 3542 2177 3607">
    <p class='ocr_par' dir='ltr' id='par_1_69' title="bbox 1631 3542 2177 3607">
     <span class='ocr_line' id='line_1_69' title="bbox 1631 3542 2177 3607; baseline 0 -4"><span class='ocrx_word' id='word_1_491' title='bbox 1631 3542 1904 3605; x_wconf 82' lang='lat' dir='ltr'><strong>SERMO</strong></span> <span class='ocrx_word' id='word_1_492' title='bbox 1947 3542 2177 3607; x_wconf 81' lang='lat' dir='ltr'><strong>XCIX.</strong></span> 
     </span>
    </p>
   </div>
   <div class='ocr_carea' id='block_1_70' title="bbox 1607 3640 2177 3713">
    <p class='ocr_par' dir='ltr' id='par_1_70' title="bbox 1607 3640 2177 3713">
     <span class='ocr_line' id='line_1_70' title="bbox 1607 3640 2177 3713; baseline 0.004 -16"><span class='ocrx_word' id='word_1_493' title='bbox 1607 3640 1802 3713; x_wconf 83' lang='lat' dir='ltr'><strong>Incipit</strong></span> <span class='ocrx_word' id='word_1_494' title='bbox 1841 3644 1906 3698; x_wconf 88' lang='lat' dir='ltr'><strong>de</strong></span> <span class='ocrx_word' id='word_1_495' title='bbox 1932 3644 2177 3699; x_wconf 76' lang='lat' dir='ltr'><strong>Zachteo.</strong></span> 
     </span>
    </p>
   </div>
   <div class='ocr_carea' id='block_1_71' title="bbox 1708 3734 2102 3791">
    <p class='ocr_par' dir='ltr' id='par_1_71' title="bbox 1708 3734 2102 3791">
     <span class='ocr_line' id='line_1_71' title="bbox 1708 3734 2102 3791; baseline 0.005 -2"><span class='ocrx_word' id='word_1_496' title='bbox 1708 3734 2102 3791; x_wconf 79' lang='lat' dir='ltr'><strong>ADMONITIO.</strong></span> 
     </span>
    </p>
   </div>
   <div class='ocr_carea' id='block_1_72' title="bbox 325 3814 3535 3942">
    <p class='ocr_par' dir='ltr' id='par_1_72' title="bbox 325 3814 3535 3942">
     <span class='ocr_line' id='line_1_72' title="bbox 325 3814 3535 3942; baseline 0.005 -71"><span class='ocrx_word' id='word_1_497' title='bbox 325 3817 498 3942; x_wconf 47' lang='lat' dir='ltr'><strong>65}i</strong></span> <span class='ocrx_word' id='word_1_498' title='bbox 523 3816 581 3872; x_wconf 87' lang='lat' dir='ltr'><strong>in</strong></span> <span class='ocrx_word' id='word_1_499' title='bbox 602 3814 787 3875; x_wconf 86' lang='lat' dir='ltr'><strong>codice</strong></span> <span class='ocrx_word' id='word_1_500' title='bbox 806 3819 1142 3890; x_wconf 85' lang='lat' dir='ltr'><strong>Sangallensi</strong></span> <span class='ocrx_word' id='word_1_501' title='bbox 1174 3838 1319 3877; x_wconf 91' lang='lat' dir='ltr'><strong>num.</strong></span> <span class='ocrx_word' id='word_1_502' title='bbox 1349 3822 1412 3877; x_wconf 85' lang='lat' dir='ltr'><strong>9i</strong></span> <span class='ocrx_word' id='word_1_503' title='bbox 1438 3832 1495 3880; x_wconf 92' lang='lat' dir='ltr'><strong>et</strong></span> <span class='ocrx_word' id='word_1_504' title='bbox 1523 3824 1592 3879; x_wconf 77' lang='lat'><strong>9‘2</strong></span> <span class='ocrx_word' id='word_1_505' title='bbox 1612 3824 1681 3881; x_wconf 92' lang='lat' dir='ltr'><strong>de</strong></span> <span class='ocrx_word' id='word_1_506' title='bbox 1702 3825 1928 3883; x_wconf 65' lang='lat' dir='ltr'><strong>Zachaeo</strong></span> <span class='ocrx_word' id='word_1_507' title='bbox 1956 3841 2235 3882; x_wconf 89' lang='lat' dir='ltr'><strong>sermones</strong></span> <span class='ocrx_word' id='word_1_508' title='bbox 2259 3825 2389 3893; x_wconf 86' lang='lat' dir='ltr'><strong>duo,</strong></span> <span class='ocrx_word' id='word_1_509' title='bbox 2414 3840 2552 3896; x_wconf 90' lang='lat' dir='ltr'><strong>quos</strong></span> <span class='ocrx_word' id='word_1_510' title='bbox 2573 3842 2735 3895; x_wconf 62' lang='lat' dir='ltr'><strong>num.</strong></span> <span class='ocrx_word' id='word_1_511' title='bbox 2753 3828 2823 3885; x_wconf 82' lang='lat'><strong>99</strong></span> <span class='ocrx_word' id='word_1_512' title='bbox 2850 3836 2906 3884; x_wconf 90' lang='lat' dir='ltr'><strong>et</strong></span> <span class='ocrx_word' id='word_1_513' title='bbox 2944 3828 3045 3884; x_wconf 86' lang='lat' dir='ltr'><strong>l00</strong></span> <span class='ocrx_word' id='word_1_514' title='bbox 3074 3828 3214 3900; x_wconf 87' lang='lat' dir='ltr'><strong>typis</strong></span> <span class='ocrx_word' id='word_1_515' title='bbox 3243 3830 3535 3900; x_wconf 81' lang='lat' dir='ltr'><strong>vulgamns,</strong></span> 
     </span>
     <span class='ocr_line' id='line_1_73' title="bbox 325 3890 2926 3942; baseline 0 0"><span class='ocrx_word' id='word_1_516' title='bbox 325 3890 431 3942; x_wconf 85' lang='lat' dir='ltr'><strong>neti</strong></span> <span class='ocrx_word' id='word_1_517' title='bbox 502 3890 667 3942; x_wconf 89' lang='lat' dir='ltr'><strong>aximi</strong></span> <span class='ocrx_word' id='word_1_518' title='bbox 694 3890 1061 3942; x_wconf 78' lang='lat' dir='ltr'><strong>inscribuntur</strong></span> <span class='ocrx_word' id='word_1_519' title='bbox 1079 3893 1316 3942; x_wconf 82' lang='lat' dir='ltr'><strong>nomine.</strong></span> <span class='ocrx_word' id='word_1_520' title='bbox 1341 3893 1449 3942; x_wconf 80' lang='lat' dir='ltr'><strong>Eos</strong></span> <span class='ocrx_word' id='word_1_521' title='bbox 1476 3894 1693 3942; x_wconf 70' lang='lat' dir='ltr'><strong>edidere</strong></span> <span class='ocrx_word' id='word_1_522' title='bbox 1722 3896 1881 3942; x_wconf 71' lang='lat' dir='ltr'><strong>iidem</strong></span> <span class='ocrx_word' id='word_1_523' title='bbox 1912 3896 2203 3942; x_wconf 69' lang='lat' dir='ltr'><strong>Marmnins</strong></span> <span class='ocrx_word' id='word_1_524' title='bbox 2236 3903 2291 3942; x_wconf 72' lang='lat' dir='ltr'><strong>et</strong></span> <span class='ocrx_word' id='word_1_525' title='bbox 2322 3895 2601 3942; x_wconf 63' lang='lat' dir='ltr'><strong>[iurandus</strong></span> <span class='ocrx_word' id='word_1_526' title='bbox 2627 3895 2733 3942; x_wconf 72' lang='lat' dir='ltr'><strong>Inc-</strong></span> <span class='ocrx_word' id='word_1_527' title='bbox 2766 3898 2926 3942; x_wconf 64' lang='lat' dir='ltr'><strong>indic-</strong></span> 
     </span>
    </p>
   </div>
   <div class='ocr_carea' id='block_1_73' title="bbox 250 3890 2927 3955">
    <p class='ocr_par' dir='ltr' id='par_1_73' title="bbox 250 3890 2927 3955">
     <span class='ocr_line' id='line_1_74' title="bbox 250 3890 2927 3955; baseline 0.005 -13"><span class='ocrx_word' id='word_1_528' title='bbox 250 3890 431 3943; x_wconf 83' lang='lat' dir='ltr'><strong>sancti</strong></span> <span class='ocrx_word' id='word_1_529' title='bbox 450 3890 667 3945; x_wconf 77' lang='lat' dir='ltr'><strong>Maximi</strong></span> <span class='ocrx_word' id='word_1_530' title='bbox 694 3890 1061 3947; x_wconf 90' lang='lat' dir='ltr'><strong>inscribuntur</strong></span> <span class='ocrx_word' id='word_1_531' title='bbox 1078 3893 1316 3948; x_wconf 90' lang='lat' dir='ltr'><strong>nomine.</strong></span> <span class='ocrx_word' id='word_1_532' title='bbox 1340 3893 1449 3949; x_wconf 87' lang='lat' dir='ltr'><strong>Eos</strong></span> <span class='ocrx_word' id='word_1_533' title='bbox 1476 3894 1693 3952; x_wconf 89' lang='lat' dir='ltr'><strong>edidere</strong></span> <span class='ocrx_word' id='word_1_534' title='bbox 1722 3896 1884 3953; x_wconf 87' lang='lat' dir='ltr'><strong>iidem</strong></span> <span class='ocrx_word' id='word_1_535' title='bbox 1910 3896 2203 3952; x_wconf 78' lang='lat' dir='ltr'><strong>Martcnius</strong></span> <span class='ocrx_word' id='word_1_536' title='bbox 2236 3903 2291 3951; x_wconf 90' lang='lat' dir='ltr'><strong>et</strong></span> <span class='ocrx_word' id='word_1_537' title='bbox 2319 3890 2601 3952; x_wconf 77' lang='lat' dir='ltr'><strong>Durandus</strong></span> <span class='ocrx_word' id='word_1_538' title='bbox 2627 3892 2735 3954; x_wconf 80' lang='lat' dir='ltr'><strong>loc.</strong></span> <span class='ocrx_word' id='word_1_539' title='bbox 2766 3898 2927 3955; x_wconf 87' lang='lat' dir='ltr'><strong>indic.</strong></span> 
     </span>
    </p>
   </div>
   <div class='ocr_carea' id='block_1_74' title="bbox 252 4002 3542 4081">
    <p class='ocr_par' dir='ltr' id='par_1_74' title="bbox 252 4002 3542 4081">
     <span class='ocr_line' id='line_1_75' title="bbox 252 4002 3542 4081; baseline 0.004 -22"><span class='ocrx_word' id='word_1_540' title='bbox 252 4002 648 4081; x_wconf 55' lang='lat' dir='ltr'><strong>Ascuam-rum</strong></span> <span class='ocrx_word' id='word_1_541' title='bbox 695 4036 768 4081; x_wconf 85' lang='lat'><strong>-_—-</strong></span> <span class='ocrx_word' id='word_1_542' title='bbox 795 4004 1047 4061; x_wconf 78' lang='lat' dir='ltr'><strong>Zachteus</strong></span> <span class='ocrx_word' id='word_1_543' title='bbox 1094 4005 1398 4081; x_wconf 69' lang='lat' dir='ltr'><strong>locupletior</strong></span> <span class='ocrx_word' id='word_1_544' title='bbox 1418 4010 1532 4081; x_wconf 75' lang='lat' dir='ltr'><strong>fuit</strong></span> <span class='ocrx_word' id='word_1_545' title='bbox 1562 4009 1851 4081; x_wconf 80' lang='lat' dir='ltr'><strong>substantia</strong></span> <span class='ocrx_word' id='word_1_546' title='bbox 1951 4011 2165 4068; x_wconf 89' lang='lat' dir='ltr'><strong>videtur</strong></span> <span class='ocrx_word' id='word_1_547' title='bbox 2195 4019 2371 4080; x_wconf 90' lang='lat' dir='ltr'><strong>tuum,</strong></span> <span class='ocrx_word' id='word_1_548' title='bbox 2400 4028 2509 4067; x_wconf 90' lang='lat' dir='ltr'><strong>non</strong></span> <span class='ocrx_word' id='word_1_549' title='bbox 2538 4012 2664 4081; x_wconf 90' lang='lat' dir='ltr'><strong>erit,</strong></span> <span class='ocrx_word' id='word_1_550' title='bbox 2696 4014 2765 4081; x_wconf 90' lang='lat' dir='ltr'><strong>si,</strong></span> <span class='ocrx_word' id='word_1_551' title='bbox 2802 4030 2890 4070; x_wconf 87' lang='lat' dir='ltr'><strong>me</strong></span> <span class='ocrx_word' id='word_1_552' title='bbox 2920 4015 3211 4073; x_wconf 87' lang='lat' dir='ltr'><strong>recedente</strong></span> <span class='ocrx_word' id='word_1_553' title='bbox 3246 4014 3317 4072; x_wconf 92' lang='lat' dir='ltr'><strong>de</strong></span> <span class='ocrx_word' id='word_1_554' title='bbox 3344 4017 3542 4073; x_wconf 70' lang='lat' dir='ltr'><strong>saeculo</strong></span> 
     </span>
    </p>
   </div>
   <div class='ocr_carea' id='block_1_75' title="bbox 327 4074 1847 4171">
    <p class='ocr_par' dir='ltr' id='par_1_75' title="bbox 327 4074 1847 4171">
     <span class='ocr_line' id='line_1_76' title="bbox 327 4074 1847 4171; baseline 0.001 0"><span class='ocrx_word' id='word_1_555' title='bbox 327 4074 1516 4171; x_wconf 50' lang='lat' dir='ltr'><strong>{‘L‘ff-.‘i&#39;.‘f&#39;_&quot;3-ff&quot;f.‘i“_ff_&#39;fi’it‘it‘ii;95353?”</strong></span> <span class='ocrx_word' id='word_1_556' title='bbox 1544 4081 1614 4133; x_wconf 71' lang='grc' dir='ltr'><em>αα</em></span> <span class='ocrx_word' id='word_1_557' title='bbox 1660 4080 1847 4137; x_wconf 48' lang='lat' dir='ltr'><strong>Chiis“</strong></span> 
     </span>
    </p>
   </div>
   <div class='ocr_carea' id='block_1_76' title="bbox 1945 4074 3541 4171">
    <p class='ocr_par' dir='ltr' id='par_1_76' title="bbox 1951 4102 3541 4171">
     <span class='ocr_line' id='line_1_77' title="bbox 1951 4102 3541 4171; baseline 0.004 -14"><span class='ocrx_word' id='word_1_558' title='bbox 1951 4102 2155 4171; x_wconf 88' lang='lat' dir='ltr'><strong>absque</strong></span> <span class='ocrx_word' id='word_1_559' title='bbox 2175 4102 2405 4157; x_wconf 89' lang='lat' dir='ltr'><strong>utilitate</strong></span> <span class='ocrx_word' id='word_1_560' title='bbox 2432 4103 2541 4157; x_wconf 90' lang='lat' dir='ltr'><strong>mei</strong></span> <span class='ocrx_word' id='word_1_561' title='bbox 2584 4114 2891 4159; x_wconf 86' lang='lat' dir='ltr'><strong>reservetur</strong></span> <span class='ocrx_word' id='word_1_562' title='bbox 2919 4106 2973 4160; x_wconf 90' lang='lat' dir='ltr'><strong>in</strong></span> <span class='ocrx_word' id='word_1_563' title='bbox 3003 4107 3220 4161; x_wconf 73' lang='lat' dir='ltr'><strong>sieculo.</strong></span> <span class='ocrx_word' id='word_1_564' title='bbox 3252 4107 3541 4163; x_wconf 74' lang='lat' dir='ltr'><strong>Voluerunt</strong></span> 
     </span>
    </p>
   </div>
   <div class='ocr_carea' id='block_1_77' title="bbox 326 4144 1847 4266">
    <p class='ocr_par' dir='ltr' id='par_1_77' title="bbox 326 4144 1494 4217">
     <span class='ocr_line' id='line_1_78' title="bbox 326 4144 1494 4217; baseline 0.003 -20"><span class='ocrx_word' id='word_1_565' title='bbox 326 4144 733 4215; x_wconf 78' lang='lat' dir='ltr'><strong>consequendam</strong></span> <span class='ocrx_word' id='word_1_566' title='bbox 752 4145 971 4215; x_wconf 86' lang='lat' dir='ltr'><strong>gloriam</strong></span> <span class='ocrx_word' id='word_1_567' title='bbox 996 4144 1241 4217; x_wconf 83' lang='lat' dir='ltr'><strong>prodesse</strong></span> <span class='ocrx_word' id='word_1_568' title='bbox 1258 4157 1494 4217; x_wconf 83' lang='lat' dir='ltr'><strong>possunt.</strong></span> 
     </span>
    </p>
   </div>
   <div class='ocr_carea' id='block_1_78' title="bbox 1945 4144 3543 4266">
    <p class='ocr_par' dir='ltr' id='par_1_78' title="bbox 1952 4144 3543 4266">
     <span class='ocr_line' id='line_1_79' title="bbox 1952 4144 3543 4266; baseline 0.004 -16"><span class='ocrx_word' id='word_1_569' title='bbox 1952 4144 2085 4262; x_wconf 56' lang='lat' dir='ltr'><strong>ergoi</strong></span> <span class='ocrx_word' id='word_1_570' title='bbox 2136 4193 2345 4249; x_wconf 71' lang='lat' dir='ltr'><strong>Zacbaei</strong></span> <span class='ocrx_word' id='word_1_571' title='bbox 2373 4192 2610 4258; x_wconf 90' lang='lat' dir='ltr'><strong>divitias,</strong></span> <span class='ocrx_word' id='word_1_572' title='bbox 2660 4202 2717 4249; x_wconf 91' lang='lat' dir='ltr'><strong>et</strong></span> <span class='ocrx_word' id='word_1_573' title='bbox 2743 4196 2969 4263; x_wconf 90' lang='lat' dir='ltr'><strong>gratiam</strong></span> <span class='ocrx_word' id='word_1_574' title='bbox 3008 4199 3333 4266; x_wconf 76' lang='lat' dir='ltr'><strong>przedicare,</strong></span> <span class='ocrx_word' id='word_1_575' title='bbox 3361 4200 3543 4257; x_wconf 87' lang='lat' dir='ltr'><strong>divitis</strong></span> 
     </span>
    </p>
   </div>
   <div class='ocr_carea' id='block_1_79' title="bbox 328 4278 3543 4357">
    <p class='ocr_par' dir='ltr' id='par_1_79' title="bbox 328 4278 3543 4357">
     <span class='ocr_line' id='line_1_80' title="bbox 328 4278 3543 4357; baseline 0.003 -22"><span class='ocrx_word' id='word_1_576' title='bbox 328 4278 684 4351; x_wconf 83' lang='lat' dir='ltr'><strong>Frequenter,</strong></span> <span class='ocrx_word' id='word_1_577' title='bbox 708 4278 900 4335; x_wconf 80' lang='lat' dir='ltr'><strong>fratres</strong></span> <span class='ocrx_word' id='word_1_578' title='bbox 944 4279 1313 4346; x_wconf 89' lang='lat' dir='ltr'><strong>dilectissimi,</strong></span> <span class='ocrx_word' id='word_1_579' title='bbox 1345 4280 1505 4351; x_wconf 90' lang='lat' dir='ltr'><strong>hujus</strong></span> <span class='ocrx_word' id='word_1_580' title='bbox 1550 4282 1846 4353; x_wconf 89' lang='lat' dir='ltr'><strong>evangelici</strong></span> <span class='ocrx_word' id='word_1_581' title='bbox 1946 4286 2126 4357; x_wconf 90' lang='lat' dir='ltr'><strong>plane,</strong></span> <span class='ocrx_word' id='word_1_582' title='bbox 2151 4292 2208 4340; x_wconf 91' lang='lat' dir='ltr'><strong>et</strong></span> <span class='ocrx_word' id='word_1_583' title='bbox 2233 4299 2450 4355; x_wconf 88' lang='lat' dir='ltr'><strong>semper</strong></span> <span class='ocrx_word' id='word_1_584' title='bbox 2470 4285 2673 4352; x_wconf 89' lang='lat' dir='ltr'><strong>divitis,</strong></span> <span class='ocrx_word' id='word_1_585' title='bbox 2699 4285 2823 4354; x_wconf 88' lang='lat' dir='ltr'><strong>quia</strong></span> <span class='ocrx_word' id='word_1_586' title='bbox 2853 4285 3073 4341; x_wconf 88' lang='lat' dir='ltr'><strong>divitior</strong></span> <span class='ocrx_word' id='word_1_587' title='bbox 3102 4289 3298 4342; x_wconf 88' lang='lat' dir='ltr'><strong>meruit</strong></span> <span class='ocrx_word' id='word_1_588' title='bbox 3326 4288 3543 4345; x_wconf 86' lang='lat' dir='ltr'><strong>Christo</strong></span> 
     </span>
    </p>
   </div>
   <div class='ocr_carea' id='block_1_80' title="bbox 250 4370 3541 4445">
    <p class='ocr_par' dir='ltr' id='par_1_80' title="bbox 250 4370 3541 4445">
     <span class='ocr_line' id='line_1_81' title="bbox 250 4370 3541 4445; baseline 0.002 -18"><span class='ocrx_word' id='word_1_589' title='bbox 250 4371 478 4441; x_wconf 87' lang='lat' dir='ltr'><strong>capituli</strong></span> <span class='ocrx_word' id='word_1_590' title='bbox 523 4370 835 4442; x_wconf 88' lang='lat' dir='ltr'><strong>parabolam</strong></span> <span class='ocrx_word' id='word_1_591' title='bbox 879 4370 1172 4441; x_wconf 71' lang='lat' dir='ltr'><strong>praxlicare</strong></span> <span class='ocrx_word' id='word_1_592' title='bbox 1199 4371 1498 4436; x_wconf 89' lang='lat' dir='ltr'><strong>volueram,</strong></span> <span class='ocrx_word' id='word_1_593' title='bbox 1526 4381 1583 4427; x_wconf 88' lang='lat' dir='ltr'><strong>et</strong></span> <span class='ocrx_word' id='word_1_594' title='bbox 1632 4371 1845 4427; x_wconf 76' lang='lat' dir='ltr'><strong>Zachzei</strong></span> <span class='ocrx_word' id='word_1_595' title='bbox 1876 4424 1922 4445; x_wconf 57' lang='grc' dir='ltr'>η</span> <span class='ocrx_word' id='word_1_596' title='bbox 1948 4390 2069 4432; x_wconf 88' lang='lat' dir='ltr'><strong>esse</strong></span> <span class='ocrx_word' id='word_1_597' title='bbox 2095 4390 2256 4445; x_wconf 91' lang='lat' dir='ltr'><strong>quam</strong></span> <span class='ocrx_word' id='word_1_598' title='bbox 2284 4374 2499 4431; x_wconf 67' lang='lat' dir='ltr'><strong>saeculo.</strong></span> <span class='ocrx_word' id='word_1_599' title='bbox 2528 4373 2597 4429; x_wconf 88' lang='lat' dir='ltr'><strong>Et</strong></span> <span class='ocrx_word' id='word_1_600' title='bbox 2618 4374 2943 4445; x_wconf 89' lang='lat' dir='ltr'><strong>locupletior</strong></span> <span class='ocrx_word' id='word_1_601' title='bbox 2970 4374 3071 4431; x_wconf 91' lang='lat' dir='ltr'><strong>fuit</strong></span> <span class='ocrx_word' id='word_1_602' title='bbox 3098 4374 3398 4432; x_wconf 89' lang='lat' dir='ltr'><strong>substantia</strong></span> <span class='ocrx_word' id='word_1_603' title='bbox 3414 4378 3541 4434; x_wconf 88' lang='lat' dir='ltr'><strong>lidci</strong></span> 
     </span>
    </p>
   </div>
   <div class='ocr_carea' id='block_1_81' title="bbox 249 4424 3543 4540">
    <p class='ocr_par' dir='ltr' id='par_1_81' title="bbox 249 4424 3543 4540">
     <span class='ocr_line' id='line_1_82' title="bbox 249 4424 3543 4540; baseline 0.001 -19"><span class='ocrx_word' id='word_1_604' title='bbox 249 4424 435 4521; x_wconf 45' lang='lat' dir='ltr'><strong>iam.</strong></span> <span class='ocrx_word' id='word_1_605' title='bbox 476 4424 715 4535; x_wconf 16' lang='lat' dir='ltr'><strong>gratiam?</strong></span> <span class='ocrx_word' id='word_1_606' title='bbox 750 4424 1008 4535; x_wconf 74' lang='lat' dir='ltr'><strong>planioris</strong></span> <span class='ocrx_word' id='word_1_607' title='bbox 1036 4424 1321 4522; x_wconf 45' lang='lat' dir='ltr'><strong>meum;</strong></span> <span class='ocrx_word' id='word_1_608' title='bbox 1338 4424 1590 4523; x_wconf 54' lang='lat' dir='ltr'><strong>aratione</strong></span> <span class='ocrx_word' id='word_1_609' title='bbox 1623 4424 1845 4540; x_wconf 46' lang='lat' dir='ltr'><strong>seria};</strong></span> <span class='ocrx_word' id='word_1_610' title='bbox 1874 4424 1925 4485; x_wconf 71' lang='grc' dir='ltr'>θ</span> <span class='ocrx_word' id='word_1_611' title='bbox 1948 4424 2397 4539; x_wconf 42' lang='lat' dir='ltr'><strong>Enimn};</strong></span> <span class='ocrx_word' id='word_1_612' title='bbox 2418 4466 2725 4537; x_wconf 86' lang='lat' dir='ltr'><strong>temporali.</strong></span> <span class='ocrx_word' id='word_1_613' title='bbox 2746 4424 3054 4523; x_wconf 57' lang='lat' dir='ltr'><strong>laudabilis</strong></span> <span class='ocrx_word' id='word_1_614' title='bbox 3094 4466 3260 4536; x_wconf 90' lang='lat' dir='ltr'><strong>igitur</strong></span> <span class='ocrx_word' id='word_1_615' title='bbox 3287 4467 3543 4524; x_wconf 73' lang='lat' dir='ltr'><strong>Zachzeus</strong></span> 
     </span>
    </p>
   </div>
   <div class='ocr_carea' id='block_1_82' title="bbox 251 4555 3537 4631">
    <p class='ocr_par' dir='ltr' id='par_1_82' title="bbox 251 4555 3537 4631">
     <span class='ocr_line' id='line_1_83' title="bbox 251 4555 3537 4631; baseline 0.001 -21"><span class='ocrx_word' id='word_1_616' title='bbox 251 4571 406 4623; x_wconf 75' lang='lat' dir='ltr'><strong>rere;</strong></span> <span class='ocrx_word' id='word_1_617' title='bbox 443 4558 604 4613; x_wconf 83' lang='lat' dir='ltr'><strong>etiam</strong></span> <span class='ocrx_word' id='word_1_618' title='bbox 651 4558 924 4628; x_wconf 89' lang='lat' dir='ltr'><strong>copiosius</strong></span> <span class='ocrx_word' id='word_1_619' title='bbox 951 4573 1070 4613; x_wconf 87' lang='lat' dir='ltr'><strong>esse</strong></span> <span class='ocrx_word' id='word_1_620' title='bbox 1092 4559 1145 4614; x_wconf 92' lang='lat' dir='ltr'><strong>in</strong></span> <span class='ocrx_word' id='word_1_621' title='bbox 1186 4558 1344 4616; x_wconf 89' lang='lat' dir='ltr'><strong>laude</strong></span> <span class='ocrx_word' id='word_1_622' title='bbox 1367 4560 1557 4631; x_wconf 90' lang='lat' dir='ltr'><strong>ipsius,</strong></span> <span class='ocrx_word' id='word_1_623' title='bbox 1587 4563 1841 4631; x_wconf 86' lang='lat' dir='ltr'><strong>quoniam</strong></span> <span class='ocrx_word' id='word_1_624' title='bbox 1946 4567 2051 4626; x_wconf 87' lang='lat' dir='ltr'><strong>est,</strong></span> <span class='ocrx_word' id='word_1_625' title='bbox 2068 4559 2194 4629; x_wconf 90' lang='lat' dir='ltr'><strong>quia</strong></span> <span class='ocrx_word' id='word_1_626' title='bbox 2220 4558 2413 4614; x_wconf 88' lang='lat' dir='ltr'><strong>divites</strong></span> <span class='ocrx_word' id='word_1_627' title='bbox 2441 4573 2472 4614; x_wconf 88' lang='lat' dir='ltr'><strong>a</strong></span> <span class='ocrx_word' id='word_1_628' title='bbox 2500 4558 2652 4627; x_wconf 88' lang='lat' dir='ltr'><strong>regni</strong></span> <span class='ocrx_word' id='word_1_629' title='bbox 2681 4557 2919 4615; x_wconf 76' lang='lat' dir='ltr'><strong>ctelestis</strong></span> <span class='ocrx_word' id='word_1_630' title='bbox 2946 4555 3119 4628; x_wconf 89' lang='lat' dir='ltr'><strong>gloria</strong></span> <span class='ocrx_word' id='word_1_631' title='bbox 3164 4556 3537 4624; x_wconf 89' lang='lat' dir='ltr'><strong>secluduntur,</strong></span> 
     </span>
    </p>
   </div>
   <div class='ocr_carea' id='block_1_83' title="bbox 250 4646 3543 4718">
    <p class='ocr_par' dir='ltr' id='par_1_83' title="bbox 250 4646 3543 4718">
     <span class='ocr_line' id='line_1_84' title="bbox 250 4646 3543 4718; baseline 0.001 -18"><span class='ocrx_word' id='word_1_632' title='bbox 250 4646 370 4715; x_wconf 87' lang='lat' dir='ltr'><strong>ipse</strong></span> <span class='ocrx_word' id='word_1_633' title='bbox 396 4647 451 4701; x_wconf 92' lang='lat' dir='ltr'><strong>in</strong></span> <span class='ocrx_word' id='word_1_634' title='bbox 473 4662 622 4702; x_wconf 91' lang='lat' dir='ltr'><strong>suam</strong></span> <span class='ocrx_word' id='word_1_635' title='bbox 648 4648 857 4703; x_wconf 78' lang='lat' dir='ltr'><strong>exstitit</strong></span> <span class='ocrx_word' id='word_1_636' title='bbox 878 4648 1114 4704; x_wconf 89' lang='lat' dir='ltr'><strong>liberalis</strong></span> <span class='ocrx_word' id='word_1_637' title='bbox 1132 4651 1379 4706; x_wconf 90' lang='lat' dir='ltr'><strong>salutem.</strong></span> <span class='ocrx_word' id='word_1_638' title='bbox 1411 4652 1542 4718; x_wconf 83' lang='lat' dir='ltr'><strong>Quis</strong></span> <span class='ocrx_word' id='word_1_639' title='bbox 1564 4654 1705 4708; x_wconf 90' lang='lat' dir='ltr'><strong>enim</strong></span> <span class='ocrx_word' id='word_1_640' title='bbox 1734 4670 1842 4710; x_wconf 91' lang='lat' dir='ltr'><strong>non</strong></span> <span class='ocrx_word' id='word_1_641' title='bbox 1946 4649 2161 4706; x_wconf 88' lang='lat' dir='ltr'><strong>dicente</strong></span> <span class='ocrx_word' id='word_1_642' title='bbox 2188 4650 2418 4706; x_wconf 91' lang='lat' dir='ltr'><strong>Domino</strong></span> <span class='ocrx_word' id='word_1_643' title='bbox 2466 4666 2481 4704; x_wconf 89' lang='lat'><strong>:</strong></span> <span class='ocrx_word' id='word_1_644' title='bbox 2523 4647 2759 4705; x_wconf 81' lang='lat' dir='ltr'><strong>Facilius</strong></span> <span class='ocrx_word' id='word_1_645' title='bbox 2788 4659 2865 4704; x_wconf 85' lang='lat' dir='ltr'><strong>est</strong></span> <span class='ocrx_word' id='word_1_646' title='bbox 2897 4648 3151 4705; x_wconf 74' lang='lat' dir='ltr'><strong>cautelam</strong></span> <span class='ocrx_word' id='word_1_647' title='bbox 3179 4650 3406 4703; x_wconf 83' lang='lat' dir='ltr'><strong>transire</strong></span> <span class='ocrx_word' id='word_1_648' title='bbox 3448 4664 3543 4718; x_wconf 84' lang='lat' dir='ltr'><strong>per</strong></span> 
     </span>
    </p>
   </div>
   <div class='ocr_carea' id='block_1_84' title="bbox 254 4738 3538 4813">
    <p class='ocr_par' dir='ltr' id='par_1_84' title="bbox 254 4738 3538 4813">
     <span class='ocr_line' id='line_1_85' title="bbox 254 4738 3538 4813; baseline 0 -19"><span class='ocrx_word' id='word_1_649' title='bbox 254 4739 530 4795; x_wconf 87' lang='lat' dir='ltr'><strong>collaudet</strong></span> <span class='ocrx_word' id='word_1_650' title='bbox 566 4738 838 4795; x_wconf 88' lang='lat' dir='ltr'><strong>hominem</strong></span> <span class='ocrx_word' id='word_1_651' title='bbox 884 4741 975 4809; x_wconf 90' lang='lat' dir='ltr'><strong>qui</strong></span> <span class='ocrx_word' id='word_1_652' title='bbox 1006 4742 1183 4811; x_wconf 90' lang='lat' dir='ltr'><strong>potuit</strong></span> <span class='ocrx_word' id='word_1_653' title='bbox 1226 4742 1441 4799; x_wconf 88' lang='lat' dir='ltr'><strong>divitias</strong></span> <span class='ocrx_word' id='word_1_654' title='bbox 1466 4759 1593 4798; x_wconf 84' lang='lat' dir='ltr'><strong>suas</strong></span> <span class='ocrx_word' id='word_1_655' title='bbox 1630 4744 1848 4799; x_wconf 90' lang='lat' dir='ltr'><strong>sibimet</strong></span> <span class='ocrx_word' id='word_1_656' title='bbox 1942 4742 2183 4812; x_wconf 70' lang='lat' dir='ltr'><strong>foramen</strong></span> <span class='ocrx_word' id='word_1_657' title='bbox 2196 4757 2512 4813; x_wconf 84' lang='lat' dir='ltr'><strong>acus,qttam</strong></span> <span class='ocrx_word' id='word_1_658' title='bbox 2536 4741 2742 4795; x_wconf 84' lang='lat' dir='ltr'><strong>divitem</strong></span> <span class='ocrx_word' id='word_1_659' title='bbox 2756 4743 2809 4795; x_wconf 85' lang='lat' dir='ltr'><strong>in</strong></span> <span class='ocrx_word' id='word_1_660' title='bbox 2831 4758 3043 4811; x_wconf 86' lang='lat' dir='ltr'><strong>regnum</strong></span> <span class='ocrx_word' id='word_1_661' title='bbox 3060 4740 3299 4795; x_wconf 67' lang='lat' dir='ltr'><strong>calorum</strong></span> <span class='ocrx_word' id='word_1_662' title='bbox 3321 4739 3538 4810; x_wconf 76' lang='lat' dir='ltr'><strong>(Matth.</strong></span> 
     </span>
    </p>
   </div>
   <div class='ocr_carea' id='block_1_85' title="bbox 250 4830 3541 4911">
    <p class='ocr_par' dir='ltr' id='par_1_85' title="bbox 250 4830 3541 4911">
     <span class='ocr_line' id='line_1_86' title="bbox 250 4830 3541 4911; baseline -0.001 -23"><span class='ocrx_word' id='word_1_663' title='bbox 250 4832 583 4899; x_wconf 88' lang='lat' dir='ltr'><strong>condonare,</strong></span> <span class='ocrx_word' id='word_1_664' title='bbox 606 4840 663 4887; x_wconf 89' lang='lat' dir='ltr'><strong>et</strong></span> <span class='ocrx_word' id='word_1_665' title='bbox 684 4832 996 4903; x_wconf 86' lang='lat' dir='ltr'><strong>temporalis</strong></span> <span class='ocrx_word' id='word_1_666' title='bbox 1024 4843 1217 4911; x_wconf 80' lang='lat' dir='ltr'><strong>census</strong></span> <span class='ocrx_word' id='word_1_667' title='bbox 1242 4833 1483 4889; x_wconf 89' lang='lat' dir='ltr'><strong>dominio</strong></span> <span class='ocrx_word' id='word_1_668' title='bbox 1506 4833 1844 4890; x_wconf 86' lang='lat' dir='ltr'><strong>dominatum</strong></span> <span class='ocrx_word' id='word_1_669' title='bbox 1945 4830 2081 4900; x_wconf 75' lang='lat' dir='ltr'><strong>six).</strong></span> <span class='ocrx_word' id='word_1_670' title='bbox 2113 4830 2213 4886; x_wconf 78' lang='lat' dir='ltr'><strong>ilic</strong></span> <span class='ocrx_word' id='word_1_671' title='bbox 2232 4846 2331 4902; x_wconf 91' lang='lat' dir='ltr'><strong>per</strong></span> <span class='ocrx_word' id='word_1_672' title='bbox 2357 4831 2502 4901; x_wconf 88' lang='lat' dir='ltr'><strong>ipsas</strong></span> <span class='ocrx_word' id='word_1_673' title='bbox 2525 4830 2742 4888; x_wconf 90' lang='lat' dir='ltr'><strong>divitias</strong></span> <span class='ocrx_word' id='word_1_674' title='bbox 2786 4832 2991 4887; x_wconf 88' lang='lat' dir='ltr'><strong>intrare</strong></span> <span class='ocrx_word' id='word_1_675' title='bbox 3019 4830 3330 4901; x_wconf 86' lang='lat' dir='ltr'><strong>properavit</strong></span> <span class='ocrx_word' id='word_1_676' title='bbox 3358 4831 3412 4885; x_wconf 93' lang='lat' dir='ltr'><strong>in</strong></span> <span class='ocrx_word' id='word_1_677' title='bbox 3451 4846 3541 4886; x_wconf 75' lang='lat' dir='ltr'><strong>re-</strong></span> 
     </span>
    </p>
   </div>
   <div class='ocr_carea' id='block_1_86' title="bbox 250 4918 3540 4995">
    <p class='ocr_par' dir='ltr' id='par_1_86' title="bbox 250 4918 3540 4995">
     <span class='ocr_line' id='line_1_87' title="bbox 250 4918 3540 4995; baseline -0 -17"><span class='ocrx_word' id='word_1_678' title='bbox 250 4924 356 4978; x_wconf 89' lang='lat' dir='ltr'><strong>sibi</strong></span> <span class='ocrx_word' id='word_1_679' title='bbox 384 4923 664 4992; x_wconf 88' lang='lat' dir='ltr'><strong>acquirere</strong></span> <span class='ocrx_word' id='word_1_680' title='bbox 712 4918 1288 4993; x_wconf 78' lang='lat' dir='ltr'><strong>sempiternum?Sibi,</strong></span> <span class='ocrx_word' id='word_1_681' title='bbox 1335 4925 1551 4995; x_wconf 87' lang='lat' dir='ltr'><strong>inquam</strong></span> <span class='ocrx_word' id='word_1_682' title='bbox 1576 4966 1592 4993; x_wconf 96' lang='lat'><strong>,</strong></span> <span class='ocrx_word' id='word_1_683' title='bbox 1641 4924 1846 4982; x_wconf 87' lang='lat' dir='ltr'><strong>donare</strong></span> <span class='ocrx_word' id='word_1_684' title='bbox 1946 4937 2132 4993; x_wconf 84' lang='lat' dir='ltr'><strong>gnum,</strong></span> <span class='ocrx_word' id='word_1_685' title='bbox 2163 4930 2219 4978; x_wconf 90' lang='lat' dir='ltr'><strong>et</strong></span> <span class='ocrx_word' id='word_1_686' title='bbox 2239 4938 2338 4993; x_wconf 88' lang='lat' dir='ltr'><strong>per</strong></span> <span class='ocrx_word' id='word_1_687' title='bbox 2362 4921 2510 4976; x_wconf 89' lang='lat' dir='ltr'><strong>illam</strong></span> <span class='ocrx_word' id='word_1_688' title='bbox 2529 4922 2673 4977; x_wconf 87' lang='lat' dir='ltr'><strong>viam</strong></span> <span class='ocrx_word' id='word_1_689' title='bbox 2704 4930 2760 4978; x_wconf 89' lang='lat' dir='ltr'><strong>et</strong></span> <span class='ocrx_word' id='word_1_690' title='bbox 2786 4930 3067 4991; x_wconf 87' lang='lat' dir='ltr'><strong>angustam</strong></span> <span class='ocrx_word' id='word_1_691' title='bbox 3095 4937 3224 4977; x_wconf 89' lang='lat' dir='ltr'><strong>acus</strong></span> <span class='ocrx_word' id='word_1_692' title='bbox 3252 4937 3540 4977; x_wconf 89' lang='lat' dir='ltr'><strong>cavernam</strong></span> 
     </span>
    </p>
   </div>
   <div class='ocr_carea' id='block_1_87' title="bbox 249 5012 3542 5085">
    <p class='ocr_par' dir='ltr' id='par_1_87' title="bbox 249 5012 3542 5085">
     <span class='ocr_line' id='line_1_88' title="bbox 249 5012 3542 5085; baseline 0 -16"><span class='ocrx_word' id='word_1_693' title='bbox 249 5014 469 5069; x_wconf 86' lang='lat' dir='ltr'><strong>divitias</strong></span> <span class='ocrx_word' id='word_1_694' title='bbox 496 5030 621 5069; x_wconf 89' lang='lat' dir='ltr'><strong>suas</strong></span> <span class='ocrx_word' id='word_1_695' title='bbox 646 5031 661 5068; x_wconf 90' lang='lat'><strong>:</strong></span> <span class='ocrx_word' id='word_1_696' title='bbox 702 5012 937 5069; x_wconf 89' lang='lat' dir='ltr'><strong>alienum</strong></span> <span class='ocrx_word' id='word_1_697' title='bbox 964 5022 1048 5071; x_wconf 89' lang='lat' dir='ltr'><strong>est</strong></span> <span class='ocrx_word' id='word_1_698' title='bbox 1074 5016 1219 5071; x_wconf 91' lang='lat' dir='ltr'><strong>enim</strong></span> <span class='ocrx_word' id='word_1_699' title='bbox 1246 5015 1393 5085; x_wconf 88' lang='lat' dir='ltr'><strong>quod</strong></span> <span class='ocrx_word' id='word_1_700' title='bbox 1420 5016 1699 5081; x_wconf 87' lang='lat' dir='ltr'><strong>habemus,</strong></span> <span class='ocrx_word' id='word_1_701' title='bbox 1733 5032 1841 5073; x_wconf 93' lang='lat' dir='ltr'><strong>non</strong></span> <span class='ocrx_word' id='word_1_702' title='bbox 1946 5024 2189 5072; x_wconf 91' lang='lat' dir='ltr'><strong>tortuosa</strong></span> <span class='ocrx_word' id='word_1_703' title='bbox 2214 5014 2578 5071; x_wconf 89' lang='lat' dir='ltr'><strong>membrorum</strong></span> <span class='ocrx_word' id='word_1_704' title='bbox 2599 5015 2742 5071; x_wconf 90' lang='lat' dir='ltr'><strong>mole</strong></span> <span class='ocrx_word' id='word_1_705' title='bbox 2768 5015 3021 5079; x_wconf 90' lang='lat' dir='ltr'><strong>transire,</strong></span> <span class='ocrx_word' id='word_1_706' title='bbox 3044 5022 3100 5070; x_wconf 90' lang='lat' dir='ltr'><strong>et</strong></span> <span class='ocrx_word' id='word_1_707' title='bbox 3135 5014 3281 5083; x_wconf 91' lang='lat' dir='ltr'><strong>quod</strong></span> <span class='ocrx_word' id='word_1_708' title='bbox 3326 5014 3446 5070; x_wconf 89' lang='lat' dir='ltr'><strong>aliis</strong></span> <span class='ocrx_word' id='word_1_709' title='bbox 3472 5013 3542 5070; x_wconf 85' lang='lat' dir='ltr'><strong>ad</strong></span> 
     </span>
    </p>
   </div>
   <div class='ocr_carea' id='block_1_88' title="bbox 248 5104 3542 5181">
    <p class='ocr_par' dir='ltr' id='par_1_88' title="bbox 248 5104 3542 5181">
     <span class='ocr_line' id='line_1_89' title="bbox 248 5104 3542 5181; baseline 0.001 -22"><span class='ocrx_word' id='word_1_710' title='bbox 248 5112 627 5173; x_wconf 85' lang='lat' dir='ltr'><strong>competenter</strong></span> <span class='ocrx_word' id='word_1_711' title='bbox 647 5106 848 5160; x_wconf 90' lang='lat' dir='ltr'><strong>utimur</strong></span> <span class='ocrx_word' id='word_1_712' title='bbox 870 5105 939 5160; x_wconf 85' lang='lat' dir='ltr'><strong>ad</strong></span> <span class='ocrx_word' id='word_1_713' title='bbox 959 5105 1190 5161; x_wconf 87' lang='lat' dir='ltr'><strong>salutem</strong></span> <span class='ocrx_word' id='word_1_714' title='bbox 1214 5123 1228 5159; x_wconf 91' lang='lat'><strong>:</strong></span> <span class='ocrx_word' id='word_1_715' title='bbox 1257 5107 1505 5176; x_wconf 88' lang='lat' dir='ltr'><strong>quamvis</strong></span> <span class='ocrx_word' id='word_1_716' title='bbox 1532 5108 1674 5163; x_wconf 90' lang='lat' dir='ltr'><strong>enim</strong></span> <span class='ocrx_word' id='word_1_717' title='bbox 1696 5107 1842 5180; x_wconf 89' lang='lat' dir='ltr'><strong>quod</strong></span> <span class='ocrx_word' id='word_1_718' title='bbox 1942 5109 2237 5181; x_wconf 87' lang='lat' dir='ltr'><strong>perniciem</strong></span> <span class='ocrx_word' id='word_1_719' title='bbox 2281 5108 2554 5178; x_wconf 84' lang='lat' dir='ltr'><strong>objeetum</strong></span> <span class='ocrx_word' id='word_1_720' title='bbox 2580 5114 2683 5173; x_wconf 86' lang='lat' dir='ltr'><strong>est,</strong></span> <span class='ocrx_word' id='word_1_721' title='bbox 2714 5106 2880 5179; x_wconf 63' lang='lat'><strong>655</strong></span> <span class='ocrx_word' id='word_1_722' title='bbox 2907 5106 3033 5161; x_wconf 88' lang='lat' dir='ltr'><strong>huic</strong></span> <span class='ocrx_word' id='word_1_723' title='bbox 3060 5104 3263 5176; x_wconf 89' lang='lat' dir='ltr'><strong>profuit</strong></span> <span class='ocrx_word' id='word_1_724' title='bbox 3301 5105 3371 5160; x_wconf 84' lang='lat' dir='ltr'><strong>ad</strong></span> <span class='ocrx_word' id='word_1_725' title='bbox 3398 5104 3542 5162; x_wconf 86' lang='lat' dir='ltr'><strong>salu-</strong></span> 
     </span>
    </p>
   </div>
   <div class='ocr_carea' id='block_1_89' title="bbox 324 5234 1843 5307">
    <p class='ocr_par' dir='ltr' id='par_1_89' title="bbox 324 5234 1843 5307">
     <span class='ocr_line' id='line_1_90' title="bbox 324 5234 1843 5307; baseline 0.001 -16"><span class='ocrx_word' id='word_1_726' title='bbox 324 5239 341 5269; x_wconf 84' lang='grc'>¹</span> <span class='ocrx_word' id='word_1_727' title='bbox 382 5235 613 5303; x_wconf 84' lang='lat' dir='ltr'><strong>Sanctus</strong></span> <span class='ocrx_word' id='word_1_728' title='bbox 639 5235 904 5291; x_wconf 75' lang='lat' dir='ltr'><strong>Maximus</strong></span> <span class='ocrx_word' id='word_1_729' title='bbox 926 5243 1145 5291; x_wconf 89' lang='lat' dir='ltr'><strong>secutus</strong></span> <span class='ocrx_word' id='word_1_730' title='bbox 1163 5234 1375 5291; x_wconf 91' lang='lat' dir='ltr'><strong>videtur</strong></span> <span class='ocrx_word' id='word_1_731' title='bbox 1402 5236 1617 5292; x_wconf 88' lang='lat' dir='ltr'><strong>illorum</strong></span> <span class='ocrx_word' id='word_1_732' title='bbox 1638 5236 1843 5307; x_wconf 91' lang='lat' dir='ltr'><strong>opinio-</strong></span> 
     </span>
    </p>
   </div>
   <div class='ocr_carea' id='block_1_90' title="bbox 248 5307 1841 5376">
    <p class='ocr_par' dir='ltr' id='par_1_90' title="bbox 248 5307 1841 5376">
     <span class='ocr_line' id='line_1_91' title="bbox 248 5307 1841 5376; baseline -0.001 -14"><span class='ocrx_word' id='word_1_733' title='bbox 248 5323 379 5362; x_wconf 86' lang='lat' dir='ltr'><strong>nem</strong></span> <span class='ocrx_word' id='word_1_734' title='bbox 405 5308 497 5376; x_wconf 88' lang='lat' dir='ltr'><strong>qui</strong></span> <span class='ocrx_word' id='word_1_735' title='bbox 520 5307 776 5361; x_wconf 89' lang='lat' dir='ltr'><strong>mundum</strong></span> <span class='ocrx_word' id='word_1_736' title='bbox 802 5314 1011 5376; x_wconf 89' lang='lat' dir='ltr'><strong>septem</strong></span> <span class='ocrx_word' id='word_1_737' title='bbox 1038 5321 1304 5376; x_wconf 88' lang='lat' dir='ltr'><strong>annorum</strong></span> <span class='ocrx_word' id='word_1_738' title='bbox 1332 5307 1498 5362; x_wconf 90' lang='lat' dir='ltr'><strong>millia</strong></span> <span class='ocrx_word' id='word_1_739' title='bbox 1525 5307 1841 5376; x_wconf 82' lang='lat' dir='ltr'><strong>duraturum</strong></span> 
     </span>
    </p>
   </div>
   <div class='ocr_carea' id='block_1_91' title="bbox 248 5375 1846 5447">
    <p class='ocr_par' dir='ltr' id='par_1_91' title="bbox 248 5375 1846 5447">
     <span class='ocr_line' id='line_1_92' title="bbox 248 5375 1846 5447; baseline -0.001 -15"><span class='ocrx_word' id='word_1_740' title='bbox 248 5378 465 5447; x_wconf 90' lang='lat' dir='ltr'><strong>opinati</strong></span> <span class='ocrx_word' id='word_1_741' title='bbox 494 5386 637 5432; x_wconf 89' lang='lat' dir='ltr'><strong>sunt.</strong></span> <span class='ocrx_word' id='word_1_742' title='bbox 663 5375 939 5445; x_wconf 82' lang='lat' dir='ltr'><strong>Legebant</strong></span> <span class='ocrx_word' id='word_1_743' title='bbox 966 5378 1110 5431; x_wconf 92' lang='lat' dir='ltr'><strong>enim</strong></span> <span class='ocrx_word' id='word_1_744' title='bbox 1150 5375 1293 5446; x_wconf 87' lang='lat' dir='ltr'><strong>apud</strong></span> <span class='ocrx_word' id='word_1_745' title='bbox 1319 5377 1501 5432; x_wconf 89' lang='lat' dir='ltr'><strong>divum</strong></span> <span class='ocrx_word' id='word_1_746' title='bbox 1530 5375 1754 5431; x_wconf 88' lang='lat' dir='ltr'><strong>Paulum</strong></span> <span class='ocrx_word' id='word_1_747' title='bbox 1776 5377 1846 5432; x_wconf 85' lang='lat' dir='ltr'><strong>ad</strong></span> 
     </span>
    </p>
   </div>
   <div class='ocr_carea' id='block_1_92' title="bbox 249 5447 1850 5517">
    <p class='ocr_par' dir='ltr' id='par_1_92' title="bbox 249 5447 1850 5517">
     <span class='ocr_line' id='line_1_93' title="bbox 249 5447 1850 5517; baseline 0.001 -16"><span class='ocrx_word' id='word_1_748' title='bbox 249 5447 394 5502; x_wconf 82' lang='lat' dir='ltr'><strong>lleb.</strong></span> <span class='ocrx_word' id='word_1_749' title='bbox 418 5463 538 5517; x_wconf 83' lang='lat' dir='ltr'><strong>cap.</strong></span> <span class='ocrx_word' id='word_1_750' title='bbox 564 5464 616 5501; x_wconf 85' lang='lat' dir='ltr'><strong>Iv</strong></span> <span class='ocrx_word' id='word_1_751' title='bbox 639 5447 924 5501; x_wconf 90' lang='lat' dir='ltr'><strong>Dominum</strong></span> <span class='ocrx_word' id='word_1_752' title='bbox 954 5455 1293 5516; x_wconf 89' lang='lat' dir='ltr'><strong>sumpturum</strong></span> <span class='ocrx_word' id='word_1_753' title='bbox 1322 5449 1558 5517; x_wconf 87' lang='lat' dir='ltr'><strong>requiem</strong></span> <span class='ocrx_word' id='word_1_754' title='bbox 1590 5456 1712 5516; x_wconf 90' lang='lat' dir='ltr'><strong>post</strong></span> <span class='ocrx_word' id='word_1_755' title='bbox 1730 5462 1850 5517; x_wconf 83' lang='lat' dir='ltr'><strong>sep—</strong></span> 
     </span>
    </p>
   </div>
   <div class='ocr_carea' id='block_1_93' title="bbox 251 5516 1845 5586">
    <p class='ocr_par' dir='ltr' id='par_1_93' title="bbox 251 5516 1845 5586">
     <span class='ocr_line' id='line_1_94' title="bbox 251 5516 1845 5586; baseline 0.001 -16"><span class='ocrx_word' id='word_1_756' title='bbox 251 5520 445 5571; x_wconf 89' lang='lat' dir='ltr'><strong>timum</strong></span> <span class='ocrx_word' id='word_1_757' title='bbox 473 5516 637 5581; x_wconf 87' lang='lat' dir='ltr'><strong>diem,</strong></span> <span class='ocrx_word' id='word_1_758' title='bbox 667 5532 775 5585; x_wconf 92' lang='lat' dir='ltr'><strong>quo</strong></span> <span class='ocrx_word' id='word_1_759' title='bbox 804 5517 1052 5571; x_wconf 87' lang='lat' dir='ltr'><strong>universa</strong></span> <span class='ocrx_word' id='word_1_760' title='bbox 1082 5532 1248 5586; x_wconf 89' lang='lat' dir='ltr'><strong>opera</strong></span> <span class='ocrx_word' id='word_1_761' title='bbox 1288 5516 1406 5585; x_wconf 88' lang='lat' dir='ltr'><strong>ejus</strong></span> <span class='ocrx_word' id='word_1_762' title='bbox 1433 5516 1845 5571; x_wconf 81' lang='lat' dir='ltr'><strong>concludentur.</strong></span> 
     </span>
    </p>
   </div>
   <div class='ocr_carea' id='block_1_94' title="bbox 250 5587 1843 5656">
    <p class='ocr_par' dir='ltr' id='par_1_94' title="bbox 250 5587 1843 5656">
     <span class='ocr_line' id='line_1_95' title="bbox 250 5587 1843 5656; baseline -0.001 -13"><span class='ocrx_word' id='word_1_763' title='bbox 250 5587 382 5643; x_wconf 86' lang='lat' dir='ltr'><strong>Dies</strong></span> <span class='ocrx_word' id='word_1_764' title='bbox 403 5595 581 5642; x_wconf 87' lang='lat' dir='ltr'><strong>autem</strong></span> <span class='ocrx_word' id='word_1_765' title='bbox 612 5588 753 5651; x_wconf 91' lang='lat' dir='ltr'><strong>illos,</strong></span> <span class='ocrx_word' id='word_1_766' title='bbox 784 5603 1013 5656; x_wconf 91' lang='lat' dir='ltr'><strong>quorum</strong></span> <span class='ocrx_word' id='word_1_767' title='bbox 1036 5588 1245 5641; x_wconf 89' lang='lat' dir='ltr'><strong>initium</strong></span> <span class='ocrx_word' id='word_1_768' title='bbox 1274 5602 1306 5640; x_wconf 91' lang='lat' dir='ltr'><strong>a</strong></span> <span class='ocrx_word' id='word_1_769' title='bbox 1336 5588 1612 5641; x_wconf 90' lang='lat' dir='ltr'><strong>creatione</strong></span> <span class='ocrx_word' id='word_1_770' title='bbox 1640 5588 1843 5651; x_wconf 90' lang='lat' dir='ltr'><strong>mundi,</strong></span> 
     </span>
    </p>
   </div>
   <div class='ocr_carea' id='block_1_95' title="bbox 250 5657 1845 5736">
    <p class='ocr_par' dir='ltr' id='par_1_95' title="bbox 250 5657 1845 5736">
     <span class='ocr_line' id='line_1_96' title="bbox 250 5657 1845 5736; baseline 0 -25"><span class='ocrx_word' id='word_1_771' title='bbox 250 5673 359 5727; x_wconf 90' lang='lat' dir='ltr'><strong>pro</strong></span> <span class='ocrx_word' id='word_1_772' title='bbox 402 5658 955 5736; x_wconf 74' lang='lat' dir='ltr'><strong>annoruiii_millibus</strong></span> <span class='ocrx_word' id='word_1_773' title='bbox 999 5657 1345 5736; x_wconf 73' lang='lat' dir='ltr'><strong>accipientes,</strong></span> <span class='ocrx_word' id='word_1_774' title='bbox 1402 5672 1509 5736; x_wconf 76' lang='lat' dir='ltr'><strong>non</strong></span> <span class='ocrx_word' id='word_1_775' title='bbox 1552 5657 1845 5736; x_wconf 75' lang='lat' dir='ltr'><strong>ultra_h:ic</strong></span> 
     </span>
    </p>
   </div>
   <div class='ocr_carea' id='block_1_96' title="bbox 251 5727 1843 5800">
    <p class='ocr_par' dir='ltr' id='par_1_96' title="bbox 251 5727 1843 5800">
     <span class='ocr_line' id='line_1_97' title="bbox 251 5727 1843 5800; baseline -0.001 -18"><span class='ocrx_word' id='word_1_776' title='bbox 251 5728 525 5793; x_wconf 73' lang='lat' dir='ltr'><strong>temporis</strong></span> <span class='ocrx_word' id='word_1_777' title='bbox 562 5728 796 5800; x_wconf 86' lang='lat' dir='ltr'><strong>spatium</strong></span> <span class='ocrx_word' id='word_1_778' title='bbox 826 5730 972 5784; x_wconf 90' lang='lat' dir='ltr'><strong>orbis</strong></span> <span class='ocrx_word' id='word_1_779' title='bbox 1008 5728 1312 5783; x_wconf 83' lang='lat' dir='ltr'><strong>machinam</strong></span> <span class='ocrx_word' id='word_1_780' title='bbox 1342 5727 1660 5785; x_wconf 80' lang='lat' dir='ltr'><strong>exstituram</strong></span> <span class='ocrx_word' id='word_1_781' title='bbox 1695 5727 1843 5782; x_wconf 82' lang='lat' dir='ltr'><strong>dixe-</strong></span> 
     </span>
    </p>
   </div>
   <div class='ocr_carea' id='block_1_97' title="bbox 1945 5232 3541 5304">
    <p class='ocr_par' dir='ltr' id='par_1_97' title="bbox 1945 5232 3541 5304">
     <span class='ocr_line' id='line_1_98' title="bbox 1945 5232 3541 5304; baseline -0.005 -12"><span class='ocrx_word' id='word_1_782' title='bbox 1945 5245 2091 5292; x_wconf 89' lang='lat' dir='ltr'><strong>runt.</strong></span> <span class='ocrx_word' id='word_1_783' title='bbox 2122 5234 2323 5292; x_wconf 86' lang='lat' dir='ltr'><strong>Verum</strong></span> <span class='ocrx_word' id='word_1_784' title='bbox 2353 5234 2814 5304; x_wconf 89' lang='lat' dir='ltr'><strong>interrogantibus</strong></span> <span class='ocrx_word' id='word_1_785' title='bbox 2856 5232 3143 5289; x_wconf 87' lang='lat' dir='ltr'><strong>Dominum</strong></span> <span class='ocrx_word' id='word_1_786' title='bbox 3182 5232 3443 5304; x_wconf 90' lang='lat' dir='ltr'><strong>apostolis</strong></span> <span class='ocrx_word' id='word_1_787' title='bbox 3470 5232 3541 5287; x_wconf 84' lang='lat' dir='ltr'><strong>de</strong></span> 
     </span>
    </p>
   </div>
   <div class='ocr_carea' id='block_1_98' title="bbox 1947 5304 3540 5378">
    <p class='ocr_par' dir='ltr' id='par_1_98' title="bbox 1947 5304 3540 5378">
     <span class='ocr_line' id='line_1_99' title="bbox 1947 5304 3540 5378; baseline -0.003 -15"><span class='ocrx_word' id='word_1_788' title='bbox 1947 5315 2196 5378; x_wconf 89' lang='lat' dir='ltr'><strong>tempore</strong></span> <span class='ocrx_word' id='word_1_789' title='bbox 2223 5322 2331 5378; x_wconf 79' lang='lat' dir='ltr'><strong>quo</strong></span> <span class='ocrx_word' id='word_1_790' title='bbox 2369 5304 2762 5360; x_wconf 87' lang='lat' dir='ltr'><strong>restituendum</strong></span> <span class='ocrx_word' id='word_1_791' title='bbox 2794 5313 2941 5359; x_wconf 90' lang='lat' dir='ltr'><strong>esset</strong></span> <span class='ocrx_word' id='word_1_792' title='bbox 2968 5319 3191 5374; x_wconf 90' lang='lat' dir='ltr'><strong>regnum</strong></span> <span class='ocrx_word' id='word_1_793' title='bbox 3225 5304 3420 5378; x_wconf 89' lang='lat' dir='ltr'><strong>_lsrael,</strong></span> <span class='ocrx_word' id='word_1_794' title='bbox 3449 5318 3540 5358; x_wconf 86' lang='lat' dir='ltr'><strong>re—</strong></span> 
     </span>
    </p>
   </div>
   <div class='ocr_carea' id='block_1_99' title="bbox 1948 5374 3539 5449">
    <p class='ocr_par' dir='ltr' id='par_1_99' title="bbox 1948 5374 3539 5449">
     <span class='ocr_line' id='line_1_100' title="bbox 1948 5374 3539 5449; baseline -0.005 -16"><span class='ocrx_word' id='word_1_795' title='bbox 1948 5374 2194 5449; x_wconf 76' lang='lat' dir='ltr'><strong>spondit:</strong></span> <span class='ocrx_word' id='word_1_796' title='bbox 2228 5374 2351 5432; x_wconf 87' lang='lat' dir='ltr'><strong>Non</strong></span> <span class='ocrx_word' id='word_1_797' title='bbox 2370 5385 2447 5430; x_wconf 87' lang='lat' dir='ltr'><strong>est</strong></span> <span class='ocrx_word' id='word_1_798' title='bbox 2467 5385 2686 5449; x_wconf 72' lang='lat' dir='ltr'><strong>oestrum</strong></span> <span class='ocrx_word' id='word_1_799' title='bbox 2704 5389 2855 5429; x_wconf 84' lang='lat' dir='ltr'><strong>nosse</strong></span> <span class='ocrx_word' id='word_1_800' title='bbox 2882 5384 3135 5449; x_wconf 81' lang='lat' dir='ltr'><strong>tempora,</strong></span> <span class='ocrx_word' id='word_1_801' title='bbox 3156 5374 3235 5428; x_wconf 81' lang='lat' dir='ltr'><strong>vel</strong></span> <span class='ocrx_word' id='word_1_802' title='bbox 3256 5382 3539 5449; x_wconf 64' lang='lat' dir='ltr'><strong>momenta,</strong></span> 
     </span>
    </p>
   </div>
   <div class='ocr_carea' id='block_1_100' title="bbox 1946 5442 3541 5523">
    <p class='ocr_par' dir='ltr' id='par_1_100' title="bbox 1946 5442 3541 5523">
     <span class='ocr_line' id='line_1_101' title="bbox 1946 5442 3541 5523; baseline -0.005 -20"><span class='ocrx_word' id='word_1_803' title='bbox 1946 5442 2062 5519; x_wconf 67' lang='lat' dir='ltr'><strong>qius:</strong></span> <span class='ocrx_word' id='word_1_804' title='bbox 2092 5447 2259 5523; x_wconf 58' lang='lat' dir='ltr'><strong>Pater</strong></span> <span class='ocrx_word' id='word_1_805' title='bbox 2281 5448 2449 5523; x_wconf 69' lang='lat' dir='ltr'><strong>posuit</strong></span> <span class='ocrx_word' id='word_1_806' title='bbox 2476 5446 2531 5498; x_wconf 85' lang='lat' dir='ltr'><strong>in</strong></span> <span class='ocrx_word' id='word_1_807' title='bbox 2555 5461 2652 5498; x_wconf 83' lang='lat' dir='ltr'><strong>sua</strong></span> <span class='ocrx_word' id='word_1_808' title='bbox 2671 5453 2939 5523; x_wconf 76' lang='lat' dir='ltr'><strong>potestate,</strong></span> <span class='ocrx_word' id='word_1_809' title='bbox 2971 5442 3246 5523; x_wconf 26' lang='lat' dir='ltr'><strong>Anetacap.</strong></span> <span class='ocrx_word' id='word_1_810' title='bbox 3276 5459 3312 5497; x_wconf 88' lang='grc' dir='ltr'><strong>ι.</strong></span> <span class='ocrx_word' id='word_1_811' title='bbox 3352 5442 3541 5523; x_wconf 70' lang='lat' dir='ltr'><strong>Etes-</strong></span> 
     </span>
    </p>
   </div>
   <div class='ocr_carea' id='block_1_101' title="bbox 1947 5513 3536 5594">
    <p class='ocr_par' dir='ltr' id='par_1_101' title="bbox 1947 5513 3536 5594">
     <span class='ocr_line' id='line_1_102' title="bbox 1947 5513 3536 5594; baseline -0.004 -23"><span class='ocrx_word' id='word_1_812' title='bbox 1947 5513 2184 5588; x_wconf 83' lang='lat' dir='ltr'><strong>pressius</strong></span> <span class='ocrx_word' id='word_1_813' title='bbox 2212 5513 2399 5570; x_wconf 81' lang='lat' dir='ltr'><strong>Matth.</strong></span> <span class='ocrx_word' id='word_1_814' title='bbox 2425 5530 2546 5594; x_wconf 58' lang='lat' dir='ltr'><strong>cap.</strong></span> <span class='ocrx_word' id='word_1_815' title='bbox 2589 5530 2715 5569; x_wconf 82' lang='lat' dir='ltr'><strong>xxiv</strong></span> <span class='ocrx_word' id='word_1_816' title='bbox 2738 5515 2953 5594; x_wconf 68' lang='lat' dir='ltr'><strong>monuit</strong></span> <span class='ocrx_word' id='word_1_817' title='bbox 2990 5513 3249 5594; x_wconf 41' lang='lat' dir='ltr'><strong>Christus.</strong></span> <span class='ocrx_word' id='word_1_818' title='bbox 3266 5513 3536 5594; x_wconf 69' lang='lat' dir='ltr'><strong>cognitio-</strong></span> 
     </span>
    </p>
   </div>
   <div class='ocr_carea' id='block_1_102' title="bbox 1948 5581 3535 5653">
    <p class='ocr_par' dir='ltr' id='par_1_102' title="bbox 1948 5581 3535 5653">
     <span class='ocr_line' id='line_1_103' title="bbox 1948 5581 3535 5653; baseline -0.005 -11"><span class='ocrx_word' id='word_1_819' title='bbox 1948 5581 2070 5642; x_wconf 81' lang='lat' dir='ltr'><strong>nem</strong></span> <span class='ocrx_word' id='word_1_820' title='bbox 2092 5581 2574 5643; x_wconf 84' lang='lat' dir='ltr'><strong>consummationis</strong></span> <span class='ocrx_word' id='word_1_821' title='bbox 2593 5585 2773 5639; x_wconf 66' lang='lat' dir='ltr'><strong>seculi</strong></span> <span class='ocrx_word' id='word_1_822' title='bbox 2804 5593 3051 5653; x_wconf 89' lang='lat' dir='ltr'><strong>negatam</strong></span> <span class='ocrx_word' id='word_1_823' title='bbox 3077 5584 3299 5652; x_wconf 84' lang='lat' dir='ltr'><strong>angelis,</strong></span> <span class='ocrx_word' id='word_1_824' title='bbox 3327 5581 3535 5649; x_wconf 79' lang='lat' dir='ltr'><strong>solique</strong></span> 
     </span>
    </p>
   </div>
   <div class='ocr_carea' id='block_1_103' title="bbox 1948 5654 3534 5717">
    <p class='ocr_par' dir='ltr' id='par_1_103' title="bbox 1948 5654 3534 5717">
     <span class='ocr_line' id='line_1_104' title="bbox 1948 5654 3534 5717; baseline -0.004 -6"><span class='ocrx_word' id='word_1_825' title='bbox 1948 5658 2096 5712; x_wconf 88' lang='lat' dir='ltr'><strong>Patri</strong></span> <span class='ocrx_word' id='word_1_826' title='bbox 2150 5663 2477 5711; x_wconf 84' lang='lat' dir='ltr'><strong>reservatam</strong></span> <span class='ocrx_word' id='word_1_827' title='bbox 2511 5674 2524 5709; x_wconf 89' lang='lat'><strong>:</strong></span> <span class='ocrx_word' id='word_1_828' title='bbox 2558 5654 2639 5709; x_wconf 90' lang='lat' dir='ltr'><strong>De</strong></span> <span class='ocrx_word' id='word_1_829' title='bbox 2673 5655 2757 5709; x_wconf 86' lang='lat' dir='ltr'><strong>die</strong></span> <span class='ocrx_word' id='word_1_830' title='bbox 2799 5665 2971 5709; x_wconf 85' lang='lat' dir='ltr'><strong>autem</strong></span> <span class='ocrx_word' id='word_1_831' title='bbox 3015 5655 3127 5717; x_wconf 85' lang='lat' dir='ltr'><strong>illa,</strong></span> <span class='ocrx_word' id='word_1_832' title='bbox 3158 5664 3208 5707; x_wconf 93' lang='lat' dir='ltr'><strong>et</strong></span> <span class='ocrx_word' id='word_1_833' title='bbox 3236 5654 3361 5706; x_wconf 83' lang='lat' dir='ltr'><strong>liora</strong></span> <span class='ocrx_word' id='word_1_834' title='bbox 3387 5666 3534 5705; x_wconf 75' lang='lat' dir='ltr'><strong>nemo</strong></span> 
     </span>
    </p>
   </div>
   <div class='ocr_carea' id='block_1_104' title="bbox 1948 5723 3245 5798">
    <p class='ocr_par' dir='ltr' id='par_1_104' title="bbox 1948 5723 3245 5798">
     <span class='ocr_line' id='line_1_105' title="bbox 1948 5723 3245 5798; baseline -0.004 -16"><span class='ocrx_word' id='word_1_835' title='bbox 1948 5731 2064 5795; x_wconf 82' lang='lat' dir='ltr'><strong>scit,</strong></span> <span class='ocrx_word' id='word_1_836' title='bbox 2097 5744 2253 5797; x_wconf 80' lang='lat' dir='ltr'><strong>neque</strong></span> <span class='ocrx_word' id='word_1_837' title='bbox 2281 5727 2453 5798; x_wconf 83' lang='lat' dir='ltr'><strong>angeli</strong></span> <span class='ocrx_word' id='word_1_838' title='bbox 2487 5728 2748 5793; x_wconf 68' lang='lat' dir='ltr'><strong>calorum,</strong></span> <span class='ocrx_word' id='word_1_839' title='bbox 2776 5727 2875 5780; x_wconf 81' lang='lat' dir='ltr'><strong>nisi</strong></span> <span class='ocrx_word' id='word_1_840' title='bbox 2906 5726 3045 5781; x_wconf 83' lang='lat' dir='ltr'><strong>solus</strong></span> <span class='ocrx_word' id='word_1_841' title='bbox 3066 5723 3245 5778; x_wconf 78' lang='lat' dir='ltr'><strong>Pater.</strong></span> 
     </span>
    </p>
   </div>
  </div>
