4054 6194
514 280 610 336 73!

1724 267 1782 323 S.
1824 264 2082 322 MAXIM].
2103 260 2550 318 TAURINENSIS

3668 249 3777 310 ης

516 403 646 450 tem.
679 385 788 446 Sed
810 389 1100 448 acmirum
1121 384 1196 442 sit
1215 382 1360 452 quod
1397 382 1453 436 in
1478 379 1698 438 homine
1721 376 1984 434 deformia
2011 391 2098 432 ca-
2123 377 2168 436 A
2199 375 2341 430 mole
2359 375 2428 430 ad
2455 387 2742 444 supernam
2777 370 2921 427 illius
2941 368 3194 441 puritatis
3221 365 3578 424 substantiam
3609 377 3775 422 trans.

519 482 646 537 tneli
691 479 934 536 membra
955 475 1361 544 descripserim;
1391 474 1447 528 in
1475 472 1694 528 homine
1741 470 1883 525 enim
1910 465 2102 524 cameli

519 573 838 630 deformitas
882 578 985 636 est,
1032 583 1142 622 non
1168 566 1412 635 corporis
1436 560 1706 628 fmditate,
1750 561 1849 616 sed
1877 559 2100 622 mentis;

522 682 626 726 nec
653 664 867 717 habitus
913 659 1144 730 pigritia.
1176 657 1276 713 sed
1319 656 1497 713 cordis
1535 655 1764 724 ignavia.
1796 652 1927 707 Nam
1963 651 2102 704 sicut

521 755 759 810 camelus
786 753 1012 808 vitiosus
1037 758 1120 806 est
1141 747 1501 818 inaequalitate
1526 745 1888 801 membrorum
1908 782 1924 807 ,
1953 741 2025 795 ita
2047 747 2105 796 et

520 848 688 902 homo
716 843 972 900 deformis
1000 851 1082 897 est
1110 842 1402 911 asperitate
1426 846 1794 909 peccatorum.
1819 833 1934 888 Hoc
1961 833 2103 887 enim

518 935 787 1005 signiﬁcat
811 934 1072 990 Dominus
1099 930 1330 987 dicendo
1356 947 1368 982 :
1403 928 1635 984 Facilius
1661 937 1737 981 est
1765 927 1987 980 transire
2015 938 2100 980 εστ

517 1030 710 1086 metum
738 1046 829 1099 per
872 1007 1107 1099 foramen
1153 1040 1299 1089 acus,
1325 1039 1479 1094 quant
1499 1022 1705 1076 divitem
1729 1023 1927 1074 intrare
1951 1019 2004 1071 in
2031 1032 2112 1071 re.-

520 1137 683 1190 gnum
723 1119 984 1174 caelorum.
1032 1115 1147 1170 Hoc
1175 1123 1288 1180 est,
1320 1113 1539 1168 diﬂicile
1586 1119 1670 1166 est
1714 1109 1983 1180 peccatori
2012 1122 2111 1176 per

527 1211 672 1264 illam
697 1207 916 1264 arduam
939 1218 994 1261 et
1017 1213 1296 1273 angustam
1321 1204 1442 1261 vita:
1463 1201 1699 1257 cmlestis
1719 1200 1883 1266 viam,
1907 1211 2107 1267 exspo-

531 1301 656 1354 liata
712 1306 767 1353 et
817 1305 1095 1353 attenuata
1135 1295 1454 1350 delictorum
1508 1291 1797 1362 pravitate,
1852 1287 2101 1344 transire.

535 1389 698 1446 Valde
719 1391 869 1451 enim
897 1405 1031 1460 opus
1052 1389 1151 1444 erit
1175 1387 1457 1455 castigare,
1471 1393 1525 1439 et
1552 1384 1606 1438 in
1627 1382 2009 1438 sublimitatem
2027 1392 2108 1434 τεν

531 1483 712 1553 digere
729 1495 904 1537 mores
925 1496 1069 1547 suos,
1087 1495 1208 1537 cum
1228 1478 1320 1549 qui
1347 1476 1653 1534 volueritex
1666 1473 1859 1530 vitiosa
1879 1479 1934 1527 et
1957 1470 2107 1540 pigra

2203 479 2413 530 meare;
2436 463 2579 534 quod
2604 463 2706 518 nisi
2732 463 2804 517 ita
2823 460 3032 528 iecerit,
3063 469 3172 514 tam
3195 467 3446 514 onustum
3475 465 3533 513 et
3559 472 3780 527 parvum

2202 557 2400 612 animal
2440 558 2493 614 in
2523 562 2746 624 angusta
2777 553 2983 610 cmicsti
3002 560 3162 622 porta
3189 549 3430 606 offendit.
3465 548 3784 612 Laudandus

2205 663 2334 718 ergo
2360 649 2615 704 Zachazus
2661 655 2762 710 est,
2791 660 2953 714 quem
2989 645 3186 700 divitia:
3211 658 3322 696 sua:
3347 657 3380 696 a
3421 641 3580 710 regio
3605 639 3785 695 limine

2205 739 2460 809 expedire
2487 737 2707 792 minime
2728 741 3039 806 potuerunt.
3059 732 3175 788 lino
3203 730 3500 795 laudandus
3517 738 3622 794 est,
3645 729 3788 797 quod

2205 844 2328 884 eum
2349 826 2417 882 ad
2443 826 2594 896 regni
2616 826 2777 881 limen
2798 824 2998 879 divitia:
3017 822 3387 893 perduxerint.
3422 820 3574 876 Unde
3596 819 3788 876 intelli-

2203 920 2380 994 simus
2404 917 2471 972 ad
2498 910 2697 973 Christi
2735 914 3164 982 consequendam
3195 912 3418 982 gloriam
3461 927 3573 966 non
3601 909 3788 966 obesse

2209 1010 2440 1075 divitias,
2471 1009 2566 1065 sed
2603 1009 2899 1079 prodesse;
2929 1008 2974 1062 si
3003 1004 3492 1076 tamen-possidens
3519 1020 3634 1071 eas,
3681 1020 3788 1060 nou

2210 1093 2446 1157 ell‘undat
2465 1100 2533 1155 ad
2557 1101 2846 1166 lasciviam,
2874 1100 2969 1155 sed
2996 1109 3183 1168 eroget
3201 1098 3267 1154 ad
3295 1099 3547 1153 salutem.
3576 1096 3788 1154 Crimen

2210 1193 2353 1248 enim
2376 1207 2482 1246 non
2512 1199 2596 1246 est
2621 1191 2675 1245 in
2701 1187 3074 1261 facultatibus;
3103 1187 3302 1242 divitias
3329 1187 3475 1242 enim
3499 1185 3790 1254 insipienti-

2209 1281 2308 1335 bus
2328 1279 2564 1334 fomenta
2581 1286 2705 1333 sunt
2719 1278 3076 1348 improbitatis
3089 1320 3104 1343 ,
3134 1275 3467 1347 sapientibus
3485 1275 3788 1345 adiumenta

2210 1371 2462 1440 virtutis;
2517 1371 2600 1426 his
2645 1371 2863 1426 occasio
2907 1369 3094 1426 salutis
3140 1369 3320 1438 datur,
3349 1369 3456 1425 illis
3483 1368 3790 1432 scandalum

2209 1465 2525 1538 perditionis
2552 1464 2878 1534 acquiretur.

1965 1638 2232 1705 SERMO
2275 1639 2342 1704 C.

1903 1763 2036 1818 Item
2065 1762 2130 1815 de
2147 1762 2436 1830 sequentia.

520 1907 925 1964 'Anct'nns'wn.
967 1935 1038 1946 —-
1075 1901 1327 1975 Zacliams
1355 1919 1455 1975 non
1484 1899 1783 1975 dimidiu_m,_
1820 1895 1910 1975 sed
1950 1902 2116 1975 toturn
2146 1896 2189 1954 Β
2219 1893 2280 1948 Si
2309 1895 2380 1948 vis
2403 1897 2656 1967 perfectus
2683 1914 2812 1965 esse,
2843 1910 3003 1955 vende
3045 1900 3220 1955 omnia
3248 1910 3357 1970 tua,
3380 1911 3431 1956 et
3467 1903 3539 1956 da
3564 1920 3800 1975 partem

610 1977 771 2043 dedit,
802 1984 952 2044 atque
971 1990 1084 2026 cum
1108 1972 1377 2041 multiplici
1398 1987 1555 2044 usura
1584 1969 1824 2044 restituit.
1854 1963 1906 2019 Ν
1913 1965 2019 2019 abis
2069 1973 2117 2017 et

607 2038 982 2118 feneratoribus
1011 2044 1162 2113 hujus
1191 2038 1434 2111 temporis
1463 2038 1765 2093 imitandus.
2096 2069 2104 2074 -

527 2161 531 2164 i
609 2175 916 2248 Superioris
929 2172 1208 2228 dominicae
1235 2178 1464 2226 tractatu
1486 2169 1650 2225 credo
1671 2165 1864 2221 divites
1883 2177 2125 2236 quosque

544 2267 713 2324 laetari
743 2276 798 2322 et
825 2265 1082 2334 gratulari
1112 2279 1208 2318 eos
1236 2259 1430 2332 quibus
1459 2259 1768 2330 patrimonii
1796 2273 1957 2314 causa
1983 2251 2123 2328 pne-

545 2363 748 2417 elusam
778 2355 1054 2412 cmlestem
1080 2354 1298 2424 januam
1349 2352 1606 2407 Zachzeus
1641 2349 1868 2420 aperuit.
1903 2346 2127 2418 Aperuit

546 2453 686 2504 enim
718 2447 804 2502 ille
836 2448 1110 2500 caelestem
1129 2443 1367 2513 januam,
1399 2442 1524 2495 dnrn
1548 2456 1643 2494 eos
1670 2437 1857 2494 decuit
1877 2438 1982 2492 hoc
2011 2438 2126 2508 ipso

548 2542 826 2612 pervenire
853 2537 916 2590 ad
935 2551 1176 2604 regnum,
1201 2552 1307 2605 quo
1330 2536 1615 2588 arcebatur
1643 2549 1672 2587 a
1703 2547 1888 2601 regno,
1921 2528 2130 2588 scilicet

550 2639 610 2685 ut
637 2629 933 2684 substantia
965 2642 1083 2696 qum
1131 2626 1208 2680 eis
1247 2624 1672 2694 exprobrabatur
1709 2624 1775 2678 ad
1813 2623 2126 2694 perniciem,

549 2719 836 2792 proliceret
861 2717 927 2772 ad
965 2701 1214 2771 salu’lem.
1243 2715 1467 2772 Multum
1501 2730 1628 2784 ergo
1658 2715 1914 2770 Zachmus
1950 2713 2130 2769 diviti-

553 2813 653 2867 bus
681 2810 928 2875 contulit,
961 2817 1020 2863 ut
1045 2824 1140 2862 eos
1163 2807 1367 2862 faceret
1401 2807 1454 2860 in
1481 2803 1740 2861 :eternum
1769 2821 1892 2860 suas
1920 2805 2134 2860 divitias

553 2904 846 2979 possidere,
878 2912 938 2958 ut
957 2903 1045 2972 qui
1068 2901 1156 2957 hic
1179 2915 1447 2969 nunquam
1478 2915 1738 2969 pauperes
1768 2897 2002 2959 fuerunt.
2035 2913 2136 2953 nec

556 3005 736 3052 essent
763 2997 817 3050 in
849 2995 1027 3049 futuro
1057 2992 1306 3053 mendici,
1339 2990 1433 3045 sed
1461 2989 1689 3058 quadam
1719 2988 1973 3044 lucrativa
1995 3004 2136 3043 com-

531 3083 859 3142 "mutatione
879 3084 1187 3152 reciperent
1208 3098 1304 3152 pro
1334 3080 1512 3150 parvis
1541 3094 1756 3148 magna,
1785 3096 1882 3149 pro
1908 3079 2136 3134 terrenis

2221 1983 2335 2049 bus,
2361 1993 2409 2038 et
2431 1987 2542 2040 veni
2563 2003 2771 2059 sequere
2789 2005 2870 2043 me
2900 1988 3090 2060 (Marc.
3119 1990 3198 2060 ι).
3231 1989 3429 2046 Verum
3457 1991 3502 2046 si
3521 1992 3802 2060 diligenter

2221 2075 2485 2143 attendas,
2519 2079 2618 2133 iste
2639 2087 2948 2149 persecutus
2971 2089 3072 2146 est,
3100 2081 3225 2150 quia
3254 2096 3361 2134 non
3389 2080 3693 2146 dimidium,
3715 2080 3804 2139 sed

2225 2174 2395 2221 totum
2423 2168 2589 2223 dedit.
2621 2169 2754 2224 Nam
2787 2171 2913 2225 tolle
2942 2171 3114 2225 aliena
3156 2169 3223 2226 de
3251 2171 3456 2237 medio,
3493 2181 3553 2227 et
3583 2166 3805 2228 Zacbteo

2229 2258 2357 2314 nihil
2390 2269 2652 2315 remanet.
2683 2260 2926 2330 Denique
2955 2259 3038 2315 vir
3079 2261 3276 2331 justus,
3307 2268 3366 2316 ut
3411 2270 3638 2331 accepta
3664 2269 3805 2318 esset

2226 2350 2341 2420 ejus
2369 2351 2683 2420 liberalitas,
2710 2351 2866 2406 scivit
2888 2351 3035 2421 juste
3063 2351 3368 2422 disponere,
3399 2352 3606 2407 scilicet
3635 2352 3806 2406 aliena

2226 2443 2578 2498 restituendo.
2630 2441 2754 2498 Haec
2803 2451 2885 2498 est
2928 2443 3073 2497 enim
3119 2441 3261 2512 apud
3306 2442 3591 2496 Dominum
3646 2441 3808 2512 656

2228 2541 2378 2602 grata
2408 2532 2770 2604 eleemosyna,
2817 2547 2934 2601 quae
2958 2547 3025 2586 ex
3053 2531 3340 2586 vernacula
3373 2530 3662 2586 exhibetur
3686 2531 3783 2585 sub

2219 2619 2452 2689 Stantia,
2481 2637 2588 2678 non
2609 2638 2727 2692 quae
2755 2621 3086 2678 fraudulenta
3113 2622 3291 2693 praeda
3313 2621 3580 2676 tribuitur.
3604 2619 3663 2675 in
3687 2635 3812 2691 pau-

2230 2731 2417 2788 perum
2439 2715 2580 2770 enim
2610 2713 2876 2782 largitate,
2909 2727 3016 2767 non
3055 2712 3244 2782 spolia,
3274 2711 3371 2766 sed
3397 2710 3539 2765 dona
3568 2724 3813 2779 quatren~

2234 2819 2336 2867 tur.
2360 2809 2626 2864 Caeterum
2653 2814 2820 2876 quare
2849 2805 2976 2862 illud
3003 2822 3196 2861 munus
3226 2815 3325 2872 est,
3356 2804 3503 2875 quod
3529 2804 3671 2860 alter
3698 2819 3815 2860 cum

2231 2901 2431 2973 gaudio
2476 2899 2696 2970 accipit,
2735 2914 2858 2954 cum
2904 2898 3154 2970 lacrymis
3199 2899 3338 2954 alter
3380 2894 3611 2963 amittit;
3659 2911 3817 2968 super

2234 2993 2376 3064 quod
2406 2991 2493 3046 ille
2520 2991 2835 3060 gratulatur,
2858 2991 2958 3045 iste
2985 2991 3245 3060 suspirat;
3273 2989 3416 3044 unde
3445 2988 3627 3044 nescio
3650 3003 3818 3059 quam

2236 3091 2349 3138 tum
2377 3090 2428 3136 te
2456 3080 2778 3151 accipientes
2809 3079 3025 3151 adjuvet
3051 3080 3252 3150 gratia,
3283 3081 3511 3134 multum
3542 3087 3592 3134 te
3642 3087 3820 3135 tamen

557 3177 827 3245 emlestia,
879 3189 975 3245 pro
1003 3175 1164 3246 655
1206 3172 1592 3242 temporalibus
1638 3172 1984 3240 sempiterna.
2030 3169 2136 3227 Lu-
2239 3173 2650 3242 ingemiscenles
2669 3180 2855 3240 gravat
2881 3171 3116 3242 querela.
3143 3169 3823 3239 Quamviscnimlargiaris

527 3277 539 3293 ‘
561 3256 763 3323 erativa
779 3267 936 3337 plane
957 3264 1309 3321 commutatio
1357 3271 1438 3317 est
1466 3262 1609 3317 nolle
1636 3262 1836 3317 habere
1863 3261 2006 3332 quod
2027 3267 2143 3333 pos-
2167 3247 2212 3309 (ἶ
2247 3274 2438 3330 totum,
2469 3264 2744 3318 meliorem
2791 3262 3186 3335 eleernosynam
3214 3264 3364 3329 facis,
3394 3263 3440 3318 si
3479 3263 3675 3319 reddas
3698 3264 3824 3318 alie-

561 3358 722 3422 sides,
752 3365 811 3411 ut
830 3356 1002 3427 possis
1031 3355 1277 3409 obtinere
1291 3352 1436 3423 quod
1463 3354 1778 3418 non’babes,
1802 3362 1856 3408 et
1879 3352 2144 3422 jacturam

560 3449 744 3504 facere
767 3445 1054 3516 quamdam
1103 3443 1470 3512 relinquendae
1497 3445 1758 3512 pecuniae,
1799 3452 1858 3498 ut
1884 3453 2146 3512 quaestum

567 3541 747 3609 capias
773 3553 986 3608 semper
1005 3538 1188 3606 gratia:
1209 3536 1560 3606 possidendae.
1591 3535 1844 3590 Zachzeus
1870 3550 1998 3604 ergo
2027 3550 2148 3590 cum

568 3638 712 3687 esset
736 3630 1071 3700 publicanus,
1101 3635 1157 3683 et
1195 3628 1452 3698 pecunias
1481 3625 1776 3682 fenerando
1815 3639 2036 3695 magnas
2063 3625 2148 3680 di-

570 3721 728 3775 vitias
745 3734 1026 3774 usurarum
1057 3718 1243 3774 fraude
1261 3718 1559 3787 qtnesisset,
1583 3717 1761 3772 subito
1781 3717 1970 3791 videns
1991 3714 2150 3771 Chri-

532 3819 733 3872 .stnm,
761 3809 836 3861 ita
883 3822 1178 3862 conversus
1229 3815 1340 3872 est,
1386 3815 1445 3860 ut
1480 3806 1674 3875 majori
1717 3805 2152 3875 concupiscentia

572 3899 794 3968 gratiam
818 3896 1150 3965 spiritualcm
1187 3901 1449 3964 quaereret
1477 3912 1636 3964 quam
1667 3896 1950 3964 quaesierat
1986 3911 2152 3965 pecu-

575 3988 721 4040 niam
749 3984 1058 4040 szecularem
1084 4002 1096 4036 :
1123 3985 1216 4049 ita,
1254 3985 1493 4053 inquam,
1521 3999 1816 4039 conversus
1841 3992 1942 4050 est,
1975 3971 2035 4039 ut
2059 4000 2156 4040 an-

569 4083 747 4130 teacta
778 4089 873 4129 sua
902 4073 1214 4142 respiciens,
1241 4072 1452 4128 fraudes
1477 4088 1605 4128 suas
1631 4073 1746 4143 ipse
1771 4071 2072 4136 damnaret,
2101 4083 2158 4130 et
2221 4083 2228 4087 '

531 4203 533 4206 ι
573 4164 872 4221 emundans
898 4163 1253 4234 concupiscen
1281 4165 1404 4230 iam,
1455 4163 1769 4219 emundaret
1813 4173 1870 4220 et
1912 4164 2158 4234 primitus

526 4285 532 4291 -
571 4255 980 4311 conscientiam.
1036 4255 1123 4308 Ait
1167 4254 1314 4308 enim
1355 4272 1368 4307 :
1424 4251 1560 4308 Ecce
1600 4255 1871 4309 dimidium
1913 4253 2158 4309 bonorum

532 4389 541 4393 -
573 4363 800 4402 meorum
823 4347 888 4400 do
909 4345 1237 4417 pauperibus,
1268 4356 1317 4400 et
1344 4348 1387 4401 si
1409 4348 1492 4400 cui
1519 4347 1642 4418 quid
1677 4348 1791 4414 tuli,
1819 4348 2160 4419 quadruplum

531 4477 536 4482 ι
575 4439 734 4494 reddo
763 4437 1067 4509 (Lucina).
1083 4437 1468 4493 Dicetlortasse
1487 4439 1694 4507 aliquis,
1712 4456 1808 4493 cur
1826 4442 2158 4509 virsanctus,

2247 3373 2394 3411 num.
2426 3354 2559 3409 Nam
2587 3363 2803 3410 sanetus
2832 3355 3092 3411 Zaclzzeus
3119 3355 3222 3410 boc
3249 3354 3566 3425 praevidens,
3597 3353 3826 3410 reddidit

2247 3446 2391 3518 quod
2437 3446 2740 3512 sustulerat,
2773 3453 2830 3500 ut
2875 3454 3162 3516 acceptum"
3200 3444 3351 3501 fleret
3375 3445 3522 3514 quod
3568 3444 3822 3501 donabat.

2250 3539 2336 3593 Ait
2365 3538 2506 3592 enim
2534 3555 2547 3590 :
2596 3537 2658 3592 Si
2701 3537 2783 3590 cui
2825 3537 2947 3608 quid
2975 3537 3084 3601 tuli,
3115 3537 3457 3608 quadruplum
3484 3535 3667 3590 reddo.
3700 3534 3827 3590 Vide

2250 3626 2394 3697 quod
2431 3626 2597 3682 semel
2624 3635 2960 3696 peccaverat,
2991 3634 3256 3694 quatenus
3281 3625 3618 3680 emendavit!
3653 3624 3829 3680 Bonus

2252 3719 2394 3774 enim
2420 3717 2710 3780 fenerator,
2739 3717 2914 3771 sciens
2931 3717 3067 3785 quid
3087 3715 3254 3770 divini
3289 3715 3639 3770 emolumenti
3667 3715 3832 3770 habe-

2251 3817 2354 3876 ret,
2385 3809 2666 3880 pecuniam
2693 3821 2853 3878 quam
2883 3793 3002 3862 cum
3031 3823 3192 3862 usura
3219 3806 3463 3877 accepit,
3488 3818 3611 3862 uim
3640 3807 3825 3862 multi-

2255 3901 2379 3973 plici
2409 3915 2567 3954 usura
2595 3899 2862 3954 restituit:
2888 3898 3176 3952 imitandus
3205 3898 3358 3954 nobis
3379 3899 3651 3967 omnibus,
3673 3907 3729 3954 et
3755 3898 3834 3956 ie-

2255 3990 2593 4046 neratoribus
2619 3987 2776 4058 hujus
2808 3988 3062 4059 temporis
3092 3985 3395 4044 imitandus.
3423 3987 3531 4043 Sed
3561 3987 3709 4057 quod
3747 4003 3838 4058 pe-

2253 4081 2340 4152 jus
2360 4089 2459 4147 est,
2483 4088 2605 4151 sunt
2625 4079 2864 4150 plerique
2890 4080 2981 4148 qui
3009 4078 3126 4148 ejus
3153 4095 3261 4133 non
3291 4079 3567 4134 imitantur
3584 4079 3836 4148 gratiam,

2228 4239 2232 4242 ,
2259 4172 2536 4227 imitantur
2561 4185 2777 4224 usuram
2803 4188 2815 4222 :
2847 4169 3022 4224 sciunt
3046 4168 3296 4240 diripere,
3320 4171 3604 4224 restituere
3620 4185 3839 4240 prorsus

2259 4266 2527 4333 ignorant.
2545 4255 2745 4316 Etcum
2760 4260 2848 4315 ille
2867 4260 3010 4330 quod
3029 4261 3236 4330 accepit
3272 4268 3462 4330 sponte
3483 4259 3841 4329 quadruplum

2260 4349 2573 4415 reddiderit,
2603 4349 2710 4416 isti,
2741 4350 2902 4404 etiam
2925 4349 3118 4406 coacti.
3151 4364 3250 4404 nec
3277 4349 3445 4403 semel
3467 4349 3651 4402 invasa
3682 4339 3843 4404 resti-

2263 4452 2450 4509 tuunt;
2497 4442 2705 4498 malunt
2749 4455 2843 4497 sua
2889 4439 3114 4509 perdere
3164 4439 3419 4508 litigando
3457 4454 3619 4510 quam
3669 4440 3842 4494 aliena

575 4542 630 4586 et
657 4533 991 4586 Salvatorern
1016 4525 1330 4601 praesentem
1359 4531 1564 4595 videns,
1613 4548 1722 4586 non
1751 4540 1924 4586 totum
1954 4547 2158 4604 paupe-
2262 4537 2545 4594 restituere
2572 4533 2966 4606 componendo.
2989 4531 3237 4603 Explicit.

572 4624 742 4691 ribus,
765 4621 857 4678 sed
904 4621 1180 4678 dimidium
1210 4622 1280 4678 sit
1322 4623 1562 4691 largitus,
1592 4624 1716 4695 quia
1741 4625 1999 4696 scriptum
2030 4634 2111 4680 est
2143 4643 2155 4678 :
2191 4617 2242 4678 D
2696 4649 2700 4654 -

1567 4903 1574 4912 ι
2005 4823 2272 4884 sermo
2314 4822 2412 4884 cr.

1530 4924 1609 5001 De
1637 4946 1789 5001 idolis
1817 4948 2120 5024 auferendis'
2139 4946 2201 5000 de
2229 4945 2450 5018 propriis
2479 4921 2900 5015 possessionibus.

2006 5052 2398 5133 annulum.

653 5183 937 5258 Cognitum
965 5189 1127 5245 fuisse
1162 5189 1307 5244 hunc
1357 5201 1680 5258 sermonem,
1712 5193 1998 5256 antequam
2040 5201 2069 5239 a
2092 5185 2414 5258 Ablura‘torio
2459 5185 2600 5258 typis
2634 5183 2924 5258 Patavinis
2953 5193 3082 5258 tam.
3107 5185 3172 5240 IV
3211 5185 3494 5258 Aneodot.,
3527 5203 3647 5258 pag.
3676 5187 3766 5254 99,
3800 5192 3852 5246 in

539 5288 548 5296 -
582 5256 758 5311 lucem
804 5255 1074 5322 ederetur,
1116 5275 1221 5312 non
1251 5268 1359 5312 tam
1400 5272 1468 5313 ex
1515 5257 1746 5311 Baronio
1776 5255 1936 5324 quam
1982 5272 2050 5310 ex
2078 5255 2410 5310 Gothofredo
2439 5255 2738 5310 certissime
2783 5265 3014 5310 constat.
3048 5256 3310 5311 Baronius
3340 5259 3483 5311 enim
3520 5255 3573 5312 in
3603 5255 3752 5315 iratis
3781 5261 3854 5315 ad

539 5375 551 5395 ι
585 5324 860 5406 blartvrol.
895 5323 1047 5406 Rom:
1072 5327 1243 5406 diem
1273 5327 1514 5406 ianuas-ii
1546 5343 1668 5406 _non
1699 5323 1870 5406 solum
1917 5325 2034 5406 ejus
2061 5326 2472 5406 meminitksed
2503 5325 2630 5396 ipsis
2653 5325 3106 5406 verbiicarndem
3138 5327 3419 5395 impiorum
3461 5329 3855 5406 sacriﬁciorum

579 5395 998 5463 descriptionem
1028 5397 1219 5461 habet;
1267 5397 1632 5452 Gothofredus
1654 5412 1786 5451 vero
1829 5397 1881 5449 in
1920 5397 2063 5450 notis
2087 5396 2155 5449 ad
2184 5397 2269 5451 tit.
2299 5394 2366 5449 10
2390 5396 2482 5449 lib.
2517 5394 2602 5450 im
2643 5395 2767 5450 eod.
2799 5395 3091 5459 Theodos.,
3137 5394 3259 5450 cum
3309 5399 3637 5453 mentionem
3691 5399 3858 5454 faciat

582 5472 774 5519 contra
802 5464 1156 5536 idololatriam
1185 5467 1251 5520 ab
1281 5467 1694 5536 imperatoribus
1723 5467 1948 5520 latarum
1979 5465 2155 5533 legum
2177 5507 2190 5528 ,
2219 5467 2326 5521 hoc
2352 5466 2661 5536 testimonio
2701 5465 2768 5520 ad
2816 5481 2929 5519 rem
2978 5481 3130 5520 suam
3161 5476 3463 5535 opportune
3511 5470 3696 5522 utitur.
3749 5469 3858 5524 De-

588 5543 867 5605 prornptus
915 5551 946 5589 a
999 5534 1293 5605 Muratorio
1339 5534 1426 5592 hic
1468 5551 1648 5591 sermo
1687 5545 1772 5592 est
1799 5578 1812 5597 ,
1857 5536 2304 5605 quemadmodum
2348 5536 2486 5590 alter
2541 5535 2634 5604 qui
2687 5534 3249 5605 proximeisuecedit,
3299 5552 3367 5591 ex
3414 5537 3618 5592 celebri
3660 5539 3860 5594 codice

591 5603 1086 5737 sépsg‘rrzsoiipa‘ubi
1115 5612 1302 5660 sancto
1329 5605 1561 5662 Maximo
1585 5603 1910 5663 inscribitur.
1945 5605 2069 5676 Ejus
2090 5607 2276 5662 titulus
2305 5614 2466 5662 estut
2493 5606 2869 5676 descripsimus
2895 5623 2907 5657 :
2937 5604 3016 5661 De
3048 5606 3202 5661 idolis
3220 5608 3518 5678 «ferendis
3543 5608 3608 5662 de
3626 5610 3860 5679 propriis
