4054 6194
220 312 331 369 733

1668 312 1906 372 ’838Ιο
1938 314 2041 372 Cll.

218 428 617 499 Aneuuavruu.
642 458 711 467 —
733 423 833 479 Ille
850 427 936 499 qui
963 442 1112 480 suum
1138 426 1383 499 rusticum
1411 428 1566 499 idolis
1601 428 1809 499 sacriﬁ-
1833 428 1883 489 Δ
1904 427 1964 483 in
1989 427 2212 496 aedibus,
2245 428 2298 483 iu
2328 429 2488 499 agris,
2520 430 2572 485 in
2601 431 2831 489 rusticis.
2872 432 3013 491 Nihil
3042 436 3113 492 ibi
3155 437 3380 494 liberum
3408 452 3493 498 est

292 515 416 553 care
440 497 635 566 cernit,
653 512 746 549 nec
766 494 1017 566 prohibet,
1040 506 1233 566 peccat.
1271 495 1589 552 Idololatriw
1614 494 1809 552 malum

291 569 523 638 vatisque
550 565 754 619 habitas
784 565 1103 619 describitur.

289 699 435 753 Ante
462 696 579 753 dies
604 711 1045 752 commonueram
1072 696 1354 752 caritatem
1402 706 1657 761 vestram,
1696 696 1808 752 fra-

213 800 352 853 tres,
380 796 440 843 ut
467 797 724 857 tanquam
747 787 981 857 religiosi
1002 795 1057 842 et
1082 787 1255 844 sancti
1296 788 1561 844 idolorum
1589 803 1805 845 omnem

210 882 577 952 pollutionem
603 880 671 935 de
715 881 909 936 vestris
946 880 1379 950 possessionibus
1416 880 1718 947 auferretis,
1751 890 1806 936 et

207 971 479 1026 erueretis
506 985 576 1026 ex
595 969 736 1039 agris
764 970 1069 1025 universum
1099 971 1375 1040 gentilium
1412 986 1672 1027 errorem.
1704 972 1805 1028 Fas

207 1064 362 1119 enim
392 1078 499 1117 non
524 1070 607 1117 est
636 1071 694 1116 ut
738 1062 829 1130 qui
857 1061 1128 1117 Christum
1179 1062 1392 1119 habetis
1427 1064 1482 1118 in
1530 1063 1801 1135 cordibus,

207 1154 606 1209 Antichristum
633 1154 688 1208 in
716 1153 1032 1209 habitaculis
1058 1155 1339 1223 habeatis;
1361 1171 1483 1211 cum
1510 1172 1607 1211 vos
1633 1156 1801 1211 Deum

207 1244 455 1298 adoretis
502 1244 556 1297 in
585 1242 845 1309 Ecclesia,
875 1244 1040 1299 vestri
1089 1245 1361 1299 diabolum
1401 1256 1723 1301 venerentur
1746 1247 1799 1301 in

206 1335 374 1390 lanis.
413 1334 522 1390 Nec
565 1349 624 1389 se
671 1335 864 1403 aliquis
892 1344 1206 1390 excusatum
1235 1343 1389 1405 putet
1434 1335 1650 1404 dicens,
1680 1336 1798 1392 Non

207 1426 351 1496 iussi
374 1423 506 1491 ﬁeri,
520 1441 632 1480 non
655 1426 921 1482 mandavi.
945 1426 1194 1496 Quisquis
1214 1428 1356 1483 enim
1376 1430 1624 1498 intelligit
1644 1444 1799 1486 exer-

205 1518 325 1573 ceri
351 1519 404 1572 in
433 1534 491 1572 re
512 1533 606 1573 sua
634 1518 936 1587 sacrilegia,
970 1520 1212 1597 necqlieri
1240 1521 1507 1590 prohibet,
1537 1522 1797 1591 quodam-

206 1609 379 1664 inodo
408 1609 522 1679 ipse
548 1610 817 1678 prmcipit;
849 1610 1077 1665 tacendo
1108 1612 1250 1667 enim
1275 1621 1329 1667 et
1375 1629 1483 1667 non
1524 1615 1797 1684 arguendo

205 1713 537 1754 consensum
582 1699 811 1769 prcehuit
862 1699 1179 1755 immolanti.
1228 1702 1367 1758 Dicit
1415 1704 1557 1758 enim
1604 1704 1796 1759 beatus

1909 532 1943 573 a
1968 519 2191 585 scelere,
2223 519 2315 575 ubi
2337 529 2507 575 totum
2529 532 2774 579 versatur
2812 525 2866 579 in
2894 526 3119 583 scelere.
3142 528 3276 584 Cum
3298 531 3488 586 cellam

1906 608 2179 677 ingressus
2229 610 2393 664 fueris
2417 650 2432 675 ,
2480 613 2719 681 reperies
2748 614 2801 669 in
2852 630 2915 671 ea
2960 617 3222 686 pallentes
3256 622 3489 690 cespites

1905 705 2259 767 mortuosque
2287 700 2574 769 carbones,
2598 702 2816 772 dignum
2862 704 3181 761 sacriﬁcium
3207 707 3485 776 damonis,

1905 803 2029 844 cum
2048 798 2261 844 mortuo
2292 792 2493 845 numini
2537 794 2695 848 rebus
2720 796 2947 851 mortuis
2969 798 3316 867 supplicatur.
3348 800 3415 855 Et
3442 803 3487 857 si

1905 876 1973 932 ad
1999 892 2183 946 agrum
2214 882 2559 949 processeris,
2590 883 2767 938 cernis
2790 900 2912 939 aras
2936 886 3160 955 ligneas,
3185 898 3240 943 et
3268 890 3487 946 simula-

1903 982 1996 1022 cra
2025 969 2254 1038 lapidea,
2297 985 2601 1040 congruens
2647 975 3024 1043 ministerium,
3056 980 3146 1034 ubi
3175 981 3276 1037 diis
3304 983 3485 1039 insen-

1903 1058 2146 1115 sihilibus
2174 1063 2281 1115 aris
2296 1067 2739 1132 putrescentihus
2767 1068 3116 1126 ministratur.
3145 1072 3278 1129 Cum
3310 1083 3485 1131 matu-

1902 1150 2014 1206 rius
2044 1152 2365 1221 vigilaveris,
2424 1164 2479 1210 et
2518 1157 2716 1213 videris
2761 1162 3001 1215 saucium
3030 1164 3156 1219 vino
3202 1168 3480 1234 rusticum,

1901 1242 2043 1296 seire
2068 1242 2233 1299 debes
2257 1246 2533 1313 quoniam,
2584 1249 2722 1303 sicut
2743 1248 2947 1317 dicunt;
2996 1256 3015 1285 '
3045 1262 3137 1307 aut
3164 1255 3481 1324 dianaticus,

1900 1342 1994 1386 aut
2022 1350 2257 1405 aruspex
2278 1344 2388 1401 est;
2417 1339 2663 1394 insanum
2694 1342 2836 1397 enim
2868 1360 3066 1399 numen
3096 1358 3363 1405 amentem
3386 1366 3479 1405 so-

1898 1418 1974 1479 let
2017 1425 2219 1482 habere
2268 1430 2615 1499 pontiﬁcem;
2657 1434 2822 1505 658
2871 1436 2992 1492 talis
3040 1439 3186 1493 enim
3232 1441 3482 1498 sacerdos

1898 1523 2053 1587 parat
2081 1530 2140 1570 se
2164 1517 2290 1572 vino
2318 1519 2385 1573 ad
2413 1520 2595 1588 plagas
2620 1523 2733 1577 dem
2761 1539 2889 1591 suae,
2935 1535 2993 1581 ut
3013 1525 3141 1582 dum
3182 1537 3264 1583 est
3302 1532 3481 1587 ebrius

1897 1620 2110 1674 poenam
2139 1624 2287 1664 suam
2311 1610 2425 1679 ipse
2454 1628 2561 1667 non
2589 1616 2807 1670 sentiat.
2831 1614 2947 1673 Hoc
2970 1627 3151 1674 autem
3176 1637 3285 1675 non
3305 1622 3479 1678 solum

1896 1695 1963 1750 de
1985 1701 2360 1768 temperantia,
2388 1702 2484 1758 sed
2513 1714 2567 1761 et
2584 1706 2653 1761 de
2674 1715 2789 1762 arte
2815 1707 3039 1787 faciunt,
3069 1719 3129 1766 ut
3155 1713 3331 1768 minus
3358 1716 3478 1768 vui-

207 1791 521 1861 Aposiolus,
549 1791 867 1847 criminosas
901 1806 1040 1857 esse,
1073 1809 1180 1849 non
1208 1795 1380 1849 solum
1420 1797 1511 1867 qui
1560 1796 1785 1863 facium,
1823 1776 1861 1834 Β
1892 1805 2021 1844 nera
2050 1807 2148 1846 sua
2193 1790 2431 1860 doleant,
2475 1796 2601 1851 dum
2619 1798 2729 1854 vini
2751 1782 3012 1855 ebrietate
3052 1802 3345 1869 jactentur.
3373 1804 3478 1858 Va-

209 1880 311 1936 sed
340 1883 499 1936 etiam
526 1883 617 1952 qui
644 1884 988 1939 consentiunt
1009 1886 1346 1943 facientibus.
1369 1887 1451 1944 Tu
1477 1889 1657 1959 igitur,
1690 1890 1799 1945 fra-

212 1980 323 2036 ter,
351 1988 472 2027 cum
494 1981 637 2027 tuum
654 1974 954 2029 sacriﬁcare
982 1976 1242 2032 rusticum
1266 1978 1462 2044 cernis,
1492 1994 1593 2035 nec
1612 1980 1799 2049 prohi-

210 2064 310 2117 bes
340 2064 638 2129 immolare,
680 2080 903 2134 peccas;
935 2065 983 2119 si
1026 2082 1135 2121 non
1182 2065 1306 2122 data
1351 2069 1529 2140 copia,
1557 2078 1797 2125 attamen

209 2146 475 2237 permissa
496 2158 744 2226 licentia;
767 2159 813 2215 si
849 2175 958 2215 non
982 2159 1152 2230 jussio
1182 2169 1273 2217 tua
1301 2162 1357 2216 in
1384 2162 1630 2229 crimine,
1650 2146 1798 2220 atta-

210 2266 338 2305 men
366 2251 616 2307 voluntas
642 2252 697 2306 in
735 2252 892 2322 culpa
939 2261 1041 2308 est.
1084 2251 1222 2308 Dum
1250 2254 1392 2308 enim
1424 2261 1588 2320 taces,
1620 2255 1797 2325 placet

208 2341 306 2395 tibi
337 2340 482 2409 quod
531 2338 659 2395 fecit
686 2341 916 2397 rusticus
946 2349 1091 2411 tuus,
1119 2342 1265 2411 quod
1314 2342 1360 2397 si
1415 2359 1523 2398 non
1569 2343 1795 2410 faceret,

209 2430 437 2486 forsitan
457 2430 780 2501 displiceret.
804 2432 919 2488 Non
948 2433 1092 2488 enim
1119 2434 1219 2489 sibi
1240 2434 1401 2505 657
1428 2442 1637 2491 tantum
1669 2451 1794 2505 pec-

207 2531 300 2579 cat
324 2522 587 2588 subditus,
618 2539 741 2580 cum
790 2523 1075 2590 sacriﬁcat,
1108 2525 1202 2580 sed
1222 2532 1279 2580 et
1318 2526 1337 2558 ⁸
1364 2525 1674 2593 domnedio,
1703 2528 1795 2597 qui

208 2629 319 2669 non
358 2614 639 2683 prohibet;
679 2615 773 2684 qui
802 2615 848 2669 si
878 2616 1212 2686 prohiberet,
1252 2616 1438 2686 utique
1467 2633 1573 2672 non
1601 2633 1797 2688 pecca-

208 2712 311 2760 ret.
343 2702 555 2759 Grande
576 2705 738 2773 igitur
756 2705 953 2759 malum
975 2714 1056 2762 est
1076 2706 1400 2773 idololatria;
1426 2709 1617 2779 polluit
1630 2724 1797 2763 exer-

188 2802 416 2861 centes,
435 2796 627 2866 polluit
654 2796 978 2862 habitantes,
1007 2798 1200 2867 polluit
1227 2798 1515 2866 intuentes,
1545 2806 1794 2870 penetrat

208 2886 276 2941 ad
304 2887 595 2952 ministros,
623 2894 869 2958 penetrat
914 2887 983 2942 ad
1009 2889 1276 2955 conscios,
1319 2898 1564 2960 penetrat
1603 2890 1673 2944 ad
1714 2900 1795 2945 ta-

208 2986 417 3035 centes.
456 2976 771 3034 lmmolante
799 2980 943 3035 enim
987 2981 1188 3037 rustico
1236 2982 1544 3051 inquinatur
1568 2983 1797 3039 domne-

208 3069 353 3125 dius.
366 3068 482 3124 Non
502 3079 681 3141 potest
696 3086 803 3126 non
824 3086 945 3127 esse
958 3073 1193 3142 pollutus
1212 3074 1304 3129 ubi
1323 3075 1577 3149 eibus[F.
1590 3076 1792 3150 cibum]

1901 1896 2002 1935 nus
2054 1883 2213 1952 plane
2236 1894 2386 1940 vates
2411 1894 2519 1953 est,
2569 1889 2662 1956 qui
2714 1898 2863 1959 putat
2890 1892 3206 1948 crudelitate
3234 1903 3478 1954 astruere

1899 1970 2177 2040 pietatem.
2217 1972 2388 2040 Quam
2430 1977 2739 2033 misericors
2781 1980 2834 2033 in
2864 1980 3068 2036 alienos
3097 1981 3227 2039 deos
3256 1984 3345 2040 ille
3388 1986 3479 2054 qui

1898 2063 1953 2117 in
1979 2079 2107 2118 suos
2138 2073 2222 2120 est
2258 2067 2540 2135 pontifices
2564 2078 2670 2123 tam
2700 2072 2983 2126 cruentus!
3016 2071 3151 2128 Nam
3190 2084 3247 2128 ut
3274 2076 3475 2145 paulis-

1898 2168 1996 2222 per
2022 2153 2391 2212 describamus
2420 2159 2657 2212 babitum
2686 2160 2821 2215 vatis
2849 2161 3071 2230 hujusce
3103 2181 3115 2215 :
3148 2171 3230 2219 est
3256 2165 3305 2218 ei
3334 2166 3475 2220 adub

1898 2245 2087 2299 terinis
2114 2245 2384 2301 criniculis
2433 2246 2699 2302 hirsutum
2728 2258 2911 2319 caput,
2952 2251 3093 2305 nuda
3121 2251 3323 2307 habens
3351 2268 3474 2322 pec-

1897 2346 2035 2402 tora,
2066 2337 2230 2407 pallio
2271 2354 2427 2393 crura
2471 2339 2805 2405 semicineta,
2836 2348 2889 2394 ct
2915 2355 3067 2394 more
3118 2342 3472 2409 gladiatoruln

1895 2438 2117 2501 paratus
2145 2430 2211 2484 ad
2258 2443 2488 2499 pugnam
2529 2430 2729 2486 ferrum
2757 2440 2934 2501 gestat
2954 2433 3010 2487 in
3057 2434 3325 2498 manibus.
3376 2435 3474 2494 nisi

1895 2522 2041 2592 quod
2066 2522 2364 2591 gladiatore
2392 2523 2543 2594 pejor
2564 2530 2667 2589 est,
2688 2524 2815 2593 quia
2847 2524 2940 2579 ille
2967 2524 3224 2595 adversus
3250 2526 3475 2583 alterum

1894 2616 2150 2671 dimicare
2177 2616 2405 2683 cogitur,
2436 2615 2537 2671 iste
2562 2622 2751 2670 contra
2778 2630 2839 2670 se
2857 2628 3097 2685 pugnare
3118 2615 3473 2685 compellitur.

1894 2705 1986 2761 ille
2006 2706 2179 2761 aliena
2200 2706 2333 2776 petit
2352 2706 2580 2774 viscera,
2602 2706 2702 2760 iste
2730 2705 2946 2775 propria
2972 2704 3211 2759 membra
3236 2704 3473 2774 dilaniat,

1894 2797 2017 2851 etsi
2043 2796 2146 2851 diei
2173 2804 2373 2866 potest,
2390 2797 2460 2852 ad
2487 2795 2861 2851 crudelitatem
2889 2794 3033 2849 illum
3060 2796 3277 2862 lanista,
3301 2796 3468 2852 istum

1896 2901 2095 2942 numen
2144 2888 2407 2943 hortatur.
2458 2886 2572 2943 Hoc
2617 2887 2779 2954 igitur
2831 2885 3048 2941 indutus
3096 2885 3312 2953 habitu,
3375 2888 3478 2944 hac

1896 2988 2151 3034 cruentus
2173 2979 2340 3049 caede,
2358 2979 2596 3047 judicate
2624 2986 2801 3032 utrum
2825 2977 3089 3047 gladiator
3113 2978 3272 3034 sitan
3293 2995 3472 3036 sacer-

1892 3071 2011 3126 dos.
2041 3071 2215 3140 Ergo,
2244 3073 2386 3128 sicut
2408 3071 2762 3140 gladiatorum
2804 3071 3076 3140 publicum
3125 3072 3331 3128 facinus
3351 3075 3474 3130 reli-

205 3160 377 3229 capit,
407 3175 568 3229 quem
591 3162 883 3231 sacrilegus
909 3163 1087 3219 cultor
1112 3166 1374 3231 exercuit,
1399 3143 1544 3222 terra
1567 3143 1790 3223 cruenta
1819 3143 1864 3205 ε
1892 3168 2043 3235 giosa
2072 3168 2369 3236 principum
2396 3166 2684 3221 devotione
2705 3165 2972 3219 sublatum
3002 3173 3105 3232 est,
3130 3166 3203 3220 ita
3225 3174 3280 3221 et
3301 3182 3474 3221 amen.

206 3251 399 3317 edidit,
431 3260 627 3307 tetrum
650 3254 902 3309 horreum
931 3257 1306 3312 conservavit:
1337 3258 1517 3312 omnia
1546 3260 1688 3314 enim
1718 3259 1791 3314 ibi
1890 3270 1976 3316 tes
2015 3257 2343 3326 gladiatores
2400 3257 2487 3310 isti
2535 3254 2953 3310 Christianitatis
2992 3256 3366 3314 obseriatione
3409 3258 3479 3313 de

209 3340 510 3411 inquinata,
538 3344 717 3401 omnia
747 3352 873 3403 sunt
897 3345 1148 3415 nefanda,
1180 3348 1272 3405 ubi
1292 3348 1537 3409 diabolus
1582 3352 1792 3410 habitat

1890 3349 2124 3423 propriis
2144 3346 2427 3404 domiciliis
2454 3345 2780 3402 auferantur.

1619 3546 1891 3611 SERMO
1928 3549 2056 3613 Cll.

1644 3685 1725 3742 De
1748 3686 1927 3741 eadem
1949 3703 2025 3741 re.

205 3808 777 3884 Ακςυιεκτρῃμ-Ιιιε
793 3812 878 3884 qui
893 3812 989 3866 scit
1006 3813 1064 3867 in
1085 3830 1210 3884 agro
1224 3831 1318 3870 suo
1332 3814 1488 3870 idolis
1505 3815 1786 3882 immolari,

279 3896 374 3934 nec
403 3880 636 3949 prohibet
653 3922 667 3947 ,
698 3880 955 3951 particeps
978 3880 1208 3955 profecto
1232 3887 1491 3958 sacrilegii
1519 3887 1754 3958 eﬁcitur.

277 3992 399 4047 Non
448 4008 635 4063 parum
681 4001 911 4048 tractatu
953 3995 1244 4051 Dominica:
1286 3999 1581 4068 superioris
1602 3998 1791 4069 profe-

206 4084 348 4140 u'sse
378 4100 471 4139 vos
499 4083 791 4150 credimus;
823 4084 1087 4155 siquidem
1114 4086 1493 4157 praedicatione
1519 4097 1698 4143 nostra
1726 4089 1794 4144 ab

208 4176 358 4231 omni
399 4174 664 4231 idolorum
706 4176 1110 4245 inquinamento
1149 4178 1313 4234 corda
1339 4189 1515 4233 vestra
1544 4179 1794 4249 purgavi-

210 4282 351 4320 mus.
404 4264 595 4320 Nostra
639 4265 781 4319 enim
828 4267 991 4322 corda
1039 4267 1383 4335 mandantur,
1432 4284 1553 4325 cum
1593 4269 1791 4323 diaboli

208 4356 457 4412 sordibus
485 4357 685 4426 polluta
713 4366 896 4413 nostra
925 4358 1252 4414 conscientia
1280 4374 1387 4414 non
1418 4368 1647 4415 tenetur.
1676 4359 1795 4415 Ροι-Δ

204 4450 379 4505 tutam
427 4458 607 4505 autem
647 4450 692 4505 is
735 4451 1120 4507 conscientiam
1148 4467 1258 4509 non
1287 4451 1469 4517 habet,
1516 4452 1608 4522 qui
1637 4466 1791 4508 exer-

209 4542 320 4597 ceri
348 4541 627 4610 sacrilegia
651 4543 703 4595 in
734 4558 829 4597 sua
860 4544 1199 4614 possessione
1228 4560 1335 4599 non
1362 4545 1579 4614 patitur.
1611 4543 1787 4599 Cmte-

1889 3808 2159 3871 credimus
2182 3857 2199 3884 ,
2242 3830 2369 3871 eum
2404 3815 2674 3885 sacrilegii
2705 3816 2914 3871 cultum
2946 3817 2997 3872 in
3039 3818 3233 3873 vestris
3259 3834 3469 3890 posses-

1888 3906 2130 3962 sionibus
2160 3907 2430 3973 inhibent;
2476 3905 2704 3963 dicimus
2749 3908 2924 3975 enim,
2955 3916 3013 3963 ut
3053 3908 3339 3964 Christiani
3370 3910 3469 3964 ho-

1892 3999 2075 4063 minis,
2109 3999 2212 4053 hoc
2240 4006 2325 4053 est
2351 3998 2535 4053 mundi
2562 3998 2661 4054 viri
2688 4040 2705 4067 ,
2744 3998 2816 4054 sit
2842 3998 3039 4053 munda
3069 4000 3355 4069 possessio.
3388 4000 3473 4058 Ait

1897 4089 2041 4144 enim
2083 4088 2378 4143 Salomon:
2428 4088 2700 4145 Possessia
2749 4091 2976 4159 pretiosa
3014 4090 3094 4143 vir
3139 4091 3380 4145 mundus.
3421 4089 3476 4149 Si

1899 4193 2028 4248 ergo
2046 4180 2131 4233 vir
2154 4193 2321 4248 purus
2347 4180 2674 4249 possessioni
2693 4180 3094 4249 pretiosissima:
3112 4190 3475 4251 comparatur,

1890 4279 2094 4339 quanto
2124 4270 2227 4325 ista
2274 4270 2545 4340 possessio
2589 4269 2811 4337 majoris
2838 4278 2924 4324 est
2959 4269 3147 4338 pretii,
3194 4272 3239 4325 si
3266 4271 3336 4325 sit
3363 4272 3474 4325 sin-

1892 4375 2019 4416 cera
2045 4369 2101 4415 et
2123 4376 2252 4430 pura
2273 4400 2287 4426 ,
2321 4374 2423 4413 nec
2451 4358 2626 4427 aliqua
2654 4351 2853 4413 diaboli
2878 4358 3197 4426 contagione
3223 4359 3472 4414 vilescat!

1895 4450 2005 4506 Cur
2048 4460 2249 4506 autem
2283 4451 2364 4505 vir
2409 4448 2638 4505 mundus
2704 4450 2974 4519 possessio
3028 4447 3225 4504 munda
3269 4448 3475 4505 dicatur

1891 4546 2032 4601 scire
2077 4544 2336 4600 debemus
2361 4583 2376 4608 ,
2431 4543 2631 4599 scilicet
2669 4543 2793 4612 quia
2841 4543 3135 4613 pretiosum
3174 4541 3319 4595 illum
3348 4539 3473 4598 facit

207 4647 358 4694 rum,
401 4632 493 4699 qui
529 4633 629 4687 scit
659 4632 711 4686 in
741 4646 869 4701 agro
899 4648 996 4688 suo
1025 4633 1179 4689 idolis
1207 4635 1503 4703 immolari,
1534 4651 1632 4691 nec
1658 4651 1787 4705 pro-
1818 4662 1868 4725 Ι)
1892 4654 2002 4691 non
2026 4637 2283 4705 fragilitas
2316 4636 2560 4705 corporis
2580 4676 2595 4700 ,
2645 4634 2740 4689 sed
2768 4634 3047 4689 sinceritas
3072 4630 3392 4697 honestatis,
3418 4639 3476 4686 et

206 4721 384 4786 hibet;
432 4722 676 4791 quamvis
713 4723 826 4791 ipse
860 4722 1019 4791 longe
1047 4723 1100 4777 in
1125 4724 1341 4778 civitate
1369 4725 1644 4788 consistat,
1671 4723 1788 4793 pol-

204 4813 342 4868 lutio
393 4820 570 4868 tamen
619 4813 765 4867 illum
808 4814 1037 4869 nefanda
1076 4815 1367 4885 continget.
1418 4814 1484 4869 Et
1526 4816 1649 4870 licet
1679 4815 1787 4869 aris

202 4905 425 4959 assistat
451 4904 680 4960 rusticus
702 4945 716 4968 ,
755 4905 820 4959 ad
849 4905 1190 4961 domnedium
1220 4898 1603 4963 contaminatio
1633 4923 1786 4963 exse-

202 4993 406 5050 cranda
451 4993 773 5061 regreditur.
824 4992 1097 5066 Partieeps
1137 4996 1280 5051 enim
1320 4994 1435 5065 ejus
1463 4995 1710 5066 ellicitur,
1740 4997 1784 5052 si

200 5100 313 5138 non
342 5084 670 5138 conscientia
696 5125 711 5152 ,
758 5092 906 5140 certe
944 5083 1155 5141 notitia.
1204 5082 1502 5140 Profecisse
1530 5098 1659 5154 ergo
1685 5099 1786 5142 nos

279 5310 294 5337 ³
334 5304 454 5360 Jam
498 5311 781 5359 monuerat
825 5303 1165 5375 hluratoriusq
1194 5305 1246 5357 in
1298 5305 1447 5375 przef.
1492 5303 1557 5358 ad
1586 5303 1641 5360 S.
1672 5302 1783 5356 hla-

202 5376 336 5445 xiini
385 5389 683 5445 sermones
711 5384 837 5428 tom.
880 5372 946 5427 ιν
992 5373 1251 5431 Anecdot.
1298 5372 1563 5445 vulgatos,
1592 5388 1782 5428 vocem

201 5443 549 5498 donmedium
575 5444 870 5498 derivatam
909 5459 974 5498 ex
1013 5452 1270 5514 corrupto
1299 5443 1440 5499 illius
1471 5445 1645 5499 aetatis
1671 5458 1786 5497 ser-

202 5531 372 5569 mone
393 5554 409 5578 ,
450 5522 503 5568 et
532 5514 670 5568 idem
698 5514 878 5568 valere
918 5529 982 5568 ac
1014 5514 1315 5579 dominum,
1356 5514 1655 5583 eademque
1682 5528 1789 5566 non

202 5602 314 5639 uno
346 5585 397 5637 in
423 5584 544 5639 loco
569 5583 626 5638 S.
656 5583 937 5638 Paulinum
966 5584 1229 5639 Nolanum
1260 5602 1414 5640 usum
1438 5584 1620 5638 fuisse.
1652 5583 1793 5637 Con-

201 5653 285 5708 fer
306 5654 470 5707 etiam
494 5654 786 5721 Cangium,
828 5654 1065 5710 Clossar.
1097 5656 1237 5711 med.
1268 5666 1324 5713 et
1351 5655 1519 5711 inlim.
1552 5652 1786 5715 Latinit.,

201 5727 269 5780 ad
303 5725 525 5781 verbum
555 5723 931 5779 Domina‘dius.

1894 4729 2019 4797 quia
2070 4743 2193 4782 eum
2242 4742 2339 4795 pro
2388 4727 2503 4795 ipsa
2544 4726 2779 4794 puritate
2800 4723 2994 4777 mentis
3024 4722 3277 4776 Dominus
3297 4719 3474 4789 possi-

1892 4817 2022 4872 dere
2054 4816 2322 4886 dignatur,
2352 4816 2490 4869 sicut
2518 4816 2593 4867 ait
2622 4813 2882 4883 propheta
2907 4828 2971 4867 ex
3002 4826 3228 4881 persona
3256 4818 3475 4864 sancto-

1890 4924 2033 4963 rum.
2063 4906 2151 4977 (In
2182 4907 2295 4959 cod.
2329 4904 2565 4960 Ambros.
2597 4906 2683 4958 ubi
2710 4904 2790 4958 hic
2816 4921 2980 4958 sermo
3003 4903 3188 4973 legitur
3224 4902 3476 4958 nonnulla

1888 5000 2018 5073 [alia
2046 4997 2446 5068 desiderantur.)

1880 5290 1885 5295 ’
1959 5304 1980 5332 ’
2020 5299 2281 5355 Dianatici
2309 5297 2494 5353 rustici
2524 5297 2597 5351 illi
2623 5295 3045 5365 appellabantur,
3067 5296 3157 5363 qui
3185 5296 3365 5353 Diana:
3393 5315 3473 5353 ar.

1888 5387 2079 5425 vorum
2118 5370 2320 5424 numini
2368 5369 2746 5433 immolabant,
2797 5374 2852 5420 et
2879 5367 3151 5434 aruspices
3180 5368 3365 5433 etiam,
3388 5386 3471 5423 suo

1880 5442 2205 5511 perstitione
2249 5438 2393 5511 ducti
2416 5479 2430 5503 ,
2463 5438 2530 5492 ab
2558 5446 2814 5511 extorum
2853 5435 2905 5488 in
2931 5436 3159 5511 victimis
3179 5449 3474 5511 conspectu

1894 5506 2073 5565 iutura
2122 5508 2504 5578 przcdicebant.
2557 5506 2821 5578 Describit
2863 5516 3042 5578 autem
3073 5506 3335 5561 Maximus
3362 5523 3473 5575 quo

1896 5580 2077 5635 furore
2104 5576 2490 5648 abriperentur,
2521 5594 2641 5632 cum
2674 5576 3093 5648 taliasacrilicia
3134 5586 3471 5648 peragerent,

1897 5661 1950 5705 et
1978 5666 2138 5718 quam
2170 5645 2330 5715 impie
2358 5663 2422 5702 ac
2448 5649 2609 5702 stulte
2638 5649 2690 5702 in
2720 5662 2778 5702 se
2807 5647 2955 5716 ipsos
2981 5645 3259 5713 sevit-ent,
3290 5655 3355 5701 ut
3375 5645 3470 5699 lai-

1896 5736 1967 5776 su:
1992 5719 2256 5774 divinitati
2286 5718 2544 5774 honorem
2574 5727 2909 5788 praestarent.

3388 325 3497 386 πει
3594 392 3603 403 ,
