4054 6194
453 383 470 399 ,
562 320 670 378 ras

1773 314 1827 370 Β.
1870 309 2113 368 MAXIM
2148 304 2598 365 'I'AUIIINENSIS

3709 304 3824 361 736

1954 422 2225 486 SERMO
2265 422 2424 485 CIII.

1634 537 1638 541 '
1736 526 1815 581 De
1837 525 2155 597 speculatore
2181 523 2349 593 posito
2375 522 2499 591 ﬁliis
2532 518 2717 574 Israel.

2016 610 2404 666 ADIONITIU.

647 717 810 788 659
836 712 1028 770 Exstat
1048 714 1102 770 in
1131 711 1349 768 laudato
1371 710 1558 765 codice
1587 706 1964 771 Ambrosiano,
1992 703 2295 772 legiturque
2320 700 2462 769 apud
2490 700 2839 755 Muratorium
2865 706 2975 754 tom
3004 700 3070 755 IV
3104 700 3454 768 Anecdotor.,
3475 715 3598 773 pag.
3636 704 3751 758 I02.

576 829 964 882 Ancnnsnruu.
995 855 1065 864 —
1090 822 1426 887 Prwdicalor,
1471 822 1513 876 si
1552 821 1763 875 voluerit
1800 804 2148 882 dissimulare,
2182 826 2228 882 Α
2257 813 2406 884 scopi
2455 814 2671 883 sanguis
2716 813 3031 884 exquiritur.
3084 814 3431 886 Loquendum
3472 829 3555 874 est
3586 821 3746 889 igitur
3774 830 3827 877 et

646 899 812 958 silere,
844 897 1030 959 celare,
1062 905 1110 947 et
1140 896 1349 963 fratrem
1379 892 1593 963 tacendo
1614 908 1716 963 non
1744 891 1991 963 corrigit,
2020 896 2153 963 et‘se

645 985 749 1020 non
786 965 1116 1035 praedicando
1140 958 1436 1035 contemnit.
1484 961 1843 1035 Speculatores
1868 958 1900 1012 ἁ
1933 958 2154 1012 Domino

646 1028 926 1101 constituti,
958 1052 1061 1088 non
1089 1034 1179 1086 alii
1200 1042 1317 1086 sunt
1336 1032 1436 1085 nisi
1463 1028 1770 1083 sacerdotes.

588 1206 589 1209 ‘
654 1190 963 1255 Interdum,
1008 1189 1237 1252 fratres,
1281 1200 1405 1242 cum
1451 1182 1837 1255 praedicamus,
1887 1170 2158 1248 plerisque

578 1295 758 1335 sermo
799 1288 982 1333 noster
1024 1276 1237 1331 videtur
1261 1274 1523 1345 asperior,
1553 1280 1609 1326 et
1636 1286 1699 1326 ea
1728 1285 1845 1339 qua:
1866 1268 2155 1324 secundum

583 1374 819 1442 regulam
867 1369 1261 1441 prosequimur,
1311 1368 1384 1421 ita
1427 1382 1459 1420 a
1502 1364 1774 1419 nonnullis
1802 1362 2156 1432 accipiuntur,

580 1463 735 1533 quasi
777 1469 972 1521 nostra:
1017 1456 1319 1513 severitatis
1360 1455 1673 1509 austeritate
1702 1458 2033 1521 promantur.
2066 1449 2157 1503 Di-

584 1563 715 1609 cunt
740 1553 879 1607 enim
909 1570 921 1603 :
954 1550 1123 1617 Quam
1164 1550 1295 1603 dure
1325 1555 1380 1602 et
1407 1560 1587 1600 amare
1614 1542 1921 1615 prazdicavit
1947 1540 2161 1610 episco-

583 1660 682 1715 pus
705 1685 719 1705 ,
749 1645 1056 1711 ignorantes
1099 1638 1241 1708 quod
1282 1635 1652 1691 sacerdotibus
1677 1632 1970 1688 necessitas
1990 1630 2163 1699 major

581 1742 667 1791 est
701 1747 863 1803 quam
904 1730 1173 1785 voluntas.
1220 1726 1520 1781 Necessitas
1543 1766 1558 1787 ,
1590 1724 1837 1793 inquam,
1880 1721 2053 1790 major
2080 1725 2163 1774 est

582 1823 818 1887 dicendi,
852 1836 957 1875 non
986 1818 1130 1887 quod
1153 1832 1337 1871 verum
1359 1812 1714 1883 prosequendi
1736 1811 1874 1866 desit
1895 1810 2160 1874 voluntas,

584 1912 678 1967 sed
707 1912 833 1979 quia
880 1908 1092 1963 tacendi
1137 1906 1405 1960 silentium
1452 1902 1638 1957 statuti
1667 1916 1825 1972 poena
1856 1899 2159 1969 depcllitur.

588 2002 973 2057 Necessitatem
1022 1998 1271 2068 patimur,
1320 1995 1445 2049 dum
1495 1993 1771 2057 timemus,
1813 2007 1879 2047 ac
1919 2005 2016 2060 per
2060 1989 2164 2045 hoc

587 2093 829 2161 cogimur
874 2090 994 2160 plus
1042 2101 1200 2158 posse
1245 2100 1406 2155 quam
1450 2083 1621 2151 velle,
1651 2090 1707 2137 et
1733 2079 2019 2136 metuenda
2046 2078 2165 2134 aliis

588 2184 897 2252 ingerimus,
927 2179 1054 2233 dum
1085 2177 1184 2247 ipsi
1214 2175 1372 2230 saluti
1389 2175 1618 2244 preprize
1645 2171 2009 2227 formidamus.
2040 2168 2166 2225 llaec

588 2281 766 2327 autem
796 2279 878 2325 cst
905 2267 1144 2325 conditio
1172 2266 1513 2337 prmdicantis
1530 2307 1545 2330 ,
1577 2271 1636 2319 ut
1664 2279 1772 2319 non
1800 2262 2018 2318 alterius
2042 2276 2169 2333 pec-

588 2372 708 2420 cata
739 2369 952 2424 taceat,
993 2360 1037 2413 si
1065 2373 1162 2412 sua
1191 2358 1303 2411 vult
1329 2356 1600 2412 declinare
1624 2363 1844 2427 peccata
1866 2396 1881 2421 ,
1913 2363 1969 2410 et
1986 2369 2171 2409 emen-

589 2454 681 2508 det
708 2447 1045 2520 objurgando
1083 2447 1335 2514 fratrem,
1364 2455 1421 2500 ut
1449 2447 1501 2500 in
1531 2462 1590 2501 se
1614 2446 1783 2516 possit
1810 2461 1916 2499 non
1944 2443 2171 2514 perdere

590 2540 947 2595 sacerdotem.
996 2535 1297 2601 Cancrum,
1343 2536 1390 2590 si
1436 2536 1667 2591 voluerit
1694 2534 2061 2598 dissimulare,
2093 2534 2170 2588 si-

593 2633 724 2699 lere,
756 2631 951 2695 celare,
984 2636 1039 2684 et
1064 2628 1214 2684 illum
1242 2627 1467 2683 tacendo
1498 2643 1603 2683 non
1632 2628 1871 2696 corrigit,
1896 2634 1953 2682 et
1977 2642 2036 2682 se
2062 2642 2171 2682 non

593 2721 931 2792 praedicando
970 2720 1284 2776 contemnit.
1330 2718 1519 2774 Melius
1548 2726 1630 2774 est
1659 2719 1821 2787 igitur
1848 2717 2173 2787 increpando

591 2810 883 2867 emendare
908 2820 1194 2881 peccatum
1216 2850 1231 2876 ,
1283 2824 1445 2879 quam
1489 2809 1697 2864 silendo
1735 2808 2009 2880 peccantis
2036 2807 2170 2862 deli-

592 2910 682 2956 cta
710 2901 1004 2970 suscipere.
1039 2899 1096 2955 In
1126 2900 1230 2956 hoc
1256 2901 1399 2955 enim
1428 2900 1587 2969 positi
1616 2914 1815 2963 sumus,
1839 2906 1900 2952 ut
1927 2898 1971 2952 si
1999 2896 2173 2952 delin-

594 2994 881 3063 quentibus
928 3008 1038 3047 non
1085 3008 1272 3047 eorum
1318 2992 1522 3047 scelera
1558 2990 1882 3055 dixerimus,
1912 2990 2174 3044 scelerum

595 3086 832 3151 ipsorum
877 3082 1041 3136 etiam
1090 3096 1188 3136 nos
1230 3088 1411 3136 reatus
1438 3080 1704 3150 ‘involvat.
1737 3078 1869 3132 Nam
1892 3078 1969 3133 sic
1995 3078 2177 3145 utique

596 3173 727 3227 dicit
772 3172 1028 3227 Dominus
1069 3186 1167 3241 per
1208 3171 1564 3241 prophetam:
1609 3168 1678 3221 Et
1708 3178 1791 3237 tu,
1831 3169 1909 3238 ﬁli
1936 3168 2175 3232 hominis,

597 3265 967 3335 speculatorem
1008 3274 1055 3318 te
1098 3265 1216 3317 dedi
1250 3264 1422 3317 domui
1472 3263 1668 3327 Israel,
1715 3270 1762 3317 et
1800 3263 1978 3316 audies
2002 3280 2067 3316 ea:
2090 3278 2179 3317 ore

598 3373 707 3409 meo
730 3355 952 3421 verbum,
982 3372 1098 3409 cum
1126 3355 1296 3408 dicam
1324 3356 1580 3424 peccaturi
1602 3370 1620 3407 :
1643 3353 1813 3407 Morte
1841 3354 2097 3416 morieris,
2130 3359 2181 3405 et

599 3464 701 3500 non
730 3447 972 3519 loqueris,
1003 3453 1059 3499 ut
1084 3454 1259 3499 caveat
1284 3446 1469 3515 impius
1490 3444 1552 3498 de
1573 3445 1654 3498 via
1682 3461 1777 3499 sua
1795 3484 1812 3512 ,
1840 3444 1949 3515 ipse
1975 3442 2179 3513 iniquus

598 3539 655 3591 in
691 3538 959 3605 iniquitate
1003 3552 1098 3590 sua
1134 3537 1397 3599 morietur,
1440 3534 1744 3605 sanguinem
1783 3543 1951 3587 autem
1979 3532 2090 3603 ejus
2117 3531 2183 3588 tle

599 3642 755 3681 manu
796 3635 883 3679 tua
921 3628 1188 3697 exquiram
1220 3624 1435 3697 (Ezeclt.
1466 3624 1566 3695 ut),
1594 3632 1651 3680 et
1678 3624 1903 3693 reliqua.
1945 3623 2182 3681 Evidens

600 3715 760 3786 plane
786 3725 843 3771 et
868 3715 1151 3771 manifesta
1180 3716 1468 3783 sententia,
1498 3729 1619 3784 qua:
1643 3715 2054 3785 speculatorem,
2085 3729 2183 3770 cur

598 3804 863 3868 tacuerit,
893 3804 1206 3871 sanguinem
1232 3805 1422 3874 polluit
1457 3804 1765 3867 criminosi;
1792 3818 1893 3859 nec
1930 3811 2181 3859 contenta

602 3901 687 3946 est
739 3893 884 3960 quod
923 3893 1158 3959 iniquum
1202 3909 1299 3949 sua
1327 3894 1547 3946 damnat
1598 3892 1881 3958 iniquitas,
1914 3893 2015 3947 nisi
2038 3902 2095 3947 et
2122 3893 2183 3947 il-

603 3982 716 4036 lum
763 3997 915 4035 reum
959 3988 1160 4035 statuat
1214 3983 1306 4050 qui
1359 3982 1601 4038 eamdem
1643 3984 1975 4051 iniquitatem
2017 3983 2190 4039 noluit

608 4071 909 4140 increpare.
958 4071 1145 4129 Videte
1188 4088 1318 4142 ergo
1361 4082 1618 4143 quantum
1663 4075 1861 4129 malum
1905 4075 1976 4131 sit
2010 4076 2187 4132 delin-

606 4161 855 4230 quentis;
904 4162 1220 4231 delinquens
1260 4164 1423 4236 660
1468 4164 1583 4234 ipse
1619 4172 1831 4235 peccat,
1852 4174 1909 4221 et
1933 4167 2186 4222 sacerdos

602 4253 802 4321 arguit.
832 4254 951 4325 Ipse
982 4270 1043 4311 se
1070 4255 1279 4312 delictis
1308 4257 1421 4312 suis
1443 4255 1678 4326 jugulat,
1709 4264 1765 4312 et
1789 4256 1859 4313 de
1885 4272 2047 4313 rnanu
2074 4259 2183 4328 epi-

2256 904 2633 969 clamandum,
2690 919 2758 959 ne
2806 904 3075 959 silentium
3123 914 3365 977 nostrum
3413 908 3464 963 in
3512 909 3601 965 die
3643 910 3827 980 judicii

2257 995 2395 1052 idem
2420 1005 2673 1065 peccator
2698 1003 2947 1061 excuset,
2991 1005 3047 1051 et
3071 998 3164 1065 qui
3192 998 3493 1055 dissimulat
3518 1017 3638 1056 esse
3664 1004 3828 1071 parti-

2258 1099 2384 1154 ceps
2412 1084 2732 1149 sanctitatis,
2770 1092 2899 1141 tunc
2924 1086 3127 1139 socimn
3150 1088 3465 1143 criminetur
3492 1091 3696 1144 erroris
3721 1110 3733 1142 :
3766 1090 3832 1146 Et

2257 1170 2331 1239 tu,
2362 1174 2566 1244 inquit,
2608 1174 2688 1243 [ili
2729 1174 2972 1235 hominis,
3003 1176 3371 1245 speculatorem
3410 1187 3459 1233 te
3496 1179 3619 1232 dedi
3664 1180 3832 1234 domui

2261 1264 2447 1319 Israel.
2499 1264 2634 1330 Quid
2664 1272 2745 1320 est
2774 1265 3114 1334 speculator?
3152 1265 3471 1336 Speculator
3497 1269 3683 1337 utique
3708 1270 3829 1324 dici-

2259 1363 2347 1409 tur
2368 1355 2460 1423 qui
2491 1356 2636 1409 velut
2665 1355 2717 1408 in
2746 1354 2974 1425 quadam
2996 1355 3210 1410 sublimi
3240 1372 3365 1411 arce
3389 1359 3709 1424 consistens,
3741 1360 3833 1413 ad-

2256 1443 2459 1513 jacenti
2485 1443 2687 1513 populo
2711 1444 2990 1515 prospicit,
3013 1459 3078 1499 ne
3101 1446 3221 1513 quis
3249 1446 3301 1500 in
3331 1462 3452 1502 eum
3473 1448 3653 1502 subito
3672 1448 3837 1504 hostis

2260 1536 2488 1605 obrepat
2512 1576 2526 1598 ,
2570 1534 2664 1589 sed
2709 1535 2777 1590 de
2826 1535 2919 1589 illo
2968 1535 3196 1590 sollicite
3241 1550 3424 1591 curam
3469 1551 3666 1606 agens,
3695 1538 3837 1608 plebs

2260 1627 2417 1699 pacis
2455 1626 2736 1681 dulcedine
2764 1626 3038 1697 potiatur;
3069 1626 3160 1696 qui
3205 1628 3250 1682 si
3290 1627 3488 1697 aliquid
3516 1630 3729 1684 adversi
3756 1645 3836 1686 re-

2261 1726 2422 1790 pente
2450 1717 2947 1787 conspexerit,mox
2971 1717 3188 1784 indicet,
3204 1726 3515 1773 constanter
3540 1721 3837 1786 annuntiet,

2264 1819 2323 1866 ut
2352 1818 2402 1865 et
2432 1810 2562 1864 civis
2606 1809 2672 1863 ad
2715 1808 3007 1865 cavendum
3053 1809 3349 1880 periculum
3396 1810 3464 1865 sit
3503 1820 3763 1881 paratus,
3791 1821 3838 1869 et

2265 1902 2434 1957 hostis
2478 1900 2643 1968 fugiat
2689 1898 3073 1968 deprehensus.
3115 1897 3380 1953 Craterum
3408 1900 3454 1954 si
3483 1908 3716 1969 urgente
3750 1899 3832 1955 ad-

2262 1992 2504 2047 versario
2540 1990 2850 2061 speculator
2888 1988 3342 2057 dissimulaverit,
3384 1990 3633 2053 tacuerit,
3667 1990 3839 2058 negle-

2265 2087 2442 2154 xerit,
2472 2092 2601 2141 tunc
2629 2082 2689 2138 ﬁt
2724 2090 2783 2138 ut
2809 2083 3114 2153 inopinatus
3140 2090 3548 2153 prmoccupetur
3598 2084 3840 2153 populus,

2198 2192 2241 2252 ιι
2268 2187 2324 2236 et
2370 2178 2616 2235 inimicus
2663 2175 3047 2246 superveniens
3092 2171 3472 2243 debaccbetur,
3521 2184 3686 2243 atque
3730 2176 3841 2231 ideo

2273 2270 2448 2325 omnis
2483 2267 2637 2338 culpa
2666 2267 2715 2322 ei
2742 2265 3028 2319 ascribitur
3053 2265 3146 2334 qui
3185 2264 3331 2334 loqui
3367 2264 3539 2318 noluit
3591 2273 3653 2318 ut
3676 2265 3840 2318 salva.

2269 2368 2353 2414 ret
2383 2358 2639 2429 plurimos
2663 2398 2679 2425 ,
2720 2355 2814 2410 sed
2843 2362 3027 2410 tacere.
3055 2352 3242 2416 maluit
3270 2361 3329 2408 ut
3355 2354 3556 2423 periret
3593 2354 3711 2423 ipse
3733 2370 3843 2411 cum

2270 2451 2531 2523 pluribus.
2562 2446 2673 2503 llos
2708 2461 2837 2516 ergo
2875 2446 3241 2517 speculatores
3270 2461 3300 2499 a
3328 2444 3557 2500 Domino
3585 2446 3842 2501 constitu-

2271 2552 2356 2597 tos
2373 2584 2389 2611 ,
2417 2556 2555 2610 quos
2597 2554 2717 2595 esse
2742 2539 2967 2594 dicimus
2984 2576 3000 2601 ,
3027 2537 3128 2591 nisi
3156 2536 3497 2592 beatissimos
3521 2537 3847 2605 sacerdotes,

2271 2632 2361 2701 qui
2384 2630 2531 2685 velut
2564 2631 2619 2685 in
2658 2628 2872 2685 sublimi
2896 2627 3126 2697 quadam
3154 2642 3278 2682 arce
3305 2628 3580 2697 sapientia:
3608 2629 3848 2685 collocati

2274 2720 2342 2775 ad
2372 2720 2653 2775 tuitionem
2674 2718 2999 2789 populorum
3018 2718 3451 2788 supervenientia
3480 2719 3618 2773 mala
3647 2720 3850 2775 eminus

2272 2818 2569 2877 intuentur,
2618 2816 2674 2865 et
2719 2808 2895 2863 adhuc
2937 2807 3095 2875 longe
3126 2807 3287 2877 positi
3315 2808 3752 2878 conternplantur
3779 2808 3851 2863 fu-

2273 2908 2392 2954 tura
2436 2899 2693 2968 supplicia
2716 2939 2731 2965 ,
2782 2913 2891 2952 non
2938 2898 3079 2954 oculi
3108 2899 3339 2953 carnalis
3366 2899 3583 2967 intuitu,
3612 2899 3713 2954 sed
3736 2916 3851 2969 pru-

2273 2990 2467 3045 dentizc
2486 2990 2740 3060 spiritalis
2768 2997 2989 3058 aspectu
3007 2990 3029 3041 ?
3047 2987 3115 3042 Et
3135 2988 3255 3043 ideo
3277 2998 3455 3043 tacere
3484 3004 3590 3042 non
3612 2997 3854 3058 possunt,

2275 3082 2369 3137 sed
2397 3071 2631 3136 clamare
2659 3086 2942 3148 coguntur,
2965 3094 3034 3132 ne
3060 3094 3158 3147 per
3181 3078 3449 3132 silentimn
3478 3093 3698 3147 gregem
3719 3077 3854 3133 Chri-

2276 3173 2346 3228 sti
2384 3172 2629 3227 diabolus
2674 3170 2846 3226 hostis
2890 3168 3124 3225 invadat.
3172 3167 3312 3224 Ecce
3336 3170 3479 3223 enim
3506 3168 3858 3238 prievidemus

2277 3263 2423 3317 diem
2446 3261 2698 3316 advenire
2717 3260 2927 3329 judicii,
2955 3268 3011 3313 et
3037 3265 3381 3328 peccatorum
3404 3274 3590 3329 pinnas
3612 3257 3729 3328 jam
3753 3259 3858 3328 ipsa

2278 3354 2607 3422 cogitatione
2639 3352 2928 3407 sancimus.
2978 3351 3153 3421 Atque
3192 3350 3315 3405 ideo
3346 3350 3729 3405 annuntiamus
3751 3351 3858 3404 uni-

2280 3446 2474 3515 cuique
2519 3454 2579 3499 ut
2623 3451 2834 3499 avertat
2878 3459 2939 3498 se
2985 3459 3017 3497 a
3046 3442 3134 3497 via
3178 3442 3469 3510 impietatis
3494 3440 3626 3505 Sum,
3663 3442 3859 3497 scilicet

2207 3558 2253 3621 ε
2284 3536 2598 3602 temulento,
2622 3542 2680 3591 ut
2701 3534 3049 3590 sobrietatem
3072 3533 3597 3601 sectetur,quoniam
3617 3531 3857 3587 ebrietati

2284 3643 2467 3682 comes
2486 3635 2569 3682 est
2612 3627 2826 3682 inimica
2867 3625 3112 3691 luxuria;
3145 3638 3331 3690 avaro,
3374 3631 3431 3677 ut
3458 3624 3719 3694 pecunias
3744 3638 3857 3677 suas

2285 3725 2514 3785 eroget,
2559 3730 2629 3771 ne
2674 3716 3027 3770 custodiendo
3055 3730 3149 3770 eas
3167 3756 3183 3781 ,
3231 3731 3339 3770 non
3367 3713 3433 3768 ad
3458 3714 3738 3779 utendum,
3768 3712 3858 3768 sed

2286 3806 2358 3862 ad
2387 3806 2666 3862 colendum
2694 3806 2937 3861 videatur
2963 3807 3162 3861 habere
3187 3805 3429 3870 divitias;
3452 3804 3698 3873 quisquis
3724 3804 3861 3858 enim

2287 3898 2435 3966 quod
2462 3898 2650 3965 diligit,
2682 3897 2788 3952 hoc
2829 3897 2995 3961 colit,
3029 3904 3230 3965 tuetur,
3260 3904 3316 3951 et
3342 3894 3743 3965 quodammodo
3770 3910 3859 3948 re-

2286 3996 2526 4042 neratur.
2574 3986 2708 4042 Vide
2751 4000 2902 4053 ergo,
2951 4001 3142 4050 avare,
3194 4000 3262 4039 ne
3287 3985 3502 4039 vascula
3533 3999 3739 4039 mensa:
3764 3991 3862 4037 tu:

2291 4078 2383 4134 tibi
2413 4078 2610 4133 cedant
2634 4093 2733 4147 pro
2763 4078 2907 4132 idolo
2927 4114 2944 4141 ,
2992 4076 3119 4131 dum
3148 4076 3232 4130 bis
3272 4091 3379 4131 non
3406 4075 3576 4131 uteris
3602 4083 3665 4130 ut
3690 4074 3861 4131 domi-

2287 4188 2409 4239 nus,
2439 4172 2535 4228 sed
2560 4187 2625 4227 ea
2652 4169 2930 4227 recondita
2955 4167 3199 4225 custodis
3226 4177 3286 4226 ut
3312 4184 3515 4225 servus.

1988 4349 2258 4411 SERMO
2300 4349 2457 4413 CIV.

609 4434 905 4516 Increpatio
930 4441 1001 4499 ad
1026 4445 1245 4520 plebem,
1271 4454 1319 4501 et
1348 4448 1411 4501 de
1431 4464 1490 4501 eo
1515 4448 1652 4518 quod
1680 4450 1756 4503 ait
1783 4447 2068 4573 Dominaiis‘;
2096 4448 2391 4574 ιριιὶέυιιῖι
2414 4493 2431 4518 ,
2459 4453 2668 4508 dabitur
2696 4451 2767 4515 ei,
2792 4450 2921 4506 Luc.
2946 4464 3037 4503 vn.
3072 4448 3139 4504 Et
3161 4445 3483 4501 enatavimus
3500 4443 3663 4510 vobis,
3685 4451 3734 4497 et
3762 4459 3865 4498 non

1929 4536 1954 4573 s
2071 4536 2185 4574 sis.
2274 4532 2329 4574 at
2368 4540 2405 4574 l.
2438 4537 2491 4574 ιι
2523 4532 2569 4574 ιι.

1929 4532 2185 4588 sattastrs,
2215 4532 2405 4576 Matth.
2438 4537 2491 4576 ιι
2523 4532 2569 4575 ⁸³.

2043 4610 2433 4666 ADMONITIO.

678 4703 838 4775 σε]
866 4700 923 4755 1η
952 4698 1173 4775 vetustis
1199 4699 1481 4775 codicibus
1495 4699 1721 4775 Sancte
1747 4699 1934 4775 Crucis
1962 4702 2015 4757 in
2041 4701 2337 4759 Jerusalem
2360 4745 2375 4769 ,
2411 4702 2481 4758 90
2509 4720 2656 4761 num.
2684 4704 2773 4766 40.
2796 4712 2852 4757 et
2878 4703 2956 4775 99_
2969 4716 3121 4775 num.
3140 4700 3242 4775 ἐι,
3274 4716 3336 4755 ac
3358 4706 3620 4775 prmterea
3652 4698 3708 4775 in
3736 4699 3864 4750 Am-

612 4767 876 4843 bro'si'arToA
893 4781 947 4825 et
977 4769 1334 4826 Laurentiano
1362 4770 1590 4843 lllAPlut.
1619 4787 1723 4843 ξεν,
1759 4772 2071 4843 hicsermo,
2092 4767 2396 4843 retrtitulurn
2421 4790 2581 4843 quem
2606 4776 2815 4841 damus,
2844 4781 2902 4828 et
2939 4770 3155 4826 Maximi
3181 4767 3378 4829 nomen
3400 4768 3638 4840 prarl'ert.
3670 4767 3867 4835 anm~

613 4845 800 4898 obrem
829 4841 945 4911 ejus
979 4850 1255 4896 auctorem
1290 4856 1396 4895 non
1426 4841 1587 4895 fuisse
1616 4841 1976 4907 Ambrosium,
2008 4842 2103 4898 sed
2132 4842 2419 4898 Maximum
2440 4841 2762 4913 iudicamus.

616 4954 1001 5039 Anepsiam“.
1017 4988 1103 5039 .——
1122 4954 1452 5039 Superfuurn
1466 4956 1611 5037 forte
1636 4964 1712 5039 est
1726 4996 1742 5020 ,
1782 4957 2190 5039 inquit-sanctus.
2218 4967 2272 5029 Ῑ)
2296 4972 2404 5011 non
2431 4956 2642 5026 elargiri
2664 4956 2858 5027 szepius
2877 4971 3184 5013 sermonum
3205 4953 3501 5010 cmlestium
3518 4959 3874 5008 sacramenta.

688 5024 980 5095 Maximus,
1011 5024 1241 5095 ingerere
1268 5024 1476 5079 Domini

688 5095 774 5159 qui
810 5094 1015 5149 Domini
1050 5093 1353 5149 mandatum
1394 5093 1549 5147 corde
1586 5093 1708 5148 non
1731 5095 1934 5147 retinet.
1993 5093 2192 5148 Deinde

688 5163 900 5235 laudata
919 5181 1027 5235 sae.
1054 5164 1255 5235 Script.
1270 5164 1563 5235 testimonia
1582 5165 1811 5235 exponit,
1844 5173 2194 5235 pgtremoque

690 5234 893 5352 beatam:
938 5232 1181 5287 nariam
1216 5233 1477 5305 Virginem
1518 5249 1627 5287 esse
1649 5233 1837 5287 Arcam
1881 5232 2195 5291 Testamenti

691 5316 793 5352 πη
830 5316 889 5352 ι.

691 5316 889 5355 ιεηυιι.

693 5413 1023 5481 Frequenter
1066 5413 1373 5469 studueram
1419 5413 1559 5485 apud
1604 5428 1691 5469 me
1738 5413 1910 5482 ipsum
1934 5452 1952 5478 ,
1981 5412 2196 5482 fratres,

620 5505 937 5560 subtrahere
964 5504 1116 5559 vobis
1141 5504 1421 5563 dominica:
1450 5503 1841 5574 praedicationis
1868 5504 2101 5574 eloquia,
2132 5518 2199 5559 ac

657 5648 727 5762 ut:
763 5637 988 5760 VLulgata
1019 5638 1146 5705 legit
1191 5651 1330 5691 vers.
1382 5638 1468 5705 l7,
1514 5636 1799 5693 Cccinimus
1829 5637 1965 5694 vobis
1987 5680 2002 5705 ,
2031 5647 2079 5693 et
2100 5654 2200 5692 non

731 5726 877 5762 usu.

628 5725 877 5762 8011081“.

1602 5026 1672 5078 ali
1702 5026 2118 5118 pradicatio'nem
2132 5043 2173 5118 fl

2292 5046 2571 5118 Siquidem
2599 5026 2933 5118 nihilprosit
2956 5045 3153 5102 offerre
3179 5045 3375 5116 pabula
3404 5043 3680 5100 recusanti
3702 5051 3758 5098 et
3777 5057 3875 5113 ρος

2296 5146 2409 5193 tum
2450 5139 2727 5208 porrigere
2765 5137 2985 5192 minime
3012 5136 3253 5201 sitienti,
3283 5149 3405 5190 cum
3434 5132 3487 5187 id
3513 5132 3661 5202 quod
3686 5131 3881 5189 oll'cras

2298 5244 2409 5284 non
2438 5236 2547 5282 tam
2576 5228 2809 5284 libenter
2838 5228 3073 5292 hauriat,
3100 5241 3263 5297 quam
3290 5223 3567 5279 fastidiose
3595 5223 3741 5278 velut
3768 5231 3880 5276 tur-

2296 5320 2571 5375 bulentum
2600 5320 2821 5386 reddat;
2863 5330 3024 5389 atque
3053 5318 3127 5373 ita
3155 5320 3215 5372 tit
3240 5316 3269 5356 ι’
3301 5323 3360 5372 ut
3394 5315 3574 5387 poculi
3604 5315 3883 5371 sinceritas

2298 5412 2534 5477 vitietur,
2584 5418 2640 5465 et
2683 5421 2873 5466 cauSas
2917 5409 3098 5464 delicti
3144 5407 3449 5463 fastidiosus
3484 5413 3701 5477 potator
3728 5406 3882 5459 inve-

2303 5506 2436 5560 niat.
2484 5505 2575 5561 Sic
2622 5520 2751 5574 ergo
2791 5514 2846 5561 et
2872 5506 3085 5560 caritati
3130 5512 3321 5559 vestrae
3358 5502 3606 5571 ingerere
3629 5501 3887 5558 dominici

2380 5639 2406 5679 δ
2444 5637 2576 5696 Cod.
2612 5641 2678 5697 t0
2706 5640 2844 5697 Plut.
2880 5657 2965 5697 xrv
2995 5640 3272 5707 Laurent.,
3302 5648 3424 5694 utet
3446 5598 3642 5709 populi.
