4054 6194
177 342 290 398 73⁸1

1597 331 1826 389 SERMO
1859 331 1992 388 CIV.

3352 335 3457 390 7‘58

173 452 366 525 poculi
410 447 845 521 praedicationem
890 448 1029 504 forte
1073 447 1399 518 superlluum
1426 454 1530 511 est,
1560 460 1683 502 cum
1714 445 1766 501 id
1796 448 1844 508 Α
1872 442 2151 499 ridiculam
2175 451 2357 513 putat,
2413 444 2492 500 sic
2518 446 2594 499 alt
2621 445 2911 517 Apostolus
2944 464 2956 500 :
3002 447 3259 503 Animalia
3286 465 3465 505 autem

174 546 364 599 anima
411 549 589 598 vestra
636 541 833 595 clausis
877 539 1172 594 visceribus
1213 554 1321 594 non
1367 545 1478 593 tam
1525 538 1775 593 sitienter

175 634 435 698 hauriat,
477 646 639 700 quam
666 629 1063 685 dissimulanter
1103 626 1359 683 ell‘undat.
1403 627 1603 684 Fundit
1628 627 1774 681 enim

176 724 500 780 mandatum
527 720 740 777 Domini
766 719 859 789 qui
887 719 1017 775 illud
1043 732 1171 773 aure
1197 733 1293 774 sua
1320 717 1580 789 percipit,
1610 717 1777 772 corde

177 830 295 869 non
323 814 540 867 retinet.
570 809 629 863 In
650 805 935 879 superﬁcie
959 808 1103 863 enim
1122 806 1353 877 quadam
1377 805 1623 875 corporis
1645 803 1776 859 illud

178 912 439 973 gestans,
471 915 536 954 ac
560 899 782 954 minimc
811 898 881 952 ad
909 898 1164 953 interiora
1195 896 1596 962 transmittens,
1626 895 1773 964 quod

180 994 409 1059 audivit,
431 992 560 1047 dum
585 990 938 1056 obliviscitur,
966 990 1162 1045 seriem
1182 989 1578 1060 praedicationis
1605 987 1777 1044 eil'un-

181 1085 286 1149 dit,
318 1091 375 1139 et
403 1083 477 1137 ita
506 1082 722 1136 domum
751 1095 951 1136 vacuus
977 1079 1228 1149 repedat,
1270 1080 1362 1149 qui
1390 1079 1459 1135 de
1493 1079 1720 1135 ecclesia
1750 1089 1775 1117 λ

184 1180 421 1228 onustus
447 1171 673 1225 exierat.
725 1169 897 1223 Dicite
924 1169 1069 1223 enim
1110 1169 1240 1223 mihi
1256 1209 1274 1234 ,
1305 1168 1333 1208 ι)
1359 1170 1479 1238 quis
1505 1168 1575 1224 de
1601 1169 1774 1231 vobis,

181 1279 314 1319 cum
364 1261 433 1316 ad
480 1260 770 1331 hospitium
809 1259 1065 1327 redierit,
1097 1260 1246 1327 dicit,
1276 1260 1452 1315 Hodie
1479 1261 1779 1316 audivimus

182 1355 502 1425 episcopum
543 1352 611 1406 de
650 1351 1007 1423 eleemosynis
1033 1352 1415 1421 disputantem,
1446 1367 1561 1406 rem
1590 1352 1777 1406 utilem

184 1442 538 1514 praedicavit,
566 1441 823 1496 debemus
858 1442 1180 1512 pauperibus
1206 1442 1468 1497 misereri.
1516 1441 1782 1499 Prosecu-

184 1547 274 1590 tus
300 1536 467 1590 etiam
498 1543 583 1589 est
608 1533 675 1589 dc
704 1534 971 1589 idolorum
991 1534 1322 1590 exsecranda
1342 1535 1571 1602 cultura,
1599 1536 1782 1604 requi-

185 1641 375 1680 ramus
422 1638 491 1678 ne
519 1623 892 1692 ignorantibus
920 1623 1075 1680 nobis
1115 1624 1171 1678 in
1198 1624 1542 1695 possessione
1593 1633 1777 1680 nostra

184 1716 261 1769 sit
293 1713 519 1768 idolum.
568 1711 861 1767 Admonuit
904 1714 1068 1769 etiam
1110 1713 1365 1769 iestinare
1392 1714 1589 1770 debere
1625 1722 1776 1770 cate-

1874 534 2026 587 homo
2054 549 2157 587 non
2178 534 2394 603 percipit
2419 551 2534 605 qua:
2562 545 2682 589 sunt
2710 538 2923 606 spiritus
2952 535 3008 608 (I
3032 536 3153 591 Cor.
3185 540 3224 608 ι)
3256 557 3270 592 :
3326 541 3456 593 stnl-

1874 622 1992 677 titia
2016 624 2159 678 enim
2189 632 2271 678 est
2308 624 2403 678 illi.
2458 625 2589 680 Tale
2620 628 2765 681 enim
2791 635 2873 682 est
2901 628 2964 682 iis
2992 630 3283 698 prmdicare
3310 631 3458 698 quod

1873 712 2173 783 perfectum
2203 721 2314 778 est,
2373 716 2533 782 quale
2572 716 2617 770 si
2645 715 2947 771 mendicum
2987 721 3178 788 pannis
3205 722 3460 776 obrutum

1877 804 2178 873 holoserica
2228 806 2360 862 velis
2407 806 2630 862 induere
2650 846 2667 874 ,
2722 815 2778 863 et
2827 810 3153 865 esurientem
3198 813 3461 868 rusticum

1875 896 2125 966 placento
2143 897 2413 953 delectare
2439 916 2453 951 :
2486 914 2705 955 necesse
2728 908 2810 955 est
2826 910 2882 954 ut
2909 902 2977 955 ab
2999 910 3225 972 utroque
3255 905 3352 957 ista
3376 921 3460 958 rc-

1876 995 2098 1042 cusetur
2143 987 2364 1042 oblatio.
2414 988 2492 1042 llli
2540 990 2682 1044 enim
2729 989 2976 1059 displicet
3020 992 3337 1057 holoserica,
3369 994 3460 1062 qui

1878 1076 2178 1131 necessaria
2227 1078 2396 1145 magis
2423 1077 2607 1147 frigori
2650 1081 2963 1135 vestimenta
3003 1081 3307 1149 desiderat;
3336 1086 3462 1141 huic

1875 1167 2179 1236 placentum
2231 1182 2471 1223 amarum
2497 1211 2514 1237 ,
2560 1170 2687 1224 dum
2732 1186 2908 1226 escam
2954 1174 3124 1241 magis
3166 1177 3464 1232 saturitatis

1876 1258 2131 1326 exquirit.
2193 1257 2312 1312 Istis
2354 1272 2484 1326 ergo
2522 1261 2767 1329 personis
2804 1262 3090 1317 auferenda
3132 1267 3311 1333 potius
3338 1277 3464 1322 sunt

1877 1360 1996 1414 quae
2024 1361 2118 1401 sua
2147 1354 2302 1414 sunt,
2347 1347 2487 1402 sicut
2514 1348 2590 1402 ait
2614 1348 2960 1418 Evangelium
2986 1369 3000 1403 :
3043 1351 3220 1407 Etiam
3252 1355 3309 1407 id
3329 1357 3466 1426 quod

1878 1437 2028 1491 habet
2054 1440 2318 1509 auferetur
2353 1437 2417 1491 ab
2444 1455 2504 1493 eo
2536 1437 2747 1510 (Matth.
2783 1442 2909 1511 xxv)
2937 1460 2949 1495 :
2974 1443 3077 1498 hoc
3105 1452 3188 1498 est
3214 1487 3230 1512 ,
3259 1461 3462 1514 cogen-

1879 1527 1981 1582 dus
2038 1527 2334 1583 fornicator
2391 1544 2601 1598 pannos
2644 1546 2767 1586 sum
2800 1533 3166 1603 corruptionis
3204 1536 3464 1604 abjicere,

1876 1618 2277 1687 compellendus
2319 1634 2513 1675 avarus
2557 1630 2640 1675 est
2677 1637 2872 1691 panem
2902 1639 3010 1680 sua:
3035 1626 3341 1695 cupiditatis
3369 1645 3464 1684 εις

1876 1722 2103 1778 ponere.
2154 1709 2362 1765 Vereor
2405 1718 2585 1765 autem
2608 1752 2625 1779 ,
2656 1711 2848 1768 fratres
2868 1754 2884 1780 ,
2927 1731 2994 1771 ne
3022 1717 3135 1772 haec
3158 1720 3464 1787 evangelica

185 1806 517 1859 ehumenum
552 1814 575 1843 ε
616 1802 683 1858 ad
730 1804 956 1872 gratiam
1004 1804 1138 1870 Dei,
1181 1802 1470 1861 oﬂeramus
1510 1805 1779 1861 familiolze
1810 1811 1855 1872 Β
1882 1800 2039 1854 lectio
2061 1799 2334 1870 plerisque
2369 1802 2437 1856 de
2467 1803 2621 1857 vobis
2649 1815 2943 1873 congruat,
2976 1822 3097 1876 qua:
3124 1809 3237 1863 ait:
3270 1810 3463 1866 Canta-

186 1902 425 1964 nostrz,
454 1902 514 1949 ut
566 1893 723 1949 ﬁdem
764 1894 1006 1964 quisquis
1033 1903 1115 1950 est
1142 1893 1313 1950 ﬁdelis
1339 1895 1588 1965 accipiat,
1618 1896 1780 1967 662

191 2001 262 2040 ne
292 1985 434 2040 forte
461 1985 597 2040 ratio
626 1984 813 2039 salutis
841 2000 1026 2039 eorum
1056 1985 1360 2054 requiratur
1383 2000 1415 2038 a
1443 1984 1629 2048 nobis,
1655 1985 1783 2054 quia

193 2077 302 2131 vita
334 2091 521 2132 eorum
557 2084 742 2131 nostro
771 2076 971 2146 pendet
998 2076 1240 2132 arbitrio.
1282 2076 1451 2131 Nemo
1474 2077 1542 2131 de
1567 2076 1661 2131 Dei
1692 2093 1782 2132 re-

192 2166 296 2221 bus
326 2166 557 2236 cogitat,
601 2182 760 2221 nemo
789 2164 859 2221 de
886 2166 972 2221 die
994 2166 1181 2236 judicii
1217 2166 1475 2235 loquitur,
1511 2168 1664 2236 quasi
1693 2174 1783 2220 aut

197 2256 227 2296 δ
254 2273 358 2331 per
400 2259 579 2316 omnia
608 2258 797 2313 victuri
822 2298 837 2325 ,
882 2266 975 2312 aut
1000 2273 1099 2329 per
1126 2258 1305 2313 omnia
1332 2259 1602 2313 morituri.
1656 2258 1783 2313 Mihi

194 2349 402 2405 credite
426 2389 445 2417 ,
494 2348 567 2402 ita
613 2348 841 2403 vivimus
866 2347 918 2401 in
945 2347 1048 2403 hoc
1074 2347 1272 2403 sazculo
1294 2390 1308 2415 ,
1336 2355 1396 2402 ut
1417 2362 1645 2417 corpore
1669 2362 1785 2402 mo-

194 2438 442 2503 riamur;
492 2437 565 2490 ita
605 2437 883 2503 morimur,
903 2444 961 2490 ut
986 2436 1183 2491 rationi
1209 2436 1491 2491 reddendze
1514 2437 1778 2492 vivamus.

196 2529 431 2584 Iloritur
454 2528 665 2582 interim
695 2528 889 2593 homo,
919 2526 1013 2582 sed
1048 2534 1262 2581 actuum
1286 2541 1445 2580 causa
1477 2542 1584 2581 non
1614 2526 1783 2580 mori-

195 2626 328 2673 tur:
358 2619 571 2675 vlvente
600 2626 779 2672 autem
802 2632 992 2682 causa,
1030 2629 1253 2671 necesse
1286 2623 1370 2671 est
1394 2623 1453 2670 ut
1480 2630 1653 2670 causae
1675 2629 1785 2670 sua:

195 2724 434 2783 persona
461 2727 571 2766 non
604 2711 773 2778 desit,
804 2710 941 2765 sicut
967 2709 1042 2763 ait
1067 2708 1332 2778 propheta
1356 2725 1369 2761 :
1402 2706 1536 2761 Ecce
1565 2707 1713 2762 homo
1736 2716 1787 2760 et

195 2818 356 2872 opera
384 2803 519 2873 ejus.
567 2800 854 2856 Volueram
899 2812 1029 2867 ergo
1072 2798 1391 2853 subtrahere
1434 2796 1588 2852 vobis
1607 2796 1784 2851 domi-

198 2892 335 2948 niue
363 2891 757 2963 praedicationis
781 2889 991 2958 eloquia
1011 2930 1026 2958 ,
1066 2903 1173 2944 non
1202 2886 1351 2957 quod
1379 2886 1546 2941 iratus
1568 2886 1673 2941 hoc
1700 2884 1783 2939 fa-

196 2997 377 3039 cerem
403 3024 421 3050 ,
468 2981 562 3037 sed
607 2988 667 3035 ut
693 2978 1055 3047 evangelicam
1092 2976 1413 3033 sententiam
1435 2975 1781 3031 custodirem.

200 3075 292 3130 Ait
320 3074 462 3129 enim
490 3072 748 3128 Dominus
772 3089 785 3125 :
822 3070 921 3135 Qui
951 3070 1130 3135 habet,
1157 3068 1365 3122 dubitur
1384 3067 1430 3120 ei
1448 3108 1464 3132 ,
1491 3076 1539 3119 et
1567 3066 1650 3137 qui
1679 3082 1783 3118 non

1880 1889 2043 1942 vimus
2070 1888 2228 1955 vobis,
2251 1898 2301 1942 et
2325 1908 2427 1945 non
2442 1891 2704 1957 saltastis;
2729 1893 3195 1961 (amentavimus,et
3214 1916 3314 1953 non
3344 1902 3463 1971 plo-

1882 1982 2034 2034 rastis
2066 1980 2214 2051 (Luc.
2246 1983 2364 2053 vn).
2415 1982 2807 2041 Annuntiamus
2835 2001 2963 2054 ergo
2991 1988 3144 2045 vobis
3181 1992 3330 2058 regni
3357 2008 3464 2048 ea:-

1881 2070 2030 2126 lestis
2056 2073 2326 2142 gaudium,
2348 2083 2403 2129 et
2423 2076 2646 2131 minime
2666 2078 2825 2132 corda
2851 2088 3027 2134 vestra
3056 2089 3204 2135 motu
3232 2083 3465 2150 quodam

1881 2161 2175 2216 alacritatis
2206 2164 2494 2218 exsultant.
2531 2175 2554 2203 ο
2586 2164 2996 2224 Praedicavimus
3017 2171 3168 2225 triste
3183 2152 3471 2242 judicium,

1882 2259 1937 2306 et
1982 2266 2169 2306 sensus
2214 2254 2377 2308 vestri
2423 2254 2491 2309 ad
2536 2256 2906 2324 pmnitentiam
2953 2258 3005 2313 in
3053 2259 3316 2332 laerymas
3354 2280 3462 2320 non

1880 2350 2258 2413 prorumpunt.
2298 2344 2632 2403 lnﬁdelitatis
2675 2348 2839 2403 enim'
2862 2363 3029 2417 genus
3066 2358 3148 2407 est
3187 2354 3240 2408 in
3269 2355 3461 2410 divinis

1881 2436 2041 2490 rebus
2088 2452 2187 2493 nec
2233 2439 2464 2505 gaudere
2508 2442 2809 2511 prosperis,
2859 2458 2959 2499 nec
2992 2428 3123 2499 ﬁere
3151 2448 3459 2501 contrariis.

1881 2523 2233 2581 Saltationem
2260 2542 2388 2595 ergo
2415 2545 2447 2584 a
2473 2531 2623 2591 vobis
2652 2533 2876 2603 requirit
2900 2532 3155 2589 Dominus
3180 2577 3195 2604 ,
3225 2552 3333 2591 non
3358 2538 3462 2592 nti-

1881 2628 1987 2683 que
2013 2614 2214 2671 sinuosi
2244 2618 2634 2674 volubilitatem
2663 2622 2924 2691 corporis,
2952 2623 3046 2678 sed
3068 2624 3377 2679 cxtollentis
3404 2642 3465 2681 se

1884 2704 2005 2760 ﬁdei
2032 2706 2389 2762 sanctitatem.
2434 2707 2585 2763 Sicut
2614 2710 2756 2763 enim
2785 2711 2877 2779 qui
2905 2713 3257 2782 corporaliter
3283 2715 3465 2781 saltat,

1884 2812 2025 2852 nunc
2072 2798 2124 2852 in
2173 2814 2300 2853 aere
2329 2800 2687 2870 suspenditur.
2737 2818 2877 2857 nunc
2904 2803 2971 2858 ad
2995 2804 3185 2859 altiora
3206 2804 3465 2874 jactatnr,

1884 2902 2025 2942 nunc
2052 2887 2274 2943 alternis
2302 2890 2527 2945 saltibus
2554 2891 2673 2946 loca
2711 2892 2921 2948 diversa
2962 2893 3273 2961 collustrat;
3305 2896 3378 2949 ita
3407 2904 3463 2950 et

1882 2980 1975 3050 qui
1998 2979 2351 3050 spiritualitcr
2395 2983 2595 3057 saltat,
2642 2984 3033 3040 interveniente
3062 2984 3194 3053 ﬁde,
3221 2988 3384 3042 modo
3412 2989 3464 3042 in

1882 3070 2022 3125 aeris
2048 3070 2433 3127 sublimitatem
2456 3073 2692 3142 erigitur,
2731 3074 2893 3130 modo
2920 3075 2985 3129 ad
3016 3075 3249 3130 siderum
3278 3077 3465 3133 altiora

200 3168 377 3236 habet,
399 3168 455 3221 id
466 3167 603 3238 quod
618 3164 1038 3236 habetauferetur
1066 3161 1128 3216 ab
1150 3179 1209 3217 eo
1227 3158 1437 3234 (Matth.
1462 3174 1588 3224 xxv,
1609 3155 1778 3210 Marc.
1806 3163 1852 3225 ε
1889 3159 1908 3201 ί
1942 3163 2165 3229 tollitur,
2197 3166 2360 3235 664
2384 3165 2545 3219 modo
2583 3166 2809 3222 diversis
2835 3167 3221 3235 cogitationum
3245 3164 3467 3224 saltibus

202 3256 538 3330 tv).llabenti
567 3268 695 3324 ergo
707 3254 819 3308 dari
837 3254 1018 3324 jussit,
1042 3262 1220 3307 etnon
1235 3250 1453 3305 habenti
1477 3264 1584 3303 non
1610 3247 1782 3302 soluat
1884 3253 2190 3323 paradisum
2224 3254 2525 3321 cmlumque
2549 3254 2847 3309 collustrat.
2896 3254 2963 3309 Et
2991 3255 3129 3309 sicut
3154 3258 3244 3324 qui
3273 3272 3466 3327 corpo-

206 3365 317 3405 non
332 3348 472 3417 dari,
486 3346 581 3402 sed
597 3347 756 3401 etiam
779 3345 831 3399 id
847 3343 992 3415 quod
1008 3342 1170 3397 habet
1190 3340 1405 3395 auferri.
1422 3338 1549 3405 Qua:
1568 3345 1787 3392 sentcn-
1884 3343 2072 3397 raliter
2097 3343 2257 3397 saltat
2279 3384 2294 3409 ,
2317 3343 2653 3397 volubilitate
2691 3341 3055 3397 membrorum
3088 3358 3148 3397 se
3185 3358 3463 3408 exercens,

202 3443 276 3499 tia
293 3439 561 3512 superﬂua
573 3440 793 3494 forsitan
807 3438 959 3493 vobis
969 3436 1179 3491 videtur
1200 3450 1216 3501 ;
1244 3448 1345 3502 ego
1358 3439 1535 3486 autem
1547 3430 1669 3485 dico
1694 3444 1784 3484 rc-

203 3545 294 3591 etc
331 3550 396 3589 ac
416 3534 688 3604 sapienter
718 3530 999 3585 Dominum
1031 3526 1369 3599 praecepisse.
1402 3523 1629 3577 Habenti
1657 3534 1786 3589 ergo

204 3624 569 3696 iubeturdari.
598 3622 829 3677 Meretur
854 3620 1013 3690 plane
1033 3616 1392 3687 accipere,qui
1416 3615 1487 3668 ita
1503 3614 1787 3678 laboravit,

208 3724 265 3770 ut
286 3712 504 3785 propria
533 3710 887 3767 sollicitudine
914 3707 1106 3761 anima:
1133 3720 1241 3761 sua:
1257 3703 1472 3758 divitias
1486 3702 1790 3772 spirituales

206 3804 547 3874 acquireret:
579 3810 637 3855 ut
661 3807 819 3871 putas
843 3798 963 3868 quis
990 3796 1332 3852 continentia:
1360 3794 1481 3848 iurti
1512 3791 1790 3862 proposito

206 3894 370 3964 erepit
402 3891 731 3947 castimonia:
750 3887 1021 3943 custodire
1041 3886 1316 3951 virtutem,
1349 3891 1587 3938 meretur
1606 3881 1790 3935 audire

206 3998 328 4052 quae
354 3981 615 4037 castitatis
642 3978 1003 4034 remuneratio
1031 3977 1098 4031 sit
1128 3975 1303 4030 futura
1322 4014 1338 4040 ,
1392 3983 1452 4029 ut
1478 3974 1546 4029 ad
1573 3973 1789 4028 virtutis

206 4071 604 4129 observantiam
631 4068 830 4123 addens
874 4066 1321 4122 remunerationis
1365 4064 1621 4134 glariam,
1669 4061 1795 4117 faci-

210 4167 313 4220 lius
335 4163 507 4234 possit
531 4176 762 4233 pugnam
789 4175 947 4231 quam
969 4158 1130 4229 cmpit
1148 4164 1400 4211 attererc.
1434 4155 1582 4208 Alius
1602 4153 1669 4207 ad
1692 4152 1792 4207 mi-

206 4255 557 4312 sericordiam
582 4259 864 4322 promptus
891 4250 1050 4305 debet
1082 4247 1269 4303 audire
1321 4245 1445 4316 quia
1475 4243 1576 4313 ipsi
1623 4242 1789 4297 mise-

206 4349 417 4403 rebitur
442 4345 622 4411 Dens;
652 4352 707 4397 et
734 4343 825 4412 qui
853 4342 993 4397 hanc
1018 4349 1285 4395 terrenam
1305 4334 1654 4391 substantiam
1682 4349 1792 4388 cce.

210 4440 435 4493 lestibus
454 4436 654 4490 divitiis
684 4434 984 4504 repensavit
1002 4473 1017 4500 ,
1045 4444 1266 4486 necesse
1289 4436 1372 4482 est
1399 4433 1459 4481 ut
1487 4426 1791 4480 auscultans

1884 3447 2075 3506 gyrum
2101 3435 2202 3491 sibi
2228 3434 2527 3490 saltationis
2552 3434 2801 3503 acquirit,
2823 3433 2897 3487 ita
2924 3443 2978 3488 et
3001 3435 3092 3503 qui
3118 3435 3471 3503 Spiritualiter

1885 3526 2084 3593 saltat,
2134 3525 2258 3580 ﬁdei
2288 3525 2564 3580 alacritate
2590 3539 2650 3579 se
2676 3539 2930 3591 movens,
2960 3538 3145 3595 gyrum
3174 3525 3272 3579 sibi
3303 3526 3467 3582 totius

1888 3616 2037 3671 orbis
2058 3616 2298 3670 assumit.
2332 3615 2540 3670 Saltcnt
2568 3622 2743 3669 autem
2770 3614 3036 3680 homines,
3061 3613 3196 3668 sicut
3216 3631 3332 3669 mos
3360 3624 3467 3685 est,

1890 3704 1944 3759 in
1988 3705 2099 3760 suis
2127 3705 2265 3759 votis
2287 3745 2302 3769 ,
2352 3705 2455 3759 hoc
2501 3711 2585 3759 est
2631 3704 2829 3772 nuptiis
2865 3704 3135 3773 praecipue
3163 3705 3361 3759 saltare
3382 3708 3468 3763 vel

1888 3809 2121 3862 canere,
2167 3795 2307 3850 unde
2352 3802 2407 3848 ct
2452 3809 2552 3849 nos
2596 3793 2858 3847 habemus
2903 3793 3108 3847 votivas
3136 3794 3378 3863 nuptias,
3414 3796 3466 3848 in

1889 3887 2083 3956 quibus
2112 3886 2308 3941 saltare
2334 3885 2420 3939 vel
2450 3899 2645 3939 canere
2673 3884 2986 3938 debeamus.
3034 3883 3171 3937 Vota
3199 3885 3341 3938 enim
3367 3901 3466 3939 no-

1889 3983 2001 4031 stra
2029 3976 2386 4041 celebrantur,
2418 3974 2632 4043 quando
2658 3973 2872 4029 Christo
2898 3972 3136 4029 Ecclesia
3166 3970 3467 4045 condatur,

1888 4067 2031 4122 sicut
2067 4068 2142 4119 ait
2184 4065 2452 4121 Joannes:
2503 4063 2604 4129 Qui
2648 4065 2799 4119 habet
2823 4076 3096 4134 sponsam,
3144 4083 3358 4136 sponsus
3396 4070 3473 4120 cst

1894 4158 2071 4229 (Joau.
2096 4157 2193 4225 ιιι).
2233 4155 2460 4224 PrOpter
2485 4156 2579 4209 has
2602 4169 2729 4223 ergo
2756 4156 2968 4224 nuptias
2994 4155 3191 4209 saltare
3222 4174 3320 4211 nos
3348 4173 3471 4212 con-

1892 4249 2059 4302 venit.
2090 4245 2363 4315 Siquidem
2392 4244 2555 4299 David
2585 4258 2680 4298 rex
2708 4244 2910 4312 pariter
2943 4252 2997 4297 et
3016 4246 3302 4313 propheta,
3335 4245 3468 4299 dum

1892 4339 2058 4393 multa
2085 4336 2375 4402 cecinerit,
2417 4342 2542 4390 ante
2588 4349 2769 4388 arcam
2819 4335 3126 4387 testamenti
3166 4335 3326 4387 etiam
3359 4335 3467 4389 sal-

1893 4440 2036 4487 tasse
2082 4431 2288 4485 dicatur
2337 4426 2425 4498 (II
2456 4426 2584 4498 Reg.
2613 4424 2708 4497 vx).
2768 4424 2953 4479 Elatus
2993 4425 3134 4480 enim
3174 4424 3369 4492 gaudio
3415 4425 3471 4478 in

216 4528 612 4584 vicissitudines
639 4524 936 4579 cmlestium
952 4521 1290 4591 praemiorum
1306 4517 1606 4589 promptior
1634 4530 1697 4570 ac
1721 4515 1789 4568 li-
1821 4528 1867 4586 ι)
1892 4520 2234 4577 saltationem
2283 4517 2547 4588 prorupit.
2611 4513 2949 4569 Praevidcbat
2991 4515 3131 4570 enim
3180 4516 3234 4569 in
3279 4514 3471 4583 spiritu

208 4621 429 4675 beatior
469 4633 603 4688 Opus
630 4615 839 4670 Domini
866 4618 1255 4683 prosequatur,
1311 4617 1366 4664 et
1388 4607 1455 4662 ad
1483 4606 1789 4661 misericors

210 4713 319 4767 diu:
353 4709 499 4779 quod
540 4709 704 4763 habet
739 4707 939 4760 bonum
983 4701 1245 4769 largitatis
1286 4698 1448 4754 addat
1497 4710 1791 4763 augumen—

210 4811 328 4856 tum
354 4818 366 4852 :
397 4800 518 4853 ideo
543 4799 617 4851 ait
637 4797 928 4851 Dominus:
958 4794 1041 4864 qui
1063 4791 1212 4846 habet
1234 4791 1437 4844 dabitur
1463 4789 1530 4854 ei,
1560 4788 1664 4841 hoc
1688 4793 1790 4849 est,

208 4892 307 4961 qui
337 4890 486 4945 dives
513 4887 671 4943 fuerit
694 4887 850 4941 bonis
876 4885 1149 4955 operibus,
1180 4884 1266 4938 hic
1293 4881 1464 4949 magis
1490 4877 1795 4947 evangelica

207 4981 594 5053 pradicatione
640 4979 855 5033 ditetur.
908 4975 1172 5030 Cmterum
1209 4974 1256 5028 si
1303 4971 1612 5030 fornicatori
1660 4983 1797 5039 pra:-

209 5074 362 5127 dices
387 5072 547 5142 663
578 5077 634 5124 ct
655 5069 803 5123 dicas
830 5066 974 5138 quod
1000 5067 1151 5135 virgo
1179 5064 1338 5119 debet
1363 5076 1711 5132 permanere;
1743 5067 1798 5115 ει

210 5178 384 5218 avaro
401 5200 419 5229 ,
459 5161 603 5231 quod
631 5160 811 5216 omnia
840 5173 937 5213 sua
964 5156 1265 5213 distrahere
1288 5155 1483 5209 debeat
1511 5160 1672 5222 atque
1697 5153 1796 5207 do-

212 5268 379 5321 nare,
428 5251 652 5307 stultitia
691 5248 767 5305 illi
796 5256 900 5305 est.
955 5246 1105 5301 lianc
1144 5252 1323 5300 autem
1364 5242 1798 5313 praedicationem

300 5442 326 5471 ⁸
358 5431 494 5488 Cod.
524 5431 804 5497 Lanrent.,
832 5428 1054 5498 injustas
1074 5425 1291 5498 exierat.

218 5522 221 5525 ‘
295 5502 327 5541 δ
357 5501 504 5556 Idem
527 5503 647 5557 cod.
680 5490 971 5567 Laurent,
990 5498 1103 5567 quis
1127 5495 1190 5567 de
1209 5490 1389 5547 vestris
1412 5506 1547 5567 cum,
1579 5497 1685 5567 etc.

216 5604 219 5607 '
246 5645 259 5657 ,
298 5584 323 5610 ⁸⁵
561 5571 620 5626 S.
650 5568 836 5627 Crucis
864 5567 918 5622 in
946 5558 1055 5621 Jer.
1085 5572 1140 5620 et
1166 5562 1418 5617 Laurent.
1449 5560 1539 5627 l0,
1574 5558 1643 5611 ad
1674 5571 1796 5628 θνα-

220 5642 589 5768 “gulf:
616 5711 673 5767 S.
711 5708 899 5765 Crucis
942 5706 995 5760 in
1026 5702 1160 5768 .ler.,
1192 5718 1279 5773 per
1306 5702 1479 5757 omnia
1503 5697 1683 5753 victuri
1710 5711 1800 5748 su-

1893 4610 2114 4664 Mariam
2145 4608 2210 4662 de
2239 4608 2479 4677 germine
2516 4621 2615 4661 suo
2643 4605 2841 4660 Christi
2879 4605 3113 4659 thalamo
3140 4603 3469 4660 sociandam.

1900 4700 2048 4754 Unde
2077 4699 2151 4753 ait
2174 4716 2186 4751 :
2232 4697 2278 4750 Ε
2283 4706 2301 4750 t
2328 4699 2436 4767 ipse
2456 4705 2697 4767 tanquam
2720 4710 2937 4765 sponsus
2965 4695 3240 4764 procedens
3264 4694 3325 4746 de
3355 4693 3472 4744 tha-

1893 4790 2031 4843 lamo
2060 4803 2151 4841 suo
2176 4786 2347 4850 (Psal.
2384 4786 2551 4854 xvm).
2582 4785 2707 4838 Ideo
2735 4785 2850 4853 ipsc
2874 4798 2984 4852 prze
3005 4785 3212 4838 (ueteris
3240 4783 3473 4853 prophe-

1896 4881 2087 4934 tiarum
2116 4878 2422 4933 auctoribus
2450 4877 2568 4947 plus
2595 4875 2828 4930 cantavit
2852 4914 2867 4943 ,
2914 4874 3037 4943 quia
3067 4875 3239 4929 laetior
3266 4872 3476 4928 cunctis

1898 4985 1996 5041 per
2016 4970 2130 5023 haec
2156 4967 2346 5035 gaudia
2373 4981 2500 5021 suos
2524 4971 2774 5035 posteros
2792 4964 3141 5033 conjugabat,
3174 4970 3229 5017 et
3255 4961 3322 5017 ad
3348 4978 3477 5032 pro-

1901 5061 2016 5133 pria
2043 5066 2171 5113 vota
2199 5058 2359 5113 solito
2387 5056 2592 5111 dulcius
2622 5054 2849 5109 invitans
2872 5096 2887 5122 ,
2926 5052 3107 5107 docuit
3133 5068 3231 5107 nos
3259 5050 3390 5121 quid
3420 5052 3478 5108 in

1903 5150 2032 5221 ipsis
2056 5146 2257 5217 nuptiis
2280 5144 2458 5201 facere
2480 5153 2504 5191 ε
2534 5142 2880 5206 deberemus,
2912 5155 3034 5194 cum
3058 5139 3146 5194 ille
3173 5148 3299 5194 ante
3338 5154 3477 5208 nup.

1903 5243 2007 5297 tias
2034 5247 2179 5295 tanta
2207 5236 2564 5293 exsultatione
2590 5231 2865 5288 saltaverit
2902 5236 3029 5284 ante
3078 5244 3280 5286 arcam.
3333 5227 3479 5297 Ergo

1904 5436 2174 5542 Μεδόοιι.
2202 5485 2258 5539 S.
2286 5483 2473 5537 Crucis
2502 5481 2555 5535 in
2582 5478 2719 5544 Jer.,
2747 5477 3121 5533 Prwdicamus.

1980 5558 1999 5597 τ
2046 5557 2276 5625 Uterque
2304 5552 2429 5625 cod.
2454 5551 2509 5606 S.
2532 5549 2723 5625 _Cr_ucis
2746 5548 2798 5602 in
2824 5546 2959 5625 leta,
2991 5544 3300 5599 sustollilur.

1980 5638 2004 5675 ε
2043 5616 2275 5682 Οοι1.’90
2303 5622 2358 5677 S.
2392 5621 2575 5676 Crucis
2593 5620 2645 5674 in
2666 5617 2801 5701 leta,
2831 5616 3125 5671 debeamus.
