4054 6194
576 305 685 360 759

1787 312 1844 368 s.
1887 297 2131 369 MA’Xlill
2170 312 2616 370 rwnmausxs

3731 304 3832 370 710'

574 420 793 476 saltavit
819 421 1078 492 prapbcla
1128 414 1294 477 David
1341 412 1466 476 ante
1495 411 1712 478 arcam.
1761 423 1952 478 Arcam
1974 431 2154 477 autem
2186 435 2229 492 Α
2258 423 2536 487 habebat;
2559 423 2672 478 ha-c
2701 431 2726 460 ι
2757 410 2989 477 Verbum
3037 421 3228 477 verum
3239 437 3268 489 ;'
3303 411 3483 479 tamen
3531 437 3658 478 arca
3700 423 3832 479 intus

580 512 707 582 quid
755 514 853 568 nisi
897 512 955 568 S.
998 513 1216 568 Mariam
1261 515 1586 570 dixerimus?
1626 515 1899 584 Siquidem
1928 529 2052 570 arca
2079 516 2160 569 in-

581 605 846 658 trinsecus
884 603 1137 672 portabat
1183 607 1488 660 testamenti
1512 605 1737 670 tabulas,
1782 603 1948 660 Maria
1978 614 2157 661 autem

581 695 748 765 ipsius
773 697 1076 751 testamenti
1099 697 1344 766 gestabat
1369 697 1653 753 hmrcdem.
1696 697 1790 752 llla
1820 697 1958 754 intra
1985 706 2158 753 semet

581 787 751 855 legem
774 828 791 853 ,
830 788 944 843 haec
987 786 1333 856 Evangelium
1361 788 1650 844 retinebat.
1701 785 1794 842 llla
1834 786 1931 841 Dei
1967 801 2154 842 vocem

2265 511 2503 581 forisque
2530 513 2648 566 auri
2681 513 2856 567 nitore
2892 512 3163 580 radiabat;
3201 515 3296 569 sed
3334 521 3390 570 et
3416 514 3473 569 S.
3507 514 3675 568 Maria
3703 515 3836 570 intus

2263 602 2501 672 forisque
2531 602 2850 672 virginitatis
2883 603 3176 674 splendore
3197 605 3452 676 fulgebat.
3501 605 3598 660 illa
3629 613 3842 662 terrqu

2262 695 2564 750 ornabatur
2578 707 2734 762 auro,
2765 694 2863 750 ista
2891 695 3118 752 caelesti.

1996 895 2264 957 SERMO
2304 895 2427 957 CV.

1816 1071 1822 1082 ι
1858 991 1937 1051 De
1963 997 2126 1051 calice
2153 1013 2300 1068 aqum
2328 997 2554 1069 frigidm.

2021 1127 2414 1184 ADMONITIO.

649 1225 811 1295 635
840 1221 955 1276 Huc
975 1235 1143 1295 usque
1171 1219 1390 1295 mutilus
1412 1218 1584 1295 iacuit
1607 1218 1696 1274 hic
1722 1233 1900 1295 sermo
1930 1218 1985 1295 in
2012 1227 2161 1295 tome
2187 1219 2254 1273 IV
2285 1221 2575 1295 Aneedot.,
2599 1235 2760 1295 quem
2783 1221 2902 1295 ipse
2922 1223 3100 1295 editor
3126 1221 3448 1279 “materias
3474 1226 3839 1295 imperfectum

582 1294 634 1349 in
662 1289 974 1369 pe'rvetusto
1001 1290 1354 1369 Ambrosianp
1383 1289 1569 1369 codice
1591 1305 1713 1344 cum
1739 1289 1858 1369 aliis
1875 1289 2055 1369 multis
2084 1299 2373 1369 repercrat.
2405 1290 2601 1369 Deerat
2620 1289 2701 1369 illi
2728 1289 3045 1369 principium
3063 1309 3235 1369 usque
3257 1295 3324 1348 ad
3353 1296 3440 1349 illa
3460 1289 3840 1369 verbaditigit,

583 1374 630 1418 et
648 1357 986 1434 commendat,
1015 1359 1157 1434 quod
1181 1359 1340 1434 ut_illi
1368 1359 1732 1434 restituamus,
1765 1357 2026 1434 beneficio
2053 1357 2403 1434 accepimusa
2435 1357 3033 1434 clarissimo'Stepl'iano
3063 1357 3253 1433 Borgia
3283 1380 3394 1420 sac.
3427 1381 3586 1434 cong.
3620 1367 3688 1421 de
3716 1357 3842 1422 Pio;

583 1447 701 1504 pag.
736 1432 864 1487 Fide
891 1447 920 1484 a
951 1431 1201 1485 Secretis.
1233 1429 1283 1484 is
1309 1430 1450 1484 enim
1481 1429 1743 1497 integrum
1773 1429 2185 1496 absolutumque
2212 1429 2456 1505 eumdem
2488 1431 2627 1484 eruit
2657 1445 2727 1485 ex
2764 1429 2886 1486 cod.
2921 1429 3298 1489 Beneventano
3328 1449 3405 1502 ιιι,
3435 1429 3558 1504 βδεῖ
3589 1436 3712 1503 118,
3744 1439 3840 1492 hoc

584 1504 738 1558 titulo
766 1501 1068 1570 insignitum
1097 1517 1110 1552 :
1143 1499 1326 1555 Sermo
1353 1499 1413 1553 S.
1446 1497 1666 1554 Maximi
1693 1499 1917 1569 episcopi
1941 1498 2012 1551 de
2032 1499 2194 1552 calice
2221 1515 2378 1568 aqum
2399 1500 2625 1570 frigidm.

805 1517 1068 1556 ιοιαιιιιιιω
1097 1517 1110 1552 ἒ
1143 1517 1326 1555 Sermo
1353 1517 1413 1553 ὗ.
1446 1517 1666 1554 πωπω
1693 1517 1917 1556 ερωσοιη
1941 1517 2012 1551 σε
2032 1517 2194 1552 cauae
2221 1517 2378 1556 αυυω
2400 1517 2625 1556 ιηαιαω.

585 1630 970 1686 Ancuunsruu.
999 1662 1070 1673 --
1098 1628 1359 1683 lecstem
1387 1627 1668 1681 mercedem
1696 1625 1833 1682 Deus
1872 1628 2026 1682 etiam
2067 1644 2160 1697 pro

603 1711 608 1732 ³
652 1717 802 1783 equm
827 1701 1035 1783 frigidm
1061 1701 1240 1769 poculo
1283 1698 1624 1783 repromittit;
1654 1699 1834 1778 inopes
1871 1699 2082 1780 invitat,
2112 1705 2166 1783 et:

651 1766 837 1825 incitat'
864 1766 1169 1840 locupletes;
1197 1785 1301 1840 non
1327 1767 1514 1840 qtgmrit
1544 1769 1772 1840 muneris
1801 1769 2040 1840 pretium,

2268 1630 2708 1703 gazOphylacium
2738 1631 2844 1688 duo
2883 1648 2990 1688 tera
3034 1634 3238 1689 minuta
3273 1635 3548 1702 mittebat,
3579 1638 3840 1698 dominica

2266 1719 2534 1775 sententia
2564 1722 2773 1777 cunctis
2803 1732 2882 1778 est
2908 1724 3126 1793 prmlata
3154 1725 3424 1781 divitibus.
3450 1726 3518 1784 Et
3543 1739 3712 1795 recte,
3743 1729 3841 1786 fra-

653 1811 1513 1918 ZZSBLEJREBQJEIEEJ
1541 1811 2164 1906 ὶῖἴῆεὲἶῶἱιὶεῗέὶὶἓεῐέ

2271 1819 2403 1878 tres,
2451 1811 2575 1880 quia
2624 1813 3050 1884 sapientissimus
3092 1813 3286 1883 iudex,
3317 1834 3423 1872 non
3466 1827 3572 1873 tam
3617 1823 3842 1891 operarii

653 1910 826 1980 gentia
848 1907 1100 1980 ejusmodi
1119 1907 1494 1976 promissionis.

651 2001 899 2056 Salvator
927 1999 1144 2053 humani
1174 1996 1385 2068 generis
1414 1996 1865 2052 clementissimus
1893 1996 2051 2061 Deus,
2084 1995 2164 2050 in-

585 2091 1004 2163 corruptibilium
1035 2089 1295 2145 donorum
1327 2089 1728 2160 copiosissimus
1750 2087 2082 2153 distributor,
2107 2094 2165 2142 ut

587 2183 766 2254 plures
801 2180 1033 2252 reperiat
1059 2179 1255 2250 quibus
1280 2195 1374 2236 sua
1405 2194 1628 2234 munera
1669 2178 1963 2250 largiatur;
1995 2176 2167 2233 ﬁdeli-

588 2277 686 2331 bus
714 2274 825 2329 suis
853 2273 1124 2331 cmlestem
1155 2271 1453 2336 mercedem
1484 2271 1648 2326 etiam
1668 2285 1767 2342 pro
1788 2284 1939 2339 aqua:
1967 2267 2166 2338 frigidm

588 2365 782 2437 poculo
820 2364 1143 2436 repromittit
1177 2363 1398 2419 dicens:
1434 2359 1732 2434 Quicunque
1770 2371 1942 2431 potum
1972 2359 2168 2414 dederit

587 2459 676 2510 uni
703 2473 767 2510 e1;
794 2457 1018 2510 minimis
1038 2456 1247 2509 calicem
1276 2471 1422 2527 aqum
1444 2454 1648 2526 frigidm
1672 2463 1867 2507 tantum
1887 2453 1940 2506 in
1963 2452 2170 2506 nomine

589 2567 724 2620 meo,
771 2566 921 2604 amen
971 2550 1086 2602 dico
1135 2549 1296 2613 vobis,
1345 2563 1449 2601 non
1476 2546 1652 2616 perdet
1695 2544 1974 2600 mercedem
2021 2558 2170 2598 suam

590 2638 831 2709 (Matth,
852 2637 930 2709 ι).
963 2636 1275 2708 Perspicite,
1299 2634 1507 2700 fratres,
1537 2635 1661 2706 quia
1701 2635 1957 2690 Dominus
1988 2640 2173 2688 noster

591 2731 844 2785 minimos
887 2745 1015 2785 suos
1059 2728 1349 2794 studiosius
1397 2735 1451 2783 et
1497 2727 1668 2798 diligit
1712 2734 1766 2782 et
1809 2725 2167 2786 commendat.

589 2817 721 2876 Nam
747 2836 846 2891 pro
875 2819 963 2874 illa
985 2827 1192 2873 tantum
1221 2833 1357 2888 aqua
1388 2816 1636 2873 daturum
1663 2831 1722 2872 se
1750 2815 1979 2886 pretium
2009 2830 2171 2884 spon-

589 2911 708 2976 det,
741 2926 899 2983 quam
947 2909 1174 2966 servulis
1203 2908 1338 2977 ejus,
1369 2908 1459 2978 qui
1497 2908 1682 2979 utique
1728 2907 1782 2962 in
1824 2907 1929 2962 hoc
1973 2905 2171 2961 smculo

591 3003 794 3059 minimi
824 3008 1156 3072 reputantur,
1195 3015 1386 3054 manus
1416 2998 1664 3067 religiosa
1695 2997 2016 3069 porrexerit.
2051 2994 2130 3050 Ex
2151 2995 2171 3017 ⁶

591 3096 704 3168 ipsa
756 3095 812 3149 lit
859 3109 997 3164 aqua
1046 3091 1428 3163 acceptabilior
1474 3091 1618 3156 Deo,
1667 3105 1792 3160 qua:
1829 3087 2173 3144 credentibus

590 3186 805 3241 Christo
845 3200 943 3256 pro
984 3183 1218 3239 nominis
1263 3182 1378 3252 ejus
1425 3180 1584 3236 fuerit
1622 3181 1828 3236 honore
1857 3177 2053 3233 delata.
2082 3174 2175 3277 ait
2202 3213 2246 3277 Ο

591 3279 791 3349 itaque,
821 3277 1134 3346 Quicunque
1162 3281 1348 3346 potum
1379 3272 1594 3328 dederit
1638 3271 1862 3328 calicem
1897 3284 2049 3340 aqua:
2077 3266 2173 3323 fri-

589 3369 724 3439 gida:
745 3376 947 3423 tantum
970 3368 1021 3422 in
1045 3367 1262 3423 nomine
1288 3380 1428 3421 meo.
1454 3363 1650 3419 Multos
1671 3361 1936 3427 videmus,
1957 3359 2174 3427 fratres,

593 3476 701 3516 non
731 3468 838 3514 tam
865 3459 1047 3528 gratim
1070 3457 1304 3514 caelestis
1333 3455 1528 3510 intuitu
1556 3451 1716 3525 quam
1740 3468 1839 3506 usu
1859 3459 1912 3506 et
1941 3449 2178 3506 necessi-

592 3559 706 3607 tate
750 3548 1175 3606 conversationis
1221 3547 1488 3608 humanze,
1521 3545 1655 3611 suis,
1683 3550 1777 3599 aut
1803 3540 2172 3607 familiaribus,

591 3649 684 3697 aut
708 3641 949 3712 patronis
993 3639 1250 3711 plurimas
1276 3652 1408 3707 opes
1434 3642 1490 3691 et
1530 3631 1812 3704 magniﬁca
1858 3631 2002 3688 dona
2041 3646 2174 3687 con-

591 3731 750 3788 ferre.
783 3731 914 3798 Qum
941 3746 1062 3785 cum
1089 3731 1194 3784 hoc
1212 3727 1410 3783 mundo
1439 3727 1651 3797 lapsura
1690 3724 2027 3781 manifestum
2056 3729 2172 3787 est;

591 3823 716 3890 quia
749 3837 857 3876 non
887 3820 1000 3874 Deo
1038 3820 1092 3873 in
1137 3827 1395 3873 mternum
1439 3815 1698 3879 manenti,
1728 3813 1821 3868 sed
1860 3811 2176 3868 discessuris

592 3913 718 3967 hinc
763 3911 1018 3966 continuo
1083 3907 1400 3962 mortalibus
1463 3906 1786 3959 tribuuntur.
1836 3903 2177 3971 Quaecunque

590 4003 736 4058 enim
765 4016 864 4073 pro
891 3999 1072 4055 εωεωί
1098 3997 1477 4052 ambitionibus
1500 3994 1898 4066 iiupenduntur,
1922 4010 2043 4051 cum
2071 4010 2173 4049 sm-

591 4093 717 4148 cnlo
745 4106 965 4148 necesse
991 4099 1076 4148 est
1101 4087 1424 4146 dilabantur.
1458 4088 1528 4142 At
1555 4102 1685 4142 vero
1707 4085 1963 4142 Dominus
1990 4093 2177 4143 noster

593 4197 890 4254 pauperum
916 4196 1134 4237 suorum
1177 4188 1339 4249 atque
1381 4178 1660 4234 humilium
1705 4176 2034 4243 consolator,
2065 4192 2174 4232 non

593 4273 906 4342 fulgentium
935 4286 1263 4342 gemmarum
1295 4270 1609 4326 illecebrosa
1637 4268 1878 4334 monilia,
1907 4283 2016 4322 non
2041 4269 2175 4324 seri-

591 4381 685 4423 cas
715 4365 1084 4436 pretiosasque
1132 4363 1336 4434 expetit
1376 4370 1579 4428 vestes,
1619 4360 1724 4417 sed
1763 4360 2172 4416 retributionem

591 4458 758 4514 etiam
787 4472 886 4528 pro
931 4471 1069 4526 aqua
1108 4455 1296 4524 frigida
1340 4454 1647 4525 pollicetur.
1677 4451 1884 4522 Aquam
1930 4451 2172 4521 frigidam

593 4548 798 4622 poscit,
827 4553 886 4600 ut
913 4545 1128 4616 inopum
1151 4543 1412 4614 religiosae
1439 4542 1818 4599 misericordia:
1845 4541 2019 4596 omnis
2047 4555 2172 4610 pos—

590 4637 660 4696 sit
677 4635 949 4692 abundare
962 4642 1264 4705 paupertas.
1287 4631 1604 4705 Quicunque,
1617 4633 1982 4705 essmquit,
1998 4641 2172 4703 potum

591 4727 791 4781 dederit
836 4727 1048 4780 calicem
1084 4740 1231 4796 aqum
1259 4724 1494 4796 frigidm,
1532 4740 1636 4778 non
1679 4725 1857 4796 perdet
1891 4709 2172 4778 mercedem

593 4837 762 4888 suam.
794 4818 918 4875 Haec
945 4817 1232 4883 sententia,
1262 4816 1544 4882 carissimi,
1570 4817 1622 4870 in
1651 4815 1966 4886 obsequium
2007 4814 2171 4870 coale-

593 4911 758 4965 stium
787 4909 1164 4965 mandatorum.
1185 4917 1240 4962 et
1265 4906 1455 4977 inopes
1479 4907 1698 4972 invitat,
1729 4915 1788 4962 et
1808 4907 1994 4962 incitat
2021 4906 2172 4962 locu-

597 4998 788 5068 pletes.
813 4999 944 5053 Nam
972 4999 1058 5054 cui
1093 5012 1389 5068 pauperum
1415 5006 1591 5068 potest
1618 5012 1756 5066 aqua
1797 4995 1983 5052 deesse
2009 5011 2170 5064 quam

597 5087 855 5142 exhibeat
891 5089 1129 5144 sitienti?
1157 5097 1250 5142 aut
1293 5086 1414 5157 quis
1459 5084 1695 5140 fidelium
1729 5084 1994 5139 duntaxat
2037 5083 2174 5138 divi-

599 5184 718 5238 tum
766 5195 876 5242 non
920 5182 1124 5236 ambiat
1149 5181 1360 5252 potiora
1403 5179 1615 5247 largiri,
1644 5193 1765 5234 cum
1810 5178 1992 5234 videat
2032 5178 2173 5249 apud

597 5266 1143 5324 munificentissimum
1190 5271 1358 5325 Deum
1404 5269 1613 5339 magnis
1652 5269 1885 5339 prmmiis
1911 5277 1967 5323 et
2006 5283 2171 5338 parva

596 5359 786 5414 donari
807 5359 830 5412 1
854 5357 913 5412 In
937 5358 1040 5414 hac
1083 5361 1282 5431 quippe
1328 5359 1736 5428 communione,
1776 5374 1882 5413 non
1914 5358 2172 5429 quierimr

597 5447 834 5504 muneris
863 5449 1113 5518 pretium,
1143 5450 1237 5505 sed
1263 5449 1479 5506 devotio
1506 5449 1848 5521 porrigentis.
1877 5447 2028 5504 Sicut
2055 5463 2174 5516 ege-

596 5555 664 5596 na
702 5539 791 5595 illa
831 5555 895 5596 ac
936 5539 1333 5611 religiosissima
1382 5541 1579 5599 femina
1620 5541 1814 5610 (Marc.
1850 5540 1944 5606 xu)
1970 5553 2089 5610 qum
2116 5541 2169 5596 in

667 5668 695 5699 ⁸
731 5667 807 5724 ita
837 5678 1063 5739 uterque
1083 5667 1204 5725 cod.
1231 5667 1287 5725 S.
1317 5668 1504 5725 Crucis
1527 5670 1579 5725 in
1607 5669 1732 5726 ἔρι’..

2265 1901 2539 1970 qumrebat
2578 1901 2904 1959 afﬂuentiam
2932 1921 3093 1977 quam
3123 1908 3394 1977 operantis
3421 1907 3699 1965 affectum.
3742 1912 3840 1968 Nec

2266 1993 2598 2062 intendebat,
2627 2006 2886 2065 quantum
2921 1997 3071 2053 dives
3100 1999 3154 2052 in
3181 2000 3320 2054 dona
3352 1999 3448 2055 Dei
3490 2001 3559 2056 de
3603 2001 3842 2072 plenissi-

2264 2084 2366 2139 mis
2395 2085 2505 2140 suis
2532 2085 2796 2156 proferret
2821 2087 3053 2152 aedibus,
3084 2088 3180 2144 sed
3208 2097 3443 2159 quantus
3477 2091 3620 2160 apud
3659 2093 3840 2148 mulie-

2264 2190 2380 2230 rem
2409 2174 2598 2243 victus,
2623 2192 2742 2248 qua:
2763 2177 2894 2232 nihil
2932 2179 3032 2234 sibi
3059 2179 3369 2250 reliquerat,
3396 2169 3676 2238 resideret.
3711 2183 3851 2248 Divis

2269 2275 2351 2322 les
2379 2268 2520 2322 enim
2551 2268 2624 2322 illi
2654 2269 2731 2325 sic
2769 2283 2964 2338 magno
2993 2269 3110 2326 Deo
3151 2269 3448 2326 offerebant
3490 2287 3736 2338 munera,
3781 2283 3845 2327 ne

2267 2357 2459 2413 divites
2496 2373 2614 2414 esse
2643 2359 2969 2416 desinerent.
3021 2359 3232 2432 Pauper
3265 2376 3394 2416 vero
3437 2351 3651 2427 mulier,
3695 2370 3838 2418 tanta

2269 2447 2391 2504 fidei
2419 2449 2855 2517 magnanimitate
2876 2449 3042 2507 Deum
3066 2451 3168 2506 sibi
3191 2451 3450 2522 prmtulit;
3473 2459 3530 2506 ut
3549 2451 3844 2522 despiciens

2269 2548 2561 2609 egestatem
2593 2555 2764 2605 suam,
2797 2547 2972 2594 totum
3009 2539 3156 2610 quod
3194 2540 3430 2596 habebat
3456 2539 3698 2595 offerret.
3728 2540 3850 2599 Plus

2269 2644 2399 2700 ergo
2435 2631 2502 2685 ab
2528 2631 2776 2686 omnibus
2802 2630 2979 2698 misit,
3010 2629 3134 2702 Quia
3164 2631 3339 2687 minus
3367 2631 3468 2686 sibi
3498 2631 3566 2686 ab
3603 2633 3847 2689 omnibus

2271 2722 2582 2778 reservavit.
2611 2720 2711 2787 Qui
2740 2722 2958 2790 dederit,
2991 2724 3180 2794 inquit,
3205 2719 3416 2780 calicem
3446 2743 3591 2798 aqum
3622 2727 3849 2798 frigidm,

2271 2829 2377 2868 non
2425 2813 2601 2885 perdet
2647 2815 2931 2869 mercedem
2975 2830 3140 2870 suam.
3189 2815 3318 2884 Quae
3372 2803 3680 2886 igitur-sub
3711 2827 3850 2874 tanta

2270 2903 2494 2973 piissimi
2549 2902 2750 2960 iudicis
2778 2905 3092 2962 liberalitate
3130 2905 3245 2963 sine
3272 2909 3489 2978 prmmio
3516 2915 3700 2978 potest
3741 2925 3848 2965 esse

2273 3001 2583 3064 paupertas,
2611 2995 2752 3066 apud
2792 3011 2950 3066 quem
2981 3004 3037 3053 et
3073 3011 3212 3067 aqua
3254 2997 3379 3054 facit
3421 2999 3603 3054 oblata
3652 3015 3849 3056 merce.

2275 3083 2438 3138 dem?
2466 3083 2758 3140 Abundans
2779 3087 2994 3154 quidem
3021 3095 3104 3143 est
3142 3103 3310 3160 aqua,
3341 3097 3393 3144 et
3425 3090 3537 3160 ipsa
3576 3091 3665 3146 sui
3708 3091 3849 3146 inun-

2276 3171 2496 3229 datione
2523 3174 2816 3242 vilissima;
2837 3183 2893 3230 at
2920 3192 3041 3233 cum
3071 3178 3292 3234 obtentu
3318 3180 3587 3248 religionis
3609 3178 3850 3246 offertur,

2277 3265 2404 3321 facit
2431 3281 2549 3322 eam
2589 3266 2794 3324 Christi
2816 3269 3080 3325 confessio
3108 3271 3420 3342 pretiosam.
3450 3269 3584 3328 Hinc
3623 3272 3752 3342 iam,
3777 3273 3847 3327 di-

2275 3355 2567 3424 lectissimi,
2619 3367 2858 3414 vestrum
2908 3367 2991 3416 est
3024 3360 3356 3432 perpendere
3400 3377 3518 3432 quae
3550 3373 3851 3433 (plantaque

2275 3449 2574 3505 cmlestium
2601 3449 2906 3506 divitiarum
2947 3451 3226 3507 referenda
3254 3460 3379 3508 sunt
3414 3454 3635 3523 prmmia
3667 3455 3839 3509 cibum

2275 3550 2367 3597 aut
2395 3541 2791 3607 vestimentum,
2822 3543 2906 3598 vel
2936 3545 3214 3614 peCuniam
3242 3543 3520 3613 largienti;
3560 3560 3686 3599 cum
3716 3545 3847 3600 otio-

2274 3651 2392 3690 sum
2419 3650 2528 3689 non
2565 3635 2669 3690 erit
2713 3649 2863 3704 aqua:
2899 3634 3121 3691 calicem
3165 3636 3497 3706 propinasse.
3545 3633 3848 3692 Cavendum

2274 3742 2404 3782 sane
2431 3726 2682 3782 divitibus
2709 3742 2776 3782 ne
2808 3726 2925 3784 bmc
2953 3742 3049 3784 eos
3075 3727 3375 3796 benignitas
3400 3726 3601 3784 Christi
3651 3727 3719 3782 ad
3749 3728 3847 3782 lar-

2274 3818 2524 3886 giendum
2553 3817 2714 3874 faciat
2750 3818 3044 3889 pigriores;
3076 3819 3199 3890 quia
3235 3819 3337 3873 illis
3364 3819 3669 3889 specialiter
3707 3819 3847 3873 obla-

2275 3910 2351 3963 tio
2393 3923 2548 3978 aquae
2593 3909 2871 3982 prmniium
2919 3908 3089 3980 gignit
3131 3908 3326 3979 quibus
3378 3908 3509 3963 nihil
3567 3918 3654 3964 est
3712 3907 3848 3964 aliud

2273 3998 2417 4072 quod
2445 4000 2661 4074 possint.
2688 3997 2882 4056 oﬂeﬁe
2907 4000 3249 4071 pauperibus.
3291 3999 3424 4054 Nam
3450 4014 3570 4070 quae
3613 4001 3730 4055 hmc
3765 4017 3845 4054 re-

2276 4089 2430 4161 ligio,
2464 4098 2730 4161 quantave
2757 4089 2974 4146 devotio
3012 4097 3112 4154 est,
3143 4090 3309 4145 multa
3348 4091 3505 4160 667
3549 4089 3846 4144 redundare

2274 4182 2592 4252 substantia,
2639 4189 2696 4238 et
2741 4181 2933 4251 exiguo
2979 4182 3308 4252 minimoque
3351 4182 3418 4237 de
3446 4196 3612 4250 opere
3660 4181 3847 4236 cmlum

2275 4275 2412 4330 velle
2460 4271 2726 4330 mercari?
2753 4272 2883 4330 Post
2909 4274 3031 4340 ista,
3077 4274 3358 4337 carissimi,
3388 4275 3435 4328 si
3483 4289 3704 4330 sensum
3754 4289 3848 4326 no-

2274 4373 2443 4420 strum
2491 4364 2557 4418 ad
2600 4363 2933 4435 spiritualem
2978 4363 3379 4431 intelligentiam
3428 4361 3752 4432 derivem'us,
3801 4370 3852 4417 ct

2276 4454 2435 4508 aliam
2483 4455 2813 4524 reperiemus
2853 4469 3070 4523 aquam,
3115 4468 3232 4524 qum
3278 4452 3580 4508 delectabili
3627 4452 3849 4506 multum

2203 4577 2250 4636 Ι)
2275 4544 2444 4610 gratia
2471 4543 2636 4600 corda
2665 4542 2840 4598 valeat
2879 4542 3194 4610 refrigerare
3213 4541 3497 4611 iustorum.
3539 4539 3851 4610 Quicunque

2277 4633 2437 4701 igitur
2481 4647 2784 4688 sermonem
2824 4640 3131 4688 sanctorum
3166 4632 3401 4688 virorum
3450 4632 3851 4702 prmdicantium

2278 4724 2445 4780 Deum
2497 4723 2713 4779 credula
2757 4737 2888 4778 aure
2947 4722 3315 4793 susceperint,
3367 4723 3546 4778 omnia
3599 4723 3851 4777 interiora

2277 4829 2489 4882 eorum,
2517 4828 2635 4882 qua:
2662 4813 2847 4884 utique
2881 4814 3045 4868 vitam
3087 4813 3307 4882 sitiunt,
3335 4813 3667 4868 audientium
3698 4805 3851 4865 fidem

2277 4921 2374 4966 sua
2408 4905 2750 4976 simplicitate
2775 4905 3128 4962 roborabunt.
3157 4904 3308 4960 Sicut
3333 4905 3448 4976 ipse
3474 4905 3736 4960 Dominus
3765 4902 3852 4958 ιε-

2277 5011 2368 5052 sus
2397 4995 2576 5069 (Ioan.
2607 4997 2679 5069 tv)
2710 5013 2830 5052 cum
2860 4997 3112 5067 fatigatus
3136 4981 3297 5067 super
3322 5005 3568 5066 puteum,
3587 5005 3652 5050 et
3670 4996 3855 5050 sitiens

2278 5086 2582 5151 resedisset,
2623 5087 2715 5158 qui
2744 5103 2934 5142 revera
2980 5087 3206 5143 salutem
3251 5087 3556 5142 mortalium
3603 5087 3858 5153 sitiebat,

2277 5175 2626 5232 Samaritana:
2647 5177 2887 5233 mulieris
2917 5186 2973 5231 et
2999 5177 3376 5248 prodeundum
3402 5177 3472 5232 de
3497 5177 3716 5232 civitate
3740 5167 3852 5229 tur?

2277 5268 2462 5322 barum
2492 5268 2764 5322 uberrima
2803 5276 2885 5322 est
2923 5255 3236 5323 credulitate
3263 5276 3500 5337 potatus.
3530 5268 3694 5337 668
3722 5266 3857 5319 Nam

2276 5357 2518 5428 quamvis
2545 5357 2847 5412 ariditatem
2875 5358 3070 5413 mentis
3091 5372 3274 5412 eorum
3303 5357 3580 5412 salutifero
3600 5355 3858 5426 Dominus

2276 5462 2524 5504 sermone
2551 5447 2828 5515 rigaverit,
2853 5459 2940 5505 est
2959 5457 3136 5504 tamen
3164 5449 3460 5518 spisitnalis
3488 5447 3672 5502 verbis
3695 5455 3856 5499 natu-

2277 5555 2335 5595 ra
2384 5537 2707 5607 huiusmodi,
2757 5546 2819 5593 ut
2867 5539 2912 5595 si
2954 5541 3316 5608 subsequatur
3350 5536 3594 5600 et'fecsus,
3645 5536 3859 5617 alterno

2333 5675 2350 5691 '
2361 5669 2494 5725 Num
2512 5670 2792 5740 legendum
2809 5689 2822 5725 :
2843 5671 2887 5726 Ε
2890 5689 2920 5727 ο
2935 5674 3063 5742 ipso.
3076 5709 3088 5723 .
3098 5711 3111 5726 .
3128 5687 3228 5741 quo
3241 5670 3568 5725 credentibus
3581 5671 3604 5724 ?
3617 5668 3778 5723 Eutr.
